2202 3190
431 153 494 188 842

477 215 574 260 quod,
588 214 785 260 quicumque
803 215 929 250 Ordinis
949 221 980 251 et
1001 228 1128 261 congre-

475 268 611 311 gationis
628 268 762 302 fratrum
788 271 1044 314 congregationis
1063 271 1128 304 Gal-

478 321 600 354 licanae
635 321 718 354 tertii
752 322 879 358 Ordinis
912 322 941 356 S.
967 323 1126 356 Francisci

479 373 546 408 sine
570 373 751 407 obedientia
782 374 902 419 proprii
925 376 1128 419 provincialis

477 437 534 460 seu
566 426 744 460 definitoris
777 438 852 462 suae
882 429 1065 472 provinciae
1089 431 1128 463 ad

476 479 596 514 Urbem
621 480 822 523 accesserint,
839 487 870 515 et
889 488 961 526 post
986 483 1128 516 triduum

479 543 544 566 non
568 533 767 574 recesserint,
795 535 926 568 omnino
960 541 1129 569 teneantur

481 587 649 619 conventui
685 587 718 620 B.
749 587 787 620 M.
828 587 1053 622 llliraculorum
1090 589 1129 622 de

480 638 565 673 Urbe
596 639 672 673 dicti
704 640 830 674 Ordinis
858 652 1056 686 unoquoque
1080 641 1130 675 die

478 693 595 735 singuli
620 693 701 726 duos
721 693 816 728 iulios
837 706 854 727 a
871 694 921 728 die
945 695 993 728 sui
1019 695 1130 729 adven-

480 753 542 787 tus,
568 746 594 779 si
619 756 685 780 non
717 748 831 781 suerint
856 748 1036 782 sacerdotes
1062 749 1127 782 sol-

480 810 570 840 vere,
603 800 628 833 si
666 806 772 833 autem
798 802 978 835 sacerdotes
1003 802 1131 844 suerint,

483 853 597 886 iulium
622 863 734 894 unum,
748 858 777 887 et
801 853 931 888 missam
948 865 1006 900 pro
1023 865 1133 890 exone-

481 906 600 940 ratione
624 906 699 940 dicti
722 913 898 941 conventus
917 909 954 941 ad
980 908 1132 943 intentio-

479 970 553 993 nem
564 960 736 1004 superioris
765 971 801 993 ac
820 962 971 995 sacristae
988 963 1132 1006 quotidie

481 1013 650 1054 celebrare,
679 1013 752 1046 662.

394 1066 596 1102 CCCXXXIII.
636 1067 841 1101 Confirmatio
877 1074 1069 1103 statutorum
1102 1077 1133 1104 et

480 1120 722 1154 ordinationum
746 1133 764 1154 a
788 1123 947 1167 deputatis
971 1125 1132 1167 cappellae

477 1176 508 1208 S.
538 1174 676 1209 Ianuarii
706 1175 925 1220 Neapolitani,
953 1188 1049 1221 quam
1070 1179 1133 1211 tlze-

479 1239 616 1262 acturum
635 1235 759 1270 vocant,
786 1231 817 1263 in
841 1232 943 1264 forma
968 1230 1130 1275 specifica,

392 1335 589 1370 CCCXXXIV.
618 1336 792 1370 lubilaeum
812 1338 995 1372 universale
1013 1339 1053 1372 ad
1079 1340 1133 1372 im-

480 1390 671 1433 plorandam
706 1390 846 1424 divinam
888 1402 982 1435 opem
1023 1398 1133 1426 contra

479 1443 609 1483 Turcas,
636 1442 709 1475 671.

393 1494 577 1529 CCCXXXV.
602 1494 738 1528 Indictio
772 1507 826 1529 sex
855 1495 1054 1531 decimarum
1079 1510 1132 1532 su-

480 1559 539 1592 per
561 1548 718 1582 fructibus
735 1549 880 1583 omnium
906 1550 1133 1585 ecclesiastico-

480 1611 552 1634 rum
576 1601 809 1636 beneficiorum
835 1608 865 1636 et
889 1603 1082 1646 pensionum
1099 1605 1133 1637 in

480 1654 628 1689 universa
654 1655 745 1689 Italia
771 1661 802 1689 et
819 1655 930 1691 insulis
951 1657 1059 1691 Italiae
1079 1658 1133 1691 ad-

482 1708 671 1748 iacentibus,
699 1708 772 1742 673.

392 1761 591 1796 CCCXXXVI.
631 1762 808 1796 Declaratio
849 1764 936 1807 quod
977 1764 1131 1805 abbates,

481 1815 620 1859 priores,
639 1815 808 1859 guardiani
826 1823 856 1851 et
873 1817 926 1851 alii
951 1818 1134 1862 superiores

482 1879 654 1913 parvorum
678 1876 906 1912 conventuum,
924 1882 987 1905 non
1011 1872 1133 1905 haben-

483 1922 561 1955 tium
595 1922 831 1966 praescriptum
859 1934 1030 1958 numerum
1061 1925 1134 1958 reli-

484 1975 657 2017 giosorum,
676 1977 716 2010 ad
737 1977 897 2021 synodum
911 1978 1133 2012 dioecesanam

482 2027 631 2061 accedere
657 2034 846 2070 teneantur,
873 2030 898 2064 si
923 2030 962 2063 ad
987 2041 1056 2064 eam
1082 2042 1134 2065 vo-

482 2087 596 2115 centur
619 2083 658 2115 ab
683 2082 834 2128 episcopo
859 2085 905 2118 uti
925 2084 1017 2118 Sedis
1035 2085 1134 2130 Apos-

482 2136 596 2169 tolicae
617 2136 775 2179 delegato,
801 2136 874 2171 681.

394 2187 608 2222 CCCXXXVII.
648 2189 786 2224 Cassatio
810 2190 973 2225 electionis
1009 2192 1137 2236 Marga—

483 2242 559 2275 rithi
593 2242 790 2286 Guanguelin
824 2244 855 2277 in
886 2250 1044 2279 rectorem
1069 2256 1136 2280 mo-

484 2296 698 2329 nasteriorum
718 2296 1003 2332 Carmelitanarum
1026 2300 1135 2333 Excal-

485 2354 648 2382 ceatarum
673 2351 762 2393 regni
787 2351 949 2393 Franciae,
978 2364 1050 2386 cum
1084 2353 1132 2386 al-

486 2402 582 2436 terius
604 2404 735 2437 rectoris
759 2404 980 2449 deputatione,
1003 2406 1136 2451 aliisque

489 2454 756 2496 ordinationibus,
780 2456 852 2490 682.

399 2504 628 2542 CCCXXXVIII.
658 2509 803 2543 Facultas
835 2520 951 2554 magno
984 2512 1137 2556 magistro

487 2565 518 2592 et
538 2559 671 2594 consilio
691 2562 855 2606 hospitalis
871 2564 900 2598 S.
918 2565 1045 2599 loannis
1065 2565 1137 2599 Hie-

978 165 1154 190 BULLARIL'M
1178 165 1327 190 ROMANUM

1270 216 1490 262 rosolymitani
1528 217 1723 252 concedendi
1760 219 1919 263 prioribus

1271 269 1398 313 linguae
1428 269 1581 304 Franciae
1596 271 1739 305 eiusdem
1755 270 1918 316 hospitalis

1270 323 1431 357 licentiam
1475 324 1679 368 permutandi
1721 323 1919 360 iurisdictio-

1269 386 1336 418 nes,
1364 376 1439 411 684.

1182 427 1384 463 CCCXXXIX.
1396 429 1569 464 Concessio
1581 429 1823 474 privilegiorum
1835 440 1922 474 prae-

1270 482 1396 515 lationis
1416 487 1447 516 et
1465 493 1530 516 non
1551 483 1769 528 appellationis
1787 494 1921 528 suspen-

1270 534 1354 568 sivae
1377 544 1480 579 usque
1503 534 1543 568 ad
1567 546 1725 569 summam
1745 536 1920 571 ducentum

1272 592 1302 620 et
1322 587 1555 632 quinquaginta
1582 594 1749 623 scutorum
1774 595 1922 624 monetae

1271 651 1423 674 romanae
1447 641 1644 676 universitati
1674 647 1705 676 et
1737 641 1921 676 hominibus

1272 699 1487 728 mercatorum
1524 694 1739 729 fundacalium
1770 696 1811 729 de
1841 694 1924 730 Urbe

1272 758 1331 792 pro
1367 758 1497 781 suarum
1534 748 1638 792 pretio
1673 749 1828 784 mercium
1865 759 1924 783 seu

1272 810 1379 834 rerum
1412 801 1629 836 fundacalium
1642 829 1649 843 ,
1675 813 1759 847 quae
1774 802 1814 836 ad
1830 812 1924 836 usum

1273 853 1535 889 indumentorum
1570 856 1757 898 inserviunt,
1791 856 1922 890 dumta-

1273 913 1333 948 xat,
1349 907 1436 942 iuxta
1451 909 1587 942 sormam
1600 909 1707 944 Brevis
1726 909 1845 944 Urbani
1857 909 1924 944 VIII

1274 961 1505 995 mercatoribus
1530 963 1570 996 de
1599 963 1738 998 sundaco
1763 963 1922 1006 concessi,

1274 1016 1320 1049 uti
1339 1015 1400 1050 illis
1417 1016 1608 1050 fruebantur
1624 1023 1796 1061 antequam
1812 1027 1924 1051 eorum

1274 1069 1464 1103 universitas
1483 1071 1523 1104 ab
1543 1071 1749 1105 universitate
1768 1077 1925 1106 mercato-

1274 1134 1345 1157 rum
1369 1123 1409 1157 de
1425 1124 1561 1159 sundaco
1579 1130 1793 1169 separaretur,
1816 1124 1892 1159 686.

1185 1176 1318 1212 CCCXL.
1336 1178 1523 1211 Commissio
1537 1178 1760 1222 exequutionis
1773 1188 1925 1223 quorum-

1272 1231 1345 1264 dam
1374 1231 1575 1265 decretorum
1601 1242 1659 1275 pro
1686 1230 1849 1276 provincia
1876 1231 1923 1265 Ss.

1272 1283 1425 1318 Ludovici
1460 1290 1491 1318 et
1521 1285 1652 1318 Elzearii
1684 1285 1770 1319 tertii
1798 1284 1925 1320 Ordinis

1273 1338 1373 1372 sancti
1398 1338 1559 1372 Francisci
1579 1338 1837 1383 congregationis
1854 1338 1932 1373 Gal-v

1274 1391 1395 1425 licanae
1428 1391 1678 1436 archiepiscopis
1705 1392 1864 1427 Tolosano
1894 1397 1926 1426 et

1273 1445 1512 1489 Burdegalensi,
1538 1444 1612 1479 687.

1185 1497 1331 1532 CCCXLI.
1360 1498 1506 1532 Facultas
1530 1498 1768 1543 congregationi
1788 1499 1925 1543 generali

1273 1551 1439 1586 Societatis
1452 1552 1522 1586 Iesu
1536 1552 1675 1596 eligendi
1690 1552 1844 1588 vicariurn
1858 1563 1926 1597 per·

1273 1611 1419 1649 petuum,
1441 1616 1514 1638 cum
1536 1605 1646 1640 futura
1670 1605 1869 1641 successione
1892 1606 1926 1640 in

1273 1659 1474 1702 generalatu,
1494 1658 1568 1692 689.
1769 1681 1772 1684 <

1186 1711 1345 1747 CCCXLH.
1364 1712 1554 1747 Commissio
1571 1712 1721 1758 episcopo
1737 1712 1926 1746 Rhedonen-

1273 1766 1299 1799 si
1329 1776 1425 1810 super
1451 1766 1691 1811 pubblicatione
1716 1765 1847 1800 iubilaei
1868 1776 1926 1800 no-

1274 1819 1402 1852 vissime
1437 1819 1580 1854 concessi
1624 1819 1657 1852 in
1698 1819 1777 1853 locis
1815 1819 1926 1853 Fontis

1274 1871 1422 1906 Bellausii
1447 1878 1479 1906 et
1502 1873 1609 1906 Moreti
1630 1872 1822 1907 Senonensis
1845 1872 1928 1908 dioe-

1274 1926 1367 1966 cesis,
1393 1924 1468 1959 691.

1187 1978 1364 2015 CCCXLIII.
1399 1979 1548 2013 Facultas
1579 1980 1645 2023 regi
1677 1978 1834 2014 catholico
1865 1990 1924 2025 ap-

1275 2032 1414 2076 plicandi
1452 2033 1561 2067 decem
1601 2032 1690 2068 mille
1724 2032 1857 2068 duca-tos
1890 2043 1927 2069 ex

1275 2086 1433 2120 fructibus
1454 2086 1716 2120 commendarum
1736 2085 1872 2121 militiae
1887 2087 1928 2122 de

1276 2140 1439 2174 Calatrava
1468 2140 1502 2174 in
1532 2139 1685 2173 fabricam
1717 2140 1868 2175 ecclesiae
1896 2145 1928 2176 et

1276 2193 1460 2227 monasterii
1491 2193 1678 2228 monialium
1706 2192 1927 2239 Conceptionis

1275 2247 1388 2281 beatae
1408 2247 1524 2280 Mariae
1539 2247 1678 2291 Virginis
1703 2248 1928 2283 immaculatae

1276 2300 1387 2344 oppidi
1417 2300 1542 2334 Madriti
1576 2300 1729 2334 dioecesis
1758 2301 1930 2336 Toletanae

1277 2354 1422 2388 eiusdem
1446 2354 1587 2396 militiae,
1615 2353 1690 2387 691³.

1190 2406 1360 2442 CCCXLIV.
1386 2407 1592 2442 Confirmatio
1609 2407 1784 2442 litterarum
1804 2407 1927 2443 abbatis

1277 2466 1309 2494 et
1332 2461 1460 2505 capituli
1483 2460 1642 2504 generalis
1667 2460 1794 2496 Ordinis
1814 2460 1933 2495 Cissea.

1276 2513 1397 2548 ciensis
1421 2524 1508 2548 annov
1529 2523 1670 2548 nccnrv
1689 2519 1926 2554 emanatavum,

1275 2578 1334 2611 per
1364 2578 1447 2613 quas-
1479 2567 1708 2603 monasterium
1740 2567 1774 2602 B.
1805 2566 1921 2601 Mariae
