2243 3205
21 181 68 206 An.
89 178 116 206 C.
133 178 200 206 1658

56 348 94 368 Dat
116 346 201 367 tat-ulta·

21 377 61 395 tem
86 372 200 398 recipiendi

22 402 42 422 in
69 400 201 426 nappettauos

21 426 168 454 conventuales
180 431 202 444 a·

21 455 59 475 lios
74 455 130 473 extra
145 458 202 472 lusu-

22 481 60 501 lam
78 479 162 500 Melitae
181 484 201 497 0-

21 507 104 527 rhun-tus
132 511 201 526 sarcr-

22 533 88 554 dotes.

65 1517 160 1538 Praetiis
175 1518 205 1536 ta·

26 1549 70 1564 men
79 1549 149 1563 eorum
159 1548 207 1562 exa-

26 1576 78 1590 mina
94 1572 114 1589 et
131 1575 207 1595 appro-

27 1595 117 1618 battone.

55 1942 163 1963 Decretum
183 1949 209 1962 ir·

28 1972 99 1990 ritans.

811 175 997 199 ALEXANDER
1022 175 1065 197 vn
1089 174 1136 198 ΡΡ.

216 224 380 267 indulgere
395 224 432 257 de
443 224 634 267 benignitate
655 223 825 268 apostolica
844 223 952 266 digna·
987 222 1095 266 quavis
1120 223 1322 263 auctoritate,
1354 223 1488 255 scienter
1513 222 1559 255 vel
1585 222 1729 266 ignoran-

217 288 333 311 remur.

261 331 276 374 ξ,
299 330 328 363 02.
353 331 416 364 Nos
438 331 545 373 igitur,
562 331 664 374 ipsum
692 339 838 372 magnum
858 328 955 371 magi-

217 390 317 417 strum
342 390 371 416 et
396 384 561 417 consilium
587 383 775 428 specialibus
796 382 956 415 favoribus

217 443 247 470 et
263 437 372 481 gratiis
392 437 542 481 prosequi
555 438 705 478 volentes,
720 442 873 470 eteorum
891 436 955 468 sin-

217 491 343 534 gulares
373 501 523 534 personas
548 502 564 523 a
589 490 751 534 quibusvis
777 500 958 522 exeommu-

216 544 396 586 nicationis,
415 544 628 588 suspensionis
646 549 673 575 et
693 543 860 584 interdicti,
878 542 958 575 aliis-

216 607 278 640 que
302 596 520 630 ecclesiasticis
544 596 706 629 sententiis
721 623 728 636 ‚
759 595 898 628 censuris
929 599 958 629 et

215 649 335 693 poenis,
356 660 372 682 a
389 649 458 682 iure
484 649 528 682 vel
555 649 593 681 ab
618 649 756 691 1101111110,
777 648 885 692 quavis
910 659 958 681 oc-

217 703 342 735 casione
365 702 412 735 vel
430 704 523 735 eausa
541 702 621 743 latis,
643 702 666 734 si
692 701 805 745 quibus
830 712 946 745 quomo

217 755 335 788 delibet
365 755 531 788 innodatae
563 755 713 797 existunt,
739 755 777 787 ad
813 754 956 789 effectum

216 809 430 853 praesentium
446 808 604 841 dumtaxat
624 808 890 851 consequendum,
909 808 959 840 lia-

216 873 288 895 rum
316 862 398 895 serie
422 862 619 895 absolventes
650 867 680 894 et
710 861 867 896 absolutas
893 861 958 894 sore

218 921 388 958 censentes,
406 916 586 949 huiusmodi
603 915 886 960 supplicationibus
912 915 958 947 in-

218 969 333 1011 clinati,
357 969 505 1014 praefatis
531 979 645 1012 magno
668 968 820 1012 magistro
837 974 867 1001 et
885 979 958 1001 con-

218 1024 309 1065 silio,
335 1029 388 1066 ut,
413 1023 484 1056 lieet
509 1023 585 1056 nulli
617 1022 813 1067 presbyteri,
844 1022 901 1055 nisi
928 1023 958 1054 in

220 1077 320 1109 insula
344 1076 496 1110 Melitensi
521 1076 580 1110 orti
607 1087 660 1109 seu
685 1075 821 1116 oriundi,
847 1075 876 1107 in
897 1076 958 1108 fra-

219 1136 282 1162 tres
313 1130 511 1173 cappellanos
544 1129 764 1163 conventuales
795 1128 959 1172 hospitalis

219 1183 372 1228 praedicti
396 1184 547 1216 hactenus
567 1183 694 1216 admissi
708 1183 834 1223 suerint,
847 1182 959 1215 nibilo-

220 1237 322 1270 minus
347 1236 403 1281 ipsi
426 1247 559 1280 magnus
581 1236 730 1279 magister
747 1239 776 1269 et
793 1235 957 1268 consilium

219 1291 414 1335 praeniissa,
451 1301 530 1334 quae
563 1290 711 1324 ordinare
742 1289 958 1331 destinarunt,

220 1344 313 1377 inodo
338 1349 368 1376 et
392 1344 493 1377 forma
509 1354 605 1388 supra
623 1343 788 1387 expressis,
807 1349 960 1387 perpetuo

221 1398 410 1431 constituere
442 1404 471 1430 et
495 1397 643 1431 ordinare
677 1397 793 1437 libere,
824 1397 906 1430 licite
932 1403 961 1430 ct

222 1452 321 1485 valide
338 1452 459 1496 possint
477 1457 506 1485 et
531 1452 650 1484 valeant
669 1451 741 1494 (hoe
760 1456 861 1483 tamen
880 1451 961 1484 addi-

222 1510 263 1547 to,
286 1510 319 1538 ut
342 1506 373 1537 in
392 1505 504 1538 fratres
524 1505 726 1548 cappellanos
740 1505 961 1537 conventuales

221 1559 296 1593 dicti
313 1558 476 1603 hospitalis
493 1558 602 1602 vigore
619 1558 825 1591 ordinationis
843 1563 871 1590 et
889 1568 961 1591 con-

223 1612 392 1646 stitutionis
416 1612 446 1644 in
473 1612 533 1644 vim
560 1611 772 1656 praesentium
805 1612 963 1645 faciendae

222 1665 405 1710 recipiendi,
430 1665 555 1699 nonnisi
580 1676 690 1699 corum
714 1666 859 1709 rigoroso
885 1677 958 1699 exa-

224 1720 305 1753 mine
324 1725 354 1753 et
378 1720 409 1752 in
434 1719 488 1753 illo
505 1719 731 1763 approbatione
756 1719 892 1763 praeviis
915 1730 963 1752 re-

223 1774 406 1818 cipiantur),
424 1773 546 1817 plenam
571 1777 600 1807 01
617 1773 752 1816 amplam
774 1773 962 1814 facultatem,

223 1827 409 1860 auctoritate
434 1827 621 1870 apostolica,
648 1826 828 1859 earumdem
856 1832 963 1859 tenore

224 1880 447 1924 praesentium,
473 1880 675 1913 concedimus
695 1885 723 1912 et
753 1879 962 1923 impertimur.

269 1934 284 1978 ἓ
307 1934 338 1967 3.
367 1934 574 1966 Decernentes
595 1933 825 1965 ordinationem
847 1939 877 1965 et
894 1944 964 1966 eon-

224 1987 417 2020 stitutioncm
432 1986 624 2028 huiusmodi,
638 1992 804 2030 postquam
819 1997 835 2019 a
851 1998 965 2021 memo·

224 2041 300 2074 ratis
333 2050 447 2082 magno
477 2039 628 2081 magistro
654 2045 682 2072 ct
708 2039 859 2081 consilio,
886 2040 964 2073 sicut

225 2093 450 2139 praemittitur,
465 2094 544 2126 sacta
559 2093 662 2135 suerit,
681 2093 815 2133 sirmam,
831 2094 963 2126 validam

225 2151 254 2181 et
279 2147 436 2180 efficacem
464 2147 538 2188 sore,
564 2157 599 2179 ac
619 2147 657 2178 ab
673 2146 743 2186 illis,
761 2146 798 2178 ad
816 2158 894 2190 quos
908 2157 965 2190 pro

225 2207 369 2244 tempore
394 2200 655 2243 quandocumque
680 2200 842 2243 spectabit,
869 2199 966 2233 invio-

225 2253 361 2286 labiliter
385 2253 545 2286 observari
571 2258 600 2285 et
626 2253 685 2285 illis
711 2253 883 2296 respective
909 2253 967 2285 sus-

226 2306 362 2349 sragari,
389 2306 496 2348 sicque
520 2306 551 2338 in
575 2306 756 2349 praemissis
789 2316 845 2349 per
877 2316 967 2348 quos-

227 2370 363 2404 cumque
388 2359 505 2392 iudiees
531 2359 707 2392 ordinarios
732 2364 762 2391 et
786 2359 965 2401 delegatos,

989 282 1044 317 ter,
1070 276 1237 318 contigerit
1262 276 1417 310 attentari.

1033 329 1089 372 34.
1109 329 1177 361 Non
1191 329 1387 362 obstantibus
1402 329 1591 373 praemissis,
1606 339 1641 361 ac
1656 339 1729 362 con-

989 381 1204 414 stitutionibus
1221 387 1249 413 et
1267 382 1518 415 ordinationibus
1536 382 1729 426 apostolicis,
1756 381 1763 389 i

990 444 1111 468 necnon
1126 434 1264 468 eiusdem
1280 435 1452 479 hospitalis,
1471 435 1599 479 eiusque
1612 435 1731 478 lingua<

992 499 1060 521 rum
1077 493 1107 521 et
1122 488 1318 532 prioratuum
1333 489 1527 533 quorumvis,
1538 495 1565 521 et
1581 489 1648 521 aliis
1663 489 1731 533 qui-

991 541 1136 583 buslibet,
1161 542 1253 575 etiam
1280 543 1466 582 iuramento,
1492 542 1730 576 confirmatione

991 595 1174 640 apostolica,
1192 597 1238 628 vel
1261 596 1369 639 quavis
1390 596 1536 629 firmitate
1557 596 1616 628 alia
1641 596 1731 628 robo-

993 649 1076 689 ratis,
1098 649 1221 682 statutis
1246 655 1275 682 et
1300 648 1589 689 consuetudinibus,
1615 649 1731 682 stabili-

994 702 1114 743 mentis,
1128 702 1236 735 usibus
1250 708 1280 735 et
1291 702 1411 735 naturis
1434 713 1469 734 ac
1482 702 1732 735 ordinationibus

993 756 1229 800 capitularibuS,
1254 755 1427 800 privilegiis
1444 766 1580 799 quoque,
1605 755 1732 788 indultis

992 811 1022 842 et
1040 809 1152 841 litteris
1177 808 1358 853 apostolicis
1377 808 1407 840 in
1427 807 1620 841 contrarium
1641 818 1731 852 prae-

993 862 1160 895 missorum
1181 861 1419 905 quomodolibet
1440 861 1604 903 concessis,
1623 861 1733 894 contir-

994 915 1083 948 matis
1119 919 1149 949 et
1177 915 1354 955 innovatis;
1388 914 1503 958 quibus
1532 913 1680 948 omnibus
1704 919 1733 947 et

993 969 1135 1012 singulis,
1158 969 1283 1002 illorum
1302 975 1427 1002 tenores
1444 968 1663 1013 praesentibus
1675 979 1733 1012 pro

994 1023 1083 1066 plene
1098 1029 1127 1055 et
1148 1023 1338 1056 sufficienter
1356 1023 1512 1066 expressis
1525 1033 1560 1055 ac
1581 1022 1618 1054 de
1637 1022 1733 1054 verbo

993 1075 1030 1107 ad
1057 1076 1185 1108 verbum
1208 1076 1332 1108 insertis
1353 1076 1514 1117 babentes,
1534 1075 1593 1106 illis
1610 1075 1685 1106 alias
1703 1075 1733 1106 in

993 1140 1049 1162 suo
1064 1129 1179 1162 robore
1195 1131 1421 1173 permansuris,
1433 1130 1469 1162 ad
1488 1129 1733 1173 praemissorum

994 1184 1139 1216 effectum
1165 1184 1223 1217 1130
1248 1185 1313 1216 viee
1332 1184 1509 1228 specialiter
1534 1189 1563 1215 et
1587 1193 1735 1226 expresse

994 1237 1200 1280 derogamus;
1219 1238 1395 1281 ceterisque
1420 1237 1586 1270 contrariis
1607 1237 1736 1280 quibus-

994 1303 1138 1335 cunique.

1038 1346 1148 1378 Datum
1169 1346 1296 1386 Romae,
1324 1346 1406 1389 apud
1436 1346 1465 1378 S.
1491 1345 1618 1378 Mariam
1643 1345 1735 1377 Maio-

996 1410 1072 1440 rem,
1091 1399 1148 1432 sub
1168 1399 1284 1432 annulo
1306 1399 1481 1439 Piscatoris,
1503 1398 1551 1431 die
1579 1408 1596 1431 x
1617 1398 1737 1430 decem-

995 1453 1060 1485 bris
1077 1463 1228 1493 1101311111,
1243 1453 1442 1496 pontificatus
1468 1451 1566 1485 nostri
1593 1462 1674 1484 anno
1692 1461 1732 1484 lv.

1031 1517 1091 1542 Dat.
1109 1516 1152 1542 die
1173 1515 1202 1542 10
1219 1514 1371 1542 decembris
1390 1515 1466 1549 1158,
1484 1513 1576 1550 pontis.
1595 1523 1665 1540 anno
1681 1521 1716 1541 ιν.

1745 376 1782 389 tw!

1294 1659 1441 1692 Ctjlxxvt.

999 1740 1209 1782 Confirmatio
1245 1740 1490 1772 ordinationum
1523 1740 1557 1771 in
1586 1739 1738 1782 pluribus

1042 1793 1196 1835 capitulis
1213 1792 1419 1835 nemoralibus
1438 1792 1572 1826 Ordinis
1596 1794 1739 1835 flatrum

1041 1846 1311 1879 Praedicalornm
1329 1847 1503 1888 saelorum,
1521 1856 1560 1878 ne
1576 1847 1651 1889 quis
1668 1847 1740 1879 reli-

1042 1900 1161 1942 qiosus,
1187 1900 1246 1932 sub
1270 1899 1432 1942 yravioris
1457 1899 1572 1942 culpae
1588 1909 1624 1931 ac
1641 1899 1740 1932 etiam

1042 1953 1388 1985 circemmmzicatz'onis
1433 1953 1516 1985 latae
1563 1953 1741 1985 sententiae

1043 2007 1199 2049 maffl'stro
1224 2006 1372 2048 gleneralzss
1395 2010 1573 2039 rreservante
1596 2007 1742 2038 intermi-

1042 2060 1184 2099 natione,
1208 2059 1326 2092 directe
1343 2059 1536 2092 divisionem
1553 2059 1632 2092 dicti
1650 2059 1742 2093 Orda*-

1044 2113 1095 2145 nis
1112 2113 1161 2145 vel
1184 2113 1421 2145 institutionem
1440 2112 1557 2145 vicarii
1580 2112 1741 2154 (Jeneralis

1044 2166 1222 2199 Incliarum
1240 2166 1352 2209 quovis
1375 2170 1544 2209 praelecta
1560 2170 1708 2209 procuret
1722 2163 1739 2197 ¹.

1195 2245 1362 2272 Alexander
1385 2245 1462 2278 Papa
1483 2245 1546 2277 vn,

1145 2289 1181 2315 ad
1200 2289 1332 2316 futuram
1352 2289 1395 2316 rei
1415 2289 1594 2316 memoriam.

1046 2360 1204 2394 Militantis
1223 2359 1378 2392 Ecclesiae
1397 2359 1552 2402 regimini,
1571 2359 1690 2391 meritis
1711 2359 1743 2391 li-

228 2414 321 2447 etiam
343 2423 506 2446 causarum
524 2413 629 2456 palatii
655 2412 817 2456 apostolici
843 2412 965 2445 audito·
1001 2420 1046 2447 001
1075 2413 1257 2457 imparibus,
1276 2413 1379 2446 divina
1398 2413 1601 2456 dispositione
1626 2414 1742 2457 praesi-

227 2467 437 2510 res‚dictique
452 2466 613 2509 hospitalis
628 2466 796 2498 tribunalia
810 2466 967 2509 quaelibet
1000 2467 1119 2508 dentes,
1142 2467 1212 2506 iltis,
1230 2477 1309 2509 111130
1335 2477 1391 2509 pro
1417 2466 1496 2498 l'elici
1516 2476 1676 2499 sacrarum
1698 2477 1743 2499 re-

229 2520 359 2553 iudieari
380 2525 409 2552 et
430 2519 552 2552 deliniri
578 2519 702 2560 debere,
729 2529 764 2552 ac
790 2519 912 2551 irritum
939 2524 968 2553 et
1002 2522 1153 2563 ligionnm
1174 2521 1203 2552 in
1222 2520 1330 2552 eadem
1350 2519 1486 2552 Ecclesia
1507 2520 1556 2562 pie
1573 2520 1741 2563 sapienter-

229 2574 339 2616 inane,
368 2574 392 2606 si
424 2584 514 2606 secus
539 2584 632 2618 super
661 2574 709 2607 liis
738 2584 755 2606 a
787 2585 967 2618 quoquam,

1038 2587 1046 2609 1
1072 2583 1106 2609 Ex
1127 2583 1232 2618 llegest.
1254 2583 1279 2609 in
1300 2583 1399 2609 secret.
1423 2582 1502 2608 Brev.

1633 164 1696 197 423
1743 173 1793 198 An.
1811 172 1839 198 c.
1858 172 1925 200 1658

1817 342 1927 361 Contraria

1787 372 1822 389 1Ὶὶ-

1786 2367 1925 2389 l'reoeintnm.
