2263 3215
301 204 387 231 Amc.
413 205 478 233 τῖες
524 196 588 230 178

349 2013 436 2038 liriwgn
455 2018 503 2033 con·

1073 207 1253 233 BULLAMUM

501 253 663 297 quibusvis
686 254 1029 294 excommunicationis,
1055 256 1238 299 suspensio-

502 306 549 339 nis
580 310 610 339 et
641 306 822 346 interdicti,
857 307 988 350 aliisque
1024 308 1242 341 ecclesiasticis

502 358 673 397 sententiis,
698 359 839 393 censuris
865 365 894 392 et
920 361 1040 403 poenis,
1061 372 1077 393 a
1103 361 1170 393 iure
1196 362 1241 393 rel

502 411 540 443 ab
567 410 715 451 homine,
748 412 858 455 quavis
882 412 1046 446 occasione
1076 413 1121 446 vel
1150 416 1261 463 causa¹

502 463 592 503 latis,
620 463 644 496 si
676 464 790 507 quibus
813 465 1048 508 quomodolibet
1079 465 1262 507 innodatnsj

502 516 618 557 existit,
637 516 673 549 ad
692 517 836 550 effectum
855 518 1066 561 praesentium
1085 519 1262 574 dumtaxat3

502 570 777 613 consequendum,
805 571 918 604 barum
943 572 1024 604 serie
1049 572 1262 611 absolventest

503 626 533 657 ct
556 623 734 656 absolutum
760 624 825 657 sore
850 630 1030 666 censentes,
1065 624 1244 657 huiusmodi

503 676 783 720 supplicationibus
801 677 950 718 inclinati,
972 678 1156 711 fraternitati
1177 682 1245 711 tuae

504 740 561 772 per
575 736 754 773 praesentes
768 731 994 764 committimus
1006 737 1035 764 et
1051 732 1245 767 mandamus,

504 788 667 826 quatenus,
692 785 825 817 constito
851 785 904 817 tibi
918 785 957 817 de
969 785 1115 825 narratis,
1130 795 1165 817 ex
1180 795 1247 828 par-

505 836 684 869 ticularium
718 837 953 870 benefactorum
990 838 1246 881 praedictorum,

506 899 567 922 non
592 895 694 922 autem
721 890 859 923 eiusdem
885 891 1042 923 Francisci
1069 890 1245 930 cardinalis⁷

506 941 716 983 facultatibus,
730 942 758 974 in
775 943 934 986 praedicta
946 943 1147 976 universitate
1162 943 1248 976 Com-

508 995 643 1038 plutensi
669 1001 714 1028 tot
738 996 902 1029 cathedras
928 997 1005 1029 iuris
1030 997 1146 1038 civilis,
1172 1002 1245 1040 quot

508 1048 656 1091 expedire
681 1048 712 1080 in
738 1049 871 1082 Domino
897 1049 1094 1091 cognoveris,
1120 1060 1178 1092 pro
1206 1052 1249 1082 tot

509 1101 678 1134 lectoribus
695 1112 747 1134 seu
766 1103 996 1145 professoribus
1015 1102 1156 1135 eiusdem
1173 1103 1248 1135 iuris

509 1154 620 1196 civilis,
639 1155 691 1197 qui
712 1156 858 1188 omnibus
873 1160 902 1189 et
920 1156 1051 1198 singulis
1075 1155 1250 1199 privilegiis

509 1212 539 1241 et
565 1207 702 1248 indultis,
728 1208 820 1240 etiam
845 1208 973 1252 speciali
999 1211 1072 1242 nota
1087 1214 1116 1240 et
1129 1219 1250 1251 expres-

510 1260 597 1293 sione
622 1260 734 1303 dignis,
759 1260 873 1304 quibus
897 1261 1029 1293 aliarum
1048 1261 1250 1294 scientiarum

511 1324 566 1346 seu
591 1314 828 1358 disciplinarum
865 1315 895 1347 in
932 1315 1015 1347 dieta
1049 1314 1270 1352 universitate,

511 1367 715 1400 cathedratici
742 1368 936 1412 professores
952 1368 1083 1408 dentre,
1104 1380 1171 1409 usu,
1190 1374 1251 1401 sta-

512 1425 598 1463 tuto,
625 1421 872 1461 consueuidine,
898 1426 951 1454 aut
981 1432 1017 1454 ex
1050 1422 1271 1454 concessione·

512 1474 694 1518 apostoliea,
709 1475 755 1507 vel
774 1474 849 1508 alias
863 1474 1100 1518 quomodolibet
1114 1480 1253 1514 utuntur,

513 1528 677 1572 potiuntur
702 1534 732 1560 et
756 1528 913 1571 gaudent,
946 1538 981 1561 ac
1013 1528 1078 1568 uti,
1105 1527 1200 1572 potiri
1226 1533 1253 1561 et

513 1580 651 1624 gaudere
676 1585 806 1624 possunt
830 1586 860 1614 et
884 1586 1033 1624 poterunt
1057 1580 1088 1613 in
1103 1581 1254 1620 futurum,

514 1634 580 1678 pari
607 1634 701 1667 modo
727 1634 782 1674 uti,
808 1634 868 1667 frui
894 1639 924 1667 et
944 1634 1083 1677 gaudere
1110 1633 1208 1667 libere
1227 1640 1257 1667 et

515 1687 601 1721 licite
624 1688 743 1731 possint
770 1693 800 1720 et
826 1688 957 1728 valeant,
978 1687 1045 1720 sine
1070 1687 1255 1731 cuiusquam

516 1741 720 1785 praeiudicio,
746 1742 930 1776 auctoritate
951 1742 1057 1775 nostra
1076 1741 1257 1785 apostolica,

517 1795 620 1838 erigas
645 1800 674 1828 et
700 1795 859 1835 instituas,
885 1801 982 1839 utque
1014 1795 1052 1828 de
1080 1800 1185 1828 cetero
1211 1795 1258 1827 ius

518 1848 608 1881 civile
634 1848 665 1880 in
690 1848 824 1890 collegio
850 1848 1033 1891 supradicto
1065 1847 1127 1890 legi
1162 1847 1259 1880 libere

518 1902 635 1945 pariter
660 1905 689 1935 et
714 1901 796 1934 licite
822 1901 931 1942 valeat,
947 1901 1055 1934 eadem
1075 1901 1260 1934 auctoritate

519 1955 672 1989 concedas
696 1960 727 1987 et
751 1955 922 1998 indulgeas.

566 2008 623 2052 §3
642 2009 710 2042 Non
725 2008 921 2041 obstantibus
934 2008 1125 2051 praemissis,
1139 2020 1174 2042 ac
1188 2019 1261 2041 con-

520 2061 735 2095 stitutionibus
753 2066 782 2094 et
802 2061 1052 2094 ordinationibus
1069 2061 1261 2105 apostolicis,

521 2124 643 2147 necnon
669 2114 824 2148 dictorum
843 2114 1053 2148 universitatis
1077 2120 1106 2147 et
1126 2114 1261 2158 collegii,

521 2168 613 2200 etiam
641 2168 838 2209 iuramento,
863 2168 1103 2201 confirmatione
1131 2174 1261 2212 aposto—

521 2221 598 2262 lica,
624 2221 670 2254 vel
699 2221 807 2264 quavis
833 2221 981 2255 firmitate
1008 2221 1067 2254 alia
1097 2221 1263 2262 roboratis,

522 2275 645 2307 statutis
658 2280 688 2307 et
701 2275 990 2315 consuetudinibus,
1005 2274 1176 2318 privilegiis
1190 2285 1265 2319 quo-

522 2339 593 2372 que,
611 2327 739 2361 indultis
756 2333 785 2360 et
803 2328 915 2361 litteris
939 2328 1130 2372 apostolicis,
1148 2329 1177 2361 in
1195 2338 1265 2361 con-

524 2381 655 2414 trarium
673 2381 919 2425 praemissorum
939 2381 1176 2425 quomodolibet
1196 2392 1265 2414 con-

525 2434 638 2475 cessis,
667 2435 862 2468 confirmatis
891 2438 920 2468 et
949 2435 1122 2475 innovatis,
1151 2434 1265 2478 quibus

526 2487 673 2520 omnibus
688 2493 717 2520 et
734 2488 875 2531 singulis,
891 2487 1017 2521 illorum
1035 2493 1159 2521 tenores
1178 2498 1266 2532 prae-

527 2539 665 2573 sentibus
690 2551 747 2584 pro
765 2541 857 2584 plene
881 2547 911 2573 et
936 2540 1126 2574 sufficienter
1144 2552 1266 2585 expres-

528 2594 569 2626 sis
586 2604 621 2626 ac
638 2593 675 2627 de
701 2594 796 2628 verbo
813 2595 850 2627 ad
867 2595 995 2627 verbum
1011 2595 1134 2628 insertis
1154 2595 1267 2635 haben-

1278 207 1432 232 ROMANUM

1278 262 1331 298 tes,
1358 256 1418 288 illis
1438 255 1513 288 alias
1531 255 1562 287 in
1579 265 1636 288 suo
1654 254 1768 287 robore
1790 253 2017 298 permansuris

1276 309 1313 341 ad
1339 308 1586 352 praemissorum
1605 306 1761 346 effectum,
1779 307 1836 340 hac
1850 307 1917 340 vice
1931 307 2018 340 dum-

1278 367 1375 401 taxat,
1397 361 1573 405 specialiter
1598 365 1627 393 et
1652 370 1799 403 expresse
1818 360 2018 402 derogamus

1278 414 1452 457 ceterisque
1477 412 1643 445 contrariis
1668 411 1930 455 quibuscumque.

1322 468 1433 499 Datum
1444 467 1573 505 Romae,
1583 466 1664 509 apud
1679 466 1707 499 S.
1720 466 1847 498 Mariam
1858 465 2020 504 Maiorem,

1279 520 1336 553 sub
1348 520 1465 553 annulo
1480 519 1658 558 Piscator-is,
1676 518 1726 551 die
1743 528 1787 551 vu
1802 518 1877 551 iunii
1893 527 2021 557 MDCLVl,

1280 572 1481 617 pontificatus
1505 572 1605 606 nostri
1631 581 1713 605 anno
1735 582 1766 604 11.

1316 635 1373 661 Dat.
1391 635 1433 661 die
1451 635 1464 660 7
1481 634 1545 661 iunii
1564 634 1641 666 1656,
1664 633 1760 669 pontif.
1783 641 1853 660 anno
1868 640 1896 661 11.

1599 775 1695 809 CXIV.

1283 857 1457 891 Committz‘t
1489 856 1607 889 nuncio
1636 855 1864 895 Venett‘arum,
1898 859 1934 888 ut
1968 866 2024 888 no-

1327 920 1394 943 vem
1409 909 1552 953 picturas
1572 908 1698 942 Titiani
1711 918 1817 952 opera,
1831 919 1952 942 necnon
1978 919 2026 941 or-

1327 973 1451 1006 nanum
1464 972 1568 994 unum
1579 972 1614 994 ac
1630 961 1875 995 tabernaculum
1882 971 1942 1004 pro
1955 972 2026 994 san-

1328 1016 1378 1048 ‘'lt‘i
1396 1015 1618 1055 Eucliaristi'd,
1648 1015 1781 1058 aliaque
1809 1014 2027 1058 supellectilia

1328 1079 1422 1101 sacra
1435 1068 1583 1101 ecclesiae
1598 1068 1866 1111 Ctmsyreyatiom's
1882 1078 2028 1112 suppres-

1329 1133 1382 1156 sae
1409 1122 1647 1157 Canonicorum
1671 1122 1890 1165 Requlari'um
1911 1121 1941 1155 S.
1960 1121 2029 1165 Spi-

1331 1177 1411 1209 ritus
1442 1176 1649 1209 Venctz‘urum
1674 1174 1821 1208 ecclesiae
1845 1175 1877 1208 S.
1901 1174 2029 1208 Mariae

1329 1228 1492 1263 Sanitatis
1510 1229 1729 1267 Venetiarum,
1753 1228 1821 1261 eius
1841 1232 2028 1260 ornamento

1331 1288 1359 1316 et
1383 1282 1489 1316 decori
1513 1282 1725 1323 desert-itura,
1752 1286 1905 1327 perpetuo
1923 1281 2030 1326 appli-

1331 1340 1376 1369 cet
1394 1336 1410 1368 ¹.

1287 1416 1457 1444 Venerabili
1478 1416 1564 1443 fratri
1587 1417 1688 1443 earolo
1709 1416 1849 1450 episcopo
1868 1416 2028 1450 Aversano,

1269 1455 1271 1473 ²
1323 1464 1427 1488 nostro
1456 1464 1486 1487 et
1515 1461 1704 1494 Apostolicae
1732 1460 1815 1488 Sedis
1845 1459 1876 1487 in
1903 1460 2031 1488 dominio

1324 1506 1502 1533 Venetorum
1522 1504 1643 1537 nuncio,

1445 1561 1448 1565 ⁴
1484 1558 1648 1585 Alexander
1673 1558 1752 1592 Papa
1772 1559 1832 1586 vu.

1507 1620 1694 1648 Venerabilis
1710 1621 1819 1653 frater,

1326 1667 1456 1692 satutem
1478 1667 1508 1692 et.
1528 1665 1724 1699 apostolicam
1744 1665 1993 1692 benedictionem.

1337 1741 1351 1784 ξ
1373 1741 1396 1773 l.
1412 1740 1493 1774 Alias
1510 1740 1792 1784 Congregationem
1807 1741 2029 1774 canonicorum
2063 1731 2263 1801 ,¹³²'¹³“’¹¹{,⁰'-‘„‘g'⁰'i''

2048 1788 2059 1801 u
2082 1787 2101 1800 ΙΙὶ
2113 1787 2135 1801 ΓΠ
2153 1787 2168 1801 ΙἸ
2197 1795 2202 1801 .
2242 1788 2263 1798 ⁴⁸⁴

1293 1794 1487 1837 regularium
1519 1794 1547 1827 S.
1579 1793 1713 1837 Spiritus
1739 1794 1938 1827 Venetiarum
1959 1805 2031 1838 pcr-

1295 1854 1389 1892 petuo
1402 1847 1590 1881 extinximus
1602 1853 1630 1880 et
1645 1848 1890 1891 suppressimus,
1903 1848 2032 1892 eiusque

1294 1902 1375 1934 bona
1390 1901 1518 1934 mobilia
1532 1906 1561 1934 et
1575 1901 1750 1934 immobilia
1764 1907 1825 1934 tam
1838 1912 1926 1934 sacra
1939 1912 2032 1945 quam

1295 1955 1436 1998 profana,
1461 1960 1491 1987 et
1516 1954 1583 1987 iura
1611 1965 1829 1998 quaecumque
1859 1960 1984 1988 nostrae
2005 1960 2035 1988 et

1295 2008 1383 2042 Sedis
1409 2008 1609 2051 Apostolicae
1633 2006 1842 2051 dispositioni,
1860 2007 1891 2040 in
1912 2019 1986 2041 usus
2006 2013 2035 2041 et

1296 2071 1392 2104 opera
1410 2061 1461 2104 pia
1480 2072 1536 2104 per
1551 2072 1614 2103 eos,
1629 2061 1744 2104 quibus
1762 2061 1791 2093 id
1805 2071 1821 2093 a
1837 2061 1930 2094 nobis
1943 2067 1974 2095 et
1988 2063 2035 2094 ea-

1296 2114 1366 2147 dem
1389 2114 1467 2147 Sede
1482 2114 1685 2147 commissum
1708 2115 1798 2155 soret,
1815 2114 2034 2157 convertenda,

1297 2168 1543 2207 reservavimus,
1559 2172 1588 2200 et
1601 2167 1733 2201 subinde
1750 2168 1856 2201 onmia
1868 2174 1897 2201 et
1914 2168 2037 2212 singula

1298 2221 1437 2254 eiusdem
1463 2221 1721 2264 Congregationis
1742 2232 1928 2265 suppressae
1945 2222 2036 2263 bona,

1298 2274 1328 2307 in
1342 2275 1429 2307 Statu
1444 2274 1645 2318 Reipublicae
1673 2275 1860 2308 Venetorum
1887 2275 2038 2319 (exceptis

1298 2329 1409 2371 sacris)
1435 2328 1608 2369 existentia,
1624 2329 1653 2361 in
1678 2329 1852 2362 subsidium
1866 2329 1956 2372 regni
1969 2329 2038 2363 Cre-

1299 2387 1347 2414 tae
1379 2388 1409 2415 et
1441 2381 1647 2425 expeditionis
1679 2388 1788 2415 contra
1820 2383 1936 2415 Turcas
1965 2392 2037 2430 per-

1300 2441 1394 2479 petuo
1426 2435 1673 2479 applicariiiiu5‚
1707 2447 1742 2469 ac
1775 2436 1831 2469 tibi
1863 2436 1944 2469 inter
1978 2436 2037 2469 alia

1298 2489 1442 2522 dedimus
1468 2489 1497 2521 in
1520 2489 1682 2531 mandatis,
1696 2492 1729 2522 ut
1746 2500 1802 2532 per
1824 2495 1852 2522 te
1870 2489 1972 2533 ipsum
1991 2489 2038 2523 vel

1299 2553 1356 2586 per
1381 2542 1615 2575 commissarios
1639 2553 1656 2574 a
1682 2548 1709 2575 te
1734 2542 1910 2585 specialiter
1941 2542 2038 2586 depu-

1338 2607 1345 2631 t
1370 2604 1406 2631 Ex
1427 2604 1534 2640 Regest.
1556 2605 1581 2631 iu
1603 2606 1706 2632 secret.
1728 2604 1802 2632 Brev.

2035 207 2083 232 An.
2097 207 2123 233 c.
2145 209 2209 241 iem
2241 214 2261 222 2
