2243 3205
236 207 282 233 An.
305 206 334 233 C.
352 206 418 234 1659

255 1332 338 1353 Petitio.

255 1652 369 1673 Confirmat
379 1652 414 1672 110·

229 1682 309 1699 cretum
320 1684 332 1699 a
343 1679 414 1700 cardi-

228 1706 269 1726 nali
292 1708 412 1731 protectore

229 1735 358 1754 ema-natum.

242 2474 245 2477 Ι
257 2445 368 2469 Decretum
386 2448 413 2468 ir·

230 2476 302 2495 mans.

464 198 527 231 476

433 255 600 300 praedictis
624 255 766 299 patribus
791 255 835 289 sic
862 255 1000 299 legitime
1022 257 1169 290 institutis

433 314 463 341 et
494 319 549 341 suo
584 319 714 341 munere
738 309 868 351 functis,
904 310 957 343 sed
983 311 1084 343 ethis
1117 310 1169 353 qui

432 362 557 394 suerunt
583 361 611 394 in
638 361 702 394 suis
727 362 898 405 provinciis
932 363 1065 396 ministri
1095 374 1169 407 pro-

434 414 579 447 vinciales
605 414 716 447 cedere
741 414 856 448 debere
888 415 1108 457 decernimus,
1141 421 1170 448 et

433 467 472 500 ita
491 467 685 511 praedictum
704 472 854 502 statutum
885 469 1015 512 intelligi
1041 469 1170 502 inviola-

431 521 597 564 biliterque
615 521 785 554 observari.
800 521 1027 555 Consu-mantes
1042 523 1170 566 insuper

431 580 461 607 et
485 585 543 618 pro
565 579 632 607 rato
653 579 682 607 et
707 574 808 607 valido
834 575 984 607 babentes
1009 585 1170 617 quascum-

430 638 490 670 que
511 627 679 659 sententias
711 638 728 659 a
759 627 920 670 quibusvis
951 627 1170 670 superioribus

431 679 569 712 eiusdem
597 679 745 721 instituti,
776 680 839 712 sive
873 680 1027 713 iudicibus
1051 680 1089 712 ab
1113 681 1171 713 eis-

430 732 500 765 dem
526 733 691 776 delegatis,
717 733 799 765 iuxta
831 739 971 766 tenorem
997 733 1090 766 liuius
1114 744 1170 766 110-

429 791 512 819 strae
547 786 713 819 decisionis
753 792 902 819 exaratas.
941 786 1170 830 Praecipientes

429 839 487 871 sub
512 840 612 882 poena
644 839 820 872 officiorum
853 845 1043 882 actuumque
1072 840 1169 882 legiti-

430 902 553 924 morum
579 892 778 935 privationis,
803 897 832 924 et
856 893 924 924 aliis
944 892 981 924 ad
1002 893 1166 925 arbitrium

428 950 570 978 nostrum
605 945 782 988 inssigendis
812 947 931 989 poenis,
958 952 990 978 ut
1015 947 1091 979 llaec
1115 957 1168 979 no-

428 1002 492 1030 stra
517 997 547 1029 in
573 997 631 1030 1100
649 998 744 1031 dubio
762 998 879 1031 decisio
894 1005 923 1031 et
941 999 1049 1032 ultima
1063 1000 1167 1032 statuti

428 1051 595 1094 explicatio
619 1050 808 1084 adamussim
835 1052 865 1084 in
890 1058 955 1085 toto
987 1052 1102 1085 Ordine
1128 1053 1169 1086 ita

428 1104 623 1137 observetur.
642 1104 752 1137 Datum
772 1106 899 1146 Romae,
914 1107 944 1138 in
963 1107 1080 1150 palatio
1101 1117 1169 1140 can-

428 1158 574 1191 cellariae
600 1159 808 1202 apostolicae,
838 1160 895 1192 bac
920 1160 969 1193 die
996 1170 1027 1194 xt
1059 1162 1168 1205 aprilis

428 1222 556 1246 MDCLix.

471 1320 486 1363 ἓ
510 1320 539 1352 02.
561 1320 637 1353 Cum
658 1326 773 1361 autem,
792 1321 872 1354 sicut
889 1321 996 1354 eadem
1016 1322 1168 1366 expositio

428 1373 655 1416 subiungebat,
680 1374 782 1407 dictus
807 1375 951 1407 Roeclius
984 1375 1169 1409 declaratio-

427 1436 499 1459 nem
518 1431 547 1459 et
563 1426 724 1459 decretum
746 1427 939 1468 huiusmodi,
956 1439 1014 1471 pro
1034 1428 1167 1462 firmiori

428 1480 555 1513 illorum
581 1480 781 1513 subsistentia
806 1486 834 1513 et
853 1481 1080 1523 observatione,
1098 1493 1170 1526 apo-

428 1534 556 1566 stolicae
596 1534 845 1567 confirmationis
884 1541 1010 1568 nostrae
1054 1536 1169 1569 robore

429 1587 619 1621 communiri
644 1598 846 1631 summopere
871 1588 1045 1629 desideret;

472 1641 487 1684 ξ
510 1640 540 1673 3.
565 1641 637 1681 Nos,
662 1641 765 1685 ipsum
790 1641 951 1674 Rocelium
983 1642 1169 1686 specialibus

429 1694 587 1727 favoribus
613 1699 642 1727 et
666 1694 793 1738 gratiis,
819 1700 888 1735 etc„
913 1701 943 1728 et
967 1707 984 1728 a
1008 1696 1169 1740 quibusvis

428 1742 774 1789 excommunicationis,
792 1753 860 1790 etc.,
886 1748 998 1781 barum
1021 1750 1101 1782 serie
1119 1750 1169 1782 ab·

427 1801 581 1834 solventes
596 1806 626 1833 et
638 1800 814 1834 absolutum
830 1802 896 1834 fore
911 1808 1082 1844 censentes,
1100 1813 1169 1847 sup-

426 1854 647 1898 plicationibus
668 1854 735 1887 eius
751 1855 878 1888 nomine
892 1856 983 1888 nobis
996 1866 1091 1899 super
1108 1856 1168 1889 hoc

426 1907 589 1940 humiliter
613 1907 768 1951 porrectis
793 1908 942 1950 inclinati,
975 1909 1187 1942 declaratio-,-

427 1971 498 1993 nem
525 1966 554 1993 et
579 1961 740 1994 decretum
764 1972 780 1993 a
806 1967 982 1995 memorato
1000 1962 1167 1996 Francisco

427 2014 618 2047 cardinalem
643 2019 832 2058 protectore,
851 2015 930 2048 sicut
944 2017 1168 2059 praemittitur,

427 2067 559 2108 editum,
569 2073 789 2111 emanatasque
803 2068 938 2112 desuper
951 2069 1070 2102 litteras
1083 2081 1169 2113 prae-

427 2121 570 2162 insertas,
580 2122 764 2154 auctoritate
775 2122 955 2165 apostolica,
965 2128 1072 2156 tenore
1083 2134 1169 2167 prae-

428 2174 573 2215 sentium,
590 2174 815 2207 confirmamus
836 2180 866 2207 et
883 2175 1107 2218 approbamus,
1126 2177 1164 2208 il-

426 2227 527 2270 lisque
564 2227 749 2261 inviolabilis
786 2229 976 2271 apostolicae
1011 2229 1168 2263 firmitatis

427 2281 526 2314 robur
550 2280 736 2321 adiicimus,
762 2291 796 2314 ae
830 2292 939 2314 omnes
964 2287 993 2314 et
1027 2282 1168 2326 singulos

427 2334 505 2367 iuris
530 2340 560 2368 et
593 2335 663 2368 sacti
696 2335 855 2377 desectus,
881 2336 905 2368 si
941 2336 994 2379 qui
1031 2336 1168 2380 desuper

427 2388 664 2431 quomodolibet
688 2388 922 2430 intervenerint,
948 2390 1143 2433 supplemus.

472 2442 486 2484 ἓ
510 2442 539 2474 4.
554 2442 763 2475 Decernentes
783 2442 906 2475 easdem
925 2448 1104 2487 praesentes
1118 2444 1167 2477 lit-

428 2499 511 2527 teras
535 2505 658 2539 semper
682 2496 811 2538 firmas,
833 2501 890 2528 etc.
905 2524 912 2538 ,
946 2497 1168 2530 inviolabiliter

429 2546 607 2587 observari;
633 2548 739 2592 sicque
756 2549 787 2581 in
804 2549 984 2592 praemissis
1001 2560 1057 2593 per
1077 2561 1169 2594 quos-

430 2611 563 2644 cumque
589 2601 803 2645 1111110(“ς,011”,,7
825 2603 947 2635 definiri
973 2603 1107 2644 debere3
1133 2615 1168 2638 ac

1012 208 1190 232 BULLARIUM
1216 207 1368 232 nontAtvvit

1955 207 2004 235 An.
2027 208 2054 235 C.
2073 207 2138 236 ¹659

1206 256 1328 289 irritum
1354 260 1384 288 et
1408 255 1516 297 inane,
1543 260 1619 296 etc,
1645 256 1811 299 contigerit
1835 261 1938 290 atten-

1206 309 1273 341 tari.

1248 362 1315 404 §5
1349 362 1417 395 Non
1454 360 1649 394 obstantibus
1685 361 1882 405 praemissis,
1905 372 1942 395 ac

1204 415 1478 448 constitutionibus
1496 419 1525 449 et
1549 414 1799 448 ordinationibus
1823 420 1944 458 aposto-

1205 467 1282 508 licis,
1307 478 1439 510 necnon,
1458 473 1611 511 quatenus
1630 479 1708 512 opus
1726 468 1774 510 sit,
1799 467 1873 501 dicti
1890 467 1944 501 Or-

1205 520 1285 553 dinis
1309 526 1348 554 et.
1362 522 1431 554 aliis
1445 521 1618 565 quibusvis,
1635 522 1729 554 etiam
1754 521 1943 562 iuramento,

1205 579 1274 614 etc„
1301 575 1468 616 concessis,
1494 574 1687 608 confirmatis
1712 580 1741 608 et
1766 574 1942 615 innovatis,

1204 628 1318 670 quibus
1342 628 1490 661 omnibus
1515 633 1544 661 et
1569 628 1714 671 singulis,
1740 628 1867 661 illorum
1892 632 1940 661 te-

1205 691 1296 714 nores
1322 681 1551 724 praesentibus,
1576 687 1644 723 etc,
1671 682 1728 714 hae
1754 681 1821 714 vice
1845 681 1940 714 dum-

1204 740 1286 767 taxat
1311 735 1488 778 specialiter
1513 740 1543 768 et
1567 746 1713 779 expresse
1733 735 1942 778 derogamus;

1204 789 1377 832 ceterisque
1402 789 1567 822 contrariis
1592 789 1853 832 quibuscumque.

1247 840 1304 884 §ti
1324 832 1473 874 volumus
1490 848 1593 875 autem
1611 847 1645 874 ut
1659 841 1841 874 earumdem
1856 851 1944 885 prae-

1203 895 1336 927 sentium
1365 896 1578 939 transumptis,
1593 901 1662 938 etc.‚
1688 895 1795 928 eadem
1811 905 1942 940 prorsus

1204 948 1319 991 ubique
1355 949 1498 982 locorum
1535 949 1739 991 adhibeatur,
1764 959 1843 993 quae
1867 947 1942 992 ipsis

1203 1002 1420 1044 praesentibus
1443 1002 1656 1044 adhiberetur,
1682 1002 1706 1035 si
1731 1003 1834 1036 forent
1857 1001 1943 1035 exbi—

1203 1054 1284 1087 bitae
1304 1055 1349 1087 vel
1375 1060 1528 1088 ostensae.

1248 1108 1358 1141 Datum
1384 1109 1510 1151 Romae,
1541 1108 1624 1152 apud
1649 1109 1677 1142 S.
1696 1108 1825 1142 Mariam
1851 1107 1944 1141 Maio·

1204 1171 1280 1202 rem,
1305 1162 1362 1194 sub
1380 1163 1495 1195 annulo
1525 1162 1702 1204 Piscatoris,
1721 1162 1770 1195 die
1791 1172 1845 1196 xvt
1865 1162 1942 1195 iunii

2027 374 2138 396 Contrariis

1957 401 2052 427 derogat.

1994 850 2140 876 Transumpto-

1959 883 2003 898 rum
2019 878 2077 900 stitus.

1185 1247 1187 1259 ,
1203 1224 1329 1249 aincmx.
1343 1215 1542 1258 pontificatus
1559 1216 1658 1249 nostri
1676 1226 1757 1249 anno
1775 1225 1803 1249 v.

594 1257 625 1290 F.
652 1258 734 1290 card.
761 1258 970 1299 BARBERINUS,
996 1264 1187 1310 protectori

1241 1277 1296 1302 ltnt.
1316 1277 1367 1311 dier
1380 1278 1409 1304 16
1425 1277 1489 1304 iunii
1510 1278 1586 1310 1059,
1605 1277 1697 1312 pontis.
1716 1286 1786 1304 anno
1803 1285 1825 1304 v.

1497 1420 1641 1454 CCXLIX.

1206 1499 1382 1541 Confirmat
1407 1499 1578 1540 decretum,
1599 1511 1662 1543 quo
1682 1511 1838 1533 uumerus
1853 1512 1944 1534 voca-

1249 1553 1332 1584 lium
1349 1552 1489 1596 capituli
1507 1553 1669 1596 yenerulis
1686 1554 1943 1598 conyreqationis

1248 1605 1367 1638 Italiae
1390 1606 1534 1648 fratrum
1558 1606 1833 1639 Discatceatorum
1852 1606 1945 1640 Ordi-

1248 1658 1300 1690 m‘s
1325 1659 1549 1691 Eremv'tarum
1573 1660 1678 1692 sancti
1701 1660 1883 1703 Auqustim'
1898 1670 1945 1693 re-

1248 1711 1381 1744 ducitur
1412 1711 1454 1745 act
1479 1716 1540 1745 {res
1558 1723 1617 1756 pro
1644 1713 1787 1756 qualibet
1812 1713 1944 1756 provin-

1247 1765 1322 1797 011ὶῆ

1397 1846 1565 1873 Alexander
1585 1847 1664 1880 Papa
1683 1846 1745 1879 VII,

1341 1893 1375 1917 ad
1393 1891 1526 1918 futuram
1546 1891 1591 1918 rei
1611 1891 1795 1918 memoriam.

1246 1961 1403 1994 Militantis
1421 1961 1577 1994 Ecclesiae
1603 1962 1748 2005 regimini
1769 1973 1825 2006 per
1844 1962 1943 1995 abun·
1984 1970 2124 1992 Prooemium-

1203 2014 1339 2047 dantiam
1365 2014 1488 2047 divinae
1508 2015 1669 2056 bonitatis,
1687 2015 1773 2048 nullo
1791 2015 1864 2048 licet
1881 2025 1943 2049 me-

1203 2067 1336 2100 ritorum
1357 2073 1538 2101 nostrorum
1565 2068 1726 2112 suffragio,
1750 2068 1941 2112 praepositi,

1204 2121 1271 2163 illa,
1298 2132 1377 2165 quae
1403 2133 1461 2166 pro
1493 2122 1573 2155 felici
1605 2122 1857 2155 christifidelium
1882 2121 1941 2156 sub

1203 2175 1288 2207 suavi
1321 2175 1466 2208 arctioris
1496 2175 1657 2218 religionis
1689 2176 1763 2218 iugo
1792 2175 1942 2209 Altissirni

1203 2228 1363 2272 obsequiis
1380 2235 1633 2272 nuncupatorum
1650 2228 1855 2262 directionem
1869 2239 1943 2272 pro-

1204 2281 1272 2314 vide
1297 2285 1409 2315 statuta
1434 2293 1501 2315 esse
1525 2282 1771 2325 dignoscuntur,
1796 2282 1940 2324 libenter,

1203 2346 1272 2367 cum
1299 2346 1316 2367 a
1339 2335 1430 2368 nobis
1456 2335 1583 2379 petitur,
1607 2335 1770 2379 apostolici
1797 2335 1942 2369 munimi—

1202 2388 1249 2420 nis
1273 2389 1448 2432 patrocinio
1475 2389 1672 2422 roboramus.

1239 2480 1249 2505 1
1273 2480 1312 2505 De
1332 2479 1372 2506 his
1388 2479 1520 2506 fratribus
1538 2479 1596 2506 vide
1612 2478 1644 2506 ad
1660 2479 1802 2507 Constitut.
1819 2485 1940 2506 ccbxxxv

1202 2523 1252 2558 (at.
1264 2523 1327 2558 261)
1339 2523 1439 2550 Urbani
1450 2523 1516 2557 vttt,
1533 2524 1627 2556 Atz'cts,
1643 2528 1708 2551 10111.
1724 2530 1782 2558 xltt,
1799 2532 1859 2559 pag.
1876 2523 1939 2558 652,

1202 2568 1274 2594 circa
1293 2567 1454 2595 electionem
1476 2568 1597 2603 priorum
1616 2567 1834 2604 provincialium,
1855 2575 1886 2595 ac
1905 2567 1939 2595 de

1203 2611 1280 2640 modo
1301 2612 1415 2648 regendi
1435 2612 1597 2648 provincias.
