2243 3205
20 155 69 183 An.
83 153 111 181 C.
133 152 200 181 1659

56 1552 186 1572 Prooemium

60 2404 219 2426 tlniintitulmnvs

41 2431 162 2453 reseruntuu.

807 145 992 172 ALEXANDER
1016 145 1061 170 vn
1085 145 1124 170 PP
1131 162 1137 169 .

215 197 488 233 constitutionibus
512 201 542 231 et
565 196 816 231 ordinationibus
836 200 957 240 aposto-

215 252 292 293 licis,
306 262 438 294 necnon,
452 257 606 296 quatenus
624 262 703 295 opus
720 251 768 293 sit,
786 250 910 284 Ordinis
927 254 957 282 et

216 305 450 350 provinciarum
462 304 655 345 huiusmodi,
668 304 774 337 aliisve
785 297 955 347 quibusvis,

217 364 290 399 etc.;
315 359 429 403 quibus
447 358 594 392 omnibus
615 364 645 391 et
662 358 803 401 singulis,
829 358 954 390 illorum

217 417 342 446 tenores
367 411 586 456 praesentibus
610 422 668 455 pro
700 411 791 455 plene
816 416 846 443 et
870 410 955 444 suffi-

217 466 335 500 cienter
359 465 524 510 expressis,
549 470 618 507 etc„
644 464 821 509 specialiter
845 469 875 496 et
899 474 954 496 ex-

216 529 324 563 presse
349 518 555 562 derogamus,
588 518 763 562 ceterisque
791 517 958 551 contrariis

217 572 482 617 quibuscumque.

262 627 277 670 §
294 626 323 659 6.
340 626 492 660 Volumus
508 631 612 659 autem
627 631 660 659 ut
677 626 858 660 earumdem
873 635 959 670 prae-

218 679 351 712 sentium
377 680 598 723 transumptis,
624 685 681 713 etc.

261 733 373 765 Datum
402 733 531 774 Romae,
558 732 641 776 apud
666 732 694 765 S.
718 733 844 766 Mariam
870 733 961 766 Maio-

218 796 305 828 rem,
334 786 392 818 sub
419 786 536 819 annulo
565 786 744 827 piscatoris,
769 787 819 820 dic
846 797 863 820 v
885 787 959 819 iunii

218 849 345 879 MDcLIX,
358 840 559 884 pontificatus
579 840 680 873 nostri
698 850 781 874 anno
799 852 828 874 V.

254 903 314 930 Dat.
336 902 380 930 die
399 902 416 929 5
436 902 503 930 iunii
525 902 603 937 1659,
624 904 721 938 pontif.
739 912 808 931 anno
824 912 851 931 v.

525 1046 656 1080 CCXLV.

222 1127 432 1169 Confirmatio
448 1127 672 1171 quarumdam
692 1128 964 1161 constitutionum

265 1180 301 1213 in
320 1180 464 1224 capitulo
480 1180 629 1225 qenerali
648 1181 811 1215 editarum
828 1193 889 1225 pro
913 1183 961 1225 se-

267 1233 324 1267 lici
341 1235 485 1277 fratrum
502 1235 671 1268 Minorum
694 1235 800 1268 sancti
821 1236 962 1269 Franci-

266 1288 312 1320 sci
338 1291 404 1321 tam
427 1288 465 1321 de
491 1288 702 1322 Obseruantia
725 1299 828 1332 quam
851 1289 964 1332 Refor-

268 1346 430 1375 matorum
450 1342 611 1376 dictorum
634 1343 754 1376 statu&

417 1424 582 1451 Alexander
607 1424 687 1458 Papa
707 1424 772 1455 VII,

351 1469 387 1496 ad
407 1471 582 1503 perpetuam
601 1468 645 1496 rei
661 1468 842 1496 memoriam.

270 1540 315 1573 Ad
346 1539 477 1573 eximios
508 1539 684 1583 uberesque
716 1539 856 1580 fructus,
888 1551 967 1584 quos

226 1593 330 1626 dilecti
356 1592 411 1625 filii
437 1593 550 1625 fratres
574 1593 698 1626 Ordinis
723 1593 879 1627 Minorum
902 1604 967 1626 san-

227 1646 267 1680 cti
292 1646 451 1679 Francisci
477 1646 515 1679 de
539 1646 756 1688 Observantia,
777 1652 839 1679 tarn
866 1647 903 1679 de
928 1648 968 1680 fa-

228 1700 312 1733 milia
330 1711 423 1744 quam
446 1700 606 1733 reformati
628 1701 812 1745 nuncupati,
830 1701 860 1733 in
879 1701 967 1734 vinea

228 1754 351 1787 Domini
375 1754 533 1794 Sabaoth,
559 1753 648 1786 cuius
673 1764 766 1787 curae
793 1759 886 1798 atque
912 1766 964 1787 re-

228 1808 337 1851 gimini
356 1808 484 1852 superni
512 1808 743 1852 patrisfamilias
768 1809 968 1852 providentia

229 1861 350 1894 meritis
374 1861 446 1894 licet
472 1861 646 1906 imparibus
671 1862 890 1905 praesidemus
906 1890 913 1902 ‚
939 1863 969 1895 in

229 1914 295 1947 dies
320 1914 465 1955 afferunt,
491 1915 604 1948 mentis
628 1921 753 1948 nostrae
778 1916 876 1949 aciem
899 1926 970 1949 con-

230 1973 361 2011 tuentes,
380 1979 425 2009 ea,
445 1979 526 2012 quae
550 1979 609 2012 pro
634 1969 765 2002 feliciori
784 1969 969 2002 eorumdem

230 2022 363 2062 fratrum
389 2022 544 2065 gubernio
565 2022 595 2054 in
618 2023 762 2066 capitulis
783 2024 969 2067 praesertim

231 2076 431 2119 generalibus
457 2080 570 2110 statuta
600 2081 630 2109 et
656 2076 798 2109 ordinata
823 2082 913 2118 suut,
939 2082 972 2111 ut

231 2131 269 2164 ab
295 2131 461 2169 omnibus,
494 2129 532 2162 ad
564 2140 642 2173 quos
675 2130 727 2162 illa
757 2136 972 2171 concernunt,

232 2184 453 2217 inviolabiliter
478 2183 697 2223 observentur,
718 2184 890 2227 apostolico
909 2195 973 2216 mu-

231 2238 358 2271 niminis
390 2237 566 2282 patrocinio
598 2237 731 2270 libenter
763 2237 973 2278 roboramus,

233 2296 326 2335 prout
351 2291 562 2334 conspicimus
588 2291 619 2323 in
643 2291 777 2324 Domino
806 2291 974 2323 salubriter

234 2345 391 2390 expedire.

279 2400 294 2442 ἓ
320 2399 346 2431 1.
372 2398 493 2442 Exponi
511 2397 664 2441 siquidem
680 2398 770 2431 nobis
787 2408 890 2442 nuper
903 2398 976 2431 fecit

235 2453 368 2486 dilectus
394 2452 476 2484 tilius
493 2451 756 2494 Micbaclangelus
773 2462 790 2484 a
810 2452 975 2493 Sambuca,

237 2507 381 2540 minister
406 2506 564 2549 generalis
590 2505 683 2538 totius
701 2505 826 2540 Ordinis
842 2506 974 2540 fratrum

275 2571 284 2596 l
308 2568 345 2596 Ex
365 2569 474 2604 Regest.
496 2568 522 2594 in
543 2567 645 2595 Secret.
667 2567 744 2596 Brev.

1631 130 1692 164 471

988 194 1145 228 Minorum
1170 194 1268 227 sancti
1292 192 1461 232 Francisci‚
1486 189 1570 235 quod
1594 189 1627 222 in
1646 187 1726 232 capi-

989 248 1055 281 tulo
1072 247 1211 290 generali
1225 246 1298 280 dicti
1314 246 1438 280 Ordinis
1447 245 1485 278 de
1498 255 1580 278 anno
1589 251 1730 277 iincnvm

990 301 1021 333 in
1045 301 1168 334 civitate
1191 300 1290 333 Toleti
1316 300 1474 333 celebrato
1499 299 1641 331 diversae
1659 306 1730 330 con-

990 354 1167 386 stitutiones
1191 364 1249 397 pro
1273 353 1403 386 feliciori
1424 354 1555 385 fratrum
1582 352 1655 384 dicti
1674 351 1731 384 Or-

990 407 1071 439 dinis
1096 412 1157 439 tam
1175 406 1212 439 de
1229 406 1432 439 Observantia
1450 417 1544 450 quam
1570 406 1730 439 Reforma-

991 466 1095 493 torum
1140 465 1392 504 nuncupatorum
1435 461 1590 503 gubernio
1632 460 1732 493 editae

991 513 1127 554 suerunt,
1153 524 1230 557 quas
1254 524 1312 557 pro
1337 514 1508 547 inviolabili
1534 525 1641 547 earum
1669 515 1730 548 ob-

992 567 1167 600 servatione
1192 567 1382 610 apostolicae
1407 568 1656 601 confirmationis
1681 579 1733 601 ro-

993 621 1069 654 bore
1083 620 1272 654 communiri
1290 621 1463 664 plurimum
1481 621 1646 656 desiderat.
1662 623 1733 663 Nos,

994 674 1053 718 piis
1078 674 1152 707 dicti
1177 674 1440 717 Micliaelisangeli
1478 675 1612 708 ministri
1646 686 1736 718 gene-

995 728 1068 760 ralis
1093 728 1191 768 votis,
1216 734 1366 771 quantum
1400 719 1486 761 cum*
1504 730 1637 762 Domino
1662 740 1735 773 pos-

995 791 1114 821 sumus,
1132 791 1281 822 annuere,
1302 782 1454 825 illumque
1479 783 1669 826 specialibus
1690 784 1735 815 sa-

995 835 1123 868 voribus
1148 840 1178 868 et
1202 835 1330 878 gratiis,
1357 842 1437 877 etc.,
1464 840 1493 870 et
1524 847 1541 868 a
1574 837 1737 880 quibusvis

996 888 1349 930 excommunicationis,
1375 895 1451 931 etc.,
1477 890 1676 924 absolventes
1708 897 1739 924 et

996 941 1174 974 absolutum
1188 942 1255 975 sore
1272 948 1445 986 censentes,
1457 944 1738 988 supplicationibus

997 995 1064 1028 eius
1088 996 1218 1029 nomine
1242 997 1334 1030 nobis
1359 1008 1454 1041 super
1486 998 1545 1031 hoc
1575 999 1739 1032 humiliter

998 1050 1151 1092 porrectis
1176 1050 1327 1092 inclinati,
1353 1052 1590 1086 constitutiones
1612 1053 1738 1097 praedi-

998 1106 1062 1135 ctas
1080 1102 1124 1146 (in
1140 1103 1177 1136 iis
1196 1107 1324 1145 tantum,
1346 1115 1425 1148 quae
1441 1106 1538 1139 sacris
1556 1108 1738 1149 canonibus,

998 1155 1126 1189 Concilii
1162 1157 1335 1190 Tridentini
1373 1158 1528 1200 decretis,
1565 1161 1740 1205 ceterisque

999 1210 1274 1244 constitutionibus
1298 1222 1353 1244 seu
1373 1212 1626 1247 ordinationibus
1639 1224 1675 1248 ac
1692 1215 1743 1248 de-

1000 1263 1093 1295 cretis
1118 1265 1309 1307 apostolicis,
1332 1268 1520 1310 praesertim
1546 1268 1742 1303 reformatio-

999 1326 1070 1348 nem
1096 1316 1170 1350 dicti
1192 1318 1317 1352 Ordinis
1335 1320 1480 1365 illiusque
1501 1322 1614 1355 fratres
1640 1323 1743 1357 refor-

1001 1375 1099 1403 matos
1134 1382 1188 1405 seu
1230 1374 1426 1408 recollendos
1456 1376 1503 1408 vel
1538 1376 1742 1411 discalceatos

1000 1430 1195 1467 nuncupatos
1208 1427 1446 1469 quomodolibet
1468 1430 1742 1473 concernentibus,

1001 1481 1030 1508 et
1054 1478 1318 1523 quandocumque
1343 1481 1453 1524 editis,
1483 1492 1546 1516 non
1577 1483 1639 1517 sint
1668 1495 1742 1518 con-

1002 1530 1122 1574 traria),
1136 1533 1307 1575 apostolica
1321 1535 1516 1578 auctoritate,
1532 1541 1641 1570 tenore
1657 1548 1745 1581 prae-

1001 1584 1147 1624 sentium,
1164 1586 1388 1630 approbamus,
1409 1588 1533 1633 illisque
1554 1590 1744 1625 inviolabilis

1001 1637 1192 1680 apostolicae
1217 1639 1376 1674 firmitatis
1401 1642 1499 1675 robur
1515 1643 1691 1685 adiicimus,
1709 1655 1744 1678 ac

1002 1701 1111 1724 omnes
1137 1698 1166 1725 et
1191 1693 1332 1737 singulos
1357 1700 1417 1729 tam
1444 1696 1521 1730 iuris
1547 1709 1640 1742 quam
1671 1699 1743 1732 sacti

1002 1744 1151 1786 desectus,
1169 1747 1194 1779 si
1212 1748 1263 1791 qui
1282 1748 1418 1793 desuper
1434 1751 1674 1794 quomodolibet
1691 1763 1744 1786 ex-

1003 1798 1063 1830 orti
1087 1799 1203 1832 suerint
1224 1802 1270 1833 vel
1296 1802 1530 1845 intervenerint,
1551 1806 1744 1849 supplemus.

1048 1852 1117 1895 §2
1152 1853 1333 1888 Mandantes
1364 1862 1535 1900 propterea
1568 1859 1599 1891 in
1632 1859 1746 1893 virtute

1004 1910 1129 1939 sanetae
1154 1907 1362 1950 obedientiae,
1388 1915 1417 1943 et
1435 1911 1493 1944 sub
1507 1912 1629 1945 arbitrii
1646 1913 1746 1946 nostri

1005 1969 1040 1991 ac
1058 1959 1088 1991 in
1105 1961 1384 1996 constitutionibus
1409 1965 1579 2008 praedictis
1593 1967 1748 2000 contentis

1006 2013 1125 2056 poenis,
1141 2015 1287 2048 omnibus
1301 2020 1329 2050 et
1344 2018 1475 2061 singulis
1497 2019 1647 2053 fratribus
1661 2031 1749 2064 prae-

1006 2065 1107 2108 dictis,
1133 2069 1308 2113 ceterisque
1333 2071 1370 2102 ad
1396 2083 1475 2115 quos
1500 2078 1621 2116 spectat
1643 2079 1673 2106 et
1690 2085 1749 2118 pro

1007 2124 1148 2164 tempore
1173 2124 1411 2166 quomodolibet
1430 2127 1594 2169 spectabit,
1620 2133 1652 2160 ut
1677 2138 1748 2161 con-

1007 2173 1184 2207 stitutiones
1208 2177 1387 2219 praedictae
1422 2179 1504 2213 iuxta
1536 2181 1748 2223 praesentium

1008 2227 1183 2261 litterarum
1210 2235 1351 2264 tenorem
1387 2233 1610 2266 inviolabiliter
1640 2234 1748 2267 obser-

1009 2285 1128 2315 ventur.

1053 2335 1068 2377 ἓ
1092 2335 1121 2368 3.
1148 2336 1356 2371 Decernentes
1381 2340 1505 2372 irritum
1533 2346 1562 2373 ct
1588 2341 1700 2383 inane,
1726 2343 1750 2376 si

1009 2398 1108 2429 secus,
1134 2395 1203 2430 ete,
1228 2392 1364 2426 scienter
1388 2394 1434 2426 vel
1462 2394 1656 2437 ignoranter,
1677 2407 1751 2430 eon-

1011 2441 1115 2483 tigerit
1140 2445 1294 2478 attentari.

1054 2495 1068 2536 §
1086 2495 1115 2528 li.
1137 2497 1203 2530 Non
1218 2498 1413 2533 obstantibus
1431 2502 1704 2537 ··‹›u;=titutiouibus
1722 2509 1752 2538 et

1009 2548 1260 2585 ordinationibus
1294 2555 1493 2598 apostolicis,
1518 2566 1572 2600 ac,
1597 2562 1751 2601 quatenus

1743 138 1796 165 An.
1816 137 1844 164 C.
1864 136 1929 164 1659

1775 1851 1887 1873 Confirmat
1896 1855 1946 1869 con-

1761 1882 1889 1903 stitutiones.

1791 2509 1950 2531 contrat-iisde-

1766 2539 1835 2563 rogat.
