2243 3205
245 205 295 231 An.
314 204 341 231 c.
360 204 427 231 icoo
472 195 536 227 604

443 258 471 285 ct
496 251 635 295 quolibet
669 261 751 284 anno
783 250 921 283 ciusdem
954 251 1088 284 octennii
1119 261 1177 294 pro

443 307 508 336 rata
535 304 748 337 distribuenda
773 309 802 337 et
827 304 1003 344 dividenda,
1024 304 1176 348 reliquam

445 368 516 390 vero
537 357 732 390 medictatem
751 357 1032 390 subcollectoribus
1057 360 1087 391 et
1110 357 1177 389 aliis

443 411 640 443 exactoribus
665 422 700 443 ac
725 411 984 454 procuratoribus
999 411 1036 443 ad
1053 410 1176 443 easdem

442 463 578 495 decimas
603 463 794 505 colligendas
814 462 968 506 deputatis
986 463 1076 497 etiam
1102 473 1178 506 quo-

443 512 514 548 libet
531 526 611 548 anno
629 526 686 558 pro
707 517 785 555 rata,
806 515 908 548 babila
927 515 1046 549 ratione
1064 515 1179 547 laboris

443 573 472 602 et
495 568 708 612 amplitudinis
733 568 959 612 cuiuscumque
990 568 1121 601 civitatis
1151 573 1180 600 et

442 621 602 663 dioecesis,
617 622 686 654 loco
707 621 810 654 salarii
825 632 878 654 scu
897 621 1042 664 stipendii
1057 626 1085 653 et
1103 631 1181 653 mer-

443 675 526 708 cedis
551 674 768 717 assignandam
794 678 823 708 et
847 674 1094 707 distribuendam
1126 674 1180 717 (ita

443 734 556 768 tamen,
582 732 615 760 ut
639 738 701 760 non
726 728 891 771 quotannis
910 727 1091 760 huiusmodi
1109 736 1181 770 qua-

442 786 514 813 tuor
539 781 635 813 millia
661 785 766 819 scuta,
791 780 843 812 sed
877 780 907 812 in
941 785 1004 813 toto
1036 780 1181 813 octennio

442 833 564 876 integra
590 844 712 866 summa
737 833 921 866 eorumdem
952 838 1086 876 quatuor
1111 833 1181 865 mil-

442 886 517 918 lium
543 892 702 919 scutorum
737 896 795 929 pro
828 889 894 919 rata
926 886 1066 929 quolibet
1099 896 1181 918 anno

442 939 639 979 detrabatur,
675 950 710 971 ac
747 943 807 972 tam
839 949 892 971 vos
916 944 944 971 et
968 938 1099 982 quilibet
1131 949 1180 971 ve-

443 998 541 1024 strum
557 1019 564 1032 ,
597 1002 690 1036 quam
722 992 779 1035 ipsi
805 992 1049 1024 subcollectores
1076 997 1105 1024 ct
1129 992 1180 1023 alii

442 1045 603 1088 praedicti,
638 1045 757 1077 ratione
783 1045 939 1077 fructuum
977 1044 1180 1077 ecclesiarum

442 1098 556 1140 quibus
580 1107 663 1130 nunc
686 1107 813 1141 praesse
830 1097 1063 1140 dignoscimini,
1081 1101 1133 1131 aut
1151 1097 1180 1129 in

441 1156 603 1194 posterum
630 1150 776 1194 praefici,
803 1150 849 1182 vel
874 1150 1101 1183 beneficiorum
1127 1151 1181 1183 ob-

442 1208 610 1246 tentorum,
625 1209 678 1236 aut
695 1213 774 1247 quae
792 1203 944 1242 obtinere,
959 1203 1030 1236 nec¹
1043 1213 1104 1236 non
1120 1203 1181 1236 sru-

442 1261 548 1288 ctuum
574 1260 603 1289 et
625 1256 811 1299 pensionum
838 1261 1068 1289 reservatorum
1087 1262 1114 1288 ct
1132 1266 1180 1288 as-

442 1309 647 1352 signatarum,
674 1319 709 1341 ac
729 1319 807 1352 quos
835 1313 864 1341 et
886 1319 962 1352 quas
992 1308 1079 1341 vobis
1104 1310 1180 1341 assi-

442 1363 531 1405 gnari
560 1362 691 1406 posthac
724 1361 909 1404 contigerit,
938 1362 1074 1394 decimas
1098 1362 1180 1405 ipsas

441 1428 499 1461 pro
532 1420 634 1450 vestra
665 1423 695 1450 et
726 1417 852 1450 illorum
886 1419 969 1457 rata,
995 1422 1025 1449 et
1054 1417 1178 1450 illorum

443 1471 616 1514 quemlibet
642 1476 804 1513 tangente,
831 1471 951 1512 integre
988 1476 1018 1503 et
1055 1471 1180 1504 realiter

443 1523 623 1566 persolvere
637 1523 765 1556 omniuo
780 1523 957 1563 teneamini,
969 1528 998 1555 et
1011 1523 1093 1556 dicta
1107 1524 1180 1556 assi-

443 1576 588 1619 gnatione
603 1582 632 1609 et
651 1575 871 1609 distributione
888 1576 1024 1608 contenti
1043 1587 1110 1609 esse
1127 1576 1180 1609 de-

442 1629 550 1669 beatis,
564 1639 621 1662 nec
638 1629 807 1672 quidquam
823 1628 906 1660 aliud
925 1639 978 1662 vos
995 1634 1025 1661 ct
1042 1633 1178 1663 vestrum

443 1682 574 1725 quilibet
590 1682 796 1726 praetendere
812 1682 951 1725 possitis)
969 1682 1179 1725 assignamus,

444 1733 500 1767 ac²
517 1734 572 1766 tibi
591 1740 620 1767 et
641 1734 709 1767 aliis
727 1734 896 1778 praedictis
911 1745 929 1767 a
945 1735 1035 1767 dictis
1052 1735 1182 1779 patriar-

444 1787 521 1830 chis,
539 1787 798 1831 archiepiscopis,
813 1787 980 1831 episcopis,
998 1788 1115 1829 electis,
1132 1789 1181 1822 ad-

445 1840 720 1882 ministratoribus,
746 1841 1041 1882 commendatariis,
1067 1841 1181 1874 abbati-

445 1894 514 1934 bus,
531 1894 703 1937 prioribus,
717 1894 915 1937 praepositiS,
934 1894 1090 1937 capitulis,
1107 1905 1180 1928 con-

446 1947 589 1979 ventibus
605 1952 635 1979 et
652 1947 720 1979 aliis
738 1947 881 1990 personis
899 1947 1007 1990 (supra
1024 1948 1181 1991 expressis

446 2001 597 2044 exceptis)
623 2000 746 2033 easdem
772 2000 919 2040 decimas,
940 2005 973 2034 ut
1004 2002 1182 2044 praefertur

446 2064 503 2096 per
535 2064 591 2086 nos
624 2053 794 2097 impositas,
821 2053 957 2097 petendi,
982 2054 1125 2097 exigendi
1154 2061 1183 2088 et

447 2106 631 2150 colligendi,
656 2107 763 2150 eisque
787 2111 850 2138 tam
877 2107 906 2138 in
940 2117 1055 2149 genere
1088 2119 1181 2151 quam

447 2160 630 2193 nominatim
656 2165 685 2192 et
710 2160 740 2191 in
766 2160 869 2202 specie
893 2165 927 2192 ut
950 2160 1018 2192 illas
1049 2161 1179 2202 solvant,

447 2213 505 2246 sub
529 2213 712 2256 privationis
736 2212 961 2246 beneficiorum
995 2214 1182 2246 ecclesiasti-

448 2277 556 2300 corum
571 2277 627 2309 per
644 2276 697 2298 cos
714 2265 950 2309 quomodolibet
970 2267 1182 2308 obtentorum,

448 2319 578 2362 aliisque
589 2324 682 2362 prout
695 2318 785 2351 nobis
798 2318 954 2351 videbitur
967 2320 1076 2363 poenis
1090 2320 1182 2352 etiam

448 2371 647 2415 pecuniariis,
671 2382 706 2404 ac
730 2372 855 2404 demum
882 2382 939 2415 per
963 2373 1131 2406 sententias
1155 2379 1184 2406 et

450 2435 596 2457 censuras
620 2425 845 2458 ecclesiasticas
870 2425 1034 2458 mandandi
1052 2430 1082 2458 et
1097 2436 1185 2469 prae-

486 2505 496 2530 1
520 2503 584 2530 Male
599 2504 663 2531 edit.
681 2504 760 2531 Main.
777 2504 840 2539 legit
854 2507 880 2532 el
896 2513 943 2540 pro
959 2513 1010 2532 nec
1028 2506 1065 2540 (a.
1082 2506 1131 2539 τ.).

484 2547 500 2574 2
520 2546 590 2575 llaec
611 2548 692 2575 verba
712 2549 914 2584 assignamux
936 2558 969 2576 ac
990 2557 1040 2577 nos
1063 2549 1185 2577 addimus

450 2593 486 2627 (a.
503 2593 551 2627 T.).

1024 202 1199 227 ntJLLimeM
1224 201 1376 225 ROMANUM

1211 249 1362 292 cipiendi‚
1388 259 1423 281 ac
1448 259 1506 292 pro
1537 248 1717 281 earumdem
1750 247 1945 282 decimarum

1213 302 1343 335 faciliori
1359 302 1518 335 exactione
1531 311 1629 334 unum
1645 302 1689 334 vel
1703 301 1809 345 plures
1823 301 1946 335 subcol-

1213 355 1347 387 lectorcs
1372 354 1449 398 (qui,
1475 355 1499 387 si
1522 355 1552 387 in
1570 354 1719 397 dignitate
1738 354 1946 388 ecclesiastica

1213 408 1370 441 constituti
1398 408 1469 448 sint,
1490 407 1558 451 pari
1583 418 1617 440 ac
1643 407 1703 448 tu¹‚
1729 407 1836 450 vigore
1859 417 1947 451 prae-

1213 461 1359 501 sentium,
1373 461 1517 493 facultate
1534 460 1717 504 fungantur)
1731 470 1788 504 per
1804 460 1946 493 locorum

1212 513 1393 546 Ordinarios
1414 514 1446 546 in
1468 523 1664 557 quacumque
1683 513 1806 546 civitate
1822 518 1851 546 et
1868 513 1949 546 dioe-

1213 566 1274 599 cesi
1301 571 1330 599 et
1360 567 1430 600 loco
1463 566 1520 599 sibi
1546 566 1686 599 subiecto
1717 577 1776 610 pro
1808 572 1949 611 tempore

1214 619 1390 662 deputatos,
1405 619 1609 663 approbandi,
1626 624 1665 658 et,
1683 619 1707 651 si
1728 619 1798 663 quis
1817 630 1853 652 ex
1873 619 1949 664 ipsis

1214 671 1387 705 Ordinariis
1411 672 1490 704 intra
1516 672 1651 715 aliquem
1669 671 1763 705 breve
1780 672 1948 705 terminum

1215 730 1318 757 vestro
1343 724 1473 757 arbitrio
1497 724 1735 768 praefigendum
1767 724 1850 758 viros
1883 724 1950 758 ido-

1215 787 1290 810 neos
1322 777 1360 809 ad
1396 777 1426 809 id
1462 777 1612 821 deputare
1642 777 1837 820 neglexerit,
1870 777 1950 819 tibi,

1215 830 1307 862 etiam
1328 830 1393 862 sine
1418 830 1543 863 illorum
1568 840 1732 870 consensu,
1749 835 1803 864 tuo
1819 831 1950 864 arbitrio

1216 882 1284 915 illos
1301 882 1397 915 libere
1423 882 1602 925 deputandi,
1627 887 1657 915 et
1680 882 1844 926 deputatos
1868 893 1951 916 amo-

1216 935 1317 977 vendi,
1331 935 1470 979 aliosque
1492 945 1601 968 eorum
1627 935 1706 976 loco,
1722 936 1812 969 toties
1829 936 1950 980 quoties

1216 988 1270 1020 tibi
1295 988 1460 1029 videbitur,
1479 988 1684 1021 substituendi
1703 994 1733 1022 et
1748 989 1950 1032 subrogandi,

1215 1047 1244 1074 et
1268 1042 1389 1075 solvere
1414 1048 1592 1075 recusantes
1625 1047 1655 1075 et
1685 1042 1885 1086 differentes,
1921 1048 1952 1076 et

1215 1095 1403 1138 generaliter
1424 1095 1668 1130 contradictores
1688 1096 1844 1140 quoslibet
1860 1101 1890 1130 et
1906 1106 1952 1129 re-

1215 1149 1321 1191 belles,
1346 1155 1377 1182 et
1400 1159 1439 1182 ne
1463 1148 1603 1182 decimae
1628 1149 1807 1183 huiusmodi
1828 1150 1950 1183 solvan-

1216 1208 1266 1234 tur
1285 1203 1507 1245 persuadentes
1525 1203 1643 1236 directe
1657 1203 1702 1236 vel
1719 1203 1881 1244 indirecte,
1894 1214 1951 1248 per

1215 1255 1296 1298 ipsas
1321 1266 1468 1288 censuras
1493 1256 1719 1289 ecclesiasticas
1750 1262 1779 1289 et
1811 1257 1870 1289 alia
1899 1267 1952 1300 op-

1214 1314 1350 1351 portuna
1375 1309 1451 1341 iuris
1476 1314 1503 1341 et
1529 1309 1600 1342 sacti
1625 1309 1782 1350 remedia,
1813 1310 1951 1354 appella-

1215 1361 1297 1394 tione
1307 1362 1490 1405 postposita,
1500 1362 1951 1406 compescendi,auxiliumque

1214 1414 1333 1447 brachii
1360 1415 1510 1447 secularis
1536 1421 1644 1448 contra
1673 1425 1726 1448 eos
1757 1415 1796 1448 ad
1824 1415 1898 1458 hoc,
1924 1415 1951 1449 si

1214 1478 1291 1510 opus
1315 1467 1418 1508 suerit,
1444 1468 1619 1509 invocandi,
1644 1469 1798 1501 solventes
1818 1479 1893 1502 vero
1912 1468 1951 1502 de

1214 1520 1323 1553 solutis
1344 1520 1502 1564 quietandi
1520 1526 1550 1554 et
1568 1521 1731 1562 liberandi,
1756 1532 1773 1554 a
1797 1522 1952 1555 censuris-

1214 1584 1274 1617 que
1298 1579 1327 1606 et
1350 1574 1469 1617 poenis,
1494 1585 1572 1618 quas
1595 1574 1677 1608 dicta
1694 1575 1858 1608 occasione
1875 1586 1950 1619 quo-

1215 1626 1385 1660 modolibet
1409 1627 1610 1669 incurrerint,
1625 1628 1817 1669 absolvendi,
1842 1632 1872 1662 et
1895 1639 1950 1672 ge-

1214 1680 1362 1712 neraliter
1387 1680 1492 1712 omnia
1514 1686 1544 1713 et
1568 1680 1691 1723 singula
1715 1681 1746 1714 in
1770 1682 1951 1725 praemissis

1214 1739 1244 1766 et
1269 1734 1352 1766 circa
1377 1744 1412 1766 ea
1436 1734 1612 1767 necessaria
1635 1745 1689 1767 seu
1714 1735 1951 1778 quomodolibet

1214 1792 1392 1830 opportuna
1417 1787 1559 1828 faciendi,
1584 1787 1758 1830 ordinandi,
1782 1788 1950 1822 mandandi

1215 1843 1244 1873 et
1268 1840 1439 1884 exequendi
1466 1840 1589 1883 plenam
1615 1846 1645 1874 et
1668 1841 1818 1882 liberam,
1843 1847 1952 1875 aucto-

1215 1894 1304 1927 ritate
1341 1898 1370 1926 et
1406 1898 1514 1926 tenore
1549 1893 1738 1937 praedictis,
1773 1895 1949 1928 facultatem

1215 1947 1418 1980 concedimus
1439 1952 1468 1979 et
1488 1952 1684 1990 potestatem.

1965 200 2013 227 An.
2031 199 2059 226 C.
2077 201 2144 231 ¹660

1260 2000 1274 2042 ᾗ
1290 1998 1320 2032 3.
1345 2000 1412 2032 Non
1427 1999 1568 2032 obstante
1582 2000 1691 2042 regula
1709 2001 1817 2033 nostra
1834 2000 1872 2034 de
1887 2010 1952 2034 non
1967 2009 2146 2032 centuriatum.

1216 2052 1353 2085 tollendo
1378 2053 1445 2085 iure
1469 2053 1620 2096 quaesito,
1641 2063 1677 2086 ac
1700 2053 1768 2087 aliis
1789 2054 1952 2097 quibusvis

1216 2106 1404 2149 apostolicis,
1429 2117 1464 2138 ac
1489 2106 1581 2139 etiam
1608 2106 1637 2139 in
1656 2107 1901 2151 provincialibus
1923 2110 1953 2142 et

1216 2160 1416 2204 synodalibus
1430 2160 1570 2193 conciliis
1584 2160 1891 2204 editis,generalibus
1904 2160 1952 2194 vel

1216 2212 1415 2256 specialibus,
1430 2212 1704 2246 constitutionibus
1729 2218 1758 2246 et
1782 2213 1952 2247 ordinatio-

1216 2265 1318 2306 nibus,
1328 2266 1504 2309 ceterisque
1515 2266 1681 2299 contrariis
1691 2266 1951 2311 quibuscumque;

1216 2325 1268 2351 aut
1293 2319 1316 2351 si
1343 2319 1416 2362 ipsis
1447 2319 1656 2362 patriarchis,
1684 2319 1951 2364 archiepiscopis,

1217 2372 1382 2416 episcopiS,
1403 2372 1520 2412 clectis,
1537 2372 1853 2415 administratoribus,
1871 2380 1953 2406 com-

1218 2425 1428 2465 mendatariis,
1445 2424 1619 2466 abbatibus,
1636 2425 1805 2469 prioribus,
1823 2435 1953 2470 praepo-

1217 2478 1302 2518 sitis,
1335 2478 1500 2522 capitulis,
1526 2478 1752 2520 conventibus,
1779 2489 1952 2522 congrega-

1254 2551 1265 2576 1
1283 2549 1433 2585 perperam
1445 2549 1487 2576 ed.
1500 2549 1591 2584 Main.,
1605 2549 1677 2577 nulla
1692 2549 1862 2577 distinctione
1877 2549 1953 2576 adhi-

1218 2593 1272 2622 bita
1280 2594 1512 2631 interpunctionis,
1524 2595 1588 2630 legit
1594 2596 1667 2631 pari
1677 2598 1743 2625 actu
1756 2595 1852 2631 viyore
1861 2595 1949 2631 (κήκ).
