2243 3205
50 125 100 152 An.
121 123 151 150 C.
168 122 233 150 1661

238 171 299 203 sua
331 169 502 204 ambitione
534 171 686 216 deliquit,
723 173 879 216 condigna
914 173 983 206 ani—

243 222 463 256 madversione
499 225 671 268 puniatur,
707 232 737 259 et
766 226 913 260 facinoris
939 227 985 260 sui

242 275 454 309 damnabilem
470 279 655 311 memoriam
671 279 786 322 iugiter
804 280 984 320 detestetur,

242 329 286 362 illi
313 329 422 363 eadem
448 332 633 365 auctoritate
657 333 844 377 specialiter,
862 345 985 378 expres-

241 393 338 426 seque
362 384 545 418 mandantes
570 391 602 418 ut
626 387 741 426 statim,
767 387 874 419 hahita
898 398 985 431 prae-

241 436 378 469 sentium
392 442 570 472 nostrarum
590 438 766 472 litterarum
788 440 984 473 intimatione

242 489 362 533 (quam,
379 490 404 522 si
426 491 477 523 ille
501 491 532 523 in
557 491 680 525 civitate
706 492 867 525 Bisuntina
894 504 985 537 prae-

240 552 311 575 sens
325 552 388 575 non
406 543 455 583 sit,
473 543 557 576 domi
583 545 650 577 eius
675 545 878 579 habitationis
903 546 983 579 etad

240 595 343 628 valvas
368 597 555 629 cathedralis
577 598 739 631 ecclesiae¹
769 599 914 640 validam,
939 600 982 633 le-

239 649 381 692 gitimam
397 656 427 682 et
444 651 662 692 sufficientem,
676 653 806 696 perinde
820 664 855 686 ac
869 653 893 686 si
915 664 984 697 per-

238 703 388 737 sonaliter
411 704 491 737 facta
515 705 642 747 suisset,
669 706 735 739 sore
757 706 980 751 decernimus),

237 767 256 789 a
279 757 489 800 possessione,
507 769 561 792 seu
582 759 686 802 potius
711 761 925 804 occupatione,
947 772 982 794 ac

237 809 413 844 intrusione
430 811 504 844 dieti
522 811 702 853 decanatus,
720 824 756 846 ac
781 814 846 846 eius
865 814 980 847 iuriam

237 869 268 896 et
291 863 460 905 bonorum,
485 865 644 907 recedere,
671 866 818 910 illamque
849 867 979 900 liberam

235 927 367 961 prorsus
391 917 549 952 dimittere
567 925 596 952 et
613 920 802 964 relinquere,
824 931 924 964 neque
942 922 979 954 ad

236 980 304 1003 earn
330 972 465 1016 amplius
479 972 593 1013 redire,
614 974 729 1006 reverti
748 975 794 1007 vel
819 975 978 1016 accedere,

235 1025 402 1069 nullosque
426 1026 557 1067 fructus,
576 1027 716 1060 redditus
736 1028 783 1060 vel
808 1034 978 1071 proventus

235 1078 372 1121 exigere,
398 1080 445 1112 vel
471 1079 564 1112 etiam
589 1091 606 1112 a
630 1086 741 1124 sponte
762 1081 908 1114 dantibus
933 1093 978 1114 re-

235 1131 341 1175 cipere
358 1131 481 1173 audeat,
505 1143 563 1176 per
581 1143 622 1175 se,
643 1134 688 1166 vel
706 1133 813 1174 alium,
831 1141 881 1166 aut
899 1135 977 1168 alios

233 1185 371 1229 quosvis,
393 1191 501 1218 contra
526 1187 699 1230 praesentis
720 1187 819 1219 nostri
845 1187 975 1221 interdi-

234 1238 275 1272 cti
299 1243 393 1282 atque
424 1238 623 1272 inhibitionis
658 1245 886 1284 praeceptum,
918 1242 976 1274 sub

232 1294 335 1336 poena
359 1293 693 1326 excommunicationis
718 1304 756 1327 eo
782 1295 849 1338 ipso
875 1294 977 1327 incur-

233 1345 360 1388 rendae,
378 1345 466 1378 cuius
487 1345 716 1380 absolutionem
734 1347 825 1380 nobis
855 1354 974 1381 tantum

233 1408 269 1431 ac
293 1399 529 1432 successoribus
559 1400 674 1433 nostris
706 1411 920 1441 reservamus,
946 1407 975 1434 et

231 1451 448 1493 nihilominus,
466 1453 491 1485 si
513 1453 665 1486 mandatis
691 1454 776 1487 hisce
797 1455 912 1487 nostris
933 1455 975 1487 in-

231 1506 279 1539 fra
302 1507 472 1540 terminum
498 1518 611 1541 novem
632 1508 754 1541 dierum
779 1509 818 1541 ab
843 1509 975 1542 intima—

232 1559 317 1593 tione
341 1559 385 1592 illi
411 1560 458 1604 (ut
489 1561 699 1604 praemissum
730 1563 788 1605 est)
814 1562 972 1603 facienda,

232 1624 366 1658 quorum
393 1620 456 1647 tres
481 1625 538 1658 pro
564 1615 685 1659 primo,
711 1616 788 1649 alios
820 1622 883 1649 tres
914 1628 972 1660 pro

231 1667 342 1701 ultimo
368 1669 519 1702 canonico
537 1669 752 1712 peremptorio
777 1670 819 1702 illi
838 1670 972 1713 assigna-

231 1730 310 1762 mus,
334 1727 481 1765 prompte
506 1727 536 1754 et
559 1722 721 1755 humiliter
739 1733 800 1755 non
820 1724 970 1766 paruerit,

230 1775 277 1807 vel
292 1785 370 1807 ausu
384 1776 565 1816 temerario,
579 1786 636 1819 per
657 1786 699 1816 se,
719 1776 764 1808 vel
785 1776 873 1817 alios,
894 1788 970 1820 qua-

229 1838 365 1872 cumque
400 1829 608 1870 auctoritate,
640 1829 765 1870 medio,
799 1831 891 1862 causa
923 1831 969 1863 vel

227 1886 393 1926 praetextu
418 1892 511 1915 ausus
535 1882 629 1915 suerit
654 1882 850 1926 aliquatenus
871 1894 904 1916 se
918 1894 969 1927 op-

227 1946 368 1980 ponere,
394 1936 573 1977 contraire,
605 1937 652 1969 vel
686 1943 865 1981 promptam
891 1938 967 1970 obe-

227 1989 376 2024 dientiam
390 1989 529 2031 differre,
549 1990 630 2023 ultra
650 1991 828 2034 praedictae
845 2002 969 2024 excom-

227 2044 448 2077 municationis
473 2045 650 2087 incursum,
676 2045 798 2085 exinde,
825 2045 967 2079 invocato

227 2098 340 2140 etiam,
366 2098 391 2132 si
416 2109 496 2143 opus
521 2098 636 2139 fuerit,
669 2098 790 2131 brachii
816 2100 966 2132 secularis

226 2152 351 2195 auxilio,
376 2153 533 2193 amoveri,
554 2152 624 2185 eiici
650 2156 679 2186 et
704 2153 817 2196 expelli
843 2153 966 2186 manda-

226 2217 307 2248 mus,
321 2212 352 2241 et
364 2216 581 2251 quoscumque
606 2206 650 2239 illi
671 2212 780 2240 contra
791 2207 964 2250 praemissa

224 2270 352 2305 quoquo
377 2260 471 2294 modo
495 2260 645 2293 auxilium
660 2287 667 2300 ,
695 2260 835 2293 savorem
860 2266 890 2294 et
914 2272 963 2294 as-

224 2314 396 2348 sistentiam
431 2319 493 2346 tam
528 2314 559 2346 in
595 2313 710 2347 iudicio
746 2324 839 2358 quam
876 2320 964 2347 extra

223 2374 419 2415 praestantes
434 2373 467 2401 ut
490 2372 672 2412 praesentes
696 2373 821 2401 nostrae
841 2369 963 2402 litterae

222 2433 311 2458 suam
325 2421 498 2467 plenariam
514 2421 729 2455 executionem
741 2432 803 2455 non
818 2423 962 2464 habeant,

221 2482 274 2511 aut
298 2477 494 2520 aliquatenus
518 2475 690 2519 differatur,
708 2482 761 2510 aut
775 2477 960 2520 retardetur,

257 2543 269 2568 ¹
292 2539 402 2567 Videtur
421 2540 517 2566 deesse
539 2547 586 2566 vox
606 2541 729 2575 affixam
751 2542 789 2576 (a.
806 2542 855 2576 T.).

306 2594 385 2623 Butt.
405 2594 488 2623 Rom.
510 2609 543 2614 —
562 2594 619 2622 Vol.
636 2593 711 2622 XVI.
856 2595 890 2623 93

836 125 1023 149 ALEXANDER
1049 126 1091 150 Vll
1116 127 1164 150 PP.

1671 119 1732 152 737
1778 128 1828 155 An.
1848 128 1877 155 C.
1893 129 1959 156 1661

1020 174 1161 208 eamdem
1174 176 1530 210 excommunicationem
1539 177 1701 210 incurrere
1712 188 1764 221 pa-

1020 227 1095 260 riter
1121 228 1329 263 decernimus.

1063 282 1077 325 ξ
1113 281 1142 315 3.
1176 283 1340 316 Praeterea
1372 283 1516 316 eumdem
1550 284 1761 327 Gugliclmum

1019 334 1266 378 Praecipianum,
1284 341 1313 368 et.
1330 337 1470 379 singulos
1488 337 1565 370 alios
1582 337 1761 378 canonicos,

1018 394 1047 420 et
1072 389 1245 431 quemlibet
1270 400 1379 422 eorum
1406 391 1458 434 qui
1484 391 1514 422 in
1540 391 1606 423 eius
1631 391 1759 424 electio-

1018 452 1087 475 nem
1114 453 1171 486 per
1196 454 1229 476 se
1255 444 1338 487 ipsos
1364 445 1409 476 vel
1435 450 1658 488 procuratores
1683 455 1758 478 con-

1017 501 1184 528 senserunt
1201 507 1236 529 ac
1254 503 1324 530 vota
1341 497 1505 538 dederunt,
1518 498 1556 530 ab
1574 499 1759 531 executione

1017 559 1181 582 sacrorum
1208 549 1354 583 ordinum
1381 557 1410 583 et
1434 551 1472 583 al)
1503 552 1652 584 exercitio
1680 563 1758 595 quo-

1017 613 1224 646 rumcumque
1239 603 1417 636 officiorum
1436 604 1666 648 suspendimus.
1684 606 1758 638 Nec-

1016 666 1078 689 non
1104 667 1213 689 eorum
1240 657 1380 700 singulos
1401 657 1438 690 ad
1462 663 1605 691 nostrum
1624 664 1653 691 et
1670 659 1758 692 Sedis

1016 709 1213 752 Apostolicae
1238 710 1470 754 beneplacitum
1497 712 1656 754 privamus
1682 723 1757 746 voce

1016 762 1115 795 activa
1141 768 1170 795 et
1194 763 1329 806 passiva,
1347 769 1376 796 et
1393 764 1539 797 omnibus
1557 765 1710 798 fructibus
1728 772 1758 798 et

1016 815 1188 849 redditibus
1199 827 1307 849 eorum
1319 816 1570 860 praebendarum
1583 824 1612 850 et
1622 818 1756 851 aliorum

1015 868 1242 902 beneficiorum
1275 871 1561 904 ecclesiasticorum
1591 872 1629 915 (si
1658 872 1755 915 quac¹

1014 922 1168 966 obtinent)
1184 934 1263 967 quos
1276 935 1334 967 per
1348 925 1516 968 episcopos
1530 931 1559 958 et
1573 925 1756 959 Ordinarios

1014 976 1176 1017 locorum,
1202 977 1232 1009 in
1258 977 1372 1020 quibus
1398 978 1525 1011 eaedem
1554 979 1755 1022 praebendae

1012 1040 1047 1062 ac
1065 1030 1218 1063 beneficia
1232 1031 1415 1073 consistunt,
1433 1032 1463 1064 in
1480 1043 1656 1076 pauperum
1675 1034 1756 1066 elee-

1013 1093 1158 1127 mosynas
1184 1083 1328 1117 distribui
1350 1088 1379 1118 et
1396 1085 1520 1128 erogari
1546 1085 1700 1127 iubemus,
1725 1092 1755 1119 et

1012 1137 1201 1179 quotidianis
1231 1138 1324 1170 etiarn
1357 1138 1652 1179 distributionilnis,
1677 1151 1754 1183 quas

1011 1191 1123 1222 ceteris
1143 1191 1293 1224 ecclesiae
1311 1192 1553 1225 inservientibus
1573 1204 1754 1227 accrescere

1010 1242 1220 1277 decernimus.
1257 1244 1353 1277 Nobis
1389 1245 1518 1289 insuper
1556 1253 1752 1280 reservantes

1010 1295 1186 1338 praedictas
1211 1308 1327 1341 poenas
1347 1304 1456 1331 contra
1474 1309 1585 1331 eorum
1611 1299 1752 1342 singulos

1009 1358 1147 1391 augere,
1179 1356 1275 1393 prout
1315 1351 1482 1384 cuiuslibet
1518 1352 1749 1385 contumaciam

1010 1402 1110 1444 magis
1134 1413 1305 1446 exposcere
1331 1404 1584 1446 cognoverimus.

1053 1454 1067 1497 ἐ
1088 1454 1117 1486 4.
1135 1455 1181 1495 Et,
1199 1466 1237 1488 ne
1256 1456 1314 1499 ipsi
1336 1462 1389 1489 aut
1409 1457 1522 1501 aliquis
1536 1469 1645 1491 eorum
1663 1469 1750 1502 prae·
1791 1469 1888 1499 Edictum
1909 1470 1950 1492 ime

1008 1507 1142 1540 sentium
1167 1515 1347 1542 nostrarum
1370 1511 1544 1543 litterarum
1564 1511 1749 1545 declaratio-
1765 1496 1871 1522 ”um'ffl'
1887 1498 1936 1519 ω’

1007 1560 1072 1600 nis,
1098 1562 1313 1605 suspensionis
1338 1569 1368 1596 et
1391 1564 1577 1607 privationis
1602 1565 1748 1608 ignoran-

1008 1614 1081 1645 tiam
1108 1615 1171 1648 ullo
1198 1626 1335 1659 unquam
1369 1623 1510 1662 tempore
1542 1619 1749 1662 praetendere

1006 1674 1058 1701 aut
1074 1669 1212 1712 allegare
1228 1670 1359 1714 possint,
1378 1671 1441 1704 imo
1460 1672 1586 1715 publice
1600 1673 1748 1706 omnibus

1006 1722 1223 1764 innotescant,
1256 1725 1482 1758 committimus
1507 1732 1536 1758 et
1561 1727 1747 1761 mandamus

1006 1775 1036 1807 in
1051 1775 1164 1809 virtute
1182 1783 1307 1810 sanetae
1325 1778 1520 1812 obedientiae
1539 1779 1746 1824 infrascriptis

1005 1830 1250 1873 exequutoribus
1264 1831 1430 1875 deputatis,
1445 1837 1598 1865 eteorum
1616 1834 1745 1868 cuilibet

1004 1882 1035 1914 in
1058 1883 1192 1916 solidum
1208 1911 1216 1924 ,
1241 1890 1274 1917 ut
1298 1885 1423 1918 easdem
1453 1891 1575 1918 nostras
1604 1887 1742 1930 litteras,

1003 1946 1057 1968 seu
1082 1947 1188 1969 earum
1214 1937 1348 1981 copiam,
1367 1949 1461 1971 manu
1486 1940 1604 1983 publici
1629 1941 1742 1974 notarii

1003 1994 1247 2033 transumptam,
1276 1991 1307 2023 in
1332 1992 1420 2025 cuius
1447 1993 1530 2026 calce
1560 1994 1687 2026 nomina
1713 2000 1743 2027 et

1002 2044 1190 2086 cognomina
1216 2046 1451 2088 praefatorum,
1477 2047 1529 2091 qui
1555 2048 1741 2081 electionem

1001 2098 1180 2132 huiusmodi
1207 2104 1323 2132 temere
1338 2105 1367 2132 et
1381 2105 1529 2134 attentato
1556 2101 1657 2135 facere
1675 2103 1741 2135 ausi

1000 2153 1147 2193 suerunt,
1180 2152 1316 2186 describi
1341 2164 1376 2186 ac
1407 2154 1583 2197 specificari
1609 2156 1740 2196 saciant,

998 2206 1261 2249 quandocumque
1287 2217 1322 2239 ac
1348 2207 1437 2240 toties
1469 2208 1593 2251 quoties
1625 2209 1740 2242 suerint

998 2259 1114 2292 eisdem
1136 2259 1383 2302 exequutoribus
1405 2266 1434 2293 et
1462 2262 1591 2294 cuilibet
1613 2262 1738 2295 illorum

997 2318 1223 2357 praesentatae,
1249 2313 1316 2346 illas
1337 2315 1499 2358 praedicto
1515 2315 1692 2358 Guglielmo
1710 2323 1739 2349 et

997 2367 1127 2410 singulis
1152 2367 1218 2400 eius
1243 2368 1432 2401 electoribus
1465 2368 1632 2411 praedictis
1665 2368 1737 2402 inti-

997 2422 1074 2454 mari
1098 2422 1317 2465 personaliter,
1335 2422 1359 2454 si
1381 2422 1411 2454 in
1437 2422 1560 2455 civitate
1579 2423 1737 2466 reperien-

997 2481 1056 2516 tur,
1082 2475 1127 2508 sin
1154 2475 1256 2508 minus
1282 2475 1365 2508 domi
1391 2486 1502 2508 eorum
1535 2476 1735 2510 habitationis

1818 296 1900 317 Poenas
1921 298 1962 318 sihi

1777 328 1854 349 augere
1862 327 1962 345 reservat.

1033 2541 1042 2567 1
1066 2538 1159 2574 Aptius
1175 2538 1232 2574 lege
1246 2547 1304 2573 qua
1320 2546 1367 2574 pro
1383 2546 1457 2573 quae
1473 2541 1512 2573 (n.
1529 2539 1578 2574 τ,).
