2185 3188
46 195 98 224 An.
117 197 144 223 C.
167 196 232 225 ¹655

71 417 155 443 Absque
166 417 227 439 Sedis

45 444 178 470 apostoticae
204 445 226 465 li-

45 470 114 491 canuit
137 470 226 491 eleemo-

44 501 104 524 syna·
118 498 226 524 acceptari

44 525 106 544 votat.

837 191 1021 217 ALExANDEn
1047 192 1091 216 vn
1110 192 1158 216 PP.

242 253 314 278 nem
339 243 470 276 tendunt
485 270 492 283 ,
511 242 562 287 pie
581 242 816 287 prudenterque
841 240 985 274 ordinen-

245 301 294 330 tur
318 301 348 330 et
372 296 589 341 disponantur,
606 301 701 340 prout
726 294 845 328 ratione
870 293 982 337 digno-

243 350 341 384 scitur
365 360 433 383 esse
458 355 711 393 consentaneum.

287 405 302 449 ἓ
327 404 355 437 l.
382 404 526 438 Volentes
551 404 667 447 itaque,
689 413 746 446 pro
772 402 882 435 maiori
908 402 980 435 Hol-

243 457 375 499 landiae,
396 462 637 500 ceterarumque
661 454 896 500 provinciarum
914 455 982 487 uni-

243 515 344 543 tarum
384 510 567 543 missionum
598 508 793 542 incremento
829 507 982 552 ipsorum-

241 574 302 608 que
327 563 598 597 missionariorum
625 561 796 594 directione
814 561 982 594 salubriter

240 617 418 661 providere,
447 616 484 649 de
511 614 734 649 venerabilium
760 615 893 647 fratrum
918 625 980 647 no-

240 675 378 704 strorum
404 675 528 703 sanctae
553 669 712 702 Romanae
740 668 897 701 Ecclesiae
917 678 981 701 ear-

239 723 390 757 dinalium
415 722 542 766 negotio
560 721 785 767 propagandae
803 721 873 754 fidei
892 732 981 766 prae-

238 777 413 822 positorum
431 777 572 817 consilio,
592 776 679 809 iustis
704 786 740 809 ex
767 775 868 809 causis
893 776 979 817 moti,

237 831 422 864 auctoritate
436 830 618 875 apostolica,
634 835 742 863 tenore
756 829 979 874 praesentium,

237 883 402 917 statuimus
427 889 457 917 et
481 883 689 923 decernimus,
716 883 826 926 legata,
847 883 980 916 eleemo-

237 947 339 982 synas,
358 937 532 971 oblationes
558 942 586 970 et
613 936 727 969 similia
751 936 979 981 cuiuscumque

237 1000 390 1032 summae,
409 990 532 1032 valoris,
554 990 735 1034 quantitatis
756 996 786 1023 et
810 990 977 1034 qualitatis,

236 1053 316 1088 quae
345 1043 376 1076 in
400 1046 563 1087 posterum
590 1054 607 1075 a
633 1042 890 1076 christifidelibus
915 1043 978 1076 illa-

236 1106 308 1129 rum
332 1095 469 1140 partium
498 1095 584 1136 fient,
609 1095 825 1139 elargiuntur¹,
846 1107 900 1129 seu
925 1096 978 1129 do-

235 1149 394 1182 nabuntur
419 1148 636 1190 musicum-iis,
662 1149 708 1182 vel
734 1149 899 1193 religiosis,
925 1155 978 1182 aut

237 1203 324 1236 alteri
350 1213 460 1236 eorum
476 1230 483 1244 ,
505 1203 537 1235 in
560 1203 749 1236 beneficium
763 1231 770 1244 ,
805 1209 973 1237 manuten-

236 1257 364 1297 tionem,
382 1267 417 1289 ac
441 1256 652 1289 necessarium
674 1267 765 1290 usum
793 1257 975 1290 earumdem

237 1310 431 1351 missionum,
459 1320 580 1343 necnon
605 1321 780 1354 pauperum
807 1310 975 1344 catholico-

236 1374 306 1396 rum
327 1363 479 1396 auxilium
499 1369 527 1396 et
545 1363 746 1396 sublevamen
763 1364 891 1398 omnino
909 1374 975 1398 ero-

236 1415 314 1459 gari,
337 1415 455 1459 ibique,
480 1416 505 1449 si
530 1416 598 1449 fieri
617 1417 742 1460 poterit,
767 1427 820 1450 seu
839 1417 942 1450 minus
953 1417 974 1459 ²,

238 1468 268 1501 in
294 1467 495 1502 vicinioribus
525 1469 602 1501 locis
631 1475 786 1513 perpetuo
812 1480 974 1504 remanere

238 1531 297 1566 pro
321 1521 437 1554 scholis
462 1522 709 1563 manutenendis,
724 1523 900 1556 seminariis
918 1525 974 1557 eri-

235 1575 354 1618 gendis,
382 1575 584 1609 xenodochiis
602 1586 635 1608 ac
656 1576 799 1620 hospitiis
824 1577 855 1609 in
881 1577 973 1611 dicto-

234 1639 304 1662 rum
340 1629 589 1672 catholicorum,
626 1639 799 1674 corumque
836 1630 973 1664 filiorum

234 1681 473 1723 educationem,
504 1694 594 1716 usum
627 1688 656 1716 et
681 1684 841 1717 servitium
868 1696 974 1729 respe-

233 1735 312 1769 ctive
336 1735 510 1778 fundandis,
529 1736 613 1768 iuxta
633 1737 827 1780 qualitatem,
850 1739 973 1781 quanti-

233 1793 337 1830 tatem,
351 1799 386 1822 ac
411 1799 564 1823 summam
590 1790 873 1834 eleemosynarum,
894 1792 973 1834 lega-

233 1847 336 1876 torum
362 1846 392 1877 et
414 1843 607 1877 oblationum
629 1844 821 1888 (certiorata
846 1856 972 1889 semper

232 1896 475 1939 congregatione
516 1898 698 1931 eorumdem
739 1898 971 1943 cardinalium)

231 1949 444 1993 expedienda³
461 1961 497 1983 eo
524 1951 616 1984 modo
642 1957 671 1984 et
696 1952 806 1994 forma,
825 1963 885 1996 qua
902 1953 970 1986 sieri

231 2003 346 2047 poterit
363 2009 393 2036 et
410 2005 651 2048 praescribetur,
672 2016 729 2038 nec
747 2006 777 2038 in
798 2007 875 2040 alios
897 2018 969 2041 usus

231 2057 381 2097 converti,
405 2057 446 2090 ita
470 2063 503 2090 ut
523 2058 599 2091 nulli
625 2058 656 2091 in
681 2060 821 2092 futurum
847 2060 969 2095 missio-

230 2110 332 2151 nario,
349 2120 404 2143 seu
422 2112 569 2154 religioso
590 2112 816 2157 cuiuscumque
835 2114 968 2155 Ordinis,

231 2163 324 2197 etiam
350 2163 512 2198 Societatis
536 2166 619 2205 Iesu,
637 2172 689 2199 aut
713 2167 842 2200 alterius
866 2174 968 2209 notae,

230 2221 259 2249 et
284 2217 485 2261 quantumvis
509 2218 723 2262 privilegiatae
748 2231 901 2264 personae
926 2222 965 2254 li-

229 2275 296 2303 ceat
320 2270 418 2303 dictas
443 2271 676 2317 eleemosynas,
702 2273 893 2316 oblationes,
925 2275 968 2308 le-

228 2328 299 2367 gata
325 2329 354 2357 et
379 2329 483 2357 cetera
507 2325 708 2369 huiusmodi,
741 2328 967 2373 cuiuscumque

227 2387 380 2417 summae,
407 2377 530 2417 valoris,
547 2379 714 2423 qualitatis,
738 2391 793 2414 seu
817 2382 967 2426 quantita-

227 2431 275 2472 tis,
296 2436 348 2465 aut
368 2437 490 2476 partem
509 2432 688 2476 quamlibet,
710 2444 726 2467 a
745 2434 831 2477 locis,
851 2435 880 2468 in
901 2436 966 2481 qui-

263 2514 274 2539 1
297 2511 391 2539 Potius
410 2513 471 2547 lege
491 2513 672 2547 elaryz'entur
690 2517 726 2548 (n.
743 2517 790 2547 rt.

261 2556 277 2582 2
297 2555 398 2591 Nempe
418 2558 464 2583 sin
485 2558 583 2584 minus·
603 2563 639 2584 ιν.4
658 2559 704 2591 r).

261 2599 276 2625 2
297 2599 407 2626 Videtur
427 2601 570 2636 legendum
586 2603 767 2636 expendenda
785 2606 822 2639 (n.
843 2606 890 2640 Τ.).

329 2653 405 2683 uult.
420 2653 504 2683 Rom.
518 2670 547 2674 -<
570 2655 628 2684 Vol.
647 2655 722 2684 XVI.
885 2657 902 2683 6

1018 231 1076 272 bus
1099 240 1188 280 fiunt,
1206 241 1413 283 elargiuntur,
1442 244 1494 275 aut
1518 241 1686 284 donantur,
1712 243 1761 276 vel

1017 292 1215 333 offeruntur,
1243 293 1418 334 extrahere,
1444 293 1610 335 divertere,
1636 295 1682 327 vel
1708 294 1760 328 in‘

1016 346 1164 390 proprios
1182 346 1380 380 solummodo
1400 358 1473 380 usus
1485 358 1540 381 seu
1555 347 1759 382 commodum

1017 405 1209 441 convertere,
1225 399 1283 432 sub
1298 402 1398 443 poena
1413 401 1647 444 sappi-essionis
1665 402 1759 435 totius

1017 452 1197 495 missionis,
1219 462 1253 485 ac
1279 453 1439 486 eiectionis
1464 463 1480 485 a
1505 453 1595 487 divtis
1621 454 1697 487 locis
1730 460 1759 487 et

1016 505 1189 549 provinciis
1214 506 1297 539 illius
1325 505 1460 547 Ordinis,
1482 507 1569 540 cuius
1595 508 1754 541 missionu-

1016 559 1091 600 rius,
1122 570 1175 592 seu
1203 559 1403 602 missionarii,
1429 565 1481 592 aut
1507 560 1644 604 religiosi
1670 572 1759 605 prae-

1016 613 1155 646 sentibus
1180 613 1292 646 litteris
1318 613 1530 657 punctualiter
1555 620 1584 647 ct
1610 615 1638 647 in
1661 615 1758 649 omni·

1014 666 1072 699 bus
1098 666 1226 700 obedire
1252 667 1459 711 nequiverint,
1486 672 1537 700 aut
1556 668 1660 712 aliquo
1678 680 1757 713 quo-

1014 719 1059 752 vis
1093 719 1186 753 modo
1216 730 1269 753 seu
1302 720 1391 753 titulo
1428 720 1521 753 etiam
1554 721 1585 753 in
1618 721 1755 754 minimis

1013 783 1125 816 parere
1150 773 1386 816 recusaverint,
1416 784 1538 807 necnon
1575 774 1632 807 sub
1656 778 1757 818 poena

1013 825 1215 859 amissionis²
1243 826 1398 859 dictarum
1430 827 1701 872 eleemosynarum
1728 832 1757 862 et

1014 879 1190 923 legatorum
1224 879 1355 913 arbitrio
1388 880 1644 924 congregationis
1668 891 1756 924 prac-

1013 934 1092 966 fatae
1117 932 1377 976 applicandorum
1403 933 1433 965 in
1463 944 1535 966 casu
1568 938 1755 967 contraven-

1012 986 1115 1027 tionis,
1136 996 1172 1019 ac
1196 987 1289 1019 etiam
1314 986 1498 1030 privationis
1519 992 1689 1031 perpetuae
1715 988 1756 1020 of·

1012 1039 1096 1074 ficii⁸
1112 1044 1141 1072 et
1162 1040 1246 1073 vocis
1267 1040 1384 1073 activae
1410 1046 1439 1073 et
1463 1040 1614 1084 passivae,
1632 1051 1754 1075 necnon

1012 1093 1347 1127 excommunicationis
1363 1094 1442 1126 latae
1460 1094 1641 1135 sententiae,
1659 1105 1676 1127 a
1693 1106 1754 1138 qua

1011 1146 1136 1180 nonnisi
1161 1157 1217 1190 per
1242 1157 1299 1180 nos
1317 1152 1346 1179 et
1369 1157 1428 1191 pro
1453 1153 1597 1192 tempore
1623 1148 1754 1182 existen-

1011 1205 1073 1233 tem
1088 1201 1264 1234 Romanum
1277 1200 1471 1241 Pontificem,
1485 1207 1707 1246 praeterquam
1722 1203 1752 1236 in

1011 1254 1121 1287 mortis
1141 1254 1273 1287 articulo
1292 1255 1462 1295 constituti,
1480 1255 1600 1288 absolvi
1621 1256 1752 1300 possint,

1010 1313 1119 1341 contra
1135 1319 1351 1353 quoscumque
1372 1309 1694 1351 contravenenientes,
1719 1310 1753 1343 il-

1009 1362 1128 1406 losque,
1149 1362 1201 1406 qui
1222 1362 1327 1407 aliquo
1345 1363 1449 1404 modo,
1468 1363 1585 1397 directe
1610 1364 1657 1397 vel
1676 1364 1752 1397 indi-

1009 1420 1103 1457 recte,
1121 1415 1255 1449 mediate
1282 1417 1327 1449 vel
1353 1416 1544 1457 immediate,
1565 1427 1622 1461 per
1647 1427 1678 1451 se
1703 1419 1750 1451 vel

1008 1480 1064 1513 per
1088 1469 1164 1503 alios
1188 1469 1304 1503 eisdem
1327 1470 1544 1514 praesentibus
1569 1470 1681 1504 litteris
1698 1471 1751 1505 ob-

1008 1528 1090 1556 stare
1118 1524 1405 1568 praesumpserint,
1432 1530 1484 1557 aut
1517 1525 1546 1557 in
1579 1529 1677 1560 totum
1703 1528 1750 1559 vel

1009 1577 1039 1609 in
1063 1582 1151 1620 parte
1175 1587 1237 1611 non
1262 1578 1559 1622 obtemperaverint,
1586 1580 1622 1612 Et
1646 1580 1749 1624 quoad

1010 1630 1110 1673 legata
1127 1631 1312 1665 auctoritate
1330 1637 1358 1664 et
1373 1637 1482 1665 tenore
1499 1633 1669 1676 praedictis
1683 1644 1749 1667 san-

1008 1684 1108 1717 cimus
1126 1685 1156 1717 in
1180 1690 1341 1729 posterum
1367 1685 1443 1718 nulli
1465 1686 1664 1720 missionario
1694 1698 1748 1721 seu

1008 1738 1156 1780 religioso
1182 1738 1318 1771 cuiusvis
1344 1738 1477 1777 Ordinis,
1496 1740 1589 1772 etiam
1611 1740 1748 1774 Societa-

1007 1791 1045 1823 tis
1069 1792 1148 1832 lesu,
1175 1792 1268 1825 licere
1293 1792 1489 1826 fundationes
1510 1804 1564 1826 seu
1590 1794 1692 1837 legata
1717 1795 1748 1828 in

1005 1843 1096 1877 dietis
1109 1845 1253 1888 partibus
1267 1850 1429 1889 acceptare
1442 1845 1559 1889 absque
1573 1846 1659 1880 Sedis
1669 1848 1748 1891 Apo-

1005 1897 1133 1930 stolicae
1166 1900 1315 1942 expressa
1349 1898 1496 1940 licentia,
1530 1904 1622 1933 uteo
1648 1901 1748 1944 magis

1005 1952 1241 1985 conformentur
1261 1963 1334 1985 cum
1359 1963 1469 1985 eorum
1495 1953 1598 1986 officio
1623 1960 1747 1998 aposto-

1005 2005 1064 2038 lico
1091 2005 1120 2038 in
1147 2005 1309 2039 servitium
1334 2005 1388 2039 Dei
1420 2012 1449 2039 et
1474 2006 1645 2040 catholicae
1670 2008 1745 2041 reli-

1003 2058 1115 2102 gionis.

1048 2113 1063 2155 ξ
1088 2112 1116 2145 2.
1143 2112 1352 2145 Decernentes
1387 2112 1478 2147 etiam
1506 2113 1630 2147 easdem
1656 2124 1746 2160 prae-

1003 2172 1107 2199 sentes
1130 2166 1249 2200 litteras
1274 2177 1402 2211 semper
1426 2167 1544 2211 firmas,
1569 2168 1685 2203 validas
1714 2174 1745 2203 et

1003 2220 1144 2254 efficaces
1169 2221 1302 2254 existere
1326 2226 1356 2254 et
1380 2222 1456 2262 sore,
1477 2232 1512 2255 ac
1537 2222 1576 2255 ab
1596 2223 1743 2257 omnibus

1002 2279 1032 2306 et
1049 2273 1180 2316 singulis
1197 2274 1404 2308 missionariis
1421 2275 1515 2308 etiam
1537 2275 1742 2317 secularibus,

1001 2337 1176 2371 eorumque
1200 2328 1365 2372 praefectis
1389 2333 1418 2360 et
1443 2328 1678 2373 superioribus,
1708 2339 1743 2363 ac

1001 2380 1148 2413 omnibus
1174 2380 1242 2413 aliis
1267 2381 1402 2414 cuiusvis
1428 2381 1552 2415 Ordinis
1577 2382 1670 2415 etiam
1695 2382 1742 2416 di-

1001 2440 1067 2467 ctae
1094 2434 1257 2468 Societatis
1281 2434 1359 2476 lesu,
1378 2445 1431 2467 seu
1449 2435 1578 2468 alterius
1602 2441 1694 2469 notae
1712 2441 1741 2469 et

1038 2516 1046 2542 ί
1066 2512 1213 2550 praeposit.
1232 2515 1260 2540 in
1276 2523 1324 2541 nos
1339 2514 1464 2541 addimus
1479 2516 1516 2549 (n.
1534 2518 1583 2545 τ.).

1036 2564 1049 2586 2
1072 2560 1217 2594 respui-am
1235 2559 1276 2585 ed.
1295 2560 1374 2585 atain,
1395 2560 1458 2593 legit
1473 2561 1638 2589 omissionis
1649 2563 1738 2597 (MR).

1035 2606 1050 2632 :5
1070 2604 1136 2631 Male
1153 2604 1245 2631 eadem
1262 2604 1325 2631 edit,
1342 2604 1406 2640 legit
1421 2605 1522 2640 officiis
1536 2607 1574 2640 (n.
1591 2607 1636 2640 Μ.

1775 194 1824 221 An.
1842 194 1869 221 C.
1892 193 1961 223 1653

1760 2122 1895 2174 pocuifmum
1908 2129 1943 2150 ³0-
