2243 3205
49 195 92 222 ΛΠ,
107 192 140 220 c,
161 190 228 218 ¹660
837 189 1025 213 Atexmnnn
1053 190 1094 212 vn
1119 191 1166 213 rr.
1666 183 1728 216 (517

69 256 222 277 nectoresnon-
239 242 348 271 testate
372 237 588 281 praefatorum
621 237 723 271 Caroli
757 236 794 270 de
820 237 976 271 Gamache

49 279 223 332 ssiiifflssi‘effdffss
237 294 266 325 et
285 290 409 324 Martini
423 290 572 332 Grandia,
586 301 622 324 ac
639 291 732 323 etiam
755 291 863 324 chati
879 291 978 323 Alme-

49 335 116 361 ⁸¹³¹¹¹w
235 355 303 385 ras,
328 355 345 377 a
369 344 471 385 uobis,
489 345 568 377 sicut
585 345 806 388 praemittitur,
826 344 975 388 deputati,

235 398 461 432 modernorum
492 403 652 431 rectorum
685 404 715 431 et
745 399 976 432 administrato-

234 462 316 492 rum,
337 461 391 484 seu
414 450 669 485 immediatorum
696 453 898 496 superiorum
924 463 977 485 eo-

232 503 377 537 rumdem
401 504 666 537 monasteriorum
693 505 876 538 monialium
904 505 975 539 Car—

232 557 452 589 melitanarum
477 557 732 590 Excalceatarum
756 558 848 601 (quos
865 568 974 592 omnes

232 614 262 642 et
293 609 435 653 singulos
468 609 581 642 harum
613 610 694 643 serie
727 621 912 644 revocamus
945 616 974 644 et

231 662 441 704 destituimus,
465 673 501 696 ac
525 663 611 696 omni
637 663 858 707 superioritate
877 669 906 696 et
922 664 973 696 ad-

231 715 459 749 ministratione
477 716 521 749 eis
543 716 716 759 respective
734 716 765 748 in
782 716 972 750 monasteria

229 768 410 802 huiusmodi
435 769 547 813 quovis
560 769 654 802 modo
670 779 754 802 nunc
774 775 972 813 competente

228 828 383 866 perpetuo
415 822 595 866 privamus,
623 827 652 857 et
682 823 821 867 privatos
845 834 912 856 esse
942 829 971 856 et

227 880 383 919 perpetuo
407 876 474 909 fore
499 876 644 909 volumus
661 882 690 909 et
710 876 921 921 declaramus)
939 878 970 910 in

229 927 447 971 spiritualibus
472 934 502 961 et
530 929 757 972 temporalibus
783 930 885 963 denuo
909 941 967 974 pe-

227 979 311 1013 nitus
337 986 367 1013 et
390 981 519 1013 omnino
544 981 650 1014 itidem
677 987 843 1025 perpetuo,
861 987 969 1015 tenore

228 1032 454 1076 praesentium,
473 1033 639 1066 eximimus
657 1040 686 1067 et
702 1034 843 1077 plenarie
861 1034 970 1068 libera-

228 1095 315 1127 muS‚
351 1096 386 1119 ae
422 1087 567 1120 eumdem
600 1087 749 1121 Ordinem
785 1088 967 1121 monialium

227 1138 482 1173 Excalceatarum
515 1140 604 1184 regni
636 1141 806 1182 Franciae,
839 1141 969 1186 eiusque

228 1193 427 1234 monasteria,
450 1199 632 1235 conventus,
651 1194 886 1238 superiorissas‚
906 1206 969 1228 mo-

226 1245 334 1288 niales,
358 1247 543 1290 visitatores,
559 1253 698 1281 rectores
716 1258 771 1281 seu
788 1248 968 1292 superiores

227 1299 440 1343 immediatos,
467 1306 500 1333 ut
523 1301 604 1333 infra
630 1301 761 1342 dicetur,
787 1301 966 1344 eligendos,

227 1353 386 1395 officiales,
401 1354 570 1397 ministros,
585 1355 755 1389 servientes
773 1361 802 1388 et
815 1366 966 1399 personas

226 1413 256 1440 et
279 1407 372 1448 bona,
401 1408 523 1452 aliaque
548 1409 709 1452 praedicta
738 1409 795 1442 sub
825 1408 857 1441 Β.
885 1410 966 1443 Petri

225 1463 255 1494 et
279 1460 379 1494 dictae
404 1461 501 1502 Sedis,
519 1472 554 1494 ac
571 1464 678 1495 nostra
697 1467 726 1495 et
743 1463 873 1496 Romani
892 1463 967 1497 Pon-

225 1513 317 1548 tificis
342 1525 402 1559 pro
427 1520 571 1559 tempore
591 1516 752 1549 existentis
769 1517 966 1560 protectione

226 1573 255 1602 et
278 1567 450 1602 inviolabili
477 1569 714 1602 conservatione
740 1570 912 1603 retinemus
937 1577 966 1604 et

225 1622 340 1656 iterum
365 1622 566 1667 suscipimus.

52 1689 211 1720 >inminentes-
269 1676 285 1720 ἓ
320 1675 349 1710 3.
386 1677 572 1719 Praeterea,
608 1677 712 1720 prisco
749 1677 965 1722 modernoque

21 1719 211 1773 stt'ss'tud'ilssssffissfi
225 1731 420 1765 diversarum
458 1731 641 1765 monialium
671 1731 763 1764 etiam
801 1732 830 1764 in
867 1744 965 1776 regno

21 1768 23 1817 i
42 1769 122 1796 ‘ww'
226 1786 376 1820 Franciae
396 1786 535 1830 praefato
563 1786 744 1829 degentium
764 1787 831 1819 usui
850 1792 879 1819 et
896 1798 966 1820 con-

224 1840 381 1875 suetudini
407 1840 615 1879 inhaerentes,
639 1849 674 1873 ac
694 1840 885 1883 peculiarem
907 1841 966 1873 sin-

225 1894 307 1938 gulis
332 1894 513 1928 earumdem
540 1893 724 1927 monialium
748 1894 966 1928 Carmelitana-

223 1960 295 1982 rum
321 1948 519 1982 monasteriis
544 1948 677 1991 gratiam
696 1948 798 1981 facere
817 1949 965 1990 volentes,

224 2014 287 2048 quo
310 2014 370 2048 pax
391 2009 421 2036 et
445 2003 614 2037 concordia
631 2002 874 2047 animorumque
891 2004 965 2037 unio

223 2056 346 2090 firmius
370 2062 401 2090 et
426 2056 567 2089 stabilius
582 2061 818 2098 conserventur,
845 2057 965 2090 unicui-

225 2122 286 2156 que
310 2121 345 2144 ex
372 2110 570 2144 monasteriis
600 2109 782 2143 monialium
815 2110 963 2144 Carmeli-

226 2171 368 2198 tanarum
394 2164 648 2198 Excalceatarum
682 2163 771 2207 regni
797 2164 963 2206 Franci-ac,

226 2223 288 2254 tam
314 2219 465 2252 haetenus
490 2217 603 2250 erectis
624 2228 718 2261 quam
744 2218 875 2261 posthae
907 2220 963 2252 eri-

225 2272 344 2316 gendis,
369 2272 548 2305 facultatem
563 2270 698 2314 eligendi
721 2271 758 2304 de
777 2271 911 2305 triennio
933 2273 962 2305 in

225 2326 394 2359 triennium
420 2325 610 2370 peculiarem
630 2335 719 2357 suum
738 2329 892 2359 rectorem
908 2337 962 2359 seu

223 2379 418 2424 superiorem
444 2378 638 2412 ordinarium
664 2378 889 2418 immediatum,
910 2379 961 2422 qui

223 2438 327 2467 tamen
359 2433 396 2466 ad
430 2433 482 2465 illa
515 2432 649 2465 triennia
673 2431 847 2464 successive
873 2433 962 2466 toties

224 2486 405 2520 confirmari
431 2485 546 2529 possit,
575 2485 696 2529 quoties
722 2485 810 2518 bono
837 2496 960 2518 monas-

225 2540 293 2574 terii
310 2540 465 2583 gubernio
484 2539 525 2571 ita
539 2539 688 2583 expedire
703 2544 733 2572 et
746 2539 959 2572 necessarium

225 2603 292 2627 esse
317 2593 494 2635 videbitur,
523 2592 704 2625 earumdem
736 2598 841 2626 tenore
874 2604 959 2636 prae-

308 2656 385 2685 Bull.
406 2656 490 2684 Rom.
506 2672 538 2675 —-
561 2656 619 2684 Vol.
635 2655 710 2684 XVI.
862 2655 894 2681 78

1011 237 1158 278 sentium,
1183 238 1408 282 impartimui·;
1437 240 1624 274 electorem¹
1651 246 1756 273 autem

1011 289 1191 324 huiusmodi
1216 302 1272 335 per
1298 292 1378 325 viam
1404 293 1627 336 suffragiorum
1649 294 1687 326 ab
1705 295 1756 327 ab·

1011 344 1126 377 batissa
1153 356 1208 378 seu
1233 347 1396 389 priorissa,
1413 358 1492 391 quae
1513 348 1551 380 ad
1576 348 1659 381 bunc
1685 348 1755 381 effc-

1010 402 1094 432 ctum
1120 398 1253 442 duplicis
1279 400 1341 433 voti
1366 401 1584 444 praerogativa
1617 402 1752 444 gaudet,

1009 461 1132 485 necnon
1157 462 1173 484 a
1197 453 1406 495 superiorissa
1432 459 1461 486 et
1486 454 1675 487 monialibus
1700 455 1754 487 de-

1009 505 1167 548 positariis
1188 505 1354 538 cuiuslibet
1375 507 1557 540 monasterii
1578 508 1751 551 respective

1010 557 1040 590 in
1066 557 1199 591 termino
1224 568 1276 591 sex
1301 558 1534 592 hebdomadum
1562 571 1579 593 a
1599 561 1752 603 significa-

1010 610 1092 643 tione
1117 611 1292 654 praesentis
1317 611 1523 645 ordinationis
1549 624 1603 645 scu
1635 613 1752 645 stabili-

1009 663 1114 704 menti,
1132 674 1190 707 pro
1213 663 1271 697 hac
1295 664 1398 707 prima
1424 665 1500 705 vice,
1519 671 1549 698 et
1569 665 1715 709 deinceps
1733 677 1751 698 a

1008 722 1119 758 morte,
1146 718 1383 751 renunciatione
1408 730 1463 752 seu
1489 720 1649 752 vacatione
1674 731 1748 753 mu-

1006 771 1090 804 neris
1115 772 1247 805 rectoris
1261 783 1321 816 pro
1336 776 1477 816 tempore
1493 773 1652 806 existentis
1666 785 1749 806 com-

1006 825 1227 867 putandarum,
1245 825 1313 858 fieri
1340 826 1504 866 volumus;
1530 827 1555 859 si
1578 837 1651 860 vero
1670 828 1749 860 eius-

1007 878 1091 911 modi
1116 879 1227 912 electio
1252 879 1283 911 in
1308 879 1391 913 dieto
1418 880 1553 913 termino
1584 890 1647 913 non
1673 880 1746 922 fiat,

1005 932 1164 976 deputatio
1189 934 1321 967 rectoris
1346 934 1385 966 ad
1410 935 1585 978 praefatum
1610 934 1747 968 Caelium

1005 985 1278 1030 archiepiscopum
1306 987 1492 1020 modernum
1525 992 1554 1019 et
1578 997 1636 1030 pro
1663 993 1745 1019 tem-

1004 1048 1082 1080 pore
1107 1039 1289 1071 existentem
1316 1039 1403 1072 Sedis
1428 1039 1625 1083 Apostolicae
1647 1039 1676 1071 in
1699 1050 1748 1073 eo-

1004 1090 1074 1123 dem
1100 1101 1199 1134 regno
1223 1092 1373 1125 nuncium
1404 1103 1440 1125 eo
1474 1092 1541 1135 ipso
1572 1092 1745 1136 spectabit,

1003 1143 1041 1176 ad
1066 1155 1160 1188 quem
1187 1144 1292 1185 etiam,
1317 1145 1380 1178 sive
1406 1145 1443 1178 ad
1465 1145 1667 1179 Ordinarium
1685 1145 1747 1178 loci

1004 1197 1047 1229 uti
1062 1197 1148 1230 Sedis
1163 1198 1319 1241 praefatae
1333 1198 1521 1241 delegatum,
1533 1209 1658 1242 semper
1676 1209 1744 1242 per-

1004 1250 1113 1284 tinebit
1137 1251 1336 1284 confirmatio
1362 1252 1516 1293 rectoris,
1542 1252 1621 1284 sicut
1647 1263 1742 1295 prae-

1003 1304 1153 1345 mittitur,
1178 1316 1235 1348 pro
1262 1309 1404 1349 tempore
1430 1305 1541 1345 electi,
1573 1306 1648 1349 qui,
1674 1311 1745 1338 ante

1002 1357 1162 1390 obtentam
1188 1358 1460 1392 confirmationem
1487 1359 1687 1398 huiusmodi,
1714 1359 1745 1391 in

1003 1421 1133 1444 munere
1150 1412 1282 1444 rectoris
1300 1422 1355 1444 seu
1372 1411 1546 1455 superioris
1571 1412 1744 1444 immediati

1001 1475 1067 1498 sese
1094 1465 1237 1508 ingerere
1270 1466 1356 1499 nullo
1391 1466 1484 1499 modo
1516 1466 1652 1509 poterit,
1686 1466 1744 1499 bac

1002 1525 1105 1552 tamen
1127 1520 1205 1561 lege,
1227 1524 1257 1552 ut
1276 1519 1430 1553 eiusmodi
1452 1525 1592 1552 rectores
1617 1530 1741 1552 succes-

1000 1574 1064 1606 sive
1102 1579 1131 1606 et
1168 1573 1346 1606 immediate
1376 1583 1413 1606 ex
1447 1573 1557 1606 eodem
1585 1583 1741 1616 corpore,

1001 1629 1144 1671 collegio,
1163 1627 1419 1671 congregauone,
1431 1627 1588 1667 societate,
1604 1627 1741 1670 capitulo

1000 1689 1052 1715 aut
1077 1682 1303 1715 communitate
1329 1681 1401 1724 eligi
1427 1691 1587 1724 nunquam
1609 1681 1739 1724 possint,

999 1737 1056 1769 snb
1077 1738 1177 1780 poena
1202 1736 1353 1768 nullitatis
1378 1741 1407 1768 et
1428 1735 1669 1768 inobedientiae.
1699 1736 1741 1768 Si-

1000 1791 1081 1823 milis
1106 1796 1209 1822 antem
1236 1793 1339 1822 rector
1364 1800 1417 1821 seu
1442 1788 1588 1831 superior
1613 1788 1739 1821 ordina-

1000 1844 1081 1883 rius,
1108 1843 1151 1876 sie
1177 1843 1293 1875 electus
1319 1847 1348 1875 et
1373 1842 1587 1883 confirmatus,
1613 1852 1738 1884 curam,

1001 1897 1142 1940 regimen
1168 1901 1197 1928 et
1222 1894 1413 1938 gubernium
1436 1895 1626 1935 monasterii,
1644 1906 1660 1927 a
1678 1907 1740 1939 quo

1000 1951 1117 1984 electus
1142 1949 1244 1991 fuerit,
1269 1948 1405 1990 habebit,
1428 1959 1498 1981 eum
1520 1948 1664 1981 facultate
1690 1959 1738 1981 re-

1000 2004 1135 2048 cipiendi
1163 2009 1191 2035 et
1216 2002 1399 2035 admittendi
1422 2001 1571 2035 moniales
1589 2002 1626 2034 ad
1645 2002 1736 2034 liabi-

1001 2064 1065 2092 tum
1083 2064 1113 2091 et
1130 2057 1358 2101 professionem
1377 2056 1548 2098 regulares,
1573 2056 1739 2089 assistendi

1000 2117 1029 2145 et
1064 2110 1263 2155 praesidendi
1300 2109 1505 2142 electionibus
1546 2108 1739 2152 priorissae,

999 2164 1222 2198 officiariarum
1241 2163 1338 2206 ipsius
1356 2162 1546 2202 monasterii,
1565 2162 1657 2195 dandi
1677 2174 1739 2195 mo-

998 2218 1133 2251 nialibus
1157 2217 1318 2249 facultates
1344 2221 1372 2250 et
1398 2216 1591 2249 obedientias
1612 2227 1666 2249 sen
1692 2216 1738 2249 lit-

999 2276 1079 2306 teras
1104 2270 1328 2304 obedientiales
1363 2269 1583 2303 convenientes
1618 2275 1647 2301 et
1682 2280 1737 2302 ne-

998 2325 1158 2363 cessarias,
1184 2335 1218 2356 ac
1244 2323 1425 2366 invigilandi
1451 2322 1669 2355 observantiae
1689 2334 1735 2355 re-

997 2378 1114 2421 gularis
1128 2377 1309 2420 disciplinae
1330 2387 1451 2409 necnon
1478 2376 1735 2409 constitutionum

997 2431 1240 2475 apostolicarum
1265 2435 1295 2462 et
1316 2435 1503 2462 statutorum
1522 2429 1661 2462 eiusdem
1680 2429 1736 2462 Or-

996 2486 1076 2518 dinis
1102 2484 1358 2528 approbatorum,
1380 2495 1414 2516 ae
1432 2484 1523 2516 etiam
1546 2483 1735 2515 stabilimen-

1030 2558 1040 2583 1
1061 2557 1171 2583 Videtur
1186 2555 1328 2590 legendnm
1342 2555 1508 2583 electionem
1523 2563 1570 2590 pro
1585 2556 1735 2583 electorem

995 2603 1031 2636 (a.
1053 2602 1101 2636 iu).

1775 191 1824 219 Λὶί.
1844 190 1871 219 C,
1891 192 1957 219 10th

1782 1476 1820 1499 Qui
1834 1475 1945 1495 confirma-

1758 1503 1815 1523 bina·
1830 1510 1841 1523 a
1858 1508 1943 1523 nuncio.
