2263 3215
273 205 323 231 An.
340 204 367 231 c.
389 204 459 232 1656
504 195 567 229 020ss

473 254 540 286 iura
558 253 695 296 legitima
713 259 742 286 et
760 254 973 287 successiones
991 266 1027 286 ex
1047 260 1211 287 testamen-

473 312 504 339 to
529 306 575 339 vel
600 306 638 338 ab
663 306 823 346 intestato,
849 306 1072 347 haereditates,
1101 308 1212 349 legata,

473 359 632 392 libertates
650 359 843 392 restituendo
864 365 893 392 et
912 360 1132 403 reintegrando
1151 372 1213 393 rea-

473 413 544 445 liter
557 416 586 446 et
604 422 674 444 cum
692 412 822 452 cll'ectu;
840 423 962 446 necnon
983 413 1020 446 ad
1034 413 1211 456 dignitates,

473 466 609 497 honores
631 471 659 498 et
681 476 898 509 quaecumque
922 465 982 498 alia
1002 467 1103 499 ollicia
1130 477 1230 499 secu-¹

473 518 560 558 laria,
581 519 708 562 publica
741 520 787 552 vel
815 519 938 562 privata
963 519 1055 552 etiam
1086 520 1212 558 assumi,

473 571 588 614 illaque
608 582 719 615 gerere
748 577 778 604 et
798 582 946 605 exercere
967 572 996 604 in
1015 572 1160 605 omuibus
1185 577 1213 604 et

473 635 529 667 per
554 625 658 658 omnia
683 636 718 658 ae
739 625 764 658 si
782 625 819 658 de
846 625 988 668 legitimo
1011 625 1213 658 matrimonio

474 678 630 720 procreati
648 678 761 719 forent,
776 688 811 711 ac
825 678 935 711 eodem
950 679 1071 711 defectu
1086 688 1147 711 non
1162 678 1214 710 ob-

473 736 583 773 stante,
599 731 623 764 si
641 732 724 765 aliud
741 733 927 765 canonicum
942 732 986 765 eis
1004 743 1065 764 non
1084 732 1213 764 obsistat

474 784 748 828 impedimentum,
777 785 832 818 ac¹
858 785 994 818 clericali
1020 785 1212 825 charactere,

473 839 526 881 qui
552 838 605 872 illo
630 839 770 872 nondum
796 839 935 882 insigniti
961 845 1042 879 sunt,
1059 838 1213 882 insigniri,

474 897 504 924 et
527 892 565 924 ad
586 902 696 925 omnes
721 892 814 925 etiam
840 903 946 925 sacros
966 898 995 925 et
1020 892 1214 936 presbvtera-

474 950 522 978 tus
547 945 684 986 ordines,
709 946 733 978 si
758 945 796 978 ad
822 946 891 978 illos
920 945 1059 979 nondum
1077 944 1213 988 promoti

474 1004 555 1038 sunt,
569 998 760 1041 promoveri,
774 1003 803 1030 et
820 998 1019 1041 postmodum
1034 998 1214 1030 charactere

475 1057 504 1083 et
529 1050 692 1084 ordinibus
717 1051 899 1084 huiusmodi
933 1051 1123 1094 illorumque
1155 1050 1215 1094 pri-

476 1104 596 1147 vilegiis
621 1105 675 1147 uti,
694 1115 728 1137 ac
748 1105 777 1137 in
794 1104 910 1138 eisdem
933 1104 1097 1138 ordinibus
1121 1105 1213 1138 etiam

476 1158 505 1190 in
523 1158 628 1190 altaris
655 1158 830 1190 ministerio
856 1157 1046 1198 ministrare,
1072 1168 1106 1190 ac
1124 1168 1215 1201 quae-

475 1221 609 1254 cumque
643 1215 673 1244 et
704 1210 945 1254 qualiacumque
977 1221 1048 1243 cum
1081 1212 1157 1243 cura
1186 1216 1216 1243 et

476 1264 541 1296 sine
566 1266 641 1296 cura
668 1264 820 1297 beneficia
846 1264 1073 1304 ecclesiastiea,
1094 1264 1213 1296 etiamsi

476 1323 663 1360 personatus
701 1317 988 1350 administrationes
1025 1322 1054 1351 et
1088 1318 1214 1357 officia,

476 1371 568 1403 etiam
587 1376 694 1403 curata
719 1377 748 1403 et
773 1371 901 1403 electiva
926 1371 956 1403 in
982 1371 1215 1403 cathedralibus

476 1429 505 1456 et
532 1424 782 1467 metropolitanis
804 1424 849 1456 vel
876 1424 1049 1467 collegiatis
1065 1424 1214 1464 ecclesiis,

476 1487 530 1508 seu
555 1477 580 1508 si
605 1477 801 1520 parochiales
837 1477 1008 1517 ecclcsiae,
1034 1478 1080 1509 vel
1107 1488 1214 1509 earum

477 1535 647 1572 perpetuae
685 1530 840 1570 vicariae,
879 1541 913 1562 ac
950 1530 1151 1563 canonicatus
1186 1536 1216 1562 et

477 1583 673 1625 praebendae
692 1584 766 1626 (non
785 1589 888 1616 tamen
915 1584 945 1615 in
967 1583 1215 1626 cathedralibus)

476 1647 511 1669 ac
529 1636 695 1680 dignitates
709 1638 786 1680 (non
804 1643 907 1670 tamen
930 1638 960 1669 in
981 1637 1097 1669 eisdem
1116 1637 1216 1669 cathe-

476 1689 615 1722 dralibus
639 1696 709 1733 post
734 1690 945 1733 pontificalem
974 1691 1133 1731 maiores,
1159 1701 1216 1724 nec

477 1743 667 1786 principales
693 1743 723 1775 in
748 1743 922 1786 collegiatis
947 1744 1087 1776 ecclesiis
1111 1744 1217 1776 huius-

478 1796 576 1839 modi)
602 1796 729 1837 suerint,
756 1797 780 1829 si
806 1797 864 1829 sibi
882 1797 957 1829 alias
974 1797 1123 1830 canonice
1141 1807 1216 1830 con-

478 1850 628 1890 serantur,
645 1853 697 1883 aut
722 1849 779 1893 ipsi
798 1850 964 1892 eligantur,
979 1855 1217 1893 praesententur

479 1903 526 1935 vel
551 1902 626 1935 alias
651 1907 850 1937 assumantur
867 1903 905 1935 ad
923 1903 985 1942 illa,
1006 1909 1035 1935 et
1060 1903 1217 1937 instituan-

478 1961 529 1988 tur
554 1956 585 1988 in
610 1956 681 1996 illis,
707 1957 859 2000 recipere,
878 1962 907 1988 et
924 1956 1110 1999 <dummodo
1127 1957 1217 2000 plura

478 2009 572 2042 simul
607 2020 669 2043 non
704 2010 766 2043 sint
797 2020 890 2053 quam
924 2021 1004 2054 quae
1037 2021 1053 2042 a
1078 2010 1218 2044 Concilio

478 2062 661 2096 Tridentino
687 2063 927 2107 permittuntur)
945 2063 1047 2107 quoad
1074 2064 1217 2103 vixerint,

480 2117 616 2150 retinere
641 2117 740 2149 libere
765 2122 795 2149 et
819 2117 904 2149 licite
922 2118 1053 2157 valeant,
1075 2117 1218 2150 similiter

480 2169 708 2213 dispensamus.
741 2170 893 2213 Quodque
929 2180 1037 2203 omnes
1068 2175 1097 2202 et
1128 2180 1219 2213 quae-

480 2233 614 2266 cumque
628 2223 755 2266 gratiae,
774 2223 982 2266 provisiones,
999 2222 1215 2263 commendae,

479 2285 515 2309 ac
548 2281 730 2319 praesentes
762 2280 792 2310 et
820 2276 948 2320 quaevis
985 2276 1063 2309 aliae
1096 2276 1218 2309 litterae

479 2329 681 2372 apostolicae,
695 2339 730 2362 ac
745 2329 838 2362 etiam
857 2329 888 2362 in
908 2330 1010 2362 forma
1027 2329 1143 2372 Brevis,
1160 2339 1219 2373 pro

481 2381 541 2415 illis
558 2382 778 2425 expediendae,
801 2383 899 2426 gratis
923 2382 1040 2426 ubique
1057 2382 1220 2426 expedian-

481 2441 541 2476 tur,
567 2440 628 2468 tam
647 2436 684 2469 de
701 2436 853 2479 capienda
878 2435 1075 2478 possessione
1092 2435 1219 2468 nomine

481 2498 623 2521 camerae
657 2489 868 2531 apostolicae,
892 2499 985 2532 quam
1019 2488 1047 2520 in
1082 2489 1236 2521 lavorein

480 2543 655 2575 litterarum
681 2542 939 2585 apostolicarum,
966 2542 1017 2574 ubi
1045 2541 1104 2575 illis
1124 2553 1219 2585 super

517 2605 528 2630 1
543 2604 635 2632 Potius
649 2605 706 2639 lege
720 2608 748 2631 ut
761 2613 807 2639 pro
819 2614 861 2637 cte,
875 2608 904 2631 ut
914 2604 974 2632 infr.
987 2613 1048 2640 pag.
1059 2606 1086 2632 ⁹21
1096 2606 1109 2632 4
1120 2606 1217 2640 not-T).

1045 206 1223 231 RULLARIUM
1248 207 1401 232 ROMANUM

1246 254 1480 298 provisionibus
1511 263 1785 297 quorumcumque
1821 253 1985 287 beneficio-

1247 319 1315 340 rum
1352 306 1638 341 eeclesiastieorum
1670 306 1738 339 dari
1774 305 1984 350 potuerunt¹,

1246 366 1341 404 prout
1373 360 1489 393 nostris
1524 359 1731 392 familiaribus
1767 364 1797 392 et
1829 358 1985 393 continuis

1247 413 1510 447 commensalibus
1540 412 1632 446 etiarn
1669 412 1765 456 gratis
1790 412 1923 454 dentur,
1949 422 1985 446 ac

1247 465 1469 505 concedantur,
1487 476 1522 498 ac
1542 465 1608 498 dari
1638 471 1666 498 et
1690 465 1818 499 concedi
1843 464 1985 507 debeant,

1247 519 1461 563 praecipimus
1485 523 1514 553 et
1539 519 1733 552 mandamus.
1763 520 1807 552 Ac
1839 518 1986 562 dapiferis

1248 572 1395 616 praefatis
1411 578 1441 605 et
1457 583 1567 606 eorum
1586 571 1727 615 singulis,
1744 577 1777 604 ut
1794 572 1986 616 quicumque

1247 625 1307 658 loci
1332 625 1498 667 Ordinarii,
1524 626 1571 658 vel
1597 624 1738 658 canonici
1764 623 1987 668 metropolita—

1247 688 1369 719 narum,
1387 688 1442 711 seu
1462 678 1595 711 aliarum
1612 678 1827 717 ecclesiarum,
1843 682 1897 710 aut
1915 687 1987 720 per-

1247 741 1342 764 sonae
1362 742 1579 775 quaecumque
1604 731 1842 773 ecclesiasticae,
1869 736 1930 763 tarn
1957 730 1987 763 in

1248 785 1387 818 Romana
1412 786 1499 818 curia
1524 797 1617 829 quam
1639 790 1723 819 extra
1739 796 1806 818 eam
1825 785 1863 818 ad
1883 785 1913 817 id
1930 794 1988 828 per

1248 849 1303 871 eos
1327 843 1356 873 et
1380 849 1490 872 eorum
1516 839 1654 882 singulos
1679 838 1813 882 eligendi
1849 843 1901 871 aut
1925 838 1984 871 eli-

1247 891 1388 934 gendae,
1421 903 1634 936 quascumque
1672 892 1839 936 pensiones
1871 901 1988 924 annuas

1248 945 1292 978 eis
1317 955 1490 988 eorumque
1515 945 1646 988 singulis
1674 955 1769 988 super
1785 944 1989 988 quibuscum-

1248 1009 1307 1042 que
1344 998 1518 1038 sruetibus,
1555 998 1748 1038 redditibus,
1785 997 1989 1042 proventibus

1248 1062 1523 1096 quorumcumque
1547 1051 1774 1085 beneficiorum
1805 1051 1990 1085 eeclesiasti-

1248 1115 1358 1138 corum
1377 1116 1447 1138 cum
1467 1107 1542 1138 cura
1563 1110 1592 1138 ct
1610 1105 1675 1138 sine
1693 1106 1780 1145 cura,
1800 1104 1989 1138 secularium

1248 1164 1301 1191 aut
1325 1159 1509 1202 quorumvis
1533 1158 1683 1192 Ordinum
1707 1158 1913 1201 regularium,
1935 1168 1990 1191 seu

1249 1212 1377 1252 fructus,
1395 1211 1535 1245 redditus
1560 1217 1590 1243 et
1613 1215 1783 1255 proventus
1807 1210 1989 1244 huiusmodi

1248 1264 1491 1306 beneficiorum,
1518 1270 1691 1298 reservatas
1716 1275 1771 1297 seu
1797 1268 1989 1303 reservatos,

1248 1329 1283 1351 ae
1308 1318 1512 1351 reservandas
1539 1329 1592 1351 seu
1618 1318 1840 1358 reservandos,
1869 1317 1990 1351 etiamsi

1248 1373 1323 1406 alias
1359 1373 1455 1406 semel
1496 1373 1542 1405 vel
1577 1373 1694 1416 pluries
1732 1373 1898 1406 translatae
1935 1382 1990 1405 seu

1250 1426 1387 1460 translati
1414 1427 1538 1467 suerint,
1565 1437 1663 1469 usque
1681 1425 1718 1458 ad
1736 1436 1892 1459 summam
1917 1435 1990 1459 cen-

1250 1485 1315 1512 tum
1340 1479 1536 1519 ducatorum,
1564 1480 1594 1511 in
1619 1485 1683 1512 toto
1710 1479 1756 1512 vel
1782 1479 1812 1511 in
1838 1484 1936 1523 parte,
1955 1489 1990 1512 ac

1250 1533 1342 1565 etiam
1369 1533 1399 1564 in
1425 1532 1535 1565 mortis
1560 1532 1708 1572 articulo,
1734 1542 1857 1565 cassare
1882 1538 1912 1564 et
1936 1543 1990 1565 ex-

1250 1585 1402 1629 tinguere,
1428 1596 1463 1618 ac
1488 1589 1652 1629 postquam
1678 1590 1816 1618 cassatae
1840 1590 1870 1617 et
1895 1585 1990 1618 extin-

1250 1643 1317 1671 ctae
1343 1638 1475 1679 fuerint,
1500 1639 1576 1671 alias
1600 1638 1718 1671 similes
1742 1638 1909 1682 pensiones
1933 1648 1987 1670 an-

1250 1703 1338 1732 nuas,
1362 1703 1417 1725 seu
1442 1692 1571 1732 fruetus,
1597 1692 1737 1725 redditus
1764 1697 1793 1724 et
1819 1697 1989 1735 proventus

1250 1746 1430 1778 huiusmodi
1456 1745 1605 1788 usquead
1620 1756 1775 1778 summam
1798 1745 1991 1788 praedictam

1251 1799 1304 1831 uni
1330 1798 1376 1831 vel
1402 1798 1546 1841 pluribus
1577 1798 1646 1830 aliis
1677 1798 1821 1841 personis
1847 1798 1992 1831 ecclesia-

1250 1851 1335 1885 sticis
1359 1862 1415 1895 per
1432 1851 1558 1884 eosdem
1580 1851 1737 1895 dapiferos
1754 1857 1783 1884 et
1801 1862 1913 1885 eorum
1929 1851 1991 1884 sin-

1251 1904 1342 1947 gulos
1362 1904 1570 1946 nominandis,
1586 1910 1811 1948 quotcumque,
1825 1914 1992 1948 quaecum-

1251 1968 1311 2000 que
1336 1963 1365 1990 et
1389 1957 1630 2000 qualiacumque
1660 1957 1812 1990 beneficia
1837 1957 1988 1991 ecelesia-

1252 2011 1328 2044 stica
1348 2011 1560 2044 obtinentibus
1584 2017 1614 2043 et
1638 2010 1883 2055 expectantibus,
1901 2009 1992 2043 alias²

1254 2069 1355 2097 tamen
1380 2064 1566 2107 pensionum
1600 2064 1780 2097 huiusmodi
1805 2064 1991 2108 capacibus,

1252 2118 1396 2151 similiter
1420 2118 1464 2150 eis
1489 2117 1592 2161 quoad
1623 2117 1777 2158 vixerint,
1803 2117 1850 2151 vel
1881 2127 1991 2151 eorum

1252 2170 1513 2214 procuratoribus
1538 2170 1696 2213 legitimis,
1714 2171 1830 2204 eisdem
1851 2170 1944 2204 modo
1962 2175 1992 2204 et

1252 2225 1353 2257 forma
1370 2224 1484 2268 quibus
1501 2224 1618 2257 eisdem
1643 2224 1790 2268 dapiferis
1815 2228 1992 2258 reservatae

1252 2288 1306 2311 seu
1343 2277 1548 2311 reservandae
1583 2278 1720 2318 suerint,
1745 2277 1837 2310 etiam
1874 2277 1992 2322 absque

1252 2330 1403 2363 beneficia
1428 2330 1608 2363 huiusmodi
1633 2330 1843 2363 obtinentium
1864 2339 1993 2363 consen-

1253 2394 1299 2423 su,
1325 2383 1443 2426 integre
1469 2383 1691 2427 persolvendas
1720 2394 1774 2416 seu
1810 2384 1991 2427 persolven-

1252 2436 1317 2476 dos,
1343 2442 1373 2469 ct
1398 2447 1454 2480 per
1479 2447 1532 2470 eos
1558 2436 1784 2481 pei·cipiendaS‚
1809 2436 1988 2479 exigendas,

1253 2489 1409 2530 levandaS,
1435 2499 1468 2522 ac
1494 2490 1724 2534 percipiendos,
1750 2489 1930 2533 exigendos,
1949 2490 1992 2523 le-

1291 2563 1299 2586 t
1319 2560 1434 2595 Legend.
1449 2564 1586 2595 poterunt
1602 2565 1630 2587 ut
1645 2562 1707 2587 inl'r.
1724 2569 1782 2596 pag.
1796 2561 1849 2587 2⁰26
1864 2561 1879 2587 b
1894 2563 1931 2596 (u.
1942 2561 1992 2596 Τ.).

1288 2605 1303 2631 2
1319 2605 1384 2632 Mate
1402 2605 1465 2632 edit.
1481 2605 1560 2632 Maia.
1579 2606 1640 2640 legit
1656 2606 1724 2634 aliis
1741 2613 1788 2640 pro
1804 2605 1877 2634 alitis
1892 2608 1928 2639 (a.
1941 2606 1996 2641 az),

1998 205 2044 233 Au.
2065 205 2094 234 c.
2112 202 2174 238 1050
2217 204 2220 211 “
