2263 3215
262 233 297 257 An
330 231 356 258 C⁴
377 232 442 259 1¹03

489 235 506 254 .)
513 245 530 254 A

490 221 529 240 ’Ἥ
1031 224 1207 249 armanum
1234 223 1383 247 noutxt'u

455 278 624 311 vandorum
642 282 670 310 ct
687 274 1054 318 assignanum-mir,quos
1069 278 1095 306 et
1110 283 1186 316 quas
1221 272 1356 304 savorem
1380 275 1408 302 et
1434 278 1537 309 usum,
1561 278 1595 301 ac
1620 266 1705 308 alias,
1737 277 1794 311 pro
1823 266 1956 300 arbitrio

452 330 670 375 1›ci··⁴Ctpeiitis,
695 327 871 372 percipitis,

453 384 536 417 futur
541 395 602 425 uui,
612 392 731 415 necnon
743 381 971 414 einolumenloi
975 390 1025 412 11111
1040 389 1119 423 quoi
1123 390 1186 411 um-

453 447 585 479 cumque
621 436 710 468 Itom-
711 444 777 466 11130
809 433 913 466 curiae
945 433 1118 466 officiorum
1156 437 1185 464 et

452 489 526 522 alias
545 487 778 532 quomodolibet
803 486 1015 530 spectantibus
1039 491 1068 518 et
1093 485 1185 528 perti-

451 542 604 581 nentibus,
628 552 663 574 30
688 541 779 574 etiam
805 540 842 573 de
866 539 956 573 dictis
980 538 1184 583 proventibus

451 595 619 635 fructibus,
652 594 824 627 redditibus
848 598 878 626 et
901 592 1104 636 pensionibus
1129 601 1182 623 311-

450 648 528 687 nuis,
553 657 671 679 necnon
699 647 799 678 vestra
817 651 844 678 et
863 645 1024 678 cuiuslibet
1044 648 1180 677 vestrum

450 701 600 733 industria
625 706 655 732 et
679 700 786 732 labore
810 698 1045 742 quomodolibet
1070 702 1097 729 et
1124 707 1181 729 un-

449 749 631 792 decumque,
644 749 727 780 licite
741 753 853 788 tamen,
866 746 1025 790 acquisitis
1038 752 1064 779 et
1080 746 1181 789 acqui-

449 802 552 834 rendis
567 829 574 842 ‚
598 812 633 834 ae
657 801 730 833 alias
755 800 846 832 etiam
877 799 914 831 de
945 799 1130 831 muneribus
1152 804 1179 831 et

448 855 557 887 officiis
581 864 658 897 quae
677 852 877 885 exercueritis
906 857 932 884 et
963 862 1017 885 vos
1034 861 1179 884 exercere

448 907 629 949 eontigerit,
654 912 680 939 et
706 906 765 938 alia
801 905 908 948 quavis
933 905 1096 938 occasione
1133 905 1178 937 vel

448 963 537 993 causa
559 971 611 993 seu
630 959 901 1003 contemplatione,
920 958 958 991 ad
975 969 1029 991 vos
1049 968 1180 1002 perven-

447 1013 485 1046 tis
508 1018 537 1046 ct
560 1013 765 1057 perventuris,
789 1011 910 1044 etiamsi
935 1011 966 1043 in
990 1010 1179 1055 pecuniam²

445 1068 618 1106 numerata,
643 1072 671 1098 et
695 1065 856 1106 iocalibus,
882 1064 1024 1108 gemmis,
1048 1064 1178 1108 aliisque

445 1119 682 1163 pretiosioribus
716 1119 810 1151 rebus
842 1118 1033 1158 consistant,
1058 1123 1121 1150 tani
1148 1118 1178 1150 in

445 1172 525 1206 dicta
550 1172 636 1205 curia
669 1182 761 1216 quam
787 1176 872 1204 extra
897 1182 964 1204 eam
990 1170 1105 1215 ubique
1130 1172 1176 1204 lo-

445 1236 553 1258 corum
578 1232 608 1258 et
631 1235 725 1270 penes
750 1224 900 1258 beneficia
924 1224 989 1267 ipsa
1019 1224 1177 1258 existenti-

443 1279 511 1321 bus,
537 1289 669 1323 quorum
695 1278 833 1312 omnium
860 1277 1022 1321 qualitates
1039 1283 1068 1310 et
1086 1289 1176 1311 veros

444 1331 536 1364 etiam
556 1342 675 1364 annuos
692 1331 812 1365 valores
826 1330 960 1374 (etiamsi
978 1331 1051 1364 talia
1066 1331 1176 1372 forent,

443 1396 522 1429 quae
553 1385 690 1428 generali
720 1386 926 1429 appellatione
957 1385 1113 1418 bonorum
1147 1391 1177 1419 et

443 1439 702 1482 suppellectilium
726 1448 789 1471 non
813 1439 963 1479 venirent,
984 1438 1037 1471 sed
1058 1439 1176 1482 specia-

443 1491 525 1524 libus
549 1491 724 1534 indigerent
747 1491 918 1535 vocabulis)
942 1493 1174 1536 praesentibus,

443 1555 478 1578 ac
494 1545 519 1577 si
538 1545 682 1589 specifice
699 1550 729 1578 et
746 1545 902 1588 sigillatim
920 1546 1175 1589 exprimerentur

443 1603 472 1630 et
496 1597 790 1641 denominarentur,
815 1609 874 1642 pro
899 1599 1091 1633 sufficienter
1115 1610 1171 1633 ex-

441 1652 558 1696 pressis
575 1662 610 1684 ac
626 1651 790 1685 declaratis
811 1652 918 1684 baberi
939 1652 1102 1694 volumus,
1125 1665 1175 1687 us-

442 1715 502 1748 que
526 1705 563 1738 ad
589 1716 742 1738 summam
764 1716 816 1738 sex
838 1705 968 1738 millium
987 1706 1173 1741 ducatorum

441 1760 508 1791 auri
533 1759 571 1792 (16
596 1761 730 1801 camera,
755 1769 790 1792 ac
807 1759 899 1792 etiam
920 1760 958 1793 de
978 1760 1052 1804 ipsis
1070 1761 1175 1795 fructi-

440 1811 510 1852 bus,
534 1812 706 1845 redditibus
730 1817 759 1844 et
783 1812 985 1856 proventibus
1009 1819 1037 1846 et
1054 1815 1175 1858 pensio-

440 1865 533 1897 nibus
556 1865 668 1897 debitis
691 1870 720 1897 et
744 1865 893 1898 debendis
911 1865 1046 1908 (servata
1070 1873 1174 1901 tamen

441 1918 541 1950 forma
567 1918 822 1951 constitutionum
848 1919 1090 1962 apostolicarum
1113 1921 1172 1954 iam

443 1970 607 2012 editarum,
633 1975 662 2003 et
686 1970 711 2002 si
735 1981 812 2014 quas
837 1971 983 2015 deinceps
1007 1972 1056 2005 edi
1080 1975 1175 2007 conti-

441 2023 522 2065 gerit
546 2033 638 2066 super
663 2023 814 2056 fructibus
834 2023 994 2068 inexaetis)
1011 2025 1102 2058 etiam
1125 2037 1175 2059 cu-

442 2076 588 2109 mulative
620 2087 690 2109 eum
727 2077 886 2120 quibusvis
916 2077 983 2110 aliis
1019 2079 1174 2113 similibus

442 2130 489 2161 vel
513 2129 715 2162 dissimilibus
736 2130 932 2164 facultatibus
948 2131 1061 2165 habitis
1078 2138 1107 2165 et
1124 2134 1175 2166 ba-

441 2182 550 2215 bendis
582 2189 643 2216 tam
672 2194 730 2227 pro
764 2184 945 2217 decentibus
977 2190 1006 2217 et
1036 2186 1174 2220 honestis

441 2237 591 2280 impensis
613 2238 806 2279 funebribus,
826 2249 919 2282 quam
938 2238 1030 2271 etiam
1048 2250 1106 2283 pro
1123 2251 1172 2273 10-

441 2290 655 2324 muneratione
673 2291 809 2331 illoruin,
825 2291 877 2334 qui
897 2291 982 2325 vobis
999 2292 1173 2326 viventibus

440 2343 624 2384 servierint,
648 2344 740 2377 etiam
765 2344 847 2377 ultra
872 2345 988 2377 servitii
1015 2346 1171 2386 meritum,

440 2406 474 2429 ae
497 2396 526 2428 in
552 2402 724 2430 vestrorum
742 2398 1046 2441 consanguineorum
1065 2405 1095 2433 et
1110 2400 1172 2433 affi-

439 2449 536 2491 nium,
551 2460 585 2482 36
599 2460 869 2494 quorumcumque
885 2451 1009 2495 piorum
1028 2453 1170 2486 locorum

473 2530 486 2555 1
508 2528 602 2556 Potius
622 2530 737 2565 legerem
757 2532 997 2566 assignandorum
1013 2533 1052 2561 vel
1069 2537 1171 2561 utrum-

439 2581 492 2608 que
512 2579 548 2602 ‹n.
565 2579 612 2606 1.).

471 2619 488 2645 2
503 2619 594 2647 Potius
609 2618 668 2655 lege
680 2620 801 2654 pecunia
819 2620 914 2657 (11.1).

896 332 925 360 61
951 326 1130 370 percipietis
1155 325 1184 357 in
1220 329 1249 357 et
1267 323 1424 357 voluntate
1446 321 1557 354 vestiis
1575 326 1605 353 et
1622 320 1787 355 cuiuslibet
1817 324 1955 353 vestrum

1219 376 1368 409 absolutis
1372 375 1510 417 ,testari,
1528 378 1558 408 et
1575 377 1769 415 testamento
1791 373 1954 414 codicillis,

1218 428 1478 468 fideicommissi&
1503 402 1623 470 legatis,
1649 426 1867 460 donationibus
1892 431 1953 459 tam

1217 482 1298 514 inter
1323 481 1408 514 vivos
1437 491 1530 524 quam
1555 481 1648 513 eaust't
1674 479 1805 520 mortis,
1829 483 1859 513 et
1887 479 1954 512 aliis

1217 535 1467 578 quibuscumque
1491 532 1591 566 modis
1615 538 1645 566 et
1668 532 1774 573 titulis,
1799 531 1954 576 scriptura

1216 588 1309 621 6113111
1346 587 1449 620 minus
1473 586 1602 620 solemni
1629 596 1734 619 coram
1759 584 1882 618 duobus
1906 585 1953 618 vel

1216 641 1316 674 tribus
1334 640 1472 681 testibus,
1493 645 1545 673 aut
1562 640 1653 673 etiam
1675 639 1784 672 cedula
1805 638 1871 671 sola
1891 648 1954 670 ma-

1215 705 1257 727 nu
1281 696 1385 727 vestra
1409 694 1526 738 scripta
1542 694 1587 727 vel
1614 692 1800 736 subscripta,
1825 696 1855 724 et
1878 691 1954 724 alias

1215 747 1244 780 in
1270 747 1418 781 omnibus
1443 752 1472 780 et
1495 757 1553 790 per
1576 746 1691 787 omnia,
1712 750 1807 789 prout
1834 749 1864 778 01
1880 755 1954 788 quo-

1215 800 1386 834 modolibet
1410 800 1500 833 vobis
1523 800 1689 840 videbitur,
1714 799 1806 832 etiam
1832 798 1863 830 in
1886 797 1953 841 ipsa

1214 854 1312 894 curia,
1337 859 1367 887 et
1391 853 1421 886 in
1446 853 1556 887 mortis
1580 852 1721 894 articulo,
1747 851 1840 885 etiam
1866 850 1953 883 nulla

1214 907 1293 939 saeta
1319 906 1476 939 mentione
1501 905 1675 950 praesentis
1690 905 1738 937 vel
1754 904 1885 937 aliarum
1903 913 1953 936 vo-

1213 959 1260 992 bis
1291 970 1349 1003 pro
1382 965 1522 1002 tempore
1547 968 1767 992 concessarum
1801 956 1950 990 similium

1213 1013 1404 1054 facultatum,
1428 1018 1480 1045 aut
1506 1012 1588 1056 quod
1614 1012 1646 1045 in
1670 1011 1731 1044 vim
1760 1010 1885 1043 illarum
1911 1014 1953 1043 te-

1212 1067 1286 1100 stari
1311 1078 1366 1101 seu
1389 1067 1556 1111 disponere
1580 1066 1680 1099 velitis
1704 1070 1734 1098 et
1763 1063 1950 1104 intendatis,

1212 1121 1328 1162 semel,
1352 1126 1445 1164 atque
1471 1120 1602 1162 iterum,
1627 1122 1679 1152 aut
1703 1117 1822 1162 pluries
1845 1117 1949 1160 dispo-

1211 1184 1301 1215 nere,
1326 1178 1461 1207 statuere
1486 1178 1515 1206 et
1540 1173 1702 1214 ordinare,
1728 1172 1770 1204 ita
1795 1175 1828 1204 ut
1852 1169 1946 1214 quid-

1210 1226 1285 1270 quid
1312 1231 1457 1260 testatum
1473 1255 1480 1269 ‚
1505 1231 1648 1269 gestum,
1673 1229 1725 1258 aut
1749 1223 1949 1262 ordinatum,

1210 1290 1264 1313 seu
1289 1281 1363 1312 alias
1383 1280 1568 1324 dispositum
1586 1290 1603 1312 a
1619 1279 1708 1312 vobis
1732 1277 1835 1319 suerit,
1854 1276 1946 1309 etiam

1210 1335 1241 1365 in
1266 1333 1327 1365 vim
1359 1333 1510 1377 simplicis
1540 1331 1778 1371 distributionis,
1802 1340 1838 1363 30
1861 1329 1948 1369 alias,

1209 1386 1295 1419 omni
1320 1387 1442 1419 meliori
1468 1386 1561 1420 modo
1583 1386 1681 1418 valeat
1705 1389 1735 1417 et
1758 1383 1875 1417 servari
1899 1382 1949 1415 de-

1209 1439 1288 1482 beat,
1314 1440 1445 1483 ipsaque
1471 1443 1664 1478 testamenta,
1688 1436 1860 1476 codicillos,
1885 1435 1948 1468 dis-

1209 1493 1388 1537 positiones,
1414 1493 1638 1533 ordinationes,
1656 1492 1758 1534 legata
1783 1493 1812 1524 et
1836 1492 1949 1522 statuta

1209 1546 1338 1590 pluries,
1357 1557 1393 1580 36
1413 1546 1504 1579 toties
1528 1545 1651 1589 quoties
1668 1543 1755 1577 vobis
1781 1541 1947 1582 videbitur,

1209 1599 1388 1641 moderari,
1413 1599 1566 1640 limitare,
1591 1609 1627 1632 36
1657 1597 1751 1631 etiam
1783 1596 1813 1629 in
1845 1601 1947 1629 totum

1208 1663 1357 1687 revocare
1380 1657 1409 1687 et
1433 1653 1492 1686 alia
1517 1652 1555 1685 de
1578 1662 1659 1685 novo
1680 1650 1773 1684 edere
1796 1649 1897 1682 libere
1917 1653 1947 1682 et

1208 1707 1290 1740 licite
1314 1707 1451 1749 valeatis,
1476 1705 1659 1739 auctoritate
1688 1703 1867 1748 apostolica,
1893 1712 1945 1735 ea-

1208 1760 1352 1793 rumdem
1384 1765 1493 1793 tenore
1511 1759 1734 1803 praesentium,
1761 1757 1887 1800 plenam
1915 1760 1946 1789 et

1207 1813 1338 1847 liberam
1362 1813 1563 1847 concedimus
1587 1812 1774 1845 facultatem.

1251 1868 1266 1911 ἓ
1286 1867 1336 1901 13.
1362 1867 1399 1900 Et
1422 1867 1552 1910 insupei
1577 1865 1741 1899 statuimus
1764 1868 1796 1896 et
1819 1862 1946 1896 ordina-

2044 1871 2144 1894 Deseeuu

1960 1902 2105 1928 quoscumquo
2121 1904 2144 1920 'fl

1207 1931 1291 1961 mus,
1317 1920 1470 1964 vobisque
1493 1919 1706 1962 indulgemus,
1732 1916 1827 1961 quod,
1841 1916 1868 1949 si
1890 1926 1945 1949 vos
1962 1923 2144 1952 praedictissup-

1207 1974 1245 2007 ab
1270 1974 1425 2016 intestato,
1446 1979 1476 2007 et
1493 1973 1559 2006 sine
1576 1973 1639 2006 ulla
1656 1972 1704 2004 vel
1725 1971 1828 2004 minus
1844 1956 1972 2003 validap

1207 2027 1362 2060 bonolum
1387 2032 1418 2060 et
1441 2037 1547 2060 16111111
1575 2036 1611 2059 36
1635 2025 1815 2065 fruetuum,
1839 2022 1946 2056 reddi-

1207 2085 1295 2113 tuum
1313 2086 1343 2114 et
1359 2083 1566 2124 proventuum
1587 2078 1821 2123 praedictorum
1838 2076 1946 2120 dispo-

1207 2135 1328 2175 sitione,
1341 2135 1372 2167 in
1396 2134 1479 2167 dicta
1499 2133 1598 2173 curia,
1616 2133 1664 2165 vel
1681 2137 1767 2165 extra
1785 2141 1864 2172 eam,
1881 2135 1944 2163 tam

1207 2187 1365 2228 continua,
1390 2197 1484 2231 quam
1509 2186 1696 2230 interpolata
1720 2184 1796 2217 inibi
1820 2182 1946 2217 cuiusli-

1207 2240 1258 2273 bet
1271 2246 1408 2273 vestrum
1428 2240 1599 2284 respective
1617 2238 1787 2278 mansione,
1801 2247 1837 2271 36
1849 2237 1942 2270 etiam

1207 2299 1294 2326 extra
1319 2299 1421 2327 vestra
1444 2293 1606 2334 beneficia,
1625 2293 1672 2325 vel
1696 2291 1756 2325 alia
1775 2291 1845 2324 loca
1860 2289 1945 2323 debi-

1206 2352 1255 2379 tae
1279 2357 1296 2379 3
1320 2347 1408 2380 vobis
1433 2346 1620 2380 residentiae
1643 2345 1828 2390 personalis,
1850 2343 1943 2377 etiam

1205 2399 1290 2432 nulla
1310 2400 1497 2434 subsistente
1514 2401 1618 2440 eausa,
1636 2399 1674 2432 ab
1693 2397 1838 2431 humanis
1857 2397 1945 2430 deee-

1205 2453 1295 2493 datis,
1316 2454 1420 2486 omnia
1444 2459 1474 2486 et
1497 2453 1619 2496 singula
1633 2452 1724 2493 bona,
1745 2462 1795 2485 res
1815 2456 1845 2484 et
1864 2450 1943 2491 iura,

1205 2507 1310 2547 etiam,
1335 2512 1368 2540 ut
1390 2507 1577 2550 praefertur,
1601 2506 1796 2551 qualificata,
1820 2514 1942 2538 necnon

1204 2560 1304 2603 spolia
1328 2561 1554 2604 cuiuscumque
1577 2559 1756 2605 quantitatis
1777 2564 1806 2591 et
1826 2557 1942 2591 valoris

1204 2612 1376 2654 existentia,
1396 2613 1488 2646 etiam
1507 2624 1542 2646 ex
1567 2613 1734 2659 praedictis
1749 2617 1779 2646 et
1799 2611 1873 2646 alias
1889 2620 1943 2645 un-

1959 1951 2010 1978 pm
