2185 3188
12 183 61 212 An.
76 181 104 210 C.
126 180 194 209 1656

39 508 127 530 Maura.

806 177 992 203 ALEXANDER
1018 177 1062 201 vn
1081 177 1130 201 PP.

208 229 325 257 Dilecto
345 228 589 256 ffliffeausarum
617 227 718 256 curiae
747 234 881 256 camerae
902 233 952 253 no-

245 275 324 301 strae
346 273 532 308 apostolicae
554 273 687 308 generali
707 271 850 305 auditori,

405 323 570 350 Alexander
595 323 672 357 Papa
693 322 756 350 vn.

483 376 598 404 Dilecte
618 376 677 409 fili,

256 421 385 448 salutem
400 423 430 448 et
446 421 641 455 apostolicam
655 419 905 448 benedictionem.

253 492 268 536 ξ
292 491 321 525 ’1.
348 492 485 526 Innotuit
508 502 610 536 nuper
634 491 737 533 nobis,
763 489 859 535 quod,
880 500 952 523 cum

208 545 247 579 de
272 556 378 579 mense
404 545 543 579 octobris
576 555 630 578 seu
661 543 842 578 novembris
879 554 953 588 pro-

209 599 291 633 xime
317 599 500 644 praeteriti,
532 604 566 632 ut
598 598 785 641 urgentibus
810 607 953 631 annonae

209 653 303 687 huius
327 654 427 687 almae
452 653 545 687 Urbis
569 655 696 686 nostrae
713 651 954 686 necessitatibus

210 707 445 749 consuleretur,
477 706 619 739 diversae
651 705 839 749 quantitates
869 710 899 738 et
923 705 954 738 in

210 761 314 805 specie
337 759 508 803 nonaginta
529 759 591 792 duo
616 758 714 792 modii
741 759 891 792 frumenti
916 758 955 791 ad

210 824 301 847 usum
328 813 468 847 eiusdem
493 823 635 847 annonae
661 818 690 846 et
715 813 874 846 Romanae
899 824 954 846 cu-

211 867 275 900 riae
300 866 331 900 in
355 866 444 900 Statu
479 866 607 900 Senensi
639 877 654 899 a
692 866 829 910 quodam
855 866 955 900 dictae

211 931 353 955 annonae
372 920 516 954 ministro
534 921 606 953 illuc
630 920 813 954 transmisso
834 926 956 964 emptae

212 981 240 1008 et
266 974 373 1019 empti,
397 986 433 1008 ae
458 974 496 1007 ad
521 981 648 1018 portum
664 974 842 1007 Telamonis
862 974 973 1007 dedu-¹

213 1031 279 1062 ctae
303 1033 333 1061 et
357 1027 492 1068 deducti,
519 1028 623 1072 ibique
650 1027 719 1060 navi
745 1027 911 1071 impositae
929 1034 956 1060 et

214 1081 351 1125 impositi
376 1081 528 1124 fuissent,
554 1088 587 1114 ut
613 1082 682 1114 inde
717 1081 796 1114 mari
820 1081 859 1114 ad
883 1092 955 1125 por-

214 1141 279 1169 tum
295 1142 440 1169 nostrum
461 1136 599 1170 Civitatis
618 1136 739 1169 Veteris
756 1135 957 1176 veherentur,

214 1190 345 1223 dilectus
362 1190 445 1223 filius
462 1195 570 1223 noster
587 1190 721 1223 Alonsus
734 1189 773 1222 de
790 1189 819 1222 la
833 1189 957 1229 Puerta‚

214 1243 408 1288 gubernator
422 1244 534 1277 Portus
548 1244 702 1284 llereulis,
716 1243 831 1277 dietam
847 1253 958 1277 navem
974 1235 976 1254 ³

215 1298 374 1331 frumento
391 1297 572 1331 huiusmodi
590 1303 763 1340 oneratam,
780 1308 860 1342 quae
874 1307 960 1331 mon·

217 1357 278 1385 tem
298 1351 521 1394 Argentarium
540 1356 756 1395 praetervecta
773 1356 803 1384 et
820 1351 851 1384 in
869 1361 959 1385 eons-

218 1411 309 1450 pectu
333 1405 474 1439 eiusdem
501 1405 613 1438 Portus
634 1405 779 1438 Herculis
795 1411 872 1446 erat,
890 1405 961 1438 mis-

217 1461 259 1493 sis
283 1460 415 1503 navigiis
440 1460 580 1501 armatis,
607 1459 721 1500 invadi,
740 1459 889 1502 illamque
907 1459 962 1502 (ta-

220 1514 310 1547 metsi
336 1513 531 1557 gubernator
561 1513 701 1546 eiusdem
731 1513 818 1546 navis
843 1513 961 1546 dietum

219 1569 412 1601 frumentum
446 1568 477 1600 in
510 1574 684 1600 memorato
713 1567 802 1600 Statu
834 1567 961 1600 Senensi

220 1628 360 1666 emptum
386 1622 491 1662 fuisse,
516 1627 546 1654 et
571 1632 629 1665 pro
654 1621 755 1654 dietae
775 1631 917 1654 annonae
934 1626 962 1654 et

220 1687 362 1709 camerae
391 1680 516 1709 nostrae
547 1675 736 1719 apostolicae
768 1675 896 1709 servitio
928 1686 963 1708 ac

220 1729 360 1763 eiusdem
374 1729 534 1763 Romanae
555 1729 660 1762 euriae
678 1739 735 1761 usu
757 1729 963 1772 transportari
979 1739 981 1742 ·

221 1783 395 1817 declararet
420 1788 449 1816 et
479 1783 721 1827 protestaretur)
755 1782 908 1816 violenter
933 1783 964 1815 in

222 1836 368 1870 eumdem
394 1836 524 1870 Portum
545 1836 690 1869 llerculis
715 1836 839 1879 deduci,
857 1836 964 1880 ibique

223 1891 351 1924 retineri
382 1896 411 1923 et
443 1890 608 1923 exonerari
642 1889 785 1932 curavit,
811 1900 868 1923 nec
894 1890 965 1924 inde

225 1944 364 1977 relaxare
389 1944 475 1987 (licet
500 1955 595 1987 super
613 1945 649 1976 ea
670 1955 703 1977 re
728 1943 848 1987 pluries
865 1944 967 1988 requi-

225 1997 315 2040 situs)
333 1997 484 2030 haetenus
506 1997 612 2038 voluit,
630 1997 967 2031 excommunicationis

225 2051 410 2084 sententiam
426 2078 433 2091 ,
459 2050 597 2094 aliasque
623 2062 771 2084 censuras
796 2057 826 2084 et
851 2062 967 2095 poenas

226 2105 452 2138 ecclesiasticas
477 2116 494 2137 a
519 2105 616 2138 saeris
642 2105 816 2138 canonibus
840 2111 870 2138 et
894 2116 966 2138 con-

227 2158 440 2193 stitutionibus
477 2159 677 2202 apostolicis,
716 2166 746 2191 et
781 2159 966 2202 praesertim

228 2212 281 2244 illa
305 2212 472 2256 quotannis
498 2212 527 2244 in
552 2212 602 2245 die
622 2212 741 2246 Coenae
764 2212 887 2245 Domini
907 2212 968 2255 legi

228 2265 320 2298 solita
344 2271 453 2300 eontra
478 2265 684 2309 impedientes
709 2276 764 2299 seu
789 2265 970 2299 invadentes

229 2329 282 2352 eos
308 2319 361 2363 qui
389 2319 535 2352 victualia
559 2329 613 2352 seu
639 2319 698 2352 alia
723 2319 761 2351 ad
790 2330 881 2352 usum
913 2320 970 2352 llo-

231 2382 340 2405 manae
355 2372 459 2405 curiae
474 2373 650 2406 necessaria
666 2372 834 2413 adducunt,
849 2384 884 2406 ac
902 2383 972 2406 con-

232 2430 277 2458 tra
295 2436 359 2466 005,
384 2426 437 2470 qui
460 2437 496 2459 ue
514 2426 553 2458 ad
573 2426 764 2470 praedictam
785 2427 905 2460 curiam
922 2426 971 2459 ad-

231 2478 385 2514 ducantur
407 2479 452 2512 vel
473 2479 656 2521 afferantur,
680 2480 859 2523 prohibent,
880 2480 974 2524 impe-

232 2531 330 2574 diunt,
347 2543 403 2567 seu
421 2532 618 2577 perturbant,
632 2532 774 2574 inflictas,
792 2533 975 2577 promulga-

236 2591 280 2621 tas
300 2586 519 2619 dauumbiliter
543 2586 739 2618 ins-urwndo.
766 2584 995 2630 Quinaprupteizl

1636 163 1700 197 4223

987 235 1059 258 eum
1084 234 1147 258 non
1172 224 1281 258 deceat
1306 229 1367 257 tam
1401 233 1513 267 graves
1546 226 1651 256 reatus
1676 221 1731 254 im-

986 278 1113 322 punitos
1128 278 1274 322 relinqui,
1290 283 1376 312 motu
1389 277 1532 322 proprio,
1546 280 1575 310 et
1588 287 1624 309 ex
1645 275 1731 309 certa

986 330 1116 364 scientia
1141 336 1172 364 et
1196 332 1320 364 matura
1351 330 1580 364 deliberatione
1604 327 1729 370 nostris,

986 384 1086 429 deque
1112 384 1303 428 apostolieae
1329 384 1492 428 potestatis
1517 381 1729 427 plenitudine,

987 438 1041 471 tibi
1067 448 1123 482 per
1147 442 1328 482 praesentes
1353 437 1581 470 committimus
1599 441 1630 470 et
1647 444 1733 468 man·

986 491 1114 532 damus,
1140 495 1173 525 ut
1197 501 1323 524 causam
1350 496 1379 523 et
1403 501 1512 524 causas
1545 500 1640 534 super
1664 500 1732 523 om-

987 545 1079 578 nibus
1105 549 1134 578 et
1158 544 1291 587 singulis
1323 543 1505 588 praemissis
1537 549 1599 576 tam
1628 542 1666 576 ad
1691 542 1732 575 in-

988 598 1131 632 stantiam
1165 598 1269 631 dileeti
1307 597 1363 630 tilii
1395 597 1495 630 nostri
1528 602 1558 630 et
1590 606 1733 629 camerae

988 652 1165 697 praedictae
1191 651 1401 686 commissarii
1434 651 1613 694 generalis,
1638 660 1734 694 quam

988 717 1045 750 per
1071 705 1306 749 inquisitionem
1334 710 1364 737 et
1390 715 1426 737 ex
1459 703 1581 744 officio,
1606 708 1636 736 et
1659 703 1735 736 alias

990 759 1074 793 omni
1101 757 1224 792 meliori
1254 757 1349 791 modo
1374 762 1475 790 motas
1500 761 1531 789 et
1555 755 1736 796 movendas,

990 825 1060 847 eum
1087 814 1151 846 suis
1177 811 1396 852 incidentibus,
1422 810 1670 854 emergentibus,
1687 819 1738 842 an-

989 867 1077 901 nexis
1102 873 1132 900 et
1156 866 1316 908 connexis,
1343 869 1471 909 totoque
1497 862 1631 907 negocio
1652 863 1738 907 prin·

991 921 1103 965 cipali,
1128 925 1238 953 contra
1271 918 1469 963 praedictum
1495 918 1647 951 Alonsum
1679 926 1737 959 gu-

992 976 1193 1008 bernatorem
1216 980 1319 1007 terrae
1337 973 1448 1006 Portus
1469 971 1625 1011 Herculis,
1644 969 1739 1003 illius-

992 1040 1051 1073 que
1077 1028 1251 1070 ministros,
1277 1033 1307 1060 et
1329 1027 1489 1060 invasores
1507 1036 1542 1058 ac
1563 1029 1739 1058 retentores

992 1083 1092 1115 dictae
1117 1081 1204 1114 navis
1233 1087 1263 1114 et
1288 1080 1438 1113 frumenti
1469 1079 1583 1120 liuius,
1608 1083 1639 1111 et
1662 1077 1740 1111 alios

992 1145 1209 1179 quoscumque
1232 1134 1482 1179 praemissorum
1501 1131 1741 1176 quomodolibet

993 1190 1186 1233 culpabiles,
1210 1189 1367 1233 quantivis
1392 1188 1539 1228 numeri,
1568 1197 1605 1220 ae
1638 1186 1741 1219 cuius-

994 1254 1129 1288 cumque
1153 1243 1323 1287 qualitatis,
1348 1241 1475 1285 gradus,
1501 1245 1610 1281 status,
1637 1239 1741 1274 condi-

995 1298 1089 1332 tionis
1113 1303 1144 1331 et
1168 1297 1349 1341 dignitatis,
1374 1296 1467 1330 etiam
1494 1294 1740 1336 ecclesiasticae,

995 1351 1089 1384 etiam
1114 1351 1243 1395 speciali
1277 1349 1435 1384 mentione
1459 1349 1573 1392 dignae
1598 1347 1742 1388 existant,

995 1405 1184 1445 summarie,
1212 1404 1403 1448 simpliciter
1434 1409 1464 1437 et
1491 1402 1530 1436 de
1557 1402 1652 1446 plano
1675 1401 1742 1435 sine

996 1460 1130 1503 strepitu
1149 1464 1179 1491 et
1196 1458 1302 1502 figura
1322 1457 1442 1498 iudicii,
1459 1456 1590 1500 solaque
1606 1455 1678 1489 facti
1696 1465 1743 1487 ve-

998 1513 1086 1546 ritate
1101 1512 1251 1556 inspecta,
1266 1511 1359 1545 etiarn
1372 1512 1456 1544 iuxta
1470 1509 1647 1543 ordinarias
1660 1507 1743 1541 suas¹

997 1566 1160 1599 facultates
1186 1564 1399 1610 procedendo,
1419 1564 1569 1608 ipsisque,
1587 1567 1649 1596 tam
1666 1572 1742 1595 con-

978 1644 980 1654 ,
999 1620 1126 1654 iunctim
1152 1630 1245 1664 quam
1264 1619 1400 1659 divisim,
1418 1618 1510 1651 etiam
1529 1628 1587 1661 per
1604 1616 1743 1650 edictum

998 1673 1180 1717 publicum,
1206 1672 1340 1706 constito
1372 1671 1480 1704 itidem
1513 1670 1684 1703 summarie
1708 1679 1745 1702 ac

998 1727 1288 1767 extraiudicialiter‚
1303 1731 1332 1759 et
1350 1730 1502 1769 quantum
1526 1724 1581 1757 tibi
1600 1723 1745 1757 sufficere

1000 1781 1166 1822 videbitur,
1183 1781 1221 1814 de
1242 1791 1304 1814 non
1320 1786 1386 1813 tuto
1403 1790 1542 1820 accessu,
1562 1778 1674 1820 citatis,
1693 1788 1745 1811 co-

999 1845 1154 1879 gnoscas,
1179 1834 1309 1876 audias,
1336 1833 1463 1867 decidas
1493 1837 1523 1867 et
1553 1832 1616 1865 fine
1640 1831 1747 1866 debito

1000 1890 1161 1931 termines,
1173 1900 1209 1923 ac
1223 1889 1374 1922 Alonsum
1393 1888 1652 1931 gubernatorem,
1669 1885 1748 1919 eius-

1001 1955 1061 1989 que
1088 1944 1261 1984 ministros‚
1285 1954 1321 1976 ac
1347 1943 1508 1976 invasores
1524 1947 1554 1974 et
1572 1945 1748 1974 retentores

1002 1997 1196 2042 praedictos,
1222 2002 1252 2030 et
1276 1996 1354 2029 alios
1379 1995 1410 2028 in
1435 1994 1620 2040 praemissis
1643 1994 1749 2038 culpa-

1002 2051 1081 2084 biles
1107 2055 1261 2094 repertos,
1288 2049 1318 2082 in
1340 2048 1701 2082 excommunicationem
1719 2052 1750 2079 et

1002 2106 1078 2138 alias
1108 2114 1257 2137 censuras
1285 2109 1316 2136 et
1351 2113 1468 2147 poenas
1501 2101 1677 2146 praedictas
1713 2111 1750 2134 eo

1004 2159 1074 2203 ipso
1099 2158 1245 2191 incidisse
1270 2157 1422 2197 declares,
1439 2167 1474 2189 ac
1495 2157 1525 2188 in
1540 2156 1610 2189 illos
1624 2165 1751 2189 exeom-

1005 2211 1228 2245 niunieationis
1254 2210 1458 2251 sententiam,
1490 2209 1514 2242 si
1541 2215 1570 2242 et
1597 2213 1752 2252 quatenus

1004 2276 1085 2309 opus
1109 2265 1158 2305 sit,
1184 2264 1264 2297 feras
1290 2269 1319 2297 et
1344 2263 1501 2307 publicem
1528 2261 1636 2305 sique²
1661 2262 1753 2294 Alou-

1005 2331 1057 2353 sus
1082 2319 1276 2363 gubernator
1300 2318 1480 2363 praedictus
1510 2318 1590 2350 intra
1618 2327 1749 2360 compe-

1007 2380 1121 2407 tentem
1144 2374 1313 2406 terminum
1332 2384 1389 2417 per
1405 2378 1433 2405 te
1449 2372 1582 2405 arbitrio
1597 2376 1650 2404 tuo
1666 2381 1754 2415 prae-

1007 2427 1168 2470 figendum
1202 2426 1408 2459 declarationi
1441 2436 1495 2458 seu
1528 2425 1699 2459 sententiae
1724 2429 1754 2457 et

1009 2480 1213 2525 publicationi
1251 2490 1307 2523 per
1333 2485 1361 2512 te
1387 2478 1546 2512 faciendae
1571 2489 1627 2512 seu
1652 2478 1754 2511 feren-

1050 2553 1057 2577 1
1079 2551 1189 2577 Videtur
1207 2551 1349 2583 legendum
1367 2554 1431 2576 tuas
1446 2559 1495 2586 pro
1511 2558 1577 2577 suas
1593 2552 1630 2583 (n.
1652 2551 1700 2584 T.).

1049 2598 1062 2621 2
1076 2595 1140 2622 §tute
1153 2596 1203 2621 edit
1232 2595 1308 2622 Maiu.
1323 2595 1384 2628 legit
1399 2596 1495 2629 sit—«sm»
1509 2604 1553 2629 pro
1566 2595 1647 2628 sique
1660 2601 1695 2629 kn.
1707 2595 1755 2627 Τ.).

1747 172 1796 199 An.
1818 173 1846 200 C.
1866 173 1933 202 1656

1768 233 1885 255 Committit
1897 239 1934 255 aa·

1745 260 1809 282 ditor-i
1825 262 1933 281 'carnei-ao

1749 288 1880 314 apostolieae
1912 290 1935 307 ut

1746 320 1827 340 poenas
1881 313 1935 334 infit·

1746 344 1782 367 gat
1794 341 1935 366 gubernatori

1745 369 1823 389 Portus
1834 367 1934 388 Herculis

1746 395 1835 421 eiusque
1843 395 1862 422 ’Ξ
1873 395 1933 415 mim-

1745 424 1802 444 stria.
