2202 3190
413 191 475 224 790·
959 200 1053 224 mua
1062 200 1135 223 airu
1160 199 1311 224 nomin-um

1127 359 1148 391 E

367 465 579 498 Ecclesiarum
612 470 642 498 et
675 464 819 498 locorum
853 464 980 507 piorum
1015 464 1102 497 Urbis
1137 464 1221 497 bona
1254 463 1371 506 quibus
1401 469 1561 507 nequeant.
1585 463 1694 504 locari,
1718 462 1782 496 973
1807 464 1843 504 b;
1868 463 1900 496 in

453 517 595 550 ecclesiis
620 523 650 550 et
673 517 820 551 oratoriis
852 517 942 551 Urbis
975 518 1111 551 musicae
1135 518 1319 550 indecentes
1348 517 1571 561 prohibentur,
1597 516 1660 549 97ss
1686 529 1723 554 a:
1750 523 1900 560 sumptus

453 570 604 614 superflui
632 570 663 603 in
688 570 736 603 liis
762 576 792 603 et
817 570 848 603 in
875 571 1075 604 monasteriis
1102 571 1288 604 monialium
1314 571 1406 603 Urbis
1433 576 1629 609 resecantur,
1653 569 1716 603 <298
1741 571 1767 603 b.

365 623 577 657 Ecclesiastici
604 624 808 657 contribuere
833 623 970 656 debeant
996 634 1067 656 cuin
1086 623 1174 655 laicis
1199 623 1230 655 in
1249 623 1371 666 gabella
1397 634 1453 667 pro
1479 623 1628 666 hospitali
1654 623 1740 666 regio
1766 623 1901 656 civitatis

454 676 779 720 Caesaraugustanae,
806 675 868 709 705
894 677 910 708 b
935 682 965 710 et
989 687 1049 719 seq.

363 729 489 762 Elector
513 730 716 772 lllaguntinus
741 728 983 772 capitulationes
1009 729 1164 772 quasdam
1182 728 1241 762 init.
1261 739 1333 762 cum
1352 729 1491 773 capitulo
1508 730 1658 763 ecclesiae
1684 728 1902 772 Herbipolen-

453 793 506 820 Sis,
532 782 597 815 454
614 794 633 815 α
652 788 756 825 etseq.
786 792 864 825 quas
889 782 1058 815 confirmat
1082 782 1232 814 Summus
1258 782 1413 823 Pontifex,
1442 782 1504 815 457
1530 783 1558 815 b.

365 835 495 868 Elzearii
521 841 551 868 et
577 835 724 869 Ludovici
751 834 824 877 (Ss.)
849 835 1010 878 provincia
1037 834 1117 866 tertii
1150 833 1275 868 Ordinis
1310 834 1416 868 Sancti
1447 834 1606 867 Francisci
1639 835 1897 878 congregationis

457 888 647 928 Gallicanae,
676 887 738 920 687
763 888 790 920 b,

367 941 525 985 Ensylden
553 940 618 984 (de)
645 940 887 981 monasterium,
916 940 978 974 52⁵2
1000 941 1026 981 [23
1052 941 1254 985 componitur
1274 942 1487 975 controversia
1509 941 1632 975 abbatis
1650 951 1723 975 cum
1749 941 1902 986 episcopo

455 993 593 1026 [juriensi
620 994 704 1027 circa
729 994 997 1033 iurisdictionem,
1022 995 1098 1027 ibid.

365 1046 490 1080 Erectio
515 1047 695 1090 provinciae
720 1047 909 1080 reformatae
933 1047 963 1080 S.
990 1048 1102 1080 Mariae
1132 1048 1290 1091 Ungariae
1325 1050 1455 1082 fratrum
1488 1048 1644 1081 Minorurn
1678 1048 1708 1081 S.
1740 1047 1901 1082 Francisci

455 1099 628 1132 Strictioris
654 1099 892 1140 Observantiae,
919 1099 982 1132 512
1008 1100 1033 1134 It.

366 1153 629 1186 Excomunicatio
662 1153 725 1186 lata
754 1164 771 1185 a
799 1153 961 1187 Bonis-acio
990 1154 1054 1186 Vlll
1083 1160 1113 1187 et
1138 1154 1291 1197 Gregorio
1318 1154 1379 1187 Xlll
1406 1154 1437 1186 in
1461 1154 1571 1187 dantes
1603 1154 1647 1187 vel
1679 1153 1902 1197 promittentes

454 1217 512 1249 pro
545 1206 666 1239 iustitia
696 1207 742 1239 vel
775 1207 875 1249 gratia
909 1206 1083 1240 obtinenda
1116 1207 1201 1250 apud
1237 1207 1349 1240 Sedem
1383 1207 1597 1250 Apostolican]
1630 1206 1841 1240 confirmatur
1872 1210 1903 1240 et

454 1259 636 1293 declaratur
659 1259 698 1293 ab
724 1259 904 1293 Alexandro
929 1260 992 1300 Vll,
1017 1259 1080 1292 157
1105 1271 1124 1292 α
1149 1265 1179 1292 et
1203 1270 1264 1303 seq.

367 1312 523 1345 Exercitia
549 1312 724 1356 spiritualia
748 1313 974 1356 peragentibus
1000 1323 1055 1356 per
1080 1313 1245 1346 octiduum
1272 1313 1303 1345 in
1329 1312 1478 1346 domibus
1504 1313 1670 1347 Societatis
1696 1314 1766 1346 lesu
1795 1312 1902 1346 indul-

455 1366 561 1409 gentia
586 1366 726 1410 plenaria
751 1366 950 1407 conceditur,
974 1366 1038 1400 3002
1056 1378 1094 1407 α’,
1111 1367 1186 1400 item
1207 1372 1237 1399 et
1261 1366 1412 1399 tratribus
1437 1367 1468 1400 S.
1496 1367 1657 1400 Francisci
1683 1367 1903 1400 cismontanae

455 1419 594 1452 familiae
620 1418 778 1454 exercitiis
803 1419 1024 1464 spiritualibus
1051 1419 1233 1453 vacantibus
1258 1429 1315 1463 per
1340 1419 1519 1460 octiduum,
1543 1419 1608 1452 472
1633 1430 1662 1453 a.

1117 1606 1139 1639 F

368 1739 510 1773 Fabritio
534 1739 618 1772 Pons
643 1744 674 1772 et
698 1738 849 1772 Castellui
875 1738 998 1772 ceditur
1023 1738 1202 1773 iurisdictio
1228 1739 1402 1773 criminalis
1428 1739 1458 1771 in
1484 1738 1554 1771 loeo
1579 1738 1664 1771 Mans
1688 1737 1795 1772 Ricart
1818 1737 1905 1771 dioe-

459 1792 538 1826 cesis
563 1792 820 1831 Tarraconensis,
846 1790 910 1824 762
934 1791 960 1824 b.

367 1845 444 1878 Face
468 1845 544 1878 bene
568 1844 707 1877 Fratelli
731 1844 809 1887 (ὥθ’)
835 1844 1042 1887 congregatio
1066 1845 1100 1877 B.
1129 1845 1256 1878 Ioannis
1282 1837 1334 1877 Dei
1360 1844 1429 1876 vide
1454 1842 1676 1886 CongregatiO.

366 1898 538 1931 Federicus
556 1898 765 1930 Borromaeus
790 1897 971 1940 patriarcha
988 1897 1230 1937 Alexandrinus⁷
1254 1902 1284 1930 et
1308 1896 1398 1930 Sedis
1418 1896 1614 1940 Apostolicae
1631 1895 1715 1938 apud
1741 1894 1900 1928 Helvetios

457 1951 609 1992 nuncius,
636 1950 701 1983 100
721 1961 760 1991 α·,
786 1950 927 1984 decernit
944 1961 999 1994 pro
1017 1957 1097 1984 statu
1119 1951 1274 1984 ecclcsiae
1293 1950 1463 1990 Curiensis‚
1485 1949 1578 1989 tbid.;
1597 1949 1749 1992 plurimas
1774 1947 1905 1991 collegit

456 2005 630 2047 scripturas
655 2004 740 2036 circa
764 2003 970 2036 directionem
995 2004 1083 2036 illius
1100 2004 1312 2037 nunciaturae
1328 2010 1358 2036 et
1377 2002 1653 2036 conservationem
1670 2000 1903 2035 iurisdictionis

457 2057 698 2096 ecclesiasticae,
726 2057 861 2099 illasque
886 2056 916 2088 in
944 2057 1077 2090 formam
1103 2056 1233 2090 archivii
1260 2057 1388 2099 redigit,
1416 2055 1474 2089 531
1504 2067 1535 2089 a.

370 2109 589 2143 Ferdinandus
623 2109 752 2142 Carolus
785 2109 938 2142 archidux
972 2110 1113 2143 Austriac
1146 2116 1180 2143 ut
1212 2120 1319 2143 comcs
1353 2109 1460 2154 Tyroli
1495 2108 1697 2142 concordiam
1734 2108 1805 2141 iniit
1828 2117 1902 2141 cum

458 2163 609 2205 episcopo
641 2167 669 2194 et
693 2162 833 2205 capitulo
859 2163 1011 2197 ccclesiae
1035 2163 1201 2196 Curicnsis
1226 2173 1320 2207 super
1342 2162 1507 2196 nonnullis
1532 2161 1678 2202 iuribus,
1704 2172 1800 2205 quam
1825 2171 1902 2195 con-

457 2216 562 2247 firmat
585 2215 735 2248 Summus
758 2215 914 2253 Pontifex,
938 2215 1004 2249 352
1028 2227 1048 2249 cc
1073 2223 1103 2250 et
1123 2228 1185 2260 seq.

369 2268 497 2301 Festum
529 2268 699 2301 Patrocinii
731 2269 841 2302 Beatae
877 2270 990 2302 Mariae
1022 2269 1156 2312 Virginis
1191 2276 1226 2303 ut
1261 2270 1434 2313 quotannis
1467 2281 1484 2302 a
1521 2270 1605 2302 clero
1639 2268 1734 2301 etiam
1766 2265 1904 2310 regulari

458 2321 679 2364 Hispaniarum
704 2323 883 2355 celebretur
906 2322 1050 2365 indulget
1075 2322 1226 2356 Summus
1251 2323 1406 2363 Pontifex,
1433 2322 1497 2355 199
1522 2322 1549 2354 b.

370 2373 494 2406 Flavius
520 2374 642 2407 Cliisius
667 2375 697 2407 St
727 2375 762 2407 R.
792 2375 824 2407 E.
853 2375 1035 2415 cardinalia
1063 2375 1126 2408 0⁹29
1151 2376 1183 2415 b3
1209 2375 1381 2420 deputatur
1406 2375 1437 2408 in
1461 2380 1674 2418 protectorem
1699 2372 1826 2407 Ordinis
1849 2372 1905 2406 Mi-

459 2426 622 2459 nimorum
647 2427 677 2460 S.
706 2427 869 2461 Francisci
895 2429 933 2462 de
957 2428 1066 2469 Paula,
1096 2428 1155 2461 761
1184 2429 1210 2461 b.

371 2478 545 2511 Fliscorum
572 2480 688 2512 familia
714 2482 782 2513 iura
808 2492 865 2513 sua
890 2492 987 2524 supra
1011 2481 1165 2526 oppidum
1183 2482 1349 2515 lllasserani
1367 2481 1450 2516 cedit
1467 2481 1542 2514 Sodi
1561 2480 1773 2524 Apostolicae‚
1795 2478 1858 2512 458
1875 2478 1904 2512 b.

371 2532 490 2564 Fliscus
516 2533 643 2574 (Paulus
667 2534 780 2567 Bessus
805 2534 979 2577 Ferrerius)
1005 2535 1154 2578 princeps
1180 2534 1359 2575 Messeranil
1384 2533 1442 2567 101
1472 2534 1499 2573 b,
1525 2531 1588 2566 ⁶262
1613 2532 1638 2564 b.

371 2584 593 2618 Firmanorum
619 2587 821 2629 magistratus
845 2588 1039 2631 aggregatio,
1067 2586 1131 2620 6⁶29
1155 2586 1181 2620 b.
