2202 3190
247 190 293 214 An.
310 188 339 215 C.
362 188 428 216 ¹662
475 180 537 213 77ss

447 242 535 278 tuas,
559 236 618 269 nisi
655 236 685 268 in
720 236 844 270 casibus
869 247 886 270 a
908 237 976 271 iure
1000 239 1183 282 permissis,

446 290 514 322 sieri
540 289 719 333 prohibenti
730 288 749 330 ¹,
767 300 889 323 necnon
909 291 1094 325 recolendae
1119 303 1183 325 mc-

447 342 566 375 moriae
591 342 675 374 Pauli
701 342 725 375 ll
759 348 788 375 et
812 343 945 376 aliorum
971 345 1183 378 Romanorum

447 395 632 429 Pontificum
658 396 937 439 praedecessorum
971 398 1089 441 pariter
1121 408 1180 431 no-

446 453 583 481 strorum
609 448 646 481 de
673 449 766 482 rebus
783 450 939 483 Ecclesiae
963 461 1026 484 non
1050 451 1184 483 alienan-

446 501 503 544 dis,
521 502 653 545 aliisque
677 503 869 546 apostolicis,
886 514 921 536 ac
946 504 977 536 in
1001 504 1184 536 universali—

444 555 504 588 bus
527 556 835 601 provincialibusque
852 563 882 590 et
899 558 1097 602 synodalibus
1114 568 1185 591 con-

446 608 525 642 ciliis
549 609 655 650 editis,
679 611 877 653 generalibus
906 612 953 644 vel
986 611 1183 655 specialibus,

446 663 722 697 constitutionibus
734 665 1032 706 etordinationibus,
1046 676 1081 698 ac
1097 675 1184 709 prae-

445 715 578 749 fatorum
605 718 786 750 monasterii
816 723 845 751 et
877 718 1026 751 ecclesiae
1051 719 1079 752 S.
1106 718 1184 751 Pan-

445 769 556 810 cratii‚
581 776 752 803 conventus
777 770 805 804 S.
833 771 947 804 Mariae
972 771 1009 804 de
1035 771 1183 812 Victoria,

444 827 475 854 et
492 823 661 864 seminarii,
678 834 800 857 necnon
819 824 999 868 provinciae
1016 825 1183 866 Romanae,

445 876 697 918 congregationis
714 877 819 909 Italiae
835 881 865 910 et
881 876 1054 911 Ordinum²
1077 877 1182 911 huius-

445 929 540 969 modi,
555 929 661 962 aliisve
674 930 876 972 quibuslibet,
891 930 982 963 etiarn
996 930 1183 972 iuramento,

444 982 682 1015 confirmatione
706 983 896 1026 apostolica,
924 983 971 1016 vel
991 983 1051 1016 alia
1076 985 1184 1028 quavis

444 1035 592 1068 firmitate
611 1036 777 1077 roboratis,
796 1036 918 1070 statutis
935 1041 965 1069 et
989 1038 1184 1071 consuetudi-

443 1087 546 1128 nibus,
567 1088 739 1132 privilegiis
763 1100 899 1133 quoque,
918 1090 1046 1123 indultis
1062 1096 1091 1123 et
1107 1091 1184 1124 litte-

444 1142 488 1175 ris
512 1143 702 1186 apostoliciS,
723 1144 780 1176 sub
801 1144 1052 1188 quibuscumque
1077 1145 1184 1179 verbo-

444 1205 514 1228 rum
530 1196 692 1229 tenoribus
706 1202 735 1229 et
751 1197 870 1238 formis,
886 1208 921 1231 ac
939 1209 1009 1231 cum
1023 1198 1183 1242 quibusvis

444 1249 536 1281 etiam
565 1250 837 1293 derogatoriaruin
863 1251 1083 1294 derogatoriis,
1104 1252 1184 1285 aliis-

444 1313 505 1346 que
529 1304 790 1346 effificacioribus,
808 1305 1030 1338 efficacissimis
1050 1310 1079 1340 et
1102 1306 1183 1340 inso-

444 1357 507 1389 litis
532 1358 690 1399 clausulis,
706 1359 964 1403 irritantibusque
989 1364 1018 1394 et
1041 1360 1109 1393 aliis
1135 1360 1184 1393 de-

446 1411 553 1451 cretis,
579 1411 609 1443 in
640 1422 756 1455 genere
780 1413 827 1445 vel
852 1413 883 1445 in
908 1414 1025 1456 specie,
1050 1424 1085 1447 ac
1109 1414 1184 1446 alias

445 1463 476 1496 in
508 1465 700 1498 contrarium
733 1466 972 1510 quomodolibet
1007 1468 1183 1508 concessis,

445 1517 627 1561 approbatis
652 1524 681 1551 et
705 1519 868 1560 innovatis,
885 1520 1016 1564 aliisque
1038 1521 1184 1554 omnibus

446 1576 476 1604 et
500 1571 652 1614 singulis,
678 1583 757 1616 quae
791 1573 821 1605 in
856 1574 1043 1617 supradictis
1071 1575 1184 1608 litteris

445 1625 561 1658 nostris
596 1626 752 1659 voluimus
786 1637 850 1660 non
886 1628 1035 1668 obstare3
1071 1628 1184 1672 quibus

446 1679 592 1713 omnibus
616 1684 647 1712 et
670 1680 811 1722 singulis,
829 1681 950 1713 etiamsi
974 1692 1033 1725 pro
1058 1681 1183 1715 illorum

445 1732 609 1765 sufficienti
630 1733 832 1776 derogatione
855 1734 893 1767 de
921 1735 981 1767 illis
1012 1745 1185 1780 eorumque

447 1787 519 1819 totis
533 1786 694 1819 tenoribus
708 1787 861 1830 specialis,
872 1788 1026 1831 specifica,
1038 1799 1185 1833 expressa

447 1843 477 1871 et
501 1839 682 1880 individua,
707 1850 742 1872 ac
771 1840 809 1872 de
833 1841 929 1874 verbo
961 1841 999 1873 ad
1031 1842 1183 1884 verbum,

447 1902 510 1926 non
534 1898 637 1925 autem
663 1903 719 1937 per
744 1893 897 1926 clausulas
922 1895 1084 1937 generales
1102 1895 1183 1928 idern

447 1945 664 1990 imponantes,
685 1948 802 1980 mentio
827 1958 881 1980 seu
905 1948 1032 1990 quaevis
1058 1949 1116 1981 alia
1134 1959 1184 1981 ex-

447 2000 568 2043 pressio
594 2000 736 2033 habenda
763 2006 815 2033 aut
831 2001 935 2044 aliqua
952 2001 1011 2033 alia
1031 2002 1184 2045 exquisita

448 2053 547 2086 forma
572 2053 609 2085 ad
634 2053 694 2086 hoc
718 2053 870 2086 servanda
890 2054 978 2095 soret,
997 2054 1122 2087 illorum
1141 2061 1184 2088 te-

447 2116 551 2146 nores,
571 2117 690 2147 causas,
708 2108 823 2140 sormas
841 2113 870 2140 et
890 2108 1079 2151 occasiones,
1098 2119 1185 2152 prae-

449 2160 588 2194 sentibus
612 2172 670 2205 pro
694 2162 785 2204 plene
810 2166 839 2194 et
864 2162 1063 2205 sufficienter,
1084 2173 1120 2196 ac
1148 2164 1185 2197 de

449 2214 545 2247 verbo
577 2215 614 2247 ad
640 2216 770 2248 verbum
807 2216 952 2259 insertis,
978 2217 1132 2260 expressis
1157 2224 1186 2251 et

450 2268 581 2301 servatis
605 2269 777 2313 respective
794 2269 957 2311 habentes,
974 2270 1035 2303 illis
1060 2270 1135 2303 alias
1155 2271 1185 2303 in

450 2332 507 2354 suo
528 2322 642 2355 robore
665 2323 902 2366 permansuris,
929 2323 966 2355 ad
990 2323 1182 2367 praemisso-

452 2386 520 2407 rum
547 2375 689 2409 effectum
705 2404 712 2418 ,
730 2377 906 2420 specialiter
931 2382 960 2410 et
977 2387 1134 2421 expresse,
1152 2388 1187 2411 ac

451 2428 631 2470 plenissime
662 2433 691 2464 et
723 2428 915 2474 amplissime
943 2431 1133 2474 derogamus
1157 2436 1187 2464 et

489 2555 499 2578 1
523 2553 592 2580 Edit.
614 2554 696 2581 Main.
717 2554 780 2589 legit
796 2556 974 2590 prohibendo
994 2558 1034 2590 (n.
1051 2557 1099 2591 Τ.).

487 2596 503 2622 2
522 2597 650 2634 Legerem
669 2599 786 2628 Ordinis
805 2604 842 2632 (a.
858 2600 905 2633 Τ.).

1028 190 1208 215 BULLARIUM
1233 191 1387 215 ROMANUM

1218 239 1403 282 derogatum
1420 249 1486 273 esse
1504 240 1665 281 volumus,
1681 242 1855 286 ceterisque
1879 252 1954 276 con-

1219 292 1322 325 trariis
1339 293 1598 338 quibuscumque.

1261 345 1372 378 Datum
1392 347 1518 387 Romae,
1543 347 1626 390 apud
1654 347 1683 380 S.
1708 347 1837 381 Mariam
1861 348 1954 381 Maio-

1218 409 1303 439 rem,
1331 399 1388 432 sub
1413 401 1528 433 annulo
1549 401 1733 443 Piscatoris,
1754 401 1804 433 die
1821 411 1831 434 1
1851 402 1955 435 martii

1218 462 1355 493 MDCLxu,
1372 453 1569 496 pontificatus
1585 454 1683 487 nostri
1703 464 1784 487 anno
1802 464 1855 487 vn.

1254 514 1311 542 Dat.
1330 515 1373 542 die
1397 517 1405 542 1
1424 516 1512 543 martii
1531 516 1607 550 1662,
1624 516 1719 551 pontis.
1740 524 1810 543 anno
1829 522 1874 543 vn.

1470 632 1693 666 CCCLXXXIII.

1218 702 1321 746 Super
1340 703 1461 736 unione
1476 703 1769 747 Conyreqationum
1785 704 1956 736 monacho-

1260 765 1336 788 rum
1364 755 1467 789 Vallis
1494 756 1660 789 Umbrosae
1690 763 1718 789 el
1743 756 1952 790 Silvestrz'no-

1260 819 1336 842 rum
1352 813 1626 852 nwzcuputorum,
1645 810 1702 842 sub
1719 809 1832 852 reyulct
1849 810 1879 843 S.
1899 810 1956 843 Be-

1262 862 1384 895 nedicti
1400 863 1632 903 militantium,
1649 863 1686 896 in
1703 873 1802 895 unam
1824 863 1957 906 Conqre-

1262 917 1427 959 qutionem
1444 943 1451 956 ,
1476 927 1558 960 quae
1593 916 1696 949 Vallis
1725 917 1896 949 Umbrosae
1927 921 1957 950 et

1262 969 1456 1002 Silvestrz'ua
1489 968 1623 1003 Ordinis
1655 970 1761 1003 sancti
1791 969 1958 1004 Benedicti

1261 1023 1508 1067 nuncupabitur
1517 1024 1538 1058 ¹,

1410 1096 1576 1122 Alexander
1595 1095 1673 1129 Papa
1693 1096 1755 1123 vn.

1342 1140 1378 1166 ad
1396 1143 1572 1174 perpetuam
1586 1140 1630 1167 rei
1649 1140 1830 1168 memoriam.

1261 1201 1490 1245 Omnipotentis
1507 1202 1572 1242 Dei,
1587 1201 1676 1235 cuius
1700 1202 1850 1235 ineffabili
1870 1202 1956 1236 boni-

1219 1258 1278 1288 tate
1303 1258 1333 1289 et
1356 1255 1552 1298 providentia
1573 1260 1654 1288 stant
1670 1260 1699 1288 et
1719 1261 1872 1298 reguntur
1891 1256 1957 1289 uni-

1220 1319 1318 1349 versa,
1339 1308 1422 1341 vices
1448 1308 1539 1351 (licet
1559 1308 1730 1352 immeriti)
1755 1314 1900 1351 gerentes
1924 1309 1956 1341 in

1220 1361 1322 1403 terris,
1340 1361 1378 1394 ad
1394 1372 1429 1394 ea
1446 1362 1621 1405 peculiares
1638 1361 1815 1404 vigilantiae
1831 1366 1957 1395 nostrae

1219 1425 1310 1447 curas
1338 1414 1585 1458 propensissime
1616 1415 1766 1448 charitate
1795 1415 1954 1448 converti-

1220 1478 1298 1508 mus,
1316 1477 1395 1511 quae
1414 1467 1496 1500 felici
1514 1478 1730 1511 prosperoque
1755 1467 1848 1501 statui
1865 1472 1895 1500 et
1911 1478 1958 1501 re-

1219 1521 1327 1564 gimini
1342 1522 1621 1564 congregationum
1640 1521 1780 1554 virorum
1797 1521 1854 1554 sub
1871 1521 1958 1554 suavi

1219 1574 1331 1608 Christi
1346 1575 1420 1618 iugo
1440 1574 1650 1608 laudabilibus
1670 1574 1750 1607 vitae
1767 1574 1958 1608 monasticae

1221 1629 1368 1662 institutis
1392 1628 1659 1670 incumbentium,
1687 1628 1863 1672 uberesque
1894 1628 1955 1662 bo-

1220 1694 1333 1717 norum
1358 1694 1491 1727 operum
1515 1683 1644 1725 fructus,
1665 1682 1821 1726 aspirante
1852 1682 1958 1716 divina

1220 1737 1332 1779 gratia,
1353 1737 1495 1780 proferre
1519 1737 1634 1779 iugiter
1652 1736 1859 1779 satagentium
1885 1745 1957 1769 con-

1219 1791 1368 1823 ducibilia
1380 1791 1457 1831 fore,
1474 1790 1620 1834 prudenti
1634 1789 1859 1823 deliberatione
1871 1799 1958 1834 prae-

1221 1845 1278 1885 via,
1304 1844 1505 1876 arbitramur.

1264 1898 1278 1940 ἓ
1303 1897 1332 1929 ’1.
1350 1897 1424 1931 Cum
1443 1897 1547 1940 itaque
1572 1896 1832 1940 congregationes
1850 1907 1957 1930 mona-

1220 1951 1351 1984 chorum
1377 1950 1471 1983 Vallis
1502 1950 1674 1983 Umbrosae
1706 1956 1736 1983 et
1758 1950 1956 1984 Silvestrino-

1222 2015 1290 2037 rum
1322 2009 1574 2048 nuncupatorum
1604 2003 1662 2037 sub
1688 2004 1796 2036 eadem
1812 2030 1820 2044 ‚
1844 2007 1958 2047 nempe

1220 2058 1249 2090 S.
1275 2057 1443 2098 Benedicti,
1461 2057 1570 2100 regula
1588 2057 1735 2097 militent,
1753 2056 1776 2088 si
1795 2066 1870 2089 vero
1887 2056 1958 2089 illae

1221 2111 1278 2144 sub
1304 2111 1394 2144 unius
1420 2111 1593 2155 superioris
1624 2111 1778 2154 generalis
1803 2110 1958 2153 gubernio

1221 2165 1394 2206 unirentur,
1418 2170 1448 2197 et
1472 2165 1503 2197 in
1527 2174 1624 2197 unum
1650 2174 1763 2207 corpus
1788 2163 1958 2206 coniunge-

1221 2223 1338 2259 rentur,
1356 2219 1427 2251 inde
1454 2228 1517 2251 non
1542 2218 1699 2251 modicum
1724 2217 1820 2250 divini
1840 2216 1958 2250 servitii

1221 2272 1422 2316 utilitatisque
1446 2271 1610 2315 utriusque
1629 2270 1882 2314 congregationis
1904 2271 1959 2303 liu-

1261 2346 1267 2370 t
1291 2343 1465 2371 Monacorum
1485 2343 1702 2369 Silvestrinorum
1723 2341 1959 2379 congregationem

1221 2386 1341 2414 fundavit
1361 2386 1388 2412 S,
1417 2385 1543 2412 Silvester
1570 2384 1729 2411 Guzzolinus
1743 2406 1751 2419 ‚
1772 2384 1857 2411 abbas
1876 2383 1959 2410 Auxi-

1223 2437 1327 2461 manus,
1344 2432 1373 2454 ut
1388 2428 1415 2454 in
1432 2427 1509 2454 Pauli
1522 2427 1545 2453 V
1560 2430 1644 2453 const.
1661 2433 1756 2453 ccxcv!
1771 2427 1820 2459 (al.
1837 2425 1961 2461 cccxxw)

1223 2472 1397 2499 Sanctorum
1422 2473 1487 2496 tom.
1513 2475 1566 2502 xn,
1587 2477 1647 2504 pag.
1673 2468 1741 2501 400·‚
1767 2468 1959 2495 monachorum

1224 2513 1303 2540 Vallis
1323 2512 1470 2539 Umbrosae
1490 2511 1626 2538 institutor
1644 2511 1694 2538 suit
1712 2511 1737 2538 S.
1756 2511 1870 2538 loannes
1883 2509 1960 2537 Gual-

1223 2555 1326 2588 bertum
1347 2556 1376 2580 ut
1394 2553 1423 2580 in
1442 2553 1586 2580 Caelestini
1606 2552 1641 2580 111
1661 2556 1747 2580 const.
1767 2559 1811 2586 xv,
1832 2551 1958 2586 Reliqio-

1222 2606 1294 2630 sam,
1312 2600 1375 2624 tom.
1392 2602 1433 2630 111,
1448 2603 1509 2632 pag.
1529 2595 1572 2623 95.

1998 1210 2136 1234 Prooemium.
2184 1196 2185 1204 l

1998 1901 2078 1923 Motiva
2091 1901 2151 1923 huin
2182 1906 2202 1923 11

1972 1928 2136 1951 constitutionis.
2164 1928 2166 1930 ’
2198 1927 2202 1954 l
