2243 3205
257 206 303 230 ΛΗ,
322 208 340 228 Γ.
377 206 441 231 1650

246 1329 354 1348 nonu-,tria
369 1329 427 1348 tollit.

277 2127 426 2152 Tmnsumpto·

242 2158 286 2173 rum
304 2153 362 2174 tides.

489 197 552 226 Rus

455 264 515 285 non
542 252 644 293 tuerit,
669 258 722 284 aut
740 252 763 285 si
782 253 950 296 aliquando
975 253 1135 296 contingat
1153 253 1192 285 vi-

453 306 596 338 sitatores
634 305 811 349 praedictos
847 306 939 338 simul
977 307 1022 339 vel
1059 307 1191 339 alterum

452 359 650 402 superstitem
668 370 728 392 uon
744 360 821 393 saeta
836 361 964 392 alterius
978 360 1192 393 nominatione

453 412 598 444 reci-dere
625 413 670 444 vel
695 412 857 452 decedere,
884 419 957 446 tunc
984 413 1109 446 illorum
1136 423 1189 444 seu

452 465 580 497 alterius
613 466 786 509 respective
819 467 980 510 deputatio
1009 467 1047 499 ad
1072 466 1189 499 dictum

451 518 619 558 nuncium,
644 523 674 550 et
699 529 771 551 casu
798 530 861 563 quo
889 520 1020 552 nuncius
1051 529 1113 552 non
1138 518 1190 550 ad—

450 576 540 609 esset,
566 571 602 603 ad
629 571 707 603 hanc
733 571 843 604 Sedem
870 572 1063 612 devolvatur,
1082 571 1190 603 statui-

452 634 519 656 mus
545 630 574 656 et
599 624 790 657 ordinamus.

494 678 509 721 ξ
527 678 554 711 5.
576 678 784 712 Det-eruentes
801 679 924 712 easdem
947 684 1126 723 praesentes
1144 678 1190 710 lit-

451 737 531 764 teras
550 737 579 764 et
601 732 630 764 in
648 733 692 764 eis
713 738 856 765 contenta
874 743 1090 776 quaecumque
1103 732 1189 765 nullo

450 796 586 828 unquam
603 791 743 829 tempore
761 785 798 818 de
815 785 1036 828 subreptionis,
1054 791 1123 827 etc.,
1137 791 1186 817 aut

447 838 598 871 adversus
617 839 683 870 illas
704 838 926 882 quodcumque
945 839 1031 880 iuris,
1049 839 1118 870 sacti
1141 839 1187 871 vel

447 891 566 934 gratiae
584 891 757 923 remedium
777 891 950 934 impetrari,
972 896 1024 923 aut
1043 891 1189 935 impetra-

449 950 478 976 to
497 944 543 976 vel
562 945 653 977 etiam
676 950 762 977 motu
788 944 881 977 simili
903 954 1052 977 concesso
1076 955 1187 988 quem-

447 997 530 1041 piam
556 998 585 1030 in
612 998 726 1031 iudicio
746 998 791 1030 vel
810 1004 897 1030 extra
916 998 991 1030 illud
1011 998 1053 1030 uti
1075 1009 1129 1031 seu
1155 1009 1187 1030 se

448 1051 554 1083 iuvare
579 1061 681 1095 posse,
699 1051 750 1083 sed
770 1051 852 1095 ipsas
869 1057 1050 1095 praesentes
1067 1052 1186 1084 litteras

446 1115 573 1147 semper
598 1106 716 1143 tii-mas,
742 1104 932 1148 ete.,sicque
957 1109 985 1138 et
1010 1115 1072 1138 non
1097 1105 1186 1138 aliter

446 1157 475 1189 in
502 1157 680 1200 praemissis
712 1168 768 1201 per
799 1168 1016 1201 quoscumque
1046 1158 1185 1199 iudices,

445 1216 514 1247 ete„
539 1210 662 1243 deliniri
681 1210 808 1250 debere,
828 1221 863 1243 ac
881 1210 1003 1244 irritum
1031 1216 1059 1243 et
1084 1211 1185 1252 inane,

445 1264 469 1296 si
495 1274 595 1305 secus,
612 1268 681 1303 etc„
696 1263 862 1306 contigerit
885 1264 1040 1297 attentari.

489 1317 503 1360 g
528 1320 556 1350 tj.
584 1317 650 1349 Non
676 1317 884 1357 obstantibus,
910 1316 1011 1360 quoad
1046 1327 1079 1349 ea
1105 1327 1184 1360 quae

444 1370 662 1414 praesentibus
687 1375 756 1402 sunt
789 1370 834 1401 vel
862 1370 921 1402 diei
948 1369 1185 1413 quomodolibet.

444 1427 575 1466 possunt
593 1423 762 1463 contraria,
774 1422 941 1466 praedictis
966 1422 1133 1455 Clementis
1150 1433 1186 1454 ac

445 1476 529 1508 Pauli
564 1482 593 1508 et
618 1475 733 1508 Urbani
759 1475 1037 1518 praedecessorum
1063 1475 1185 1515 litteris,

444 1534 473 1561 et
497 1529 564 1561 aliis
589 1528 779 1572 praemissis,
804 1538 840 1561 ae
864 1528 1139 1561 constitutionibus
1157 1533 1186 1561 et

444 1582 694 1615 ordinationibus
720 1582 910 1625 apostolicis,
929 1591 1061 1622 necnon,
1082 1587 1186 1625 quate-

443 1647 501 1668 nus
529 1646 607 1678 opus
625 1636 672 1675 sit,
691 1635 826 1676 Ordinis,
848 1635 1128 1678 congregationum
1156 1641 1185 1668 et

403 1724 409 1730 .
445 1690 708 1722 monasteriortm]
729 1689 918 1732 huiusmodi,
933 1695 962 1722 et
976 1689 1044 1722 aliis
1060 1689 1185 1733 quibus-

444 1743 500 1783 vis,
527 1748 595 1784 etc,
620 1754 656 1776 ac
681 1754 751 1775 eum
778 1742 940 1786 quibusvis
965 1743 1059 1775 etiam
1085 1743 1181 1776 dero-

443 1797 637 1839 gatoriarum
655 1797 875 1839 derogatoriis,
889 1796 1021 1840 aliisque
1034 1797 1185 1830 efficacio-

442 1850 540 1892 ribus,
566 1854 635 1891 etc.,
661 1850 691 1883 in
715 1850 909 1883 contrarium
935 1850 1182 1893 praemissorum

442 1904 619 1944 concessis,
644 1904 828 1948 approbatis
863 1907 892 1937 ct
922 1903 1090 1943 innovat.is;
1115 1904 1183 1947 qui-

441 1957 499 1990 bus
524 1958 670 1990 omnibus
695 1962 725 1990 et
749 1957 890 1999 singulis,
912 1962 980 1996 etc„
1006 1956 1184 2000 specialiter

442 2016 471 2042 et
503 2021 650 2054 expresse
682 2010 889 2052 derogamus3
915 2010 1089 2053 ceterisque
1114 2021 1183 2043 con-

443 2065 546 2097 trariis
566 2065 827 2107 quibuscumque.

486 2119 500 2161 {¹
519 2118 546 2150 7.
558 2118 708 2150 Volumus
722 2121 836 2158 autem,
848 2122 882 2149 ut
899 2116 1080 2149 earumdem
1097 2128 1183 2161 prae—

442 2173 574 2205 sentium
602 2171 816 2215 transumptis,
841 2181 953 2211 manu,
978 2176 1050 2213 etc„
1071 2171 1180 2204 eadem

441 2236 571 2269 prorsus
590 2225 666 2257 sides
690 2224 806 2268 ubique
830 2225 971 2257 locorum
993 2229 1055 2257 tani
1083 2224 1113 2257 in
1139 2225 1181 2258 iu-

440 2279 522 2312 dicio
547 2289 640 2322 quam
664 2281 750 2311 extra
768 2277 964 2318 adhibeatur,
990 2288 1069 2321 quae
1095 2278 1181 2322 ipsis-

440 2338 503 2365 met
528 2331 745 2376 praesentibus
778 2331 998 2374 adhiberetur,
1024 2331 1049 2364 si
1078 2333 1180 2366 forent

439 2386 605 2428 exhibitae,
631 2389 688 2419 etc.

482 2440 593 2472 Datum
620 2440 748 2479 Romae,
773 2438 856 2482 apud
876 2438 905 2472 S.
929 2438 1056 2471 Mariam
1082 2438 1176 2472 Maio·

438 2503 516 2532 rem,
533 2493 589 2525 sub
603 2492 718 2526 annulo
737 2492 914 2533 piscatoris,
932 2491 982 2525 die
999 2502 1020 2524 11
1038 2492 1177 2526 octobris

438 2556 565 2586 uocux,
590 2547 790 2590 pontificatus
814 2545 914 2580 nostri
939 2555 1021 2579 anno
1045 2555 1075 2579 v.

474 2609 532 2636 liat.
549 2609 593 2635 die
608 2609 623 2634 τὶ
640 2609 758 2635 octobris
776 2609 859 2643 1659,
878 2608 976 2643 pontis.
993 2616 1036 2635 an.
1054 2615 1080 2634 v.

1046 205 1140 229 BULLA
1147 205 1221 229 HIUM
1250 204 1400 229 nonaum!

1524 251 1668 285 CCLXIV.

1228 324 1413 356 Declaratz'o
1449 323 1628 367 apostolica
1662 333 1720 366 pro
1756 323 1967 356 universitate

1270 377 1375 409 studii
1398 376 1559 419 qaum-atis
1586 376 1833 419 Complutensis,
1857 381 1893 409 ut
1918 377 1967 409 de-

1270 431 1378 472 inceps
1403 430 1440 461 in
1466 429 1607 462 licentiis
1632 429 1809 472 tleeoloqiae
1833 439 1898 461 non
1922 430 1967 471 fe-

1269 487 1346 515 rant
1371 486 1478 515 votum
1500 482 1569 515 nisi
1588 482 1643 514 illi
1662 482 1813 522 doctores,
1834 482 1894 525 qui
1917 482 1968 515 vel

1267 545 1326 578 per
1342 546 1396 568 sex
1413 545 1534 567 menses
1552 535 1719 568 continuos
1743 539 1819 568 ante
1843 534 1966 568 dictum

1269 593 1378 621 votum
1409 587 1578 631 serendum
1600 592 1784 631 praesentes
1817 589 1853 621 in
1881 588 1967 621 dictu*

1268 641 1480 674 universitate
1504 641 1681 684 adfuerint,
1698 641 1747 674 vel
1770 641 1886 673 saltem
1909 640 1967 674 ad-

1268 695 1393 738 fuerint
1409 699 1593 739 praesentes
1610 698 1752 737 quatuor
1765 693 1887 727 actibus
1903 694 1968 727 sin-

1268 748 1422 791 yulorum
1455 748 1715 781 concurrentium
1749 747 1791 780 acl
1816 747 1964 780 licentias

1268 812 1306 834 cas
1327 802 1368 834 iis
1388 812 1467 845 quos
1491 812 1549 845 pro
1571 800 1702 834 licentia
1719 801 1895 834 obtinenda
1913 801 1964 844 fa-

1267 865 1334 887 cere
1358 855 1503 888 (leheim.

1416 935 1584 962 Alexander
1605 935 1683 969 Papa
1703 936 1766 966 vu,

1365 982 1400 1006 ad
1421 980 1552 1007 futuram
1572 980 1617 1007 rei
1638 980 1819 1007 memoriam.

1267 1052 1372 1094 Nuper
1406 1061 1464 1095 pro
1497 1056 1586 1095 parte
1611 1051 1796 1084 dilectorum
1824 1050 1962 1084 filiorum

1223 1104 1353 1137 rectoris
1371 1108 1399 1136 et
1413 1104 1546 1136 aliorum
1570 1103 1780 1136 universitatis
1795 1103 1888 1136 studii
1909 1113 1962 1146 ge-

1220 1157 1335 1189 neralis
1347 1157 1576 1200 Complutensis
1593 1157 1683 1190 nobis
1701 1157 1876 1200 expositum
1895 1156 1961 1196 suit,

1221 1211 1303 1253 (ptod
1323 1221 1378 1253 per
1395 1215 1508 1243 statuta
1527 1210 1627 1244 dictae
1648 1210 1870 1249 universitatis,
1889 1209 1960 1243 Sedi

1222 1264 1418 1307 Apostolicae
1445 1263 1621 1295 immediate
1649 1263 1817 1304 subiectae,
1842 1262 1960 1295 dudum

1220 1328 1236 1349 a
1262 1317 1360 1349 bonae
1384 1316 1555 1349 memoriae
1581 1317 1748 1348 Franciseo
1783 1316 1857 1348 dum
1889 1316 1961 1348 vixit

1220 1372 1248 1404 S.
1277 1371 1308 1403 u.
1336 1371 1367 1403 Ε.
1394 1370 1549 1402 cardinale
1582 1370 1728 1402 Ximenez
1760 1369 1797 1401 de
1825 1369 1960 1414 Cvneros

1220 1429 1409 1467 nuncupato,
1426 1423 1575 1455 eeclesiae
1591 1423 1757 1455 Toletanac
1778 1433 1813 1455 ex
1832 1433 1961 1456 eonces-

1219 1477 1306 1509 sione
1337 1481 1366 1508 et
1399 1476 1629 1519 dispensatione
1664 1475 1835 1519 apostolica
1873 1485 1960 1519 prae-

1219 1529 1296 1569 sule,
1314 1529 1498 1561 auctoritate
1524 1529 1622 1561 felicis
1647 1528 1873 1561 recordationis
1894 1528 1960 1561 Ale-

1220 1582 1327 1615 xandri
1365 1583 1464 1625 Papae
1500 1582 1536 1614 VI
1573 1582 1824 1625 praedecessoris
1860 1581 1959 1614 nostri

1219 1636 1353 1676 condita,
1379 1646 1444 1679 cap.
1479 1645 1567 1678 κων,
1594 1645 1671 1675 xLV,
1697 1645 1769 1668 XLvI
1799 1640 1829 1668 et
1860 1645 1958 1676 nvn,

1219 1689 1300 1722 inter
1325 1689 1382 1721 alia
1409 1695 1545 1730 cavetur,
1572 1688 1654 1732 quod
1680 1698 1788 1721 omnes
1813 1688 1958 1722 doctore-s

1219 1742 1413 1784 theologicae.
1439 1742 1592 1774 facultatis
1610 1741 1749 1774 eiusdem
1771 1741 1956 1775 universita-

1220 1795 1256 1828 tis
1283 1795 1403 1828 aetibus
1430 1794 1632 1838 theologicis,
1657 1805 1735 1838 quos
1772 1794 1815 1827 illi
1841 1794 1893 1838 qui
1919 1794 1958 1827 ad

1217 1849 1472 1881 baccalaureatus
1509 1854 1538 1881 et
1575 1848 1707 1880 subinde
1742 1847 1780 1880 ad
1813 1847 1956 1881 licentiae

1217 1901 1333 1944 gradus
1355 1901 1384 1933 in
1411 1901 1518 1933 eadem
1538 1901 1715 1944 theologica
1733 1901 1877 1934 facultate
1901 1900 1956 1933 ad-

1217 1956 1339 1998 spirant
1378 1961 1448 1988 octo
1483 1965 1617 1988 numero
1660 1956 1836 1987 successive
1867 1954 1956 1988 obire

1217 2008 1340 2049 debent,
1366 2009 1516 2041 interesse
1542 2013 1572 2040 et
1597 2008 1626 2040 in
1653 2008 1713 2040 illis
1741 2018 1876 2051 arguere
1900 2018 1956 2041 seu

1216 2067 1402 2105 argumenta
1426 2071 1604 2105 proponere
1629 2066 1783 2102 tenentur,
1808 2061 1955 2105 quodque

1216 2116 1309 2148 iidem
1346 2116 1491 2149 doctores
1522 2126 1578 2160 per
1607 2116 1732 2148 cedulas
1757 2121 1892 2148 secretas
1917 2126 1954 2149 ex

1214 2169 1427 2203 baccalaureis
1460 2169 1601 2202 formatis
1637 2169 1776 2213 primum
1808 2169 1953 2202 licentiae

1214 2223 1312 2266 gradu
1339 2223 1582 2266 insigniendum,
1607 2222 1751 2256 habendo
1775 2222 1953 2267 principali-

1215 2281 1260 2311 ter
1275 2281 1450 2321 respectum
1470 2277 1509 2309 ad
1525 2276 1742 2309 sufficientiam
1762 2276 1951 2318 litterarum,

1213 2331 1323 2363 deinde
1349 2330 1542 2372 secundum,
1567 2335 1674 2374 postea
1704 2329 1840 2371 tertium,
1854 2334 1883 2362 et
1907 2329 1951 2366 sic

1212 2384 1359 2428 deinceps
1383 2384 1527 2417 similiter
1545 2384 1661 2426 eligere
1681 2383 1803 2425 debent,
1830 2388 1860 2416 et
1875 2383 1950 2416 alias

1210 2443 1305 2481 prout
1335 2437 1365 2470 in
1397 2437 1513 2470 eisdem
1539 2437 1661 2470 statutis
1684 2437 1812 2470 uberius
1835 2436 1949 2470 dicitur

1211 2490 1373 2524 contineri.

1247 2563 1256 2588 1
1281 2561 1318 2589 De
1337 2561 1388 2589 hoe
1408 2561 1520 2597 collegio
1541 2561 1600 2588 vide
1619 2569 1692 2597 supr.
1714 2562 1804 2589 Consi.
1825 2567 1901 2589 CCLVI
1921 2564 1948 2589 et

1208 2613 1295 2635 cctvn
1316 2606 1393 2634 huius
1412 2606 1550 2634 Pontificis
1568 2614 1628 2642 pag.
1650 2606 1696 2634 491
1719 2614 1774 2641 seq.

1983 203 2031 228 Αη.
2052 203 2078 229 C.
2097 205 2162 232 1⁶59

2004 1058 2146 1085 Suppliealio.

2220 1489 2226 1527 ,ᾳ
2217 686 2228 1463 —s-—W-«-
2218 559 2222 668 .-.,-

2236 1725 2243 1915 Ᾰ--ᾳῌ
2237 1603 2243 1709 ——-
2238 1432 2243 1574 ⁴.—
2234 1169 2243 1381 Q

2219 1668 2226 1861 sm*
2220 1625 2225 1648 .-
2223 1593 2225 1597 ,
