2243 3205
879 184 974 208 INDEX
1000 183 1103 207 amaru
1647 172 1711 207 803

306 237 425 282 eligere
449 238 587 273 iudicem
622 244 894 278 conservatorem,
917 237 980 270 622
1007 237 1039 272 h:
1065 236 1269 269 Discaleeatis
1302 236 1386 269 illius
1417 236 1544 270 Ordinis
1570 237 1758 270 conceditur

307 298 483 326 conventus
506 293 538 326 B.
563 292 646 326 Petri
671 292 805 325 Nolasco
832 292 863 324 in
888 293 972 324 terra
998 291 1097 323 Rocca
1123 289 1156 321 <li
1180 290 1286 333 Papa,
1313 289 1377 322 025
1402 301 1420 322 α
1446 296 1476 323 et
1501 302 1574 333 seq„
1592 296 1622 323 et
1643 289 1705 322 757
1724 302 1756 323 α.

217 345 333 379 Mariae
358 346 423 389 (B.)
448 345 573 389 Regalis
598 345 636 378 de
662 345 867 378 Maubuisson
893 343 1122 377 monasterium
1150 343 1337 376 monialium
1366 343 1492 377 Ordinis
1526 343 1756 383 Cisterciensis,

307 398 462 433 dioecesis
487 398 688 439 Parisiensis,
715 397 779 430 692
804 397 833 429 b.

218 452 333 486 Mariae
358 452 420 496 (B.)
445 451 604 486 Fuliensis
629 450 838 494 Congregatio
864 449 990 483 Ordinis
1011 449 1228 484 Cisterciensis
1252 451 1391 484 nationis
1418 450 1607 493 Gallicanae,
1636 451 1698 484 7'10
1723 462 1757 490 (13

306 505 450 539 decernit
474 510 508 538 ut
532 505 565 536 in
591 503 732 548 capitulo
750 504 916 547 culparum
935 503 1032 536 etiam
1052 504 1165 536 fratres
1187 504 1330 537 conversi
1356 505 1506 538 assistant
1534 516 1605 538 cum
1632 504 1758 538 clericis

309 565 340 592 et
363 559 598 597 sacerdotibus,
625 557 701 590 ibid.

215 612 330 646 Mariae
356 611 417 655 (S.)
442 611 555 644 Montis
579 610 717 654 Regalis,
744 609 812 642 ride
836 610 940 643 Abhas
966 610 995 643 S.
1021 610 1139 644 Mariae
1164 611 1277 644 Montis
1302 611 1442 654 Regalis.

217 665 334 699 Marius
364 664 529 698 Venturini
561 663 687 697 Ordinis
717 664 852 697 fratrum
884 665 996 697 heatae
1029 664 1146 698 Mariae
1178 664 1217 697 de
1246 665 1352 698 Monte
1376 664 1521 698 Carmelo
1546 665 1635 709 prior
1660 675 1757 708 gene-

307 719 400 760 ralis,
430 718 470 751 12
494 718 520 751 b.

219 773 370 807 Martinus
395 773 433 805 de
458 773 571 814 Redin,
591 772 678 816 prior
695 772 861 812 Navarrae,
881 771 1012 815 eligitur
1038 773 1070 805 in
1095 782 1247 815 magnum
1266 773 1452 815 magistrum
1470 772 1639 815 hospitalis
1659 772 1688 806 S.
1711 773 1758 806 Io-

306 827 397 861 annis
421 826 702 870 Hierosolymitani
730 832 841 859 contra
866 825 1028 859 decretum
1054 825 1254 868 inquisitoris
1280 825 1433 867 Melitani,
1453 825 1516 858 ⁶296
1535 837 1574 866 (c,
1603 827 1758 860 electores

305 880 517 914 absolvuntur
541 892 558 914 a
583 879 742 920 censuris,
770 878 844 911 ibid.

218 934 373 968 Martinus
399 934 542 968 Grandia
567 945 652 967 unus
678 944 715 967 ex
736 933 837 966 trihus
862 931 1042 966 rectoribus
1068 931 1353 966 Carmelitanarum
1380 933 1637 966 Excalceatarum
1658 933 1756 966 Fran-

308 989 388 1028 ciae,
415 987 480 1021 615
504 998 534 1020 α.

219 1042 390 1075 Masserani
418 1047 449 1074 et
475 1040 648 1074 Crevacorii
674 1040 831 1084 principis
857 1039 1091 1074 controversiae
1116 1050 1188 1072 cum
1223 1039 1289 1072 suis
1319 1040 1482 1081 subditis,
1513 1038 1572 1072 ‘lO‘l
1602 1039 1635 1077 b;
1660 1040 1759 1083 depu-

307 1100 393 1128 tatur
417 1095 614 1139 gubernator
638 1093 670 1126 in
695 1093 781 1127 dieto
806 1092 989 1137 principatu
1015 1092 1052 1124 ad
1079 1103 1131 1125 cas
1156 1093 1415 1137 componendas,
1442 1093 1505 1126 2602
1530 1094 1558 1126 I).

219 1148 388 1182 Masserani
414 1149 571 1192 oppidum
597 1147 808 1181 Vercellensis
832 1147 1009 1186 dioecesis,
1036 1146 1099 1179 4:38
1126 1147 1157 1187 ὂς
1187 1148 1312 1180 ceditur
1336 1147 1409 1180 sedi
1435 1148 1651 1191 Apostolicae,
1680 1147 1755 1180 ibid.

309 1208 339 1234 et
363 1212 438 1245 seq.;
462 1201 495 1233 in
520 1201 628 1234 causis
659 1210 811 1233 recursus
843 1200 998 1233 habeatur
1030 1199 1067 1232 ad
1101 1200 1259 1234 nuncium
1291 1200 1375 1244 apud
1409 1200 1588 1234 Sabaudiae
1620 1200 1757 1241 ducem,

307 1253 372 1288 586
397 1255 413 1286 b
439 1260 469 1288 et
494 1265 555 1298 seq.
1053 1252 1056 1254 ’

219 1307 357 1341 Medices
383 1307 468 1341 card.
499 1307 642 1346 Carolus,
669 1306 683 1338 1
713 1307 741 1339 b.

218 1361 362 1395 Medinae
387 1361 545 1405 Sydoniae
571 1361 631 1394 dux
666 1360 905 1404 iuspatronatus
936 1360 1031 1393 habet
1063 1370 1159 1404 super
1188 1360 1351 1404 provincia
1382 1361 1543 1394 Minorum
1575 1361 1757 1405 Hispaniae,

309 1414 374 1447 553
399 1426 418 1447 α
445 1420 475 1448 et
499 1425 560 1458 seq.

216 1467 429 1502 Mendioantes
462 1467 595 1501 transire
628 1473 793 1510 nequeunt
826 1466 865 1499 ad
890 1466 1139 1507 carthusianos,
1163 1467 1227 1500 nisi
1253 1474 1376 1502 constet
1402 1468 1441 1501 de
1465 1468 1564 1512 petita
1589 1468 1716 1502 licentia
1743 1479 1760 1501 a

307 1521 373 1554 suis
398 1520 633 1565 superioribus,
661 1520 703 1553 35
728 1531 758 1553 α.

220 1573 381 1618 Menulphi
407 1574 469 1617 (S.)
495 1573 682 1606 monialium
708 1575 939 1608 monasterium
964 1575 1091 1609 Ordinis
1116 1576 1147 1609 S.
1180 1576 1344 1609 Benedicti
1369 1576 1575 1610 Bituricensis
1606 1576 1759 1610 dioecesis

309 1628 382 1661 Sedi
407 1628 608 1671 Apostolicae
633 1627 835 1662 immediatae
867 1629 1067 1671 subiectum,
1094 1630 1135 1663 45
1160 1642 1199 1671 ag
1224 1630 1343 1664 nuncio
1369 1630 1518 1663 Franciae
1551 1631 1761 1664 committitur

308 1680 388 1714 illud
412 1680 551 1722 visitare,
578 1681 656 1716 ibid.

218 1734 350 1768 Micha'e'l
375 1734 414 1768 de
439 1735 606 1768 Aleantara
630 1735 765 1769 vicarius
799 1736 958 1778 generalis
992 1736 1099 1770 ltaliae
1124 1742 1154 1769 et
1179 1743 1367 1780 procurator
1398 1737 1557 1780 generalis
1584 1737 1680 1770 totius
1705 1736 1760 1770 Or-

308 1788 391 1821 dinis
415 1788 525 1822 beatae
551 1788 667 1821 Mariae
693 1788 731 1821 de
756 1789 899 1822 Mercede
924 1789 1163 1833 Redemptionis
1191 1790 1413 1834 Captivorum,
1440 1790 1481 1823 ⁶26
1506 1791 1533 1823 h.

218 1841 422 1875 Minimorum
447 1842 549 1875 sancti
575 1842 733 1875 Francisci
759 1843 796 1875 de
821 1843 917 1875 Paula
937 1842 1032 1876 Ordo.
1056 1843 1337 1877 Contirmationem
1359 1844 1479 1877 oblinet
1506 1855 1635 1877 suorum
1661 1845 1765 1888 privis

308 1897 481 1939 legiorum,
501 1896 541 1929 76
559 1897 592 1937 er,
614 1908 651 1930 ex
669 1897 794 1930 duabus
812 1896 983 1940 p1·ov‘.nciis
1004 1896 1164 1929 Vallonica
1189 1897 1312 1930 scilicet
1337 1903 1365 1930 et
1390 1897 1557 1931 Flandrica
1582 1898 1618 1931 fit
1642 1899 1758 1931 iterum

307 1960 370 1983 una
395 1954 517 1983 tantum
543 1951 716 1993 prox-incia,
746 1951 841 1983 modo
867 1956 973 1983 tamen
990 1955 1019 1983 et
1036 1951 1137 1983 forma
1154 1951 1420 1994 praescribendis,
1440 1951 1481 1983 95
1499 1956 1528 1984 ct
1543 1963 1620 1995 seqq,
1640 1952 1758 1985 extrahi

306 2008 472 2047 nequeunt
488 2003 559 2036 libri
578 2004 616 2036 ab
634 2003 767 2037 istorum
787 2003 1003 2039 bibliothecis.
1021 2004 1085 2037 499
1102 2005 1138 2045 b,
1164 2015 1282 2038 novum
1303 2005 1461 2038 decretum
1477 2005 1583 2048 quoad
1601 2011 1759 2039 correcto-

306 2066 355 2089 res
375 2056 582 2099 provinciales
601 2056 675 2090 dicti
695 2056 835 2098 Ordinis,
856 2059 941 2101 quod
967 2058 1125 2101 completo
1143 2069 1254 2092 eorum
1280 2059 1385 2093 officio
1410 2070 1474 2092 non
1499 2059 1623 2102 possint
1647 2059 1757 2102 reeligi

308 2119 364 2152 per
387 2120 441 2143 sex
467 2120 565 2143 annos
584 2109 767 2144 immediate
785 2117 964 2154 sequentes,
985 2111 1048 2144 452
1066 2112 1082 2143 b
1100 2118 1127 2145 ct
1146 2123 1222 2156 serp,
1235 2113 1305 2145 'vide
1325 2112 1485 2145 Francisci
1506 2113 1568 2155 (S.)
1587 2113 1624 2145 de
1647 2112 1754 2145 Paula.

220 2162 462 2196 Ministrantium
490 2163 629 2196 lnfirmis
654 2164 755 2205 Ordo,
782 2165 851 2197 vide
875 2165 958 2199 Ordo
983 2165 1227 2199 Ministranlium
1252 2166 1402 2199 Infirmis.

218 2216 373 2249 Minorum
399 2216 495 2257 Ordo,
518 2217 590 2249 vide
615 2217 645 2250 S.
674 2217 845 2252 Francisci.

219 2270 343 2303 Missale
368 2269 486 2313 gallico
511 2270 663 2305 idiomate
688 2272 879 2315 impressum
906 2273 1105 2315 prohibetur,
1131 2272 1194 2305 (345
1219 2273 1235 2305 b
1260 2278 1290 2305 et
1315 2284 1375 2316 seq.

219 2321 427 2356 Missionibus
461 2324 673 2361 Hollandiae.
702 2331 946 2368 ceterarumque
979 2325 1214 2369 provinciarum
1246 2326 1406 2359 unitarum
1442 2325 1586 2370 providet
1620 2325 1754 2357 Alexan-

309 2376 364 2409 der
386 2373 457 2416 Vll,
484 2376 520 2409 41
550 2388 589 2418 a;
616 2377 807 2411 missionarii
834 2378 866 2411 in
891 2379 954 2411 illis
979 2379 1164 2422 regionibus
1189 2381 1289 2421 legata
1310 2385 1475 2422 acceptare
1500 2382 1664 2422 nequeunt
1688 2377 1756 2409 sine

308 2429 436 2464 licentia
462 2430 553 2463 Sedis
577 2431 790 2475 Apostolicae,
819 2432 919 2472 2·bice.;
946 2433 1014 2465 lites
1041 2433 1124 2466 inter
1148 2433 1269 2465 clerum
1295 2433 1472 2465 secularem
1491 2437 1521 2464 et
1539 2430 1758 2474 missiouarios

308 2483 519 2526 suscitantur,
547 2483 606 2517 231
636 2485 652 2516 b
669 2491 698 2518 et
719 2496 798 2529 seq.;
817 2486 982 2519 decretum
1000 2485 1257 2529 congregationis
1275 2486 1314 2519 de
1334 2484 1545 2528 Propaganda
1570 2483 1645 2517 Fide
1662 2493 1758 2526 super

307 2537 368 2570 illis
392 2548 410 2569 a
433 2536 513 2571 Sede
538 2538 722 2581 Apostolica
747 2538 969 2580 confirmatur,
996 2537 1060 2571 238
1085 2538 1102 2570 h
1126 2544 1155 2571 et
1181 2549 1242 2582 seq.

220 2589 376 2625 missionis
401 2590 610 2635 Congregatio
635 2591 667 2624 in
690 2591 802 2634 Gallia,
827 2593 899 2626 vide
924 2591 1136 2635 Congregatio
1161 2590 1325 2626 Missionis.
