2243 3205
54 174 91 201 An
119 173 145 197 C.
170 170 235 198 ie59

88 1563 168 1584 Deinde
177 1562 245 1583 indul·

64 1592 97 1616 μοι
108 1592 130 1610 ut
147 1590 187 1609 iarn
198 1594 245 1615 pro-

63 1617 107 1638 batt
129 1622 170 1637 non
185 1621 245 1636 reno-

64 1645 192 1663 ventannum
200 1648 247 1668 pro·

63 1669 158 1690 bati-mis.

85 2305 206 2336 ΙΙΊιϊιί·Ι-.ιι-ι
226 2306 253 2325 ir-

73 2334 143 2354 ritant.

115 2557 257 2583 exequutores

79 2581 170 2609 deputat.

830 167 1014 194 AOEKANDEP.
1039 167 1083 192 vlt
1107 167 1157 192 1²1¹.

247 219 456 251 iuramentum
483 224 514 251 ut
540 228 635 262 supra
659 219 862 262 praestitum,
889 218 926 250 de
947 217 982 250 ti-

247 272 348 304 centia
374 271 544 315 praepositi
563 271 719 314 generalis
737 271 782 304 vel
808 271 985 315 provincia-

247 324 294 367 lis,
308 324 345 357 ad
363 335 471 358 omnes
489 335 594 358 sacros
608 330 637 357 et
651 324 885 369 presbyteratus
901 323 986 357 ordi-

247 387 313 418 nes,
327 378 456 412 servatis
481 377 652 418 servandis,
670 377 850 421 promoveri
867 377 987 409 valeant

248 429 287 462 ad
304 430 428 463 titulum
442 431 598 474 praefatae
613 430 882 473 Congregationis,
897 435 927 463 et
941 440 988 463 or-

249 484 350 516 dinari
371 494 387 516 a
405 494 605 528 quocumque
623 484 778 518 catbolico
798 484 934 518 antistite
951 483 987 516 ad

249 547 358 570 omnes
383 537 520 577 ordines,
537 548 607 570 cum
634 538 708 570 solis
739 537 928 571 dimissoriis
955 537 986 569 il-

248 590 309 623 lius
333 591 493 634 episcopi,
520 591 550 622 in
576 591 665 623 cuius
690 590 824 624 dioecesi
851 591 986 623 existunt

250 643 381 686 collegia
406 654 460 676 seu
485 644 597 677 domus
619 645 649 676 in
676 645 791 688 quibus
811 644 929 687 degunt
953 644 991 677 de

250 695 368 729 familia
394 697 487 729 iidem
509 697 614 729 cleriei
634 697 686 740 qui
706 697 742 729 ad
769 697 896 730 ordines
920 708 992 741 pro-

252 750 369 783 moveri
395 750 584 790 desiderant,
606 751 772 784 contrariis
789 751 991 794 quilmscum-

251 813 311 848 que
337 814 398 836 non
424 803 642 842 obstantibus,
669 804 709 835 ita
735 808 837 836 tamen
863 809 896 836 ut
914 803 993 847 capi-

252 857 350 889 tulum
377 857 525 899 generale
549 857 596 889 vel
622 856 836 889 definitorium
864 857 993 889 minime

252 910 411 954 dispenset
435 920 489 943 seu
524 910 638 942 relaxet
672 910 850 942 huiusmodi
887 916 992 943 votum

253 974 308 996 seu
334 961 544 997 iuramentum
582 963 673 995 alicui
705 974 739 995 ex
778 964 931 1007 promotis
956 964 993 996 ad

253 1027 359 1050 sacros
384 1016 528 1056 ordines,
549 1017 606 1048 nisi
629 1017 686 1048 sibi
708 1017 795 1060 prius
820 1017 996 1050 constiterit

254 1070 347 1102 etiarn
369 1079 404 1102 ex
424 1069 534 1103 litteris
557 1068 818 1102 testimonialibus
837 1069 993 1102 Ordinarii

254 1122 313 1155 loci
340 1133 410 1155 eum
437 1123 561 1155 aliunde
588 1122 704 1155 babere
731 1122 811 1155 unde
829 1123 995 1155 commode.

254 1177 420 1209 sustentari
446 1176 554 1220 possit.
580 1176 666 1215 Quod
689 1176 711 1208 si
739 1176 862 1220 aliquis,
888 1176 995 1208 liuius-

256 1229 341 1263 modi
373 1230 453 1263 votis
485 1235 513 1262 et
547 1230 722 1263 iuramento
755 1235 785 1262 ut
820 1230 996 1273 praefertur

255 1283 388 1324 emissis,
411 1283 476 1316 sine
499 1283 731 1326 dispensatione
750 1290 779 1316 et
804 1283 996 1316 relaxatione

256 1337 384 1381 praevia
404 1337 569 1370 recesserit
593 1347 610 1369 a
635 1337 716 1369 dicta
736 1337 996 1380 Congregatione,

257 1401 294 1424 eo
316 1391 384 1434 ipso
404 1393 565 1423 remaneat
585 1400 756 1434 suspensus
776 1390 876 1424 donec
894 1390 998 1423 b'uius-

258 1444 343 1478 modi
364 1443 629 1487 dispensationem
654 1449 679 1476 et
703 1444 925 1477 relaxationem
949 1444 1000 1477 ob-

258 1497 395 1530 tinuerit.
507 1492 510 1496 ’

304 1551 319 1594 ἓ,
343 1550 372 1583 4.
398 1550 573 1590 Praeterea,
597 1554 632 1582 ut
657 1560 776 1590 omnes,
799 1550 851 1594 qui
877 1561 894 1582 a
914 1561 1000 1594 prae-

259 1603 344 1637 dicto
368 1613 450 1636 anno
467 1612 618 1636 MDCvan
635 1613 735 1647 usque
752 1603 784 1635 in
803 1609 998 1646 praesentem

259 1657 342 1691 diem
369 1657 400 1690 in
424 1657 538 1690 dictam
565 1657 848 1700 Congregationem
875 1658 999 1690 suerunt

260 1711 406 1751 admissi,
431 1711 461 1743 in
487 1712 585 1754 eaque
615 1721 673 1754 per
702 1721 817 1743 annum
844 1711 1000 1754 integrum

260 1765 293 1798 in
324 1765 511 1808 probatione
546 1769 721 1809 steterunt,
753 1769 918 1807 postquam
945 1774 1003 1808 per

260 1817 338 1850 alios
362 1817 440 1851 duos
466 1827 588 1850 menses
612 1818 643 1849 in
673 1817 782 1849 eadem
817 1817 1003 1861 probatione

261 1871 434 1903 manserint
459 1870 489 1902 in
516 1870 657 1913 collegiis
693 1871 740 1903 vel
777 1870 1002 1911 domilms,'in

261 1924 376 1968 quibus
400 1924 437 1956 ad
464 1934 611 1967 praesens
637 1929 888 1965 commorantur,
915 1925 939 1957 si
965 1935 996 1956 a-

261 1978 381 2021 lioquin
414 1978 534 2010 babiles
566 1977 683 2010 inventi
721 1977 856 2018 suerint,
882 1977 919 2010 ad
944 1978 1004 2010 tria

264 2037 334 2065 vota
362 2031 516 2075 simplicia
544 2040 667 2064 necnon
693 2030 730 2063 ad
759 2036 865 2063 votum
897 2041 1003 2075 perse-

262 2085 390 2119 verandi
415 2090 568 2128 perpetuo
593 2084 623 2116 in
649 2084 757 2117 eedem
780 2084 1005 2128 Congregatio-

263 2149 322 2180 ne,
354 2144 388 2172 ut
412 2139 596 2182 praeserur,
628 2137 748 2170 admitti
778 2137 876 2170 libere
905 2148 941 2171 ac
969 2138 1005 2170 li-

266 2192 326 2226 cite
349 2192 492 2232 valeant,
517 2191 702 2224 auctoritate
728 2196 757 2223 et
786 2197 895 2224 tenore
920 2201 1005 2235 prae—

266 2245 357 2278 dictis
381 2244 500 2288 pariter
524 2244 733 2287 indulgemus.

313 2298 327 2341 g
351 2298 380 2330 5.
403 2299 609 2331 Decernentes
624 2298 746 2330 easdem
766 2302 944 2340 praesentes
962 2297 1008 2329 lit-

268 2357 351 2385 teras
377 2361 501 2394 semper
526 2352 725 2391 ti1·mas,etc.;
744 2351 851 2394 sicque
872 2351 901 2382 in
921 2361 1007 2394 prac-

268 2405 372 2438 missis
397 2415 453 2449 per
477 2415 693 2449 quoscumque
719 2405 845 2444 iudices,
870 2410 939 2445 eto,
957 2404 1009 2437 de-

269 2459 361 2492 sinire
385 2459 511 2499 debere,
536 2468 571 2490 ac
597 2458 719 2491 irritum
742 2463 772 2490 et
800 2458 901 2499 inane,
922 2458 944 2491 si
963 2468 1010 2491 se-

270 2523 335 2554 cUS,
353 2516 422 2549 etc„
440 2512 607 2554 contigerit
623 2512 777 2545 attentari.

317 2567 331 2610 ξ
355 2566 385 2599 a.
414 2566 566 2605 Quocirca
603 2565 833 2598 venerabililms
864 2565 1012 2600 fratribus

1668 154 1730 189 499
1778 164 1866 189 Aac.
1893 164 1957 191 1059

1018 214 1265 258 archiepiscopis
1304 214 1509 247 Avenionensi
1545 213 1591 246 rel
1634 212 1758 246 Narbo-

1019 269 1106 301 nensi
1133 273 1184 300 aut
1210 267 1332 300 dilectis
1350 267 1420 299 siliis
1438 278 1547 300 eorum
1576 266 1763 299 officialibus

1019 332 1076 365 per
1101 326 1280 365 praesentes
1313 320 1539 353 committimus
1573 324 1602 352 et
1635 318 1763 352 manda-

1021 386 1102 416 mus,
1127 380 1282 418 quatenus
1306 374 1364 418 ipsi
1392 374 1436 405 vel
1459 384 1567 407 eorum
1595 384 1675 405 unus
1703 382 1765 405 eas-

1021 429 1092 462 dem
1113 434 1294 472 praesentes
1318 428 1437 460 litteras
1463 433 1491 460 et
1510 428 1539 459 in
1556 427 1600 460 eis
1619 431 1765 460 contenta

1022 492 1251 526 quaecumque,
1277 481 1329 514 ubi
1349 487 1378 514 et
1396 481 1520 525 quando
1549 491 1630 524 opus
1660 480 1766 520 fuerit,

1024 542 1050 569 et
1066 536 1189 579 quoties
1202 546 1260 579 pro
1270 538 1357 578 parte
1369 534 1557 567 clericorum
1573 533 1764 567 secularium

1024 589 1124 622 dictae
1141 588 1402 631 Congregationis
1424 598 1476 620 seu
1496 587 1627 620 alicuius
1643 598 1766 627 eorum,

1025 643 1199 675 aliorumve
1216 642 1252 674 ad
1268 653 1346 685 quos
1360 647 1480 686 spectat
1499 648 1528 673 et
1546 653 1604 685 pro
1624 647 1767 685 tempore

1026 696 1195 740 spectabit,
1222 696 1336 727 suerint
1361 695 1523 740 requisiti,
1550 706 1604 738 per
1636 705 1686 734 se,
1720 695 1767 727 vel

1027 750 1133 789 alium,
1160 760 1213 781 sen
1240 745 1327 788 alios,
1354 748 1538 781 solemniter
1562 748 1768 792 publicantes,

1028 804 1151 847 illisque
1173 803 1202 835 in
1221 793 1404 846 praemissis
1425 802 1559 834 etlieacis
1579 801 1768 834 defensionis

1029 857 1185 900 praesidio
1211 857 1411 895 assistentes,
1438 855 1548 887 saciant
1582 854 1769 887 auctoritate

1029 912 1133 943 nostra
1162 910 1232 943 illos
1258 913 1287 943 et
1315 919 1425 941 eorum
1455 908 1595 951 singulos
1629 908 1768 951 ipsarum

1028 964 1240 1007 praesentium
1279 963 1453 995 litterarum
1492 961 1602 995 effectu
1641 961 1770 1005 pacifice

1030 1018 1088 1049 frui
1108 1022 1137 1049 et
1158 1017 1305 1059 gaudere,
1331 1026 1392 1048 non
1418 1015 1636 1059 permittentes
1660 1014 1730 1047 illos
1755 1024 1771 1046 a

1030 1082 1187 1114 quoquam
1214 1071 1349 1114 desuper
1362 1070 1498 1102 indebite
1513 1069 1684 1109 molestari,
1702 1079 1771 1112 per-

1030 1125 1149 1156 turbari
1170 1125 1215 1157 vel
1232 1123 1669 1167 inquietari,contradictores
1683 1132 1773 1165 quos-

1030 1179 1104 1211 libet
1132 1184 1161 1210 et
1186 1179 1335 1218 rebelles,
1361 1183 1386 1210 et
1414 1177 1595 1221 praemissis
1620 1187 1682 1209 non
1718 1186 1772 1220 pa-

1032 1235 1155 1271 rentes,
1182 1232 1322 1265 censuris
1347 1236 1376 1265 et
1400 1231 1509 1274 poenis
1535 1227 1773 1269 ecclesiasticis,

1032 1286 1163 1329 aliisque
1189 1286 1265 1318 iuris
1291 1291 1320 1318 et
1345 1286 1414 1318 faeti
1448 1284 1615 1325 remediis,
1640 1284 1775 1328 appella-

1033 1340 1115 1373 tione
1140 1340 1323 1383 postposita,
1352 1338 1591 1382 compescendo,
1616 1338 1776 1380 legitimis-

1033 1404 1093 1436 que
1119 1403 1214 1436 super
1239 1393 1286 1425 bis
1313 1392 1465 1424 habendis
1494 1391 1623 1424 serratis
1652 1401 1776 1434 proces-

1034 1446 1141 1487 sibus,
1175 1456 1323 1478 censuras
1356 1450 1386 1477 et
1418 1455 1535 1488 poenas
1569 1444 1650 1487 ipsas
1682 1443 1775 1476 etiam

1035 1499 1152 1533 iteratis
1165 1499 1285 1531 vicibus
1299 1497 1510 1541 aggravando,
1522 1497 1664 1531 invocato
1682 1496 1775 1529 etiam

1035 1552 1071 1584 ad
1097 1552 1166 1593 boc,
1185 1552 1209 1584 si
1227 1562 1306 1595 opus
1325 1551 1427 1592 suerit,
1447 1551 1562 1584 auxilio
1583 1550 1704 1583 brachii
1732 1559 1777 1581 se-

1035 1605 1157 1637 cularii.

1080 1660 1094 1702 ξ
1120 1659 1148 1692 7.
1174 1659 1242 1691 Non
1268 1658 1462 1691 obstantibus
1495 1657 1686 1701 praemissis,
1705 1667 1778 1689 nec-

1036 1722 1098 1744 non
1125 1712 1311 1744 rccolendae
1342 1711 1515 1744 memoriae
1549 1710 1695 1743 Bonisaeii
1723 1710 1777 1742 Pa-

1037 1776 1093 1809 pae
1112 1766 1173 1797 Vlll
1197 1764 1448 1808 praedecessoris
1469 1764 1566 1797 nostri
1587 1764 1623 1796 de
1650 1765 1723 1805 una,
1750 1767 1779 1796 ot

1038 1818 1160 1851 concilii
1189 1818 1327 1860 generali
1354 1818 1390 1850 de
1420 1818 1542 1849 duabus
1573 1817 1683 1851 dietis,
1710 1822 1779 1855 etc,

1038 1871 1210 1904 dummodo
1235 1871 1316 1903 ultra
1341 1876 1404 1903 tres
1437 1871 1534 1902 dietas
1560 1871 1672 1913 aliquis
1693 1880 1780 1913 prae-

1039 1925 1173 1957 sentium
1193 1925 1300 1967 vigore
1323 1925 1352 1956 in
1375 1924 1525 1957 iudicium
1546 1935 1606 1956 non
1626 1924 1780 1963 trabatur,

1038 1979 1169 2022 aliisque
1194 1978 1386 2022 apostolicis,
1415 1984 1482 2019 etc,
1505 1977 1781 2011 constitutionibus

1039 2038 1068 2065 et.
1093 2032 1357 2069 ordinationibus,
1385 2037 1425 2072 et,
1450 2035 1602 2075 quatenus
1628 2042 1707 2075 opus
1732 2031 1781 2070 sit,

1040 2085 1140 2118 (lictae
1165 2084 1424 2128 Congregationis
1453 2085 1583 2128 eiusque
1614 2084 1780 2117 domorum

1040 2144 1070 2170 et
1095 2138 1300 2181 collegiorum
1334 2138 1537 2177 huiusmodi,
1562 2143 1592 2170 ct
1624 2137 1692 2170 aliis
1716 2137 1783 2180 qui-

1042 2192 1158 2231 busvis,
1176 2197 1245 2232 etc„
1267 2192 1439 2227 concessis,
1458 2191 1653 2224 confirmatis
1673 2201 1783 2234 appro-

1042 2245 1120 2277 batis
1137 2251 1167 2277 et
1187 2245 1357 2284 innovatis,
1375 2245 1488 2288 quibus
1507 2244 1653 2277 omnibus
1671 2248 1696 2276 et
1721 2243 1784 2275 sin-

1042 2298 1132 2339 gulis„
1163 2298 1288 2330 illorum
1314 2304 1438 2331 tenores
1463 2297 1689 2341 praesentibus,
1715 2303 1784 2336 etc„

1044 2352 1099 2383 bac
1125 2351 1190 2383 vice
1211 2351 1371 2383 dumtaxat
1389 2352 1564 2394 specialiter
1585 2356 1614 2383 et
1639 2360 1785 2394 expresse

1042 2405 1247 2446 ‹lerogamus;
1266 2405 1442 2448 ceterisque
1468 2405 1634 2437 contrariis
1656 2404 1784 2448 quibus-

1043 2468 1190 2500 eumque.

1089 2512 1156 2554 §8
1184 2511 1334 2543 Volumus
1366 2515 1468 2544 autem
1504 2516 1537 2543 ut
1570 2512 1784 2555 praesentium
1834 2545 1850 2565 Τ
1892 2551 1900 2563 ς
1945 2547 1959 2564 ss

1046 2565 1260 2609 transumptis,
1286 2575 1390 2606 manu,
1421 2570 1492 2609 ete.7
1521 2565 1627 2599 eadem
1655 2577 1785 2610 prorsus
1801 2551 1945 2593 rluurlq'ffugpu
1962 2550 1984 2565 ⁰-

1795 1664 1904 1685 Contraria
1916 1662 1977 1684 toltit.
