2202 3190
213 157 260 182 An.
282 156 310 183 C.
328 156 394 183 too?

254 1971 381 1993 Executores

199 1997 293 2025 deputat.

441 147 503 179 780
981 157 1160 182 nummum

409 205 660 249 quibuscumque
677 204 844 237 verborum
864 205 1024 238 tenoribus
1042 212 1071 238 et
1090 207 1147 239 sor·
1163 208 1165 226 ‘

409 258 490 297 niis,
515 269 549 290 ac
575 269 644 290 cum
671 258 831 301 quibusvis
856 259 1001 292 clausulis
1033 265 1062 292 et
1094 260 1146 291 (le-

410 311 511 351 cimus,
536 316 565 343 et.
589 311 663 342 alias
688 311 983 356 quomodocumque
1002 317 1030 346 et
1047 324 1145 356 ‹pian-

408 365 586 407 dos-umque
601 364 748 397 faciendis
759 375 896 409 unquam
910 366 1145 410 comprehendi,

408 424 460 449 aut
485 417 728 461 comprehensas
760 418 902 460 censeri,
934 419 986 451 sed
1020 429 1162 462 semper¹

407 470 444 503 ab
466 470 525 502 illis
550 476 705 514 exceptas,
731 476 760 503 et
784 471 906 514 quoties
923 472 993 504 illae
1019 483 1144 505 emana-

407 523 493 564 bunt,
520 524 609 556 toties
627 524 657 556 in
675 524 842 567 pristinum
866 531 895 557 et
920 525 1142 558 validissimum

406 582 519 609 statum
554 577 727 618 restitutas,
753 578 906 622 repositas
940 584 969 611 et
1004 579 1143 622 plenarie

405 630 621 673 reintegratas,
646 642 681 663 ac
706 631 798 664 etiam
823 632 860 664 de
885 642 965 665 noro
987 632 1043 664 sub
1069 643 1144 676 qua-

405 695 540 727 cumque
564 685 739 728 posteriore
763 685 833 717 data
858 696 914 728 per
932 696 994 726 eos,
1014 685 1049 717 ad
1065 696 1143 729 quos

404 743 522 781 spectat
548 744 576 770 et
601 749 658 782 pro
690 742 829 782 tempore
861 739 1022 782 spectabit,
1046 750 1143 782 quan-

403 792 583 835 documque
616 792 759 834 eligenda
792 803 954 825 concessas
988 792 1141 835 intelligi,

403 856 591 889 semperque
617 851 646 878 et
669 851 821 890 perpetuo
846 846 963 886 sirmas,
977 846 1092 878 validas
1112 851 1142 879 et

403 899 544 931 efficaces
570 899 701 933 existere
727 904 756 932 et
781 900 855 939 sore,
877 910 1011 943 suosque
1036 900 1141 942 plena-

403 952 466 984 rios
491 957 521 985 ct
547 952 684 994 integros
709 952 837 984 effeetus
865 952 970 985 sortiri
1004 958 1033 985 et
1065 952 1141 985 obti-

401 1016 496 1045 nere,
528 1016 563 1038 ac
595 1006 673 1046 illis,
700 1006 736 1038 ad
767 1016 845 1050 quos
873 1010 994 1050 spectat
1022 1012 1051 1039 et
1082 1017 1140 1050 pro

403 1063 543 1101 tempore
555 1058 715 1102 spectabit,
728 1059 757 1091 iu
768 1059 914 1092 omnibus
924 1064 953 1092 et
968 1070 1024 1103 per
1034 1060 1139 1092 onmia

399 1112 580 1155 plenissime
594 1112 770 1154 suffragari,
787 1117 816 1144 et
833 1112 871 1144 ab
889 1112 948 1144 illis
967 1113 1138 1156 respective

400 1166 622 1199 inviolabiliter
636 1171 665 1198 et
683 1166 868 1199 inconcusse
893 1167 1064 1206 observari3
1083 1167 1137 1201 sic-

400 1230 460 1262 que
486 1224 515 1251 et
539 1230 600 1252 non
625 1219 715 1252 aliter
741 1220 771 1252 in
789 1219 970 1263 praemissis
992 1220 1138 1253 omnibus

401 1277 430 1304 et
454 1271 584 1314 singulis
609 1273 748 1315 censeri,
775 1278 867 1317 atque
892 1273 931 1307 ita
955 1284 1011 1316 per
1044 1284 1137 1317 quos-

400 1335 536 1368 cumque
561 1325 679 1358 iudices
703 1326 879 1359 ordinarios
903 1332 933 1359 et
957 1327 1136 1369 delegatos,

400 1378 491 1410 etiam
518 1389 682 1411 causarum
708 1380 814 1423 palatii
831 1380 995 1423 apostolici
1021 1381 1137 1414 audito-

399 1440 458 1471 res,
479 1440 514 1462 ac
531 1429 558 1462 S.
578 1431 610 1462 R.
630 1430 661 1462 E.
680 1430 863 1470 cardinales,
882 1431 973 1464 etiam
989 1431 1027 1464 de
1040 1432 1136 1465 latere

398 1483 518 1524 legatos
543 1488 573 1515 ct
601 1483 702 1516 dictae
726 1483 813 1516 Sedis
842 1485 991 1526 nuncios,
1021 1485 1136 1518 aliosve

398 1536 555 1578 quoslibet
579 1536 687 1579 quavis
712 1537 896 1570 auctoritate
925 1542 954 1570 et
984 1542 1136 1581 potestate

398 1589 563 1631 fungentes
588 1594 617 1622 et
641 1589 813 1630 suncturos‚
839 1590 960 1622 sublata
977 1591 1021 1623 eis
1042 1596 1071 1623 et
1089 1602 1136 1624 eo-

398 1653 467 1674 rum
498 1642 625 1674 cuilibet
654 1643 762 1686 quavis
794 1643 883 1676 aliter
915 1643 1070 1676 iudicandi
1106 1650 1136 1677 et

397 1695 622 1738 interpretandi
643 1696 787 1728 facultate
811 1701 840 1728 et
864 1697 1065 1737 auctoritate,
1091 1697 1136 1729 iu-

397 1747 494 1780 dicari
527 1754 557 1780 et
588 1748 710 1781 definiri
736 1748 871 1791 debere,
897 1760 932 1782 ae
956 1750 1081 1783 irritum
1107 1755 1136 1782 et

397 1802 505 1842 inane,
531 1802 555 1834 si
587 1813 676 1835 secus
701 1813 797 1846 super
829 1803 876 1835 liis
908 1814 924 1835 a
952 1814 1134 1847 quoquam,

397 1855 505 1898 (petavis
525 1856 719 1896 auctoritate,
746 1856 880 1889 scienter
911 1857 958 1889 vel
988 1857 1135 1900 ignoran-

398 1914 453 1950 ter,
475 1909 643 1951 contigerit
667 1910 821 1942 attentari.

441 1962 456 2005 ἓ
485 1962 530 1994 14.
555 1963 707 2001 Quocirca
729 1962 959 1995 venerabilibus
984 1963 1133 1995 fratribus

395 2016 511 2048 nostris
535 2016 667 2049 Ostiensi
687 2021 715 2049 et
730 2016 891 2049 Portuensi
915 2017 1079 2060 episcopis,
1098 2028 1133 2051 ac

396 2069 509 2102 dilecto
544 2069 608 2102 silio
645 2081 809 2102 causarum
850 2071 955 2103 curiae
989 2082 1133 2104 camerae

396 2122 584 2166 apostolicae
609 2123 746 2165 generali
768 2123 903 2156 auditori
930 2134 985 2167 per
1007 2125 1131 2158 easdem

395 2182 573 2219 praesentes
589 2182 675 2209 motu
689 2177 756 2220 pari
768 2178 992 2211 committimus
1006 2184 1035 2211 et
1049 2189 1132 2211 man-

394 2229 514 2270 damus,
538 2235 690 2273 quatenus
714 2230 782 2274 ipsi,
806 2231 852 2263 vel
877 2231 949 2274 duo,
971 2237 1023 2264 aut
1051 2243 1131 2265 unus

394 2293 514 2323 eorum,
539 2295 595 2326 per
612 2294 654 2324 se,
673 2284 719 2316 vel
737 2284 843 2327 alium,
862 2296 915 2317 seu
934 2286 1022 2326 alios,
1047 2286 1130 2330 ipsas

393 2342 571 2378 praesentes
588 2338 705 2371 litteras
722 2343 751 2370 et
768 2338 798 2370 in
816 2338 860 2371 eis
878 2342 1020 2372 contenta
1039 2350 1129 2383 quae-

394 2399 547 2432 cumque,
573 2390 624 2422 ubi
650 2396 679 2423 et
704 2391 828 2433 quando
853 2402 931 2435 opus
955 2392 1068 2433 suerit,
1100 2398 1130 2425 et

394 2443 514 2484 quoties
540 2454 597 2485 pro
622 2449 709 2487 parte
734 2445 884 2477 interesse
902 2445 933 2477 in
947 2446 1128 2489 praemissis

393 2493 584 2537 habentium,
610 2506 664 2529 seu
688 2496 825 2537 illorum,
849 2509 928 2541 quos
947 2505 1128 2542 praesentes

394 2547 513 2585 litterae
538 2555 751 2591 concernunt,
775 2556 827 2583 aut
851 2551 982 2585 alicuius
1014 2563 1125 2586 eorum

1182 157 1336 182 ROMANUM

1180 206 1292 238 suerint
1320 205 1476 249 requisiti,
1503 207 1686 240 solemniter
1711 207 1915 252 publicanteS‚

1181 259 1304 302 illisque
1329 259 1359 291 in
1377 259 1560 302 praemissis
1579 260 1712 293 efficacis
1729 261 1916 295 defensionis

1162 295 1336 355 ‘praesidio
1365 313 1564 353 assistentes,
1598 313 1710 346 faciant
1734 315 1916 348 auctoritate

1180 367 1286 398 nostra
1312 366 1380 399 illos
1410 371 1439 399 et
1470 377 1578 399 eorum
1613 367 1753 410 singulos
1778 367 1916 411 ipsarum

1179 419 1388 462 praesentium
1414 420 1589 453 litterarum
1615 426 1645 453 et
1670 421 1700 453 in
1725 421 1768 453 eis
1793 426 1918 454 conten-

1180 478 1282 505 torum
1319 472 1497 506 huiusmodi
1534 474 1699 507 commodo
1737 479 1767 507 et
1805 473 1916 508 effectu

1178 526 1308 568 pacifice
1327 527 1385 559 srui
1405 532 1433 559 et
1453 527 1600 569 gaudere,
1618 538 1680 561 non
1700 528 1917 571 permittentes

1178 579 1247 612 illos
1272 580 1407 623 desuper
1424 590 1480 623 per
1505 591 1719 624 quoscumque
1746 581 1916 624 quomodo-

1178 631 1252 664 libet
1278 632 1415 664 indebite
1441 633 1623 674 molestari,
1647 634 1845 677 perturbari,
1870 634 1917 667 in-

1177 684 1308 728 quietari
1334 686 1381 718 vel
1406 686 1516 729 quovis
1534 686 1628 719 modo
1646 687 1805 730 impediri,
1822 698 1914 731 prae-

1176 738 1333 781 missaque
1371 739 1477 772 omnia
1513 744 1543 772 et
1579 740 1701 783 singula
1736 746 1846 773 curent
1886 746 1916 774 et

1176 792 1287 825 saciant
1312 792 1350 824 ab
1375 793 1523 826 omnibus
1549 799 1577 826 et
1602 794 1748 837 singulis,
1774 794 1811 827 ad
1835 804 1914 838 quos

1175 850 1294 888 spectat
1329 851 1359 878 et
1389 857 1447 890 pro
1479 852 1622 891 tempore
1653 848 1914 892 quandocumque

1174 899 1333 942 spectabit,
1358 900 1485 932 realiter
1509 906 1539 933 et
1563 911 1633 933 cum
1660 901 1773 934 effectu
1790 912 1826 934 ac
1843 912 1913 935 exa-

1174 958 1221 985 cte
1247 958 1277 984 ct
1302 952 1525 986 inviolabiliter
1549 955 1730 994 observari;
1760 955 1915 988 contradi-

1174 1011 1276 1039 ctores
1296 1007 1451 1050 quoslibet
1464 1011 1493 1041 et
1506 1008 1638 1041 rebelles
1658 1019 1714 1052 per
1734 1009 1911 1050 sententias,

1173 1070 1322 1092 censuras
1347 1066 1376 1093 et
1401 1071 1516 1104 poenas
1534 1062 1770 1102 ecclesiasticas,
1789 1063 1911 1106 aliaque

1173 1119 1350 1157 opportuna
1377 1114 1453 1146 iuris
1478 1120 1507 1146 et
1532 1115 1600 1148 sacti
1629 1115 1778 1157 remedia,
1803 1116 1910 1159 appel-

1172 1167 1287 1199 latione
1312 1167 1502 1210 postposita,
1528 1168 1777 1211 compescendo,
1802 1168 1907 1211 legiti-

1173 1221 1293 1264 misque
1319 1231 1414 1264 super
1439 1221 1486 1253 his
1511 1221 1660 1254 habendis
1681 1222 1812 1255 servatis
1835 1232 1910 1265 pro-

1171 1273 1322 1313 cessibus,
1348 1273 1524 1314 sententias,
1550 1284 1697 1306 censuras
1729 1280 1759 1307 et
1792 1285 1910 1318 poenas

1172 1326 1254 1369 ipsas
1279 1326 1371 1358 etiam
1398 1327 1515 1359 iteratis
1540 1327 1659 1359 vicibus
1687 1327 1909 1370 aggravando,

1172 1378 1370 1411 interdictum
1385 1379 1630 1411 ecclesiasticum
1645 1380 1842 1423 apponendo,
1865 1380 1909 1412 in-

1171 1437 1280 1464 vocato
1306 1432 1397 1464 etlam
1423 1432 1461 1463 ad
1486 1433 1555 1473 boe,
1582 1433 1605 1465 si
1631 1443 1710 1476 opus
1728 1433 1832 1474 suerit,
1853 1443 1907 1466 au—

1172 1485 1245 1517 xilio
1269 1485 1389 1518 brachii
1415 1486 1574 1518 secularis.

1214 1539 1228 1581 g
1253 1538 1303 1576 15.
1330 1540 1397 1572 Non
1422 1539 1616 1572 obstantibus
1646 1540 1835 1583 praemissis,
1860 1551 1906 1582 ac,

1170 1597 1322 1634 quatenus
1348 1602 1426 1635 opus
1451 1593 1499 1632 sit,
1525 1592 1563 1625 de
1589 1593 1656 1626 iure
1680 1593 1821 1636 quaesito
1844 1604 1908 1627 non

1171 1645 1317 1685 tollendo,
1343 1645 1444 1689 deque
1464 1645 1632 1678 unionibus
1649 1647 1810 1690 perpetuis
1823 1658 1908 1681 eom-

1172 1698 1328 1730 mittendis
1353 1698 1390 1730 ad
1415 1703 1533 1741 partes,
1558 1699 1675 1731 vocatis
1699 1710 1832 1742 quorum
1859 1700 1905 1733 in-

1171 1754 1274 1790 terest,
1292 1756 1321 1783 et
1340 1751 1378 1783 de
1392 1761 1452 1783 non
1479 1751 1686 1784 concedendis
1705 1752 1906 1795 indulgentiis

1169 1804 1206 1836 ad
1231 1803 1338 1844 instar,
1364 1804 1493 1847 aliisque
1509 1805 1626 1837 nostris
1651 1810 1680 1837 et
1701 1806 1906 1839 cancellariae

1169 1857 1357 1900 apostolicae
1382 1857 1516 1899 regulis,
1540 1868 1663 1891 necnon
1687 1859 1905 1892 Lateranensis

1169 1911 1291 1944 concilii
1318 1911 1448 1944 uniones
1466 1917 1632 1955 perpetuas
1647 1912 1705 1944 nisi
1728 1913 1758 1945 in
1783 1913 1905 1946 casibus

1168 1975 1185 1996 a
1210 1965 1277 1997 iure
1301 1965 1461 2008 permissis
1485 1965 1552 1997 sieri
1578 1965 1784 2009 prohibentis,
1809 1976 1844 1999 ac
1861 1967 1904 1999 se-

1169 2019 1234 2051 licis
1266 2019 1492 2052 recordationis
1524 2019 1672 2052 Bonisacii
1709 2020 1808 2063 Papae
1838 2020 1903 2053 VIII

1927 160 1977 188 An.
1997 161 2027 190 c.
2043 162 2110 191 1662
2183 167 2185 199 i
2200 172 2202 190 1

1923 1550 2033 1572 obstantia
2043 1551 2103 1573 toltit.

1168 2072 1418 2115 praedecessoris
1443 2073 1540 2105 nostri
1566 2073 1603 2105 de
1628 2074 1703 2113 una,
1724 2079 1754 2106 et
1778 2073 1919 2107 concilii*

1166 2127 1321 2169 generalis
1346 2126 1383 2159 de.
1409 2126 1528 2159 duabus
1548 2127 1648 2168 dietis,
1666 2127 1837 2161 dummodo
1857 2128 1903 2160 ul-

1167 2185 1213 2211 tra
1237 2184 1301 2212 tres
1325 2179 1423 2212 dietas
1454 2180 1566 2223 aliquis
1596 2181 1780 2214 auctoritate
1803 2191 1898 2224 prae-
1932 2214 1934 2216 .

1165 2234 1297 2265 sentium
1324 2233 1360 2265 ad
1387 2233 1535 2266 iudicium
1562 2244 1624 2266 non
1648 2234 1800 2275 trabatur,
1822 2235 1901 2268 aliis-

1164 2297 1224 2330 que
1249 2287 1428 2330 apostolicis
1452 2298 1487 2319 ac
1513 2287 1542 2319 in
1568 2287 1807 2329 universalibus,
1831 2299 1902 2332 pro·

1164 2340 1410 2383 vincialibusque
1424 2340 1562 2372 conciliis
1580 2340 1680 2381 editis,
1699 2341 1900 2383 generalibus

1163 2393 1208 2425 vel
1235 2393 1430 2436 specialibus,
1456 2393 1731 2427 constitutionibus
1761 2399 1791 2426 et
1814 2394 1899 2427 ordi-

1162 2446 1349 2487 nationibus,
1374 2457 1409 2479 ae
1433 2447 1663 2490 praedictarum
1683 2448 1899 2491 congregatio—

1161 2510 1235 2533 num
1261 2500 1353 2533 Vallis
1377 2500 1549 2533 Umbrosae
1573 2505 1603 2533 et
1620 2500 1896 2545 Sylvestrinorum,

1160 2552 1348 2597 illarumque
1364 2553 1626 2588 monasteriorum
1641 2557 1671 2588 et
1689 2552 1832 2588 locorum
1850 2563 1896 2587 re·
