<?xml version="1.0" encoding="UTF-8"?>
<!DOCTYPE html PUBLIC "-//W3C//DTD XHTML 1.0 Transitional//EN"
    "http://www.w3.org/TR/xhtml1/DTD/xhtml1-transitional.dtd">
<html xmlns="http://www.w3.org/1999/xhtml" xml:lang="en" lang="en">
 <head>
  <title>
</title>
<meta http-equiv="Content-Type" content="text/html;charset=utf-8" />
  <meta name='ocr-system' content='tesseract 3.04.00' />
  <meta name='ocr-capabilities' content='ocr_page ocr_carea ocr_par ocr_line ocrx_word'/>
</head>
<body>
  <div class='ocr_page' id='page_1' title='image "./bullarumdiplomat16cath_0501.png"; bbox 0 0 2243 3205; ppageno 0'>
   <div class='ocr_carea' id='block_1_1' title="bbox 58 163 242 193">
    <p class='ocr_par' dir='ltr' id='par_1_1' title="bbox 58 163 242 193">
     <span class='ocr_line' id='line_1_1' title="bbox 58 163 242 193; baseline -0.016 0"><span class='ocrx_word' id='word_1_1' title='bbox 58 165 109 193; x_wconf 75' lang='lat' dir='ltr'>An.</span> <span class='ocrx_word' id='word_1_2' title='bbox 128 164 157 192; x_wconf 90' lang='lat' dir='ltr'>C.</span> <span class='ocrx_word' id='word_1_3' title='bbox 174 163 242 192; x_wconf 79' lang='lat'>1659</span> 
     </span>
    </p>
   </div>
   <div class='ocr_carea' id='block_1_2' title="bbox 51 756 234 859">
    <p class='ocr_par' dir='ltr' id='par_1_2' title="bbox 51 756 234 859">
     <span class='ocr_line' id='line_1_2' title="bbox 75 756 233 780; baseline -0.019 0"><span class='ocrx_word' id='word_1_4' title='bbox 75 756 233 780; x_wconf 69' lang='lat' dir='ltr'>Commissarius</span> 
     </span>
     <span class='ocr_line' id='line_1_3' title="bbox 52 783 234 806; baseline -0.016 0"><span class='ocrx_word' id='word_1_5' title='bbox 52 785 88 806; x_wconf 80' lang='lat' dir='ltr'>nbi</span> <span class='ocrx_word' id='word_1_6' title='bbox 117 783 234 805; x_wconf 83' lang='lat' dir='ltr'>remanebit</span> 
     </span>
     <span class='ocr_line' id='line_1_4' title="bbox 51 810 234 838; baseline -0.005 -6"><span class='ocrx_word' id='word_1_7' title='bbox 51 813 97 838; x_wconf 79' lang='lat' dir='ltr'>post</span> <span class='ocrx_word' id='word_1_8' title='bbox 134 810 234 837; x_wconf 77' lang='lat' dir='ltr'>adimple-</span> 
     </span>
     <span class='ocr_line' id='line_1_5' title="bbox 53 837 207 859; baseline -0.006 0"><span class='ocrx_word' id='word_1_9' title='bbox 53 841 95 859; x_wconf 80' lang='lat' dir='ltr'>tum</span> <span class='ocrx_word' id='word_1_10' title='bbox 109 837 207 858; x_wconf 74' lang='lat' dir='ltr'>officinm.</span> 
     </span>
    </p>
   </div>
   <div class='ocr_carea' id='block_1_3' title="bbox 54 1451 236 1506">
    <p class='ocr_par' dir='ltr' id='par_1_3' title="bbox 54 1451 236 1506">
     <span class='ocr_line' id='line_1_6' title="bbox 81 1451 236 1478; baseline 0 -5"><span class='ocrx_word' id='word_1_11' title='bbox 81 1451 236 1478; x_wconf 73' lang='lat' dir='ltr'>Exequutorem</span> 
     </span>
     <span class='ocr_line' id='line_1_7' title="bbox 54 1478 147 1506; baseline 0 -6"><span class='ocrx_word' id='word_1_12' title='bbox 54 1478 147 1506; x_wconf 79' lang='lat' dir='ltr'>deputat.</span> 
     </span>
    </p>
   </div>
   <div class='ocr_carea' id='block_1_4' title="bbox 58 2197 239 2246">
    <p class='ocr_par' dir='ltr' id='par_1_4' title="bbox 58 2197 239 2246">
     <span class='ocr_line' id='line_1_8' title="bbox 83 2197 239 2219; baseline -0.006 -1"><span class='ocrx_word' id='word_1_13' title='bbox 83 2197 194 2219; x_wconf 76' lang='lat' dir='ltr'>Decretum</span> <span class='ocrx_word' id='word_1_14' title='bbox 212 2197 239 2218; x_wconf 86' lang='lat' dir='ltr'>ir·</span> 
     </span>
     <span class='ocr_line' id='line_1_9' title="bbox 58 2224 127 2246; baseline 0.014 -1"><span class='ocrx_word' id='word_1_15' title='bbox 58 2224 127 2246; x_wconf 71' lang='lat' dir='ltr'>ritans.</span> 
     </span>
    </p>
   </div>
   <div class='ocr_carea' id='block_1_5' title="bbox 60 2515 242 2570">
    <p class='ocr_par' dir='ltr' id='par_1_5' title="bbox 60 2515 242 2570">
     <span class='ocr_line' id='line_1_10' title="bbox 81 2515 242 2539; baseline 0.006 -1"><span class='ocrx_word' id='word_1_16' title='bbox 81 2515 195 2539; x_wconf 73' lang='lat' dir='ltr'>contrariis</span> <span class='ocrx_word' id='word_1_17' title='bbox 206 2517 242 2539; x_wconf 79' lang='lat' dir='ltr'>de-</span> 
     </span>
     <span class='ocr_line' id='line_1_11' title="bbox 60 2545 126 2570; baseline 0 -5"><span class='ocrx_word' id='word_1_18' title='bbox 60 2545 126 2570; x_wconf 68' lang='lat' dir='ltr'>rotat.</span> 
     </span>
    </p>
   </div>
   <div class='ocr_carea' id='block_1_6' title="bbox 841 162 1166 187">
    <p class='ocr_par' dir='ltr' id='par_1_6' title="bbox 841 162 1166 187">
     <span class='ocr_line' id='line_1_12' title="bbox 841 162 1166 187; baseline 0 -1"><span class='ocrx_word' id='word_1_19' title='bbox 841 162 1026 187; x_wconf 74' lang='lat' dir='ltr'><strong>ALEXANDER</strong></span> <span class='ocrx_word' id='word_1_20' title='bbox 1051 162 1095 186; x_wconf 86' lang='lat' dir='ltr'>vu</span> <span class='ocrx_word' id='word_1_21' title='bbox 1119 163 1166 186; x_wconf 83' lang='lat' dir='ltr'>I‘P.</span> 
     </span>
    </p>
   </div>
   <div class='ocr_carea' id='block_1_7' title="bbox 246 210 1009 1270">
    <p class='ocr_par' dir='ltr' id='par_1_7' title="bbox 246 210 989 733">
     <span class='ocr_line' id='line_1_13' title="bbox 246 210 986 255; baseline 0 -12"><span class='ocrx_word' id='word_1_22' title='bbox 246 220 308 255; x_wconf 88' lang='lat' dir='ltr'>que</span> <span class='ocrx_word' id='word_1_23' title='bbox 332 210 476 244; x_wconf 89' lang='lat' dir='ltr'>minister</span> <span class='ocrx_word' id='word_1_24' title='bbox 491 211 692 255; x_wconf 89' lang='lat' dir='ltr'>provincialis</span> <span class='ocrx_word' id='word_1_25' title='bbox 716 210 896 255; x_wconf 87' lang='lat' dir='ltr'>provinciae</span> <span class='ocrx_word' id='word_1_26' title='bbox 913 211 986 244; x_wconf 88' lang='lat' dir='ltr'>Por-</span> 
     </span>
     <span class='ocr_line' id='line_1_14' title="bbox 247 263 987 308; baseline -0.001 -11"><span class='ocrx_word' id='word_1_27' title='bbox 247 264 395 307; x_wconf 83' lang='lat' dir='ltr'>tugalliae</span> <span class='ocrx_word' id='word_1_28' title='bbox 412 263 486 297; x_wconf 89' lang='lat' dir='ltr'>dicti</span> <span class='ocrx_word' id='word_1_29' title='bbox 507 264 631 298; x_wconf 86' lang='lat' dir='ltr'>Ordinis</span> <span class='ocrx_word' id='word_1_30' title='bbox 648 270 791 298; x_wconf 89' lang='lat' dir='ltr'>teneatur</span> <span class='ocrx_word' id='word_1_31' title='bbox 814 274 987 308; x_wconf 90' lang='lat' dir='ltr'>procurare</span> 
     </span>
     <span class='ocr_line' id='line_1_15' title="bbox 246 317 987 361; baseline -0.001 -10"><span class='ocrx_word' id='word_1_32' title='bbox 246 322 281 352; x_wconf 92' lang='lat' dir='ltr'>ut</span> <span class='ocrx_word' id='word_1_33' title='bbox 316 318 457 352; x_wconf 88' lang='lat' dir='ltr'>mittatur</span> <span class='ocrx_word' id='word_1_34' title='bbox 491 319 748 359; x_wconf 88' lang='lat' dir='ltr'>commissarius,</span> <span class='ocrx_word' id='word_1_35' title='bbox 781 317 987 361; x_wconf 85' lang='lat' dir='ltr'>supplicando</span> 
     </span>
     <span class='ocr_line' id='line_1_16' title="bbox 248 371 987 415; baseline -0.001 -11"><span class='ocrx_word' id='word_1_36' title='bbox 248 372 392 405; x_wconf 91' lang='lat' dir='ltr'>ministro</span> <span class='ocrx_word' id='word_1_37' title='bbox 416 372 555 415; x_wconf 85' lang='lat' dir='ltr'>generali</span> <span class='ocrx_word' id='word_1_38' title='bbox 580 372 719 405; x_wconf 88' lang='lat' dir='ltr'>eiusdem</span> <span class='ocrx_word' id='word_1_39' title='bbox 745 371 869 405; x_wconf 82' lang='lat' dir='ltr'>Ordinis</span> <span class='ocrx_word' id='word_1_40' title='bbox 894 376 928 404; x_wconf 91' lang='lat' dir='ltr'>ut</span> <span class='ocrx_word' id='word_1_41' title='bbox 952 371 987 403; x_wconf 96' lang='lat' dir='ltr'>il-</span> 
     </span>
     <span class='ocr_line' id='line_1_17' title="bbox 247 425 987 468; baseline 0 -10"><span class='ocrx_word' id='word_1_42' title='bbox 247 425 312 458; x_wconf 93' lang='lat' dir='ltr'>lum</span> <span class='ocrx_word' id='word_1_43' title='bbox 338 425 488 466; x_wconf 84' lang='lat' dir='ltr'>nominet,</span> <span class='ocrx_word' id='word_1_44' title='bbox 509 436 544 459; x_wconf 89' lang='lat' dir='ltr'>ac</span> <span class='ocrx_word' id='word_1_45' title='bbox 568 425 761 468; x_wconf 81' lang='lat' dir='ltr'>designando</span> <span class='ocrx_word' id='word_1_46' title='bbox 793 425 837 458; x_wconf 85' lang='lat' dir='ltr'>i&#39;lli</span> <span class='ocrx_word' id='word_1_47' title='bbox 862 425 987 468; x_wconf 80' lang='lat' dir='ltr'>religio-</span> 
     </span>
     <span class='ocr_line' id='line_1_18' title="bbox 247 478 988 523; baseline 0 -12"><span class='ocrx_word' id='word_1_48' title='bbox 247 488 298 511; x_wconf 87' lang='lat' dir='ltr'>sos</span> <span class='ocrx_word' id='word_1_49' title='bbox 322 489 382 522; x_wconf 90' lang='lat' dir='ltr'>pro</span> <span class='ocrx_word' id='word_1_50' title='bbox 406 478 490 512; x_wconf 87' lang='lat' dir='ltr'>dicto</span> <span class='ocrx_word' id='word_1_51' title='bbox 515 479 629 519; x_wconf 83' lang='lat' dir='ltr'>officio,</span> <span class='ocrx_word' id='word_1_52' title='bbox 646 479 698 523; x_wconf 92' lang='lat' dir='ltr'>qui</span> <span class='ocrx_word' id='word_1_53' title='bbox 719 479 839 523; x_wconf 79' lang='lat' dir='ltr'>possint</span> <span class='ocrx_word' id='word_1_54' title='bbox 863 489 930 512; x_wconf 86' lang='lat' dir='ltr'>esse</span> <span class='ocrx_word' id='word_1_55' title='bbox 951 489 988 511; x_wconf 89' lang='lat' dir='ltr'>ex</span> 
     </span>
     <span class='ocr_line' id='line_1_19' title="bbox 248 531 989 576; baseline 0.001 -12"><span class='ocrx_word' id='word_1_56' title='bbox 248 531 388 575; x_wconf 91' lang='lat' dir='ltr'>quinque</span> <span class='ocrx_word' id='word_1_57' title='bbox 403 532 575 576; x_wconf 85' lang='lat' dir='ltr'>provinciis</span> <span class='ocrx_word' id='word_1_58' title='bbox 589 533 809 575; x_wconf 81' lang='lat' dir='ltr'>Portugalliae,</span> <span class='ocrx_word' id='word_1_59' title='bbox 823 537 853 565; x_wconf 93' lang='lat' dir='ltr'>et</span> <span class='ocrx_word' id='word_1_60' title='bbox 867 543 903 565; x_wconf 85' lang='lat' dir='ltr'>ex</span> <span class='ocrx_word' id='word_1_61' title='bbox 916 532 989 565; x_wconf 88' lang='lat' dir='ltr'>dua-</span> 
     </span>
     <span class='ocr_line' id='line_1_20' title="bbox 248 583 985 629; baseline 0.003 -13"><span class='ocrx_word' id='word_1_62' title='bbox 248 583 306 617; x_wconf 91' lang='lat' dir='ltr'>bus</span> <span class='ocrx_word' id='word_1_63' title='bbox 330 584 453 625; x_wconf 84' lang='lat' dir='ltr'>Indiae,</span> <span class='ocrx_word' id='word_1_64' title='bbox 483 595 597 629; x_wconf 86' lang='lat' dir='ltr'>nempe</span> <span class='ocrx_word' id='word_1_65' title='bbox 627 585 848 629; x_wconf 84' lang='lat' dir='ltr'>Portugalliae,</span> <span class='ocrx_word' id='word_1_66' title='bbox 872 585 985 628; x_wconf 81' lang='lat' dir='ltr'>Algar-</span> 
     </span>
     <span class='ocr_line' id='line_1_21' title="bbox 248 637 989 682; baseline 0.003 -12"><span class='ocrx_word' id='word_1_67' title='bbox 248 637 392 679; x_wconf 90' lang='lat' dir='ltr'>biorum,</span> <span class='ocrx_word' id='word_1_68' title='bbox 418 638 561 679; x_wconf 87' lang='lat' dir='ltr'>Pietatis,</span> <span class='ocrx_word' id='word_1_69' title='bbox 585 639 774 682; x_wconf 87' lang='lat' dir='ltr'>Arrabidae,</span> <span class='ocrx_word' id='word_1_70' title='bbox 800 639 828 672; x_wconf 85' lang='lat' dir='ltr'>S.</span> <span class='ocrx_word' id='word_1_71' title='bbox 852 639 989 680; x_wconf 76' lang='lat' dir='ltr'>Antonii,</span> 
     </span>
     <span class='ocr_line' id='line_1_22' title="bbox 248 690 721 733; baseline 0.002 -9"><span class='ocrx_word' id='word_1_72' title='bbox 248 690 277 724; x_wconf 91' lang='lat' dir='ltr'>S.</span> <span class='ocrx_word' id='word_1_73' title='bbox 302 691 450 733; x_wconf 90' lang='lat' dir='ltr'>Thomae,</span> <span class='ocrx_word' id='word_1_74' title='bbox 475 697 505 725; x_wconf 89' lang='lat' dir='ltr'>et</span> <span class='ocrx_word' id='word_1_75' title='bbox 528 692 633 726; x_wconf 87' lang='lat' dir='ltr'>Matris</span> <span class='ocrx_word' id='word_1_76' title='bbox 658 692 721 726; x_wconf 88' lang='lat' dir='ltr'>Dei.</span> 
     </span>
    </p>

    <p class='ocr_par' dir='ltr' id='par_1_8' title="bbox 248 744 1009 1270">
     <span class='ocr_line' id='line_1_23' title="bbox 293 744 991 790; baseline 0.004 -13"><span class='ocrx_word' id='word_1_77' title='bbox 293 745 308 788; x_wconf 61' lang='grc' dir='ltr'><strong>ξ</strong></span> <span class='ocrx_word' id='word_1_78' title='bbox 332 744 361 778; x_wconf 83' lang='lat'>3.</span> <span class='ocrx_word' id='word_1_79' title='bbox 386 746 430 778; x_wconf 88' lang='lat' dir='ltr'>Ac</span> <span class='ocrx_word' id='word_1_80' title='bbox 461 745 610 789; x_wconf 92' lang='lat' dir='ltr'>demum,</span> <span class='ocrx_word' id='word_1_81' title='bbox 639 746 724 790; x_wconf 90' lang='lat' dir='ltr'>quod</span> <span class='ocrx_word' id='word_1_82' title='bbox 755 747 991 780; x_wconf 86' lang='lat' dir='ltr'>commissarius</span> 
     </span>
     <span class='ocr_line' id='line_1_24' title="bbox 249 799 991 845; baseline 0.004 -14"><span class='ocrx_word' id='word_1_83' title='bbox 249 799 451 833; x_wconf 88' lang='lat' dir='ltr'>transmissus</span> <span class='ocrx_word' id='word_1_84' title='bbox 475 811 512 834; x_wconf 87' lang='lat' dir='ltr'>ex</span> <span class='ocrx_word' id='word_1_85' title='bbox 537 801 726 844; x_wconf 89' lang='lat' dir='ltr'>supradictis</span> <span class='ocrx_word' id='word_1_86' title='bbox 758 801 896 845; x_wconf 90' lang='lat' dir='ltr'>quinque</span> <span class='ocrx_word' id='word_1_87' title='bbox 920 811 991 845; x_wconf 90' lang='lat' dir='ltr'>pro-</span> 
     </span>
     <span class='ocr_line' id='line_1_25' title="bbox 248 852 990 898; baseline 0.003 -13"><span class='ocrx_word' id='word_1_88' title='bbox 248 852 358 886; x_wconf 88' lang='lat' dir='ltr'>vinciis</span> <span class='ocrx_word' id='word_1_89' title='bbox 382 853 592 896; x_wconf 86' lang='lat' dir='ltr'>Portugalliae</span> <span class='ocrx_word' id='word_1_90' title='bbox 624 854 722 898; x_wconf 81' lang='lat' dir='ltr'>possit</span> <span class='ocrx_word' id='word_1_91' title='bbox 751 865 915 887; x_wconf 89' lang='lat' dir='ltr'>remanere</span> <span class='ocrx_word' id='word_1_92' title='bbox 940 855 990 897; x_wconf 91' lang='lat' dir='ltr'>(si</span> 
     </span>
     <span class='ocr_line' id='line_1_26' title="bbox 250 906 991 951; baseline 0.003 -13"><span class='ocrx_word' id='word_1_93' title='bbox 250 906 402 950; x_wconf 85' lang='lat' dir='ltr'>voluerit)</span> <span class='ocrx_word' id='word_1_94' title='bbox 420 907 451 939; x_wconf 92' lang='lat' dir='ltr'>in</span> <span class='ocrx_word' id='word_1_95' title='bbox 469 907 575 950; x_wconf 75' lang='lat' dir='ltr'>aliqua</span> <span class='ocrx_word' id='word_1_96' title='bbox 601 917 638 940; x_wconf 87' lang='lat' dir='ltr'>ex</span> <span class='ocrx_word' id='word_1_97' title='bbox 662 907 753 940; x_wconf 89' lang='lat' dir='ltr'>dictis</span> <span class='ocrx_word' id='word_1_98' title='bbox 778 908 900 940; x_wconf 89' lang='lat' dir='ltr'>duabus</span> <span class='ocrx_word' id='word_1_99' title='bbox 921 918 991 951; x_wconf 91' lang='lat' dir='ltr'>pro-</span> 
     </span>
     <span class='ocr_line' id='line_1_27' title="bbox 248 958 991 1004; baseline 0.003 -13"><span class='ocrx_word' id='word_1_100' title='bbox 248 958 358 991; x_wconf 90' lang='lat' dir='ltr'>vinciis</span> <span class='ocrx_word' id='word_1_101' title='bbox 375 959 489 1000; x_wconf 82' lang='lat' dir='ltr'>Indiae,</span> <span class='ocrx_word' id='word_1_102' title='bbox 509 971 581 993; x_wconf 89' lang='lat' dir='ltr'>cum</span> <span class='ocrx_word' id='word_1_103' title='bbox 606 960 754 994; x_wconf 86' lang='lat' dir='ltr'>omnibus</span> <span class='ocrx_word' id='word_1_104' title='bbox 775 960 991 1004; x_wconf 86' lang='lat' dir='ltr'>praeeminen-</span> 
     </span>
     <span class='ocr_line' id='line_1_28' title="bbox 248 1011 991 1056; baseline 0.004 -12"><span class='ocrx_word' id='word_1_105' title='bbox 248 1011 299 1044; x_wconf 90' lang='lat' dir='ltr'>tiis</span> <span class='ocrx_word' id='word_1_106' title='bbox 324 1013 481 1046; x_wconf 87' lang='lat' dir='ltr'>concessis</span> <span class='ocrx_word' id='word_1_107' title='bbox 505 1023 522 1045; x_wconf 87' lang='lat' dir='ltr'>a</span> <span class='ocrx_word' id='word_1_108' title='bbox 547 1018 662 1046; x_wconf 88' lang='lat' dir='ltr'>statuto</span> <span class='ocrx_word' id='word_1_109' title='bbox 686 1013 857 1056; x_wconf 80' lang='lat' dir='ltr'>religionis,</span> <span class='ocrx_word' id='word_1_110' title='bbox 879 1014 904 1046; x_wconf 91' lang='lat' dir='ltr'>si</span> <span class='ocrx_word' id='word_1_111' title='bbox 928 1014 991 1047; x_wconf 84' lang='lat' dir='ltr'>lau—</span> 
     </span>
     <span class='ocr_line' id='line_1_29' title="bbox 248 1064 992 1110; baseline 0.004 -13"><span class='ocrx_word' id='word_1_112' title='bbox 248 1064 393 1100; x_wconf 86' lang='lat' dir='ltr'>dabiliter</span> <span class='ocrx_word' id='word_1_113' title='bbox 416 1066 554 1099; x_wconf 86' lang='lat' dir='ltr'>officium</span> <span class='ocrx_word' id='word_1_114' title='bbox 580 1077 671 1099; x_wconf 90' lang='lat' dir='ltr'>suum</span> <span class='ocrx_word' id='word_1_115' title='bbox 695 1067 923 1110; x_wconf 83' lang='lat' dir='ltr'>adimpleverit.</span> <span class='ocrx_word' id='word_1_116' title='bbox 941 1067 992 1100; x_wconf 89' lang='lat' dir='ltr'>At-</span> 
     </span>
     <span class='ocr_line' id='line_1_30' title="bbox 249 1119 990 1154; baseline 0.003 -3"><span class='ocrx_word' id='word_1_117' title='bbox 249 1123 352 1152; x_wconf 80' lang='lat' dir='ltr'>tamen</span> <span class='ocrx_word' id='word_1_118' title='bbox 377 1119 402 1152; x_wconf 91' lang='lat' dir='ltr'>si</span> <span class='ocrx_word' id='word_1_119' title='bbox 429 1120 665 1152; x_wconf 88' lang='lat' dir='ltr'>commissarius</span> <span class='ocrx_word' id='word_1_120' title='bbox 690 1120 783 1153; x_wconf 81' lang='lat' dir='ltr'>suerit</span> <span class='ocrx_word' id='word_1_121' title='bbox 807 1131 843 1153; x_wconf 88' lang='lat' dir='ltr'>ex</span> <span class='ocrx_word' id='word_1_122' title='bbox 869 1120 990 1154; x_wconf 88' lang='lat' dir='ltr'>duabus</span> 
     </span>
     <span class='ocr_line' id='line_1_31' title="bbox 248 1172 991 1216; baseline 0.004 -12"><span class='ocrx_word' id='word_1_123' title='bbox 248 1172 419 1216; x_wconf 90' lang='lat' dir='ltr'>provinciis</span> <span class='ocrx_word' id='word_1_124' title='bbox 443 1173 558 1215; x_wconf 88' lang='lat' dir='ltr'>Indiae,</span> <span class='ocrx_word' id='word_1_125' title='bbox 578 1173 667 1206; x_wconf 88' lang='lat' dir='ltr'>finito</span> <span class='ocrx_word' id='word_1_126' title='bbox 692 1173 796 1207; x_wconf 86' lang='lat' dir='ltr'>officio</span> <span class='ocrx_word' id='word_1_127' title='bbox 823 1174 929 1206; x_wconf 89' lang='lat' dir='ltr'>redeat</span> <span class='ocrx_word' id='word_1_128' title='bbox 953 1175 991 1207; x_wconf 90' lang='lat' dir='ltr'>ad</span> 
     </span>
     <span class='ocr_line' id='line_1_32' title="bbox 249 1227 1009 1270; baseline 0.001 -11"><span class='ocrx_word' id='word_1_129' title='bbox 249 1236 336 1259; x_wconf 87' lang='lat' dir='ltr'>suam</span> <span class='ocrx_word' id='word_1_130' title='bbox 362 1227 569 1270; x_wconf 89' lang='lat' dir='ltr'>provinciam,</span> <span class='ocrx_word' id='word_1_131' title='bbox 598 1227 686 1260; x_wconf 91' lang='lat' dir='ltr'>cuius</span> <span class='ocrx_word' id='word_1_132' title='bbox 711 1232 758 1260; x_wconf 90' lang='lat' dir='ltr'>est</span> <span class='ocrx_word' id='word_1_133' title='bbox 781 1227 864 1260; x_wconf 79' lang='lat' dir='ltr'>titius</span> <span class='ocrx_word' id='word_1_134' title='bbox 879 1254 886 1268; x_wconf 94' lang='lat'>,</span> <span class='ocrx_word' id='word_1_135' title='bbox 907 1233 937 1260; x_wconf 90' lang='lat' dir='ltr'>et</span> <span class='ocrx_word' id='word_1_136' title='bbox 960 1228 1009 1265; x_wconf 80' lang='lat' dir='ltr'>in3</span> 
     </span>
    </p>
   </div>
   <div class='ocr_carea' id='block_1_8' title="bbox 249 1279 1010 1324">
    <p class='ocr_par' dir='ltr' id='par_1_9' title="bbox 249 1279 1010 1324">
     <span class='ocr_line' id='line_1_33' title="bbox 249 1279 1010 1324; baseline 0.001 -12"><span class='ocrx_word' id='word_1_137' title='bbox 249 1279 303 1312; x_wconf 70' lang='lat' dir='ltr'>illa</span> <span class='ocrx_word' id='word_1_138' title='bbox 327 1280 462 1322; x_wconf 82' lang='lat' dir='ltr'>gaudeat</span> <span class='ocrx_word' id='word_1_139' title='bbox 494 1280 668 1324; x_wconf 82' lang='lat' dir='ltr'>privilegiis</span> <span class='ocrx_word' id='word_1_140' title='bbox 701 1281 858 1313; x_wconf 82' lang='lat' dir='ltr'>concessis</span> <span class='ocrx_word' id='word_1_141' title='bbox 882 1291 899 1313; x_wconf 87' lang='lat' dir='ltr'>a</span> <span class='ocrx_word' id='word_1_142' title='bbox 924 1287 988 1313; x_wconf 88' lang='lat' dir='ltr'>sta·</span> <span class='ocrx_word' id='word_1_143' title='bbox 1008 1286 1010 1295; x_wconf 80' lang='lat'><em>&#39;</em></span> 
     </span>
    </p>
   </div>
   <div class='ocr_carea' id='block_1_9' title="bbox 250 1334 1010 1647">
    <p class='ocr_par' dir='ltr' id='par_1_10' title="bbox 251 1334 991 1421">
     <span class='ocr_line' id='line_1_34' title="bbox 251 1334 991 1378; baseline 0.001 -12"><span class='ocrx_word' id='word_1_144' title='bbox 251 1334 335 1374; x_wconf 90' lang='lat' dir='ltr'>tutis,</span> <span class='ocrx_word' id='word_1_145' title='bbox 352 1334 468 1378; x_wconf 91' lang='lat' dir='ltr'>quibus</span> <span class='ocrx_word' id='word_1_146' title='bbox 488 1345 551 1368; x_wconf 90' lang='lat' dir='ltr'>non</span> <span class='ocrx_word' id='word_1_147' title='bbox 569 1335 727 1377; x_wconf 80' lang='lat' dir='ltr'>gaudebit,</span> <span class='ocrx_word' id='word_1_148' title='bbox 748 1335 773 1368; x_wconf 92' lang='lat' dir='ltr'>si</span> <span class='ocrx_word' id='word_1_149' title='bbox 796 1335 827 1367; x_wconf 93' lang='lat' dir='ltr'>in</span> <span class='ocrx_word' id='word_1_150' title='bbox 851 1335 904 1368; x_wconf 80' lang='lat' dir='ltr'>illa</span> <span class='ocrx_word' id='word_1_151' title='bbox 930 1346 991 1368; x_wconf 92' lang='lat' dir='ltr'>non</span> 
     </span>
     <span class='ocr_line' id='line_1_35' title="bbox 251 1388 449 1421; baseline 0.005 -1"><span class='ocrx_word' id='word_1_152' title='bbox 251 1388 449 1421; x_wconf 82' lang='lat' dir='ltr'>remanserit.</span> 
     </span>
    </p>

    <p class='ocr_par' dir='ltr' id='par_1_11' title="bbox 250 1441 1010 1647">
     <span class='ocr_line' id='line_1_36' title="bbox 295 1441 992 1486; baseline 0.003 -12"><span class='ocrx_word' id='word_1_153' title='bbox 295 1442 310 1485; x_wconf 61' lang='grc' dir='ltr'><strong>ἓ</strong></span> <span class='ocrx_word' id='word_1_154' title='bbox 334 1441 364 1474; x_wconf 73' lang='lat'>4.</span> <span class='ocrx_word' id='word_1_155' title='bbox 390 1442 428 1476; x_wconf 91' lang='lat' dir='ltr'>Ut</span> <span class='ocrx_word' id='word_1_156' title='bbox 452 1446 556 1476; x_wconf 88' lang='lat' dir='ltr'>autem</span> <span class='ocrx_word' id='word_1_157' title='bbox 588 1442 748 1486; x_wconf 88' lang='lat' dir='ltr'>praedicta</span> <span class='ocrx_word' id='word_1_158' title='bbox 780 1442 844 1475; x_wconf 92' lang='lat' dir='ltr'>suis</span> <span class='ocrx_word' id='word_1_159' title='bbox 868 1443 938 1476; x_wconf 88' lang='lat' dir='ltr'>loco</span> <span class='ocrx_word' id='word_1_160' title='bbox 963 1447 992 1476; x_wconf 91' lang='lat' dir='ltr'>et</span> 
     </span>
     <span class='ocr_line' id='line_1_37' title="bbox 252 1495 1010 1539; baseline 0.001 -11"><span class='ocrx_word' id='word_1_161' title='bbox 252 1499 393 1539; x_wconf 89' lang='lat' dir='ltr'>tempore</span> <span class='ocrx_word' id='word_1_162' title='bbox 418 1495 558 1528; x_wconf 90' lang='lat' dir='ltr'>debitum</span> <span class='ocrx_word' id='word_1_163' title='bbox 577 1495 748 1529; x_wconf 90' lang='lat' dir='ltr'>sortiantur</span> <span class='ocrx_word' id='word_1_164' title='bbox 765 1495 921 1538; x_wconf 83' lang='lat' dir='ltr'>effectum,</span> <span class='ocrx_word' id='word_1_165' title='bbox 940 1507 992 1529; x_wconf 91' lang='lat' dir='ltr'>eo-</span> <span class='ocrx_word' id='word_1_166' title='bbox 1008 1501 1010 1529; x_wconf 63' lang='lat' dir='ltr'>t</span> 
     </span>
     <span class='ocr_line' id='line_1_38' title="bbox 250 1549 991 1592; baseline 0.001 -11"><span class='ocrx_word' id='word_1_167' title='bbox 250 1559 321 1581; x_wconf 91' lang='lat' dir='ltr'>rum</span> <span class='ocrx_word' id='word_1_168' title='bbox 347 1549 598 1592; x_wconf 82' lang='lat' dir='ltr'>exequutionem,</span> <span class='ocrx_word' id='word_1_169' title='bbox 615 1560 685 1582; x_wconf 93' lang='lat' dir='ltr'>cum</span> <span class='ocrx_word' id='word_1_170' title='bbox 704 1549 849 1582; x_wconf 90' lang='lat' dir='ltr'>omnibus</span> <span class='ocrx_word' id='word_1_171' title='bbox 874 1555 903 1582; x_wconf 89' lang='lat' dir='ltr'>et</span> <span class='ocrx_word' id='word_1_172' title='bbox 927 1550 991 1583; x_wconf 92' lang='lat' dir='ltr'>sin-</span> 
     </span>
     <span class='ocr_line' id='line_1_39' title="bbox 250 1601 1010 1647; baseline 0.001 -13"><span class='ocrx_word' id='word_1_173' title='bbox 250 1602 332 1644; x_wconf 85' lang='lat' dir='ltr'>gulis</span> <span class='ocrx_word' id='word_1_174' title='bbox 357 1602 555 1636; x_wconf 85' lang='lat' dir='ltr'>facultatibus</span> <span class='ocrx_word' id='word_1_175' title='bbox 580 1603 765 1636; x_wconf 89' lang='lat' dir='ltr'>necessariis</span> <span class='ocrx_word' id='word_1_176' title='bbox 784 1613 820 1636; x_wconf 85' lang='lat' dir='ltr'>ac</span> <span class='ocrx_word' id='word_1_177' title='bbox 844 1601 1010 1647; x_wconf 60' lang='lat' dir='ltr'>opponit-³</span> 
     </span>
    </p>
   </div>
   <div class='ocr_carea' id='block_1_10' title="bbox 1003 211 1014 1680">
    <p class='ocr_par' dir='ltr' id='par_1_12' title="bbox 1003 211 1014 1680">
     <span class='ocr_line' id='line_1_40' title="bbox 1003 211 1014 1680; baseline 0 0"><span class='ocrx_word' id='word_1_178' title='bbox 1003 211 1014 1680; x_wconf 95' lang='lat' dir='ltr'> </span> 
     </span>
    </p>
   </div>
   <div class='ocr_carea' id='block_1_11' title="bbox 250 1656 1011 2503">
    <p class='ocr_par' dir='ltr' id='par_1_13' title="bbox 250 1656 1011 2181">
     <span class='ocr_line' id='line_1_41' title="bbox 250 1656 1010 1700; baseline 0.003 -12"><span class='ocrx_word' id='word_1_179' title='bbox 250 1656 308 1698; x_wconf 89' lang='lat' dir='ltr'>nis,</span> <span class='ocrx_word' id='word_1_180' title='bbox 324 1656 493 1689; x_wconf 85' lang='lat' dir='ltr'>venerabili</span> <span class='ocrx_word' id='word_1_181' title='bbox 513 1656 602 1688; x_wconf 83' lang='lat' dir='ltr'>fratri</span> <span class='ocrx_word' id='word_1_182' title='bbox 623 1656 852 1700; x_wconf 89' lang='lat' dir='ltr'>archiepiscopi</span> <span class='ocrx_word' id='word_1_183' title='bbox 867 1656 990 1698; x_wconf 79' lang='lat' dir='ltr'>Go&#39;ensi,</span> <span class='ocrx_word' id='word_1_184' title='bbox 1008 1693 1010 1696; x_wconf 56' lang='grc'>,</span> 
     </span>
     <span class='ocr_line' id='line_1_42' title="bbox 250 1700 1010 1754; baseline 0 -11"><span class='ocrx_word' id='word_1_185' title='bbox 250 1720 286 1743; x_wconf 88' lang='lat' dir='ltr'>ac</span> <span class='ocrx_word' id='word_1_186' title='bbox 302 1710 423 1744; x_wconf 91' lang='lat' dir='ltr'>dilectis</span> <span class='ocrx_word' id='word_1_187' title='bbox 447 1710 520 1743; x_wconf 86' lang='lat' dir='ltr'>filiis</span> <span class='ocrx_word' id='word_1_188' title='bbox 535 1710 685 1743; x_wconf 87' lang='lat' dir='ltr'>adversus</span> <span class='ocrx_word' id='word_1_189' title='bbox 710 1710 898 1743; x_wconf 86' lang='lat' dir='ltr'>haereticam</span> <span class='ocrx_word' id='word_1_190' title='bbox 924 1700 1010 1754; x_wconf 65' lang='lat' dir='ltr'>pra—³</span> 
     </span>
     <span class='ocr_line' id='line_1_43' title="bbox 252 1755 1010 1808; baseline 0.001 -12"><span class='ocrx_word' id='word_1_191' title='bbox 252 1763 378 1797; x_wconf 89' lang='lat' dir='ltr'>vitatem</span> <span class='ocrx_word' id='word_1_192' title='bbox 413 1763 653 1808; x_wconf 84' lang='lat' dir='ltr'>inquisitoribus</span> <span class='ocrx_word' id='word_1_193' title='bbox 681 1764 853 1808; x_wconf 75' lang='lat' dir='ltr'>apostolica</span> <span class='ocrx_word' id='word_1_194' title='bbox 888 1755 1010 1797; x_wconf 65' lang='lat' dir='ltr'>aucto-²</span> 
     </span>
     <span class='ocr_line' id='line_1_44' title="bbox 251 1817 992 1861; baseline 0 -11"><span class='ocrx_word' id='word_1_195' title='bbox 251 1817 343 1850; x_wconf 83' lang='lat' dir='ltr'>ritate</span> <span class='ocrx_word' id='word_1_196' title='bbox 371 1817 547 1861; x_wconf 89' lang='lat' dir='ltr'>deputatis,</span> <span class='ocrx_word' id='word_1_197' title='bbox 579 1823 609 1850; x_wconf 90' lang='lat' dir='ltr'>et</span> <span class='ocrx_word' id='word_1_198' title='bbox 639 1818 707 1851; x_wconf 88' lang='lat' dir='ltr'>aliis</span> <span class='ocrx_word' id='word_1_199' title='bbox 741 1818 992 1861; x_wconf 88' lang='lat' dir='ltr'>quibuscumque</span> 
     </span>
     <span class='ocr_line' id='line_1_45' title="bbox 251 1870 1010 1914; baseline 0.001 -12"><span class='ocrx_word' id='word_1_200' title='bbox 251 1870 395 1914; x_wconf 88' lang='lat' dir='ltr'>personis</span> <span class='ocrx_word' id='word_1_201' title='bbox 414 1870 446 1902; x_wconf 93' lang='lat' dir='ltr'>in</span> <span class='ocrx_word' id='word_1_202' title='bbox 467 1870 618 1913; x_wconf 81' lang='lat' dir='ltr'>dignitate</span> <span class='ocrx_word' id='word_1_203' title='bbox 641 1871 852 1904; x_wconf 77' lang='lat' dir='ltr'>ecclesiastica</span> <span class='ocrx_word' id='word_1_204' title='bbox 877 1871 992 1904; x_wconf 88' lang='lat' dir='ltr'>consti·</span> <span class='ocrx_word' id='word_1_205' title='bbox 1009 1899 1010 1908; x_wconf 66' lang='grc'>,</span> 
     </span>
     <span class='ocr_line' id='line_1_46' title="bbox 251 1914 1010 1973; baseline 0.001 -17"><span class='ocrx_word' id='word_1_206' title='bbox 251 1923 326 1956; x_wconf 91' lang='lat' dir='ltr'>tutis</span> <span class='ocrx_word' id='word_1_207' title='bbox 351 1923 483 1956; x_wconf 88' lang='lat' dir='ltr'>civitatis</span> <span class='ocrx_word' id='word_1_208' title='bbox 508 1927 537 1957; x_wconf 89' lang='lat' dir='ltr'>et</span> <span class='ocrx_word' id='word_1_209' title='bbox 561 1924 680 1957; x_wconf 88' lang='lat' dir='ltr'>insulae</span> <span class='ocrx_word' id='word_1_210' title='bbox 705 1924 806 1965; x_wconf 83' lang='lat' dir='ltr'>Goae,</span> <span class='ocrx_word' id='word_1_211' title='bbox 827 1930 857 1957; x_wconf 90' lang='lat' dir='ltr'>et</span> <span class='ocrx_word' id='word_1_212' title='bbox 881 1914 1010 1973; x_wconf 57' lang='lat' dir='ltr'>eorum}</span> 
     </span>
     <span class='ocr_line' id='line_1_47' title="bbox 251 1976 1010 2018; baseline 0 -7"><span class='ocrx_word' id='word_1_213' title='bbox 251 1977 381 2012; x_wconf 87' lang='lat' dir='ltr'>cuilibet</span> <span class='ocrx_word' id='word_1_214' title='bbox 405 1977 437 2010; x_wconf 92' lang='lat' dir='ltr'>in</span> <span class='ocrx_word' id='word_1_215' title='bbox 457 1977 603 2018; x_wconf 91' lang='lat' dir='ltr'>solidum,</span> <span class='ocrx_word' id='word_1_216' title='bbox 629 1978 815 2012; x_wconf 87' lang='lat' dir='ltr'>auctoritate</span> <span class='ocrx_word' id='word_1_217' title='bbox 834 1984 864 2011; x_wconf 90' lang='lat' dir='ltr'>et</span> <span class='ocrx_word' id='word_1_218' title='bbox 885 1983 992 2012; x_wconf 89' lang='lat' dir='ltr'>tenore</span> <span class='ocrx_word' id='word_1_219' title='bbox 1009 1976 1010 1989; x_wconf 66' lang='lat'>¹</span> 
     </span>
     <span class='ocr_line' id='line_1_48' title="bbox 251 2030 1010 2075; baseline 0.003 -12"><span class='ocrx_word' id='word_1_220' title='bbox 251 2030 421 2075; x_wconf 89' lang='lat' dir='ltr'>praedictis</span> <span class='ocrx_word' id='word_1_221' title='bbox 458 2030 651 2074; x_wconf 79' lang='lat' dir='ltr'>iniungimus</span> <span class='ocrx_word' id='word_1_222' title='bbox 683 2037 713 2064; x_wconf 88' lang='lat' dir='ltr'>et</span> <span class='ocrx_word' id='word_1_223' title='bbox 744 2031 1010 2074; x_wconf 24' lang='lat' dir='ltr'>demandamus*</span> 
     </span>
     <span class='ocr_line' id='line_1_49' title="bbox 252 2084 1011 2128; baseline 0.003 -11"><span class='ocrx_word' id='word_1_224' title='bbox 252 2084 337 2117; x_wconf 74' lang='lat' dir='ltr'>salva</span> <span class='ocrx_word' id='word_1_225' title='bbox 349 2095 474 2128; x_wconf 90' lang='lat' dir='ltr'>semper</span> <span class='ocrx_word' id='word_1_226' title='bbox 488 2084 518 2116; x_wconf 93' lang='lat' dir='ltr'>in</span> <span class='ocrx_word' id='word_1_227' title='bbox 532 2085 712 2128; x_wconf 84' lang='lat' dir='ltr'>praemissis</span> <span class='ocrx_word' id='word_1_228' title='bbox 725 2086 909 2119; x_wconf 88' lang='lat' dir='ltr'>auctoritate</span> <span class='ocrx_word' id='word_1_229' title='bbox 923 2097 993 2119; x_wconf 84' lang='lat' dir='ltr'>con·</span> <span class='ocrx_word' id='word_1_230' title='bbox 1009 2107 1011 2128; x_wconf 59' lang='lat'>;</span> 
     </span>
     <span class='ocr_line' id='line_1_50' title="bbox 253 2138 961 2181; baseline 0.003 -11"><span class='ocrx_word' id='word_1_231' title='bbox 253 2138 445 2181; x_wconf 83' lang='lat' dir='ltr'>gregationis</span> <span class='ocrx_word' id='word_1_232' title='bbox 470 2144 718 2172; x_wconf 86' lang='lat' dir='ltr'>memoratorum</span> <span class='ocrx_word' id='word_1_233' title='bbox 745 2139 961 2172; x_wconf 85' lang='lat' dir='ltr'>cardinalium.</span> 
     </span>
    </p>

    <p class='ocr_par' dir='ltr' id='par_1_14' title="bbox 254 2192 995 2503">
     <span class='ocr_line' id='line_1_51' title="bbox 298 2192 993 2237; baseline 0.003 -13"><span class='ocrx_word' id='word_1_234' title='bbox 298 2192 313 2236; x_wconf 62' lang='grc' dir='ltr'><strong>ἓ</strong></span> <span class='ocrx_word' id='word_1_235' title='bbox 345 2192 374 2225; x_wconf 84' lang='grc'>5.</span> <span class='ocrx_word' id='word_1_236' title='bbox 406 2192 615 2225; x_wconf 88' lang='lat' dir='ltr'>Decernentes</span> <span class='ocrx_word' id='word_1_237' title='bbox 653 2192 776 2226; x_wconf 84' lang='lat' dir='ltr'>easdem</span> <span class='ocrx_word' id='word_1_238' title='bbox 813 2199 993 2237; x_wconf 77' lang='lat' dir='ltr'>praesentes</span> 
     </span>
     <span class='ocr_line' id='line_1_52' title="bbox 254 2245 994 2290; baseline 0.001 -12"><span class='ocrx_word' id='word_1_239' title='bbox 254 2245 393 2287; x_wconf 84' lang='lat' dir='ltr'>litteras,</span> <span class='ocrx_word' id='word_1_240' title='bbox 419 2251 495 2286; x_wconf 85' lang='lat' dir='ltr'>etc.;</span> <span class='ocrx_word' id='word_1_241' title='bbox 528 2246 635 2289; x_wconf 90' lang='lat' dir='ltr'>sicque</span> <span class='ocrx_word' id='word_1_242' title='bbox 670 2247 700 2279; x_wconf 91' lang='lat' dir='ltr'>in</span> <span class='ocrx_word' id='word_1_243' title='bbox 731 2247 913 2290; x_wconf 84' lang='lat' dir='ltr'>praemissis</span> <span class='ocrx_word' id='word_1_244' title='bbox 938 2258 994 2290; x_wconf 88' lang='lat' dir='ltr'>per</span> 
     </span>
     <span class='ocr_line' id='line_1_53' title="bbox 254 2299 995 2343; baseline 0 -10"><span class='ocrx_word' id='word_1_245' title='bbox 254 2310 471 2343; x_wconf 90' lang='lat' dir='ltr'>quoscumque</span> <span class='ocrx_word' id='word_1_246' title='bbox 502 2299 629 2342; x_wconf 88' lang='lat' dir='ltr'>iudices,</span> <span class='ocrx_word' id='word_1_247' title='bbox 660 2305 728 2341; x_wconf 89' lang='lat' dir='ltr'>cte.,</span> <span class='ocrx_word' id='word_1_248' title='bbox 755 2311 790 2333; x_wconf 91' lang='lat' dir='ltr'>ac</span> <span class='ocrx_word' id='word_1_249' title='bbox 815 2301 939 2333; x_wconf 88' lang='lat' dir='ltr'>irritum</span> <span class='ocrx_word' id='word_1_250' title='bbox 966 2307 995 2333; x_wconf 88' lang='lat' dir='ltr'>ct</span> 
     </span>
     <span class='ocr_line' id='line_1_54' title="bbox 255 2353 995 2398; baseline 0 -12"><span class='ocrx_word' id='word_1_251' title='bbox 255 2353 357 2395; x_wconf 88' lang='lat' dir='ltr'>inane,</span> <span class='ocrx_word' id='word_1_252' title='bbox 375 2353 400 2386; x_wconf 91' lang='lat' dir='ltr'>si</span> <span class='ocrx_word' id='word_1_253' title='bbox 414 2364 503 2386; x_wconf 88' lang='lat' dir='ltr'>secus</span> <span class='ocrx_word' id='word_1_254' title='bbox 517 2364 613 2397; x_wconf 90' lang='lat' dir='ltr'>super</span> <span class='ocrx_word' id='word_1_255' title='bbox 630 2353 678 2386; x_wconf 89' lang='lat' dir='ltr'>his</span> <span class='ocrx_word' id='word_1_256' title='bbox 696 2365 712 2386; x_wconf 91' lang='lat' dir='ltr'>a</span> <span class='ocrx_word' id='word_1_257' title='bbox 728 2364 899 2398; x_wconf 84' lang='lat' dir='ltr'>quoquam,</span> <span class='ocrx_word' id='word_1_258' title='bbox 920 2365 995 2397; x_wconf 87' lang='lat' dir='ltr'>qua-</span> 
     </span>
     <span class='ocr_line' id='line_1_55' title="bbox 255 2407 995 2451; baseline 0.001 -11"><span class='ocrx_word' id='word_1_259' title='bbox 255 2408 301 2441; x_wconf 88' lang='lat' dir='ltr'>vis</span> <span class='ocrx_word' id='word_1_260' title='bbox 333 2408 517 2442; x_wconf 89' lang='lat' dir='ltr'>auctoritate</span> <span class='ocrx_word' id='word_1_261' title='bbox 532 2435 540 2448; x_wconf 84' lang='lat'>,</span> <span class='ocrx_word' id='word_1_262' title='bbox 565 2407 701 2441; x_wconf 89' lang='lat' dir='ltr'>scienter</span> <span class='ocrx_word' id='word_1_263' title='bbox 725 2408 772 2441; x_wconf 90' lang='lat' dir='ltr'>vel</span> <span class='ocrx_word' id='word_1_264' title='bbox 798 2407 995 2451; x_wconf 82' lang='lat' dir='ltr'>ignoranter,</span> 
     </span>
     <span class='ocr_line' id='line_1_56' title="bbox 256 2460 605 2503; baseline -0.003 -9"><span class='ocrx_word' id='word_1_265' title='bbox 256 2460 426 2503; x_wconf 79' lang='lat' dir='ltr'>contigerit</span> <span class='ocrx_word' id='word_1_266' title='bbox 450 2460 605 2494; x_wconf 88' lang='lat' dir='ltr'>attentari.</span> 
     </span>
    </p>
   </div>
   <div class='ocr_carea' id='block_1_12' title="bbox 1009 1860 1016 2586">
    <p class='ocr_par' dir='ltr' id='par_1_15' title="bbox 1009 1860 1016 2586">
     <span class='ocr_line' id='line_1_57' title="bbox 1009 1860 1016 2586; baseline 0 0"><span class='ocrx_word' id='word_1_267' title='bbox 1009 1860 1016 2586; x_wconf 95' lang='lat' dir='ltr'> </span> 
     </span>
    </p>
   </div>
   <div class='ocr_carea' id='block_1_13' title="bbox 258 2513 998 2611">
    <p class='ocr_par' dir='ltr' id='par_1_16' title="bbox 258 2513 998 2611">
     <span class='ocr_line' id='line_1_58' title="bbox 301 2513 998 2558; baseline 0 -11"><span class='ocrx_word' id='word_1_268' title='bbox 301 2515 316 2558; x_wconf 64' lang='grc' dir='ltr'><strong>ἓ</strong></span> <span class='ocrx_word' id='word_1_269' title='bbox 346 2515 375 2547; x_wconf 73' lang='grc' dir='ltr'>ὕ.</span> <span class='ocrx_word' id='word_1_270' title='bbox 408 2514 476 2547; x_wconf 88' lang='lat' dir='ltr'>Non</span> <span class='ocrx_word' id='word_1_271' title='bbox 510 2513 707 2547; x_wconf 87' lang='lat' dir='ltr'>obstantibus</span> <span class='ocrx_word' id='word_1_272' title='bbox 738 2513 938 2557; x_wconf 89' lang='lat' dir='ltr'>praemissis,</span> <span class='ocrx_word' id='word_1_273' title='bbox 963 2525 998 2547; x_wconf 89' lang='lat' dir='ltr'>ac</span> 
     </span>
     <span class='ocr_line' id='line_1_59' title="bbox 258 2565 998 2611; baseline -0.003 -9"><span class='ocrx_word' id='word_1_274' title='bbox 258 2565 356 2602; x_wconf 82' lang='lat' dir='ltr'>felicis</span> <span class='ocrx_word' id='word_1_275' title='bbox 380 2566 608 2602; x_wconf 87' lang='lat' dir='ltr'>recordationis</span> <span class='ocrx_word' id='word_1_276' title='bbox 633 2566 782 2601; x_wconf 88' lang='lat' dir='ltr'>Bonisacii</span> <span class='ocrx_word' id='word_1_277' title='bbox 807 2566 909 2611; x_wconf 88' lang='lat' dir='ltr'>Papae</span> <span class='ocrx_word' id='word_1_278' title='bbox 934 2567 998 2601; x_wconf 85' lang='lat' dir='ltr'>vlll</span> 
     </span>
    </p>
   </div>
   <div class='ocr_carea' id='block_1_14' title="bbox 1020 211 1768 886">
    <p class='ocr_par' dir='ltr' id='par_1_17' title="bbox 1020 211 1765 576">
     <span class='ocr_line' id='line_1_60' title="bbox 1020 211 1762 254; baseline 0.001 -11"><span class='ocrx_word' id='word_1_279' title='bbox 1020 211 1257 254; x_wconf 86' lang='lat' dir='ltr'>praedecessori</span> <span class='ocrx_word' id='word_1_280' title='bbox 1282 212 1381 245; x_wconf 90' lang='lat' dir='ltr'>nostri</span> <span class='ocrx_word' id='word_1_281' title='bbox 1412 212 1449 245; x_wconf 90' lang='lat' dir='ltr'>de</span> <span class='ocrx_word' id='word_1_282' title='bbox 1482 212 1555 252; x_wconf 73' lang='lat' dir='ltr'>una,</span> <span class='ocrx_word' id='word_1_283' title='bbox 1584 217 1613 245; x_wconf 89' lang='lat' dir='ltr'>et</span> <span class='ocrx_word' id='word_1_284' title='bbox 1637 211 1762 245; x_wconf 89' lang='lat' dir='ltr'>concilii</span> 
     </span>
     <span class='ocr_line' id='line_1_61' title="bbox 1021 264 1762 307; baseline 0.003 -11"><span class='ocrx_word' id='word_1_285' title='bbox 1021 264 1176 307; x_wconf 84' lang='lat' dir='ltr'>generalis</span> <span class='ocrx_word' id='word_1_286' title='bbox 1201 265 1239 298; x_wconf 92' lang='lat' dir='ltr'>de</span> <span class='ocrx_word' id='word_1_287' title='bbox 1263 265 1384 298; x_wconf 88' lang='lat' dir='ltr'>duabus</span> <span class='ocrx_word' id='word_1_288' title='bbox 1409 266 1510 306; x_wconf 90' lang='lat' dir='ltr'>dietis,</span> <span class='ocrx_word' id='word_1_289' title='bbox 1543 269 1611 306; x_wconf 82' lang='lat' dir='ltr'>etc.;</span> <span class='ocrx_word' id='word_1_290' title='bbox 1640 270 1669 298; x_wconf 93' lang='lat' dir='ltr'>et</span> <span class='ocrx_word' id='word_1_291' title='bbox 1694 265 1762 298; x_wconf 85' lang='lat' dir='ltr'>aliis</span> 
     </span>
     <span class='ocr_line' id='line_1_62' title="bbox 1021 317 1763 362; baseline 0.001 -12"><span class='ocrx_word' id='word_1_292' title='bbox 1021 317 1296 351; x_wconf 88' lang='lat' dir='ltr'>constitutionibus</span> <span class='ocrx_word' id='word_1_293' title='bbox 1317 324 1346 350; x_wconf 90' lang='lat' dir='ltr'>et</span> <span class='ocrx_word' id='word_1_294' title='bbox 1370 319 1621 352; x_wconf 88' lang='lat' dir='ltr'>ordinationibus</span> <span class='ocrx_word' id='word_1_295' title='bbox 1639 323 1763 362; x_wconf 86' lang='lat' dir='ltr'>aposto-</span> 
     </span>
     <span class='ocr_line' id='line_1_63' title="bbox 1022 370 1763 415; baseline 0.003 -13"><span class='ocrx_word' id='word_1_296' title='bbox 1022 370 1100 410; x_wconf 89' lang='lat' dir='ltr'>licis,</span> <span class='ocrx_word' id='word_1_297' title='bbox 1124 381 1257 412; x_wconf 80' lang='lat' dir='ltr'>necnon,</span> <span class='ocrx_word' id='word_1_298' title='bbox 1275 375 1427 414; x_wconf 88' lang='lat' dir='ltr'>quatenus</span> <span class='ocrx_word' id='word_1_299' title='bbox 1450 383 1529 415; x_wconf 90' lang='lat' dir='ltr'>opus</span> <span class='ocrx_word' id='word_1_300' title='bbox 1549 372 1597 411; x_wconf 89' lang='lat' dir='ltr'>sit,</span> <span class='ocrx_word' id='word_1_301' title='bbox 1619 372 1693 404; x_wconf 87' lang='lat' dir='ltr'>dicti</span> <span class='ocrx_word' id='word_1_302' title='bbox 1711 371 1763 405; x_wconf 92' lang='lat' dir='ltr'>Or-</span> 
     </span>
     <span class='ocr_line' id='line_1_64' title="bbox 1023 422 1765 467; baseline 0.003 -12"><span class='ocrx_word' id='word_1_303' title='bbox 1023 422 1114 463; x_wconf 90' lang='lat' dir='ltr'>dinis,</span> <span class='ocrx_word' id='word_1_304' title='bbox 1129 429 1159 455; x_wconf 90' lang='lat' dir='ltr'>et</span> <span class='ocrx_word' id='word_1_305' title='bbox 1175 424 1242 456; x_wconf 89' lang='lat' dir='ltr'>aliis</span> <span class='ocrx_word' id='word_1_306' title='bbox 1257 424 1428 467; x_wconf 75' lang='lat' dir='ltr'>quibusvis,</span> <span class='ocrx_word' id='word_1_307' title='bbox 1443 429 1511 465; x_wconf 66' lang='lat' dir='ltr'>ete,</span> <span class='ocrx_word' id='word_1_308' title='bbox 1526 426 1583 458; x_wconf 80' lang='lat' dir='ltr'>liae</span> <span class='ocrx_word' id='word_1_309' title='bbox 1598 425 1663 458; x_wconf 80' lang='lat' dir='ltr'>vice</span> <span class='ocrx_word' id='word_1_310' title='bbox 1678 425 1765 457; x_wconf 89' lang='lat' dir='ltr'>dum-</span> 
     </span>
     <span class='ocr_line' id='line_1_65' title="bbox 1024 477 1764 521; baseline 0.001 -11"><span class='ocrx_word' id='word_1_311' title='bbox 1024 480 1113 517; x_wconf 82' lang='lat' dir='ltr'>taxat,</span> <span class='ocrx_word' id='word_1_312' title='bbox 1134 477 1312 520; x_wconf 88' lang='lat' dir='ltr'>specialiter</span> <span class='ocrx_word' id='word_1_313' title='bbox 1337 483 1366 510; x_wconf 91' lang='lat' dir='ltr'>et</span> <span class='ocrx_word' id='word_1_314' title='bbox 1393 488 1540 521; x_wconf 81' lang='lat' dir='ltr'>expresse</span> <span class='ocrx_word' id='word_1_315' title='bbox 1558 478 1764 521; x_wconf 80' lang='lat' dir='ltr'>de1·ogamus;</span> 
     </span>
     <span class='ocr_line' id='line_1_66' title="bbox 1023 530 1669 576; baseline 0.003 -13"><span class='ocrx_word' id='word_1_316' title='bbox 1023 530 1197 573; x_wconf 86' lang='lat' dir='ltr'>ceterisque</span> <span class='ocrx_word' id='word_1_317' title='bbox 1222 531 1386 563; x_wconf 85' lang='lat' dir='ltr'>contrariis</span> <span class='ocrx_word' id='word_1_318' title='bbox 1410 532 1669 576; x_wconf 74' lang='lat' dir='ltr'>quilmseumque.</span> 
     </span>
    </p>

    <p class='ocr_par' dir='ltr' id='par_1_18' title="bbox 1024 584 1766 681">
     <span class='ocr_line' id='line_1_67' title="bbox 1068 584 1766 629; baseline 0.004 -13"><span class='ocrx_word' id='word_1_319' title='bbox 1068 584 1082 627; x_wconf 63' lang='grc' dir='ltr'><strong>ἓ</strong></span> <span class='ocrx_word' id='word_1_320' title='bbox 1108 584 1136 617; x_wconf 96' lang='grc'>7.</span> <span class='ocrx_word' id='word_1_321' title='bbox 1162 584 1313 617; x_wconf 84' lang='lat' dir='ltr'>Volumus</span> <span class='ocrx_word' id='word_1_322' title='bbox 1348 590 1452 618; x_wconf 87' lang='lat' dir='ltr'>autem</span> <span class='ocrx_word' id='word_1_323' title='bbox 1486 591 1520 617; x_wconf 94' lang='lat' dir='ltr'>ut</span> <span class='ocrx_word' id='word_1_324' title='bbox 1551 586 1766 629; x_wconf 85' lang='lat' dir='ltr'>praesentium</span> 
     </span>
     <span class='ocr_line' id='line_1_68' title="bbox 1024 637 1317 681; baseline -0.003 -11"><span class='ocrx_word' id='word_1_325' title='bbox 1024 637 1237 681; x_wconf 85' lang='lat' dir='ltr'>transumptis,</span> <span class='ocrx_word' id='word_1_326' title='bbox 1260 643 1317 671; x_wconf 90' lang='lat' dir='ltr'>etc.</span> 
     </span>
    </p>

    <p class='ocr_par' dir='ltr' id='par_1_19' title="bbox 1023 691 1768 886">
     <span class='ocr_line' id='line_1_69' title="bbox 1068 691 1768 736; baseline 0.004 -13"><span class='ocrx_word' id='word_1_327' title='bbox 1068 691 1180 724; x_wconf 88' lang='lat' dir='ltr'>Datum</span> <span class='ocrx_word' id='word_1_328' title='bbox 1205 692 1334 732; x_wconf 85' lang='lat' dir='ltr'>Romae,</span> <span class='ocrx_word' id='word_1_329' title='bbox 1360 692 1392 724; x_wconf 91' lang='lat' dir='ltr'>in</span> <span class='ocrx_word' id='word_1_330' title='bbox 1416 693 1495 725; x_wconf 88' lang='lat' dir='ltr'>Arce</span> <span class='ocrx_word' id='word_1_331' title='bbox 1519 692 1696 736; x_wconf 86' lang='lat' dir='ltr'>Gandulphi</span> <span class='ocrx_word' id='word_1_332' title='bbox 1720 693 1768 726; x_wconf 87' lang='lat' dir='ltr'>Al-</span> 
     </span>
     <span class='ocr_line' id='line_1_70' title="bbox 1023 744 1767 786; baseline 0.001 -8"><span class='ocrx_word' id='word_1_333' title='bbox 1023 745 1169 778; x_wconf 89' lang='lat' dir='ltr'>banensis</span> <span class='ocrx_word' id='word_1_334' title='bbox 1194 744 1358 785; x_wconf 80' lang='lat' dir='ltr'>dioecesis,</span> <span class='ocrx_word' id='word_1_335' title='bbox 1383 745 1441 778; x_wconf 91' lang='lat' dir='ltr'>sub</span> <span class='ocrx_word' id='word_1_336' title='bbox 1458 746 1574 778; x_wconf 88' lang='lat' dir='ltr'>annulo</span> <span class='ocrx_word' id='word_1_337' title='bbox 1588 746 1767 786; x_wconf 73' lang='lat' dir='ltr'>piscatoris,</span> 
     </span>
     <span class='ocr_line' id='line_1_71' title="bbox 1024 799 1767 843; baseline 0.001 -11"><span class='ocrx_word' id='word_1_338' title='bbox 1024 799 1074 832; x_wconf 88' lang='lat' dir='ltr'>die</span> <span class='ocrx_word' id='word_1_339' title='bbox 1104 811 1122 833; x_wconf 84' lang='lat' dir='ltr'>x</span> <span class='ocrx_word' id='word_1_340' title='bbox 1153 800 1226 832; x_wconf 88' lang='lat' dir='ltr'>maii</span> <span class='ocrx_word' id='word_1_341' title='bbox 1262 810 1401 843; x_wconf 85' lang='lat' dir='ltr'>MDCle,</span> <span class='ocrx_word' id='word_1_342' title='bbox 1431 800 1635 843; x_wconf 82' lang='lat' dir='ltr'>pontificatus</span> <span class='ocrx_word' id='word_1_343' title='bbox 1668 800 1767 833; x_wconf 86' lang='lat' dir='ltr'>nostri</span> 
     </span>
     <span class='ocr_line' id='line_1_72' title="bbox 1024 863 1161 886; baseline 0 0"><span class='ocrx_word' id='word_1_344' title='bbox 1024 863 1107 886; x_wconf 88' lang='lat' dir='ltr'>anno</span> <span class='ocrx_word' id='word_1_345' title='bbox 1132 864 1161 886; x_wconf 91' lang='lat' dir='ltr'>v.</span> 
     </span>
    </p>
   </div>
   <div class='ocr_carea' id='block_1_15' title="bbox 1061 916 1660 952">
    <p class='ocr_par' dir='ltr' id='par_1_20' title="bbox 1061 916 1660 952">
     <span class='ocr_line' id='line_1_73' title="bbox 1061 916 1660 952; baseline 0.002 -9"><span class='ocrx_word' id='word_1_346' title='bbox 1061 917 1116 944; x_wconf 89' lang='lat' dir='ltr'>Dat.</span> <span class='ocrx_word' id='word_1_347' title='bbox 1138 916 1181 944; x_wconf 87' lang='lat' dir='ltr'>die</span> <span class='ocrx_word' id='word_1_348' title='bbox 1203 916 1235 943; x_wconf 88' lang='grc'>10</span> <span class='ocrx_word' id='word_1_349' title='bbox 1255 916 1318 944; x_wconf 83' lang='lat' dir='ltr'>maii</span> <span class='ocrx_word' id='word_1_350' title='bbox 1337 917 1415 951; x_wconf 74' lang='lat'>1659,</span> <span class='ocrx_word' id='word_1_351' title='bbox 1431 916 1526 952; x_wconf 80' lang='lat' dir='ltr'>pontif.</span> <span class='ocrx_word' id='word_1_352' title='bbox 1549 925 1619 944; x_wconf 90' lang='lat' dir='ltr'>anno</span> <span class='ocrx_word' id='word_1_353' title='bbox 1635 924 1660 944; x_wconf 91' lang='lat' dir='ltr'>v.</span> 
     </span>
    </p>
   </div>
   <div class='ocr_carea' id='block_1_16' title="bbox 1291 984 1501 988">
    <p class='ocr_par' dir='ltr' id='par_1_21' title="bbox 1291 984 1501 988">
     <span class='ocr_line' id='line_1_74' title="bbox 1291 984 1501 988; baseline 0 0"><span class='ocrx_word' id='word_1_354' title='bbox 1291 984 1501 988; x_wconf 95' lang='lat' dir='ltr'> </span> 
     </span>
    </p>
   </div>
   <div class='ocr_carea' id='block_1_17' title="bbox 1331 1034 1457 1067">
    <p class='ocr_par' dir='ltr' id='par_1_22' title="bbox 1331 1034 1457 1067">
     <span class='ocr_line' id='line_1_75' title="bbox 1331 1034 1457 1067; baseline -0.008 0"><span class='ocrx_word' id='word_1_355' title='bbox 1331 1034 1457 1067; x_wconf 81' lang='lat' dir='ltr'>CXLIII.</span> 
     </span>
    </p>
   </div>
   <div class='ocr_carea' id='block_1_18' title="bbox 1027 1104 1770 1515">
    <p class='ocr_par' dir='ltr' id='par_1_23' title="bbox 1027 1104 1770 1515">
     <span class='ocr_line' id='line_1_76' title="bbox 1027 1104 1768 1149; baseline 0.004 -12"><span class='ocrx_word' id='word_1_356' title='bbox 1027 1104 1238 1147; x_wconf 78' lang='lat' dir='ltr'>Confirmatio</span> <span class='ocrx_word' id='word_1_357' title='bbox 1262 1105 1450 1138; x_wconf 77' lang='lat' dir='ltr'>concordiae</span> <span class='ocrx_word' id='word_1_358' title='bbox 1474 1117 1570 1149; x_wconf 76' lang='lat' dir='ltr'>snper</span> <span class='ocrx_word' id='word_1_359' title='bbox 1589 1112 1768 1140; x_wconf 79' lang='lat' dir='ltr'>controuer-</span> 
     </span>
     <span class='ocr_line' id='line_1_77' title="bbox 1069 1159 1770 1204; baseline 0.004 -13"><span class='ocrx_word' id='word_1_360' title='bbox 1069 1159 1119 1191; x_wconf 69' lang='lat' dir='ltr'>sici</span> <span class='ocrx_word' id='word_1_361' title='bbox 1137 1159 1314 1201; x_wconf 79' lang='lat' dir='ltr'>confinium</span> <span class='ocrx_word' id='word_1_362' title='bbox 1334 1161 1420 1193; x_wconf 78' lang='lat' dir='ltr'>inter</span> <span class='ocrx_word' id='word_1_363' title='bbox 1442 1161 1647 1204; x_wconf 72' lang='lat' dir='ltr'>provinciam</span> <span class='ocrx_word' id='word_1_364' title='bbox 1661 1162 1692 1195; x_wconf 91' lang='lat' dir='ltr'>S.</span> <span class='ocrx_word' id='word_1_365' title='bbox 1711 1162 1770 1194; x_wconf 81' lang='lat' dir='ltr'>Di-</span> 
     </span>
     <span class='ocr_line' id='line_1_78' title="bbox 1071 1211 1770 1248; baseline 0.007 -5"><span class='ocrx_word' id='word_1_366' title='bbox 1071 1211 1145 1244; x_wconf 76' lang='lat' dir='ltr'>ctaei</span> <span class='ocrx_word' id='word_1_367' title='bbox 1169 1213 1201 1244; x_wconf 79' lang='lat' dir='ltr'>in</span> <span class='ocrx_word' id='word_1_368' title='bbox 1234 1213 1346 1245; x_wconf 67' lang='lat' dir='ltr'>Betz&#39;cct</span> <span class='ocrx_word' id='word_1_369' title='bbox 1375 1213 1510 1246; x_wconf 69' lang='lat' dir='ltr'>Ordinis</span> <span class='ocrx_word' id='word_1_370' title='bbox 1535 1216 1640 1247; x_wconf 76' lang='lat' dir='ltr'>sancti</span> <span class='ocrx_word' id='word_1_371' title='bbox 1664 1215 1770 1248; x_wconf 78' lang='lat' dir='ltr'>Fran-</span> 
     </span>
     <span class='ocr_line' id='line_1_79' title="bbox 1071 1265 1770 1311; baseline 0.006 -14"><span class='ocrx_word' id='word_1_372' title='bbox 1071 1265 1148 1298; x_wconf 76' lang='lat' dir='ltr'>cz&#39;scz&#39;</span> <span class='ocrx_word' id='word_1_373' title='bbox 1183 1265 1222 1298; x_wconf 78' lang='lat' dir='ltr'>cte</span> <span class='ocrx_word' id='word_1_374' title='bbox 1258 1265 1467 1299; x_wconf 70' lang='lat' dir='ltr'>Observantz&#39;zt</span> <span class='ocrx_word' id='word_1_375' title='bbox 1504 1272 1531 1300; x_wconf 79' lang='lat' dir='ltr'>et</span> <span class='ocrx_word' id='word_1_376' title='bbox 1564 1269 1770 1311; x_wconf 73' lang='lat' dir='ltr'>provinciam</span> 
     </span>
     <span class='ocr_line' id='line_1_80' title="bbox 1069 1319 1769 1363; baseline 0.006 -12"><span class='ocrx_word' id='word_1_377' title='bbox 1069 1319 1100 1352; x_wconf 90' lang='lat' dir='ltr'>S.</span> <span class='ocrx_word' id='word_1_378' title='bbox 1126 1319 1263 1352; x_wconf 77' lang='lat' dir='ltr'>Ioannis</span> <span class='ocrx_word' id='word_1_379' title='bbox 1287 1320 1458 1363; x_wconf 75' lang='lat' dir='ltr'>Baptistae</span> <span class='ocrx_word' id='word_1_380' title='bbox 1472 1321 1615 1353; x_wconf 63' lang='lat' dir='ltr'>erusclcm</span> <span class='ocrx_word' id='word_1_381' title='bbox 1634 1321 1769 1355; x_wconf 76' lang='lat' dir='ltr'>Ordinis</span> 
     </span>
     <span class='ocr_line' id='line_1_81' title="bbox 1070 1374 1769 1418; baseline 0.004 -13"><span class='ocrx_word' id='word_1_382' title='bbox 1070 1374 1198 1413; x_wconf 66' lang='lat' dir='ltr'>exoriri,</span> <span class='ocrx_word' id='word_1_383' title='bbox 1223 1384 1297 1406; x_wconf 83' lang='lat' dir='ltr'>cnm</span> <span class='ocrx_word' id='word_1_384' title='bbox 1319 1378 1488 1418; x_wconf 79' lang='lat' dir='ltr'>praecepto</span> <span class='ocrx_word' id='word_1_385' title='bbox 1514 1379 1549 1407; x_wconf 80' lang='lat' dir='ltr'>nt</span> <span class='ocrx_word' id='word_1_386' title='bbox 1580 1376 1713 1407; x_wconf 74' lang='lat' dir='ltr'>termini</span> <span class='ocrx_word' id='word_1_387' title='bbox 1741 1379 1769 1408; x_wconf 85' lang='lat' dir='ltr'>et</span> 
     </span>
     <span class='ocr_line' id='line_1_82' title="bbox 1070 1426 1769 1471; baseline 0.003 -12"><span class='ocrx_word' id='word_1_388' title='bbox 1070 1426 1212 1469; x_wconf 78' lang='lat' dir='ltr'>confinia</span> <span class='ocrx_word' id='word_1_389' title='bbox 1226 1428 1311 1460; x_wconf 79' lang='lat' dir='ltr'>inter</span> <span class='ocrx_word' id='word_1_390' title='bbox 1326 1428 1453 1460; x_wconf 82' lang='lat' dir='ltr'>easdem</span> <span class='ocrx_word' id='word_1_391' title='bbox 1469 1429 1656 1471; x_wconf 73' lang='lat' dir='ltr'>provincias</span> <span class='ocrx_word' id='word_1_392' title='bbox 1673 1429 1769 1462; x_wconf 75' lang='lat' dir='ltr'>inccta</span> 
     </span>
     <span class='ocr_line' id='line_1_83' title="bbox 1070 1480 1714 1515; baseline 0.005 -3"><span class='ocrx_word' id='word_1_393' title='bbox 1070 1480 1276 1513; x_wconf 76' lang='lat' dir='ltr'>concordiam</span> <span class='ocrx_word' id='word_1_394' title='bbox 1301 1481 1492 1514; x_wconf 72' lang='lat' dir='ltr'>huiusmodi</span> <span class='ocrx_word' id='word_1_395' title='bbox 1515 1486 1683 1515; x_wconf 74' lang='lat' dir='ltr'>serventur</span> <span class='ocrx_word' id='word_1_396' title='bbox 1696 1481 1714 1514; x_wconf 80' lang='lat'>¹.</span> 
     </span>
    </p>
   </div>
   <div class='ocr_carea' id='block_1_19' title="bbox 1167 1551 1620 1625">
    <p class='ocr_par' dir='ltr' id='par_1_24' title="bbox 1167 1551 1620 1625">
     <span class='ocr_line' id='line_1_84' title="bbox 1215 1551 1577 1586; baseline 0.006 -8"><span class='ocrx_word' id='word_1_397' title='bbox 1215 1551 1380 1579; x_wconf 84' lang='lat' dir='ltr'>Alexander</span> <span class='ocrx_word' id='word_1_398' title='bbox 1408 1552 1485 1586; x_wconf 86' lang='lat' dir='ltr'>Papa</span> <span class='ocrx_word' id='word_1_399' title='bbox 1513 1553 1577 1584; x_wconf 84' lang='lat' dir='ltr'>VII,</span> 
     </span>
     <span class='ocr_line' id='line_1_85' title="bbox 1167 1596 1620 1625; baseline 0.004 -3"><span class='ocrx_word' id='word_1_400' title='bbox 1167 1598 1202 1623; x_wconf 87' lang='lat' dir='ltr'>ad</span> <span class='ocrx_word' id='word_1_401' title='bbox 1223 1596 1355 1623; x_wconf 83' lang='lat' dir='ltr'>futuram</span> <span class='ocrx_word' id='word_1_402' title='bbox 1375 1597 1420 1624; x_wconf 86' lang='lat' dir='ltr'>rei</span> <span class='ocrx_word' id='word_1_403' title='bbox 1441 1598 1620 1625; x_wconf 76' lang='lat' dir='ltr'>memorIam.</span> 
     </span>
    </p>
   </div>
   <div class='ocr_carea' id='block_1_20' title="bbox 1025 1657 1773 2613">
    <p class='ocr_par' dir='ltr' id='par_1_25' title="bbox 1025 1657 1773 2560">
     <span class='ocr_line' id='line_1_86' title="bbox 1071 1657 1769 1702; baseline 0.006 -13"><span class='ocrx_word' id='word_1_404' title='bbox 1071 1657 1085 1700; x_wconf 63' lang='grc' dir='ltr'><strong>ἓ</strong></span> <span class='ocrx_word' id='word_1_405' title='bbox 1109 1657 1138 1689; x_wconf 74' lang='lat' dir='ltr'>t.</span> <span class='ocrx_word' id='word_1_406' title='bbox 1165 1658 1284 1701; x_wconf 86' lang='lat' dir='ltr'>Exponi</span> <span class='ocrx_word' id='word_1_407' title='bbox 1310 1658 1401 1691; x_wconf 89' lang='lat' dir='ltr'>nobis</span> <span class='ocrx_word' id='word_1_408' title='bbox 1425 1669 1526 1702; x_wconf 87' lang='lat' dir='ltr'>nuper</span> <span class='ocrx_word' id='word_1_409' title='bbox 1546 1660 1617 1692; x_wconf 80' lang='lat' dir='ltr'>fecit</span> <span class='ocrx_word' id='word_1_410' title='bbox 1637 1659 1769 1693; x_wconf 88' lang='lat' dir='ltr'>dilectus</span> 
     </span>
     <span class='ocr_line' id='line_1_87' title="bbox 1027 1710 1769 1755; baseline 0.005 -12"><span class='ocrx_word' id='word_1_411' title='bbox 1027 1710 1109 1744; x_wconf 84' lang='lat' dir='ltr'>silius</span> <span class='ocrx_word' id='word_1_412' title='bbox 1138 1711 1344 1755; x_wconf 86' lang='lat' dir='ltr'>Ildephonsus</span> <span class='ocrx_word' id='word_1_413' title='bbox 1377 1712 1415 1744; x_wconf 92' lang='lat' dir='ltr'>de</span> <span class='ocrx_word' id='word_1_414' title='bbox 1440 1712 1570 1754; x_wconf 82' lang='lat' dir='ltr'>llledina,</span> <span class='ocrx_word' id='word_1_415' title='bbox 1596 1714 1692 1746; x_wconf 88' lang='lat' dir='ltr'>frater</span> <span class='ocrx_word' id='word_1_416' title='bbox 1716 1725 1769 1747; x_wconf 88' lang='lat' dir='ltr'>ex-</span> 
     </span>
     <span class='ocr_line' id='line_1_88' title="bbox 1027 1763 1770 1810; baseline 0.005 -14"><span class='ocrx_word' id='word_1_417' title='bbox 1027 1774 1134 1807; x_wconf 86' lang='lat' dir='ltr'>presse</span> <span class='ocrx_word' id='word_1_418' title='bbox 1159 1763 1318 1807; x_wconf 83' lang='lat' dir='ltr'>professus</span> <span class='ocrx_word' id='word_1_419' title='bbox 1336 1770 1365 1797; x_wconf 89' lang='lat' dir='ltr'>et</span> <span class='ocrx_word' id='word_1_420' title='bbox 1379 1772 1568 1809; x_wconf 88' lang='lat' dir='ltr'>procurator</span> <span class='ocrx_word' id='word_1_421' title='bbox 1588 1767 1770 1810; x_wconf 78' lang='lat' dir='ltr'>provinciae</span> 
     </span>
     <span class='ocr_line' id='line_1_89' title="bbox 1026 1817 1771 1854; baseline 0.005 -4"><span class='ocrx_word' id='word_1_422' title='bbox 1026 1817 1054 1851; x_wconf 89' lang='lat' dir='ltr'>S.</span> <span class='ocrx_word' id='word_1_423' title='bbox 1081 1817 1188 1850; x_wconf 87' lang='lat' dir='ltr'>Didaci</span> <span class='ocrx_word' id='word_1_424' title='bbox 1214 1818 1245 1850; x_wconf 92' lang='lat' dir='ltr'>in</span> <span class='ocrx_word' id='word_1_425' title='bbox 1270 1817 1375 1850; x_wconf 85' lang='lat' dir='ltr'>Betica</span> <span class='ocrx_word' id='word_1_426' title='bbox 1399 1818 1523 1851; x_wconf 91' lang='lat' dir='ltr'>Ordinis</span> <span class='ocrx_word' id='word_1_427' title='bbox 1554 1820 1688 1853; x_wconf 85' lang='lat' dir='ltr'>fratrum</span> <span class='ocrx_word' id='word_1_428' title='bbox 1720 1821 1771 1854; x_wconf 89' lang='lat' dir='ltr'>Mi—</span> 
     </span>
     <span class='ocr_line' id='line_1_90' title="bbox 1025 1872 1771 1908; baseline 0.005 -5"><span class='ocrx_word' id='word_1_429' title='bbox 1025 1881 1140 1904; x_wconf 89' lang='lat' dir='ltr'>norum</span> <span class='ocrx_word' id='word_1_430' title='bbox 1177 1872 1275 1904; x_wconf 87' lang='lat' dir='ltr'>sancti</span> <span class='ocrx_word' id='word_1_431' title='bbox 1304 1872 1462 1905; x_wconf 87' lang='lat' dir='ltr'>Francisci</span> <span class='ocrx_word' id='word_1_432' title='bbox 1495 1872 1533 1905; x_wconf 88' lang='lat' dir='ltr'>de</span> <span class='ocrx_word' id='word_1_433' title='bbox 1568 1873 1771 1908; x_wconf 80' lang='lat' dir='ltr'>Observantia</span> 
     </span>
     <span class='ocr_line' id='line_1_91' title="bbox 1026 1925 1771 1968; baseline 0.004 -11"><span class='ocrx_word' id='word_1_434' title='bbox 1026 1930 1290 1968; x_wconf 89' lang='lat' dir='ltr'>nuncupatorum,</span> <span class='ocrx_word' id='word_1_435' title='bbox 1317 1925 1401 1968; x_wconf 88' lang='lat' dir='ltr'>quod</span> <span class='ocrx_word' id='word_1_436' title='bbox 1426 1926 1511 1966; x_wconf 82' lang='lat' dir='ltr'>alias,</span> <span class='ocrx_word' id='word_1_437' title='bbox 1534 1937 1604 1959; x_wconf 84' lang='lat' dir='ltr'>cum</span> <span class='ocrx_word' id='word_1_438' title='bbox 1632 1927 1771 1960; x_wconf 89' lang='lat' dir='ltr'>interdi-</span> 
     </span>
     <span class='ocr_line' id='line_1_92' title="bbox 1026 1978 1768 2024; baseline 0.003 -13"><span class='ocrx_word' id='word_1_439' title='bbox 1026 1983 1107 2012; x_wconf 87' lang='lat' dir='ltr'>ctam</span> <span class='ocrx_word' id='word_1_440' title='bbox 1132 1978 1328 2022; x_wconf 86' lang='lat' dir='ltr'>provinciam</span> <span class='ocrx_word' id='word_1_441' title='bbox 1353 1989 1389 2011; x_wconf 90' lang='lat' dir='ltr'>ex</span> <span class='ocrx_word' id='word_1_442' title='bbox 1421 1981 1483 2011; x_wconf 76' lang='lat' dir='ltr'>una</span> <span class='ocrx_word' id='word_1_443' title='bbox 1519 1985 1548 2012; x_wconf 86' lang='lat' dir='ltr'>ct</span> <span class='ocrx_word' id='word_1_444' title='bbox 1573 1980 1768 2024; x_wconf 84' lang='lat' dir='ltr'>provinciam</span> 
     </span>
     <span class='ocr_line' id='line_1_93' title="bbox 1026 2032 1770 2076; baseline 0.004 -11"><span class='ocrx_word' id='word_1_445' title='bbox 1026 2033 1054 2066; x_wconf 82' lang='lat' dir='ltr'>S.</span> <span class='ocrx_word' id='word_1_446' title='bbox 1082 2032 1205 2065; x_wconf 88' lang='lat' dir='ltr'>Ioannis</span> <span class='ocrx_word' id='word_1_447' title='bbox 1230 2033 1385 2076; x_wconf 88' lang='lat' dir='ltr'>Baptistae</span> <span class='ocrx_word' id='word_1_448' title='bbox 1417 2033 1556 2066; x_wconf 84' lang='lat' dir='ltr'>eiusdem</span> <span class='ocrx_word' id='word_1_449' title='bbox 1586 2034 1710 2067; x_wconf 85' lang='lat' dir='ltr'>Ordinis</span> <span class='ocrx_word' id='word_1_450' title='bbox 1734 2046 1770 2068; x_wconf 82' lang='lat' dir='ltr'>ex</span> 
     </span>
     <span class='ocr_line' id='line_1_94' title="bbox 1026 2087 1770 2131; baseline 0.004 -12"><span class='ocrx_word' id='word_1_451' title='bbox 1026 2087 1125 2120; x_wconf 77' lang='lat' dir='ltr'>altera</span> <span class='ocrx_word' id='word_1_452' title='bbox 1150 2087 1293 2131; x_wconf 88' lang='lat' dir='ltr'>partibus</span> <span class='ocrx_word' id='word_1_453' title='bbox 1317 2098 1412 2131; x_wconf 89' lang='lat' dir='ltr'>super</span> <span class='ocrx_word' id='word_1_454' title='bbox 1433 2089 1648 2121; x_wconf 79' lang='lat' dir='ltr'>controversia</span> <span class='ocrx_word' id='word_1_455' title='bbox 1673 2089 1770 2122; x_wconf 86' lang='lat' dir='ltr'>confi-</span> 
     </span>
     <span class='ocr_line' id='line_1_95' title="bbox 1026 2140 1771 2184; baseline 0.005 -12"><span class='ocrx_word' id='word_1_456' title='bbox 1026 2141 1112 2173; x_wconf 90' lang='lat' dir='ltr'>nium</span> <span class='ocrx_word' id='word_1_457' title='bbox 1138 2141 1175 2173; x_wconf 88' lang='lat' dir='ltr'>lis</span> <span class='ocrx_word' id='word_1_458' title='bbox 1196 2140 1356 2184; x_wconf 86' lang='lat' dir='ltr'>penderet,</span> <span class='ocrx_word' id='word_1_459' title='bbox 1381 2146 1411 2174; x_wconf 91' lang='lat' dir='ltr'>ct</span> <span class='ocrx_word' id='word_1_460' title='bbox 1433 2152 1539 2174; x_wconf 87' lang='lat' dir='ltr'>coram</span> <span class='ocrx_word' id='word_1_461' title='bbox 1566 2142 1680 2176; x_wconf 87' lang='lat' dir='ltr'>dilecto</span> <span class='ocrx_word' id='word_1_462' title='bbox 1706 2143 1771 2176; x_wconf 83' lang='lat' dir='ltr'>tilio</span> 
     </span>
     <span class='ocr_line' id='line_1_96' title="bbox 1028 2193 1772 2236; baseline 0.005 -11"><span class='ocrx_word' id='word_1_463' title='bbox 1028 2199 1136 2226; x_wconf 89' lang='lat' dir='ltr'>nostro</span> <span class='ocrx_word' id='word_1_464' title='bbox 1158 2193 1298 2236; x_wconf 78' lang='lat' dir='ltr'>Virginio</span> <span class='ocrx_word' id='word_1_465' title='bbox 1319 2194 1347 2227; x_wconf 79' lang='lat' dir='ltr'>S.</span> <span class='ocrx_word' id='word_1_466' title='bbox 1370 2195 1482 2227; x_wconf 86' lang='lat' dir='ltr'>Mariae</span> <span class='ocrx_word' id='word_1_467' title='bbox 1510 2196 1540 2227; x_wconf 91' lang='lat' dir='ltr'>in</span> <span class='ocrx_word' id='word_1_468' title='bbox 1566 2196 1684 2228; x_wconf 73' lang='lat' dir='ltr'>Vialata</span> <span class='ocrx_word' id='word_1_469' title='bbox 1710 2196 1772 2228; x_wconf 89' lang='lat' dir='ltr'>dia-</span> 
     </span>
     <span class='ocr_line' id='line_1_97' title="bbox 1028 2247 1773 2292; baseline 0.003 -12"><span class='ocrx_word' id='word_1_470' title='bbox 1028 2257 1107 2280; x_wconf 90' lang='lat' dir='ltr'>cono</span> <span class='ocrx_word' id='word_1_471' title='bbox 1132 2247 1290 2280; x_wconf 82' lang='lat' dir='ltr'>cardinale</span> <span class='ocrx_word' id='word_1_472' title='bbox 1310 2248 1424 2280; x_wconf 91' lang='lat' dir='ltr'>Ursino</span> <span class='ocrx_word' id='word_1_473' title='bbox 1448 2254 1627 2292; x_wconf 85' lang='lat' dir='ltr'>nuncupato</span> <span class='ocrx_word' id='word_1_474' title='bbox 1645 2259 1773 2282; x_wconf 86' lang='lat' dir='ltr'>corcon—</span> 
     </span>
     <span class='ocr_line' id='line_1_98' title="bbox 1028 2300 1771 2345; baseline 0.005 -13"><span class='ocrx_word' id='word_1_475' title='bbox 1028 2300 1133 2333; x_wconf 84' lang='lat' dir='ltr'>datum</span> <span class='ocrx_word' id='word_1_476' title='bbox 1167 2300 1274 2333; x_wconf 84' lang='lat' dir='ltr'>suisset</span> <span class='ocrx_word' id='word_1_477' title='bbox 1302 2301 1432 2334; x_wconf 85' lang='lat' dir='ltr'>dubium</span> <span class='ocrx_word' id='word_1_478' title='bbox 1464 2302 1494 2334; x_wconf 79' lang='lat' dir='ltr'>ln</span> <span class='ocrx_word' id='word_1_479' title='bbox 1526 2303 1771 2345; x_wconf 71' lang='lat' dir='ltr'>congregatione</span> 
     </span>
     <span class='ocr_line' id='line_1_99' title="bbox 1030 2353 1770 2389; baseline 0.007 -5"><span class='ocrx_word' id='word_1_480' title='bbox 1030 2353 1253 2386; x_wconf 88' lang='lat' dir='ltr'>venerabilium</span> <span class='ocrx_word' id='word_1_481' title='bbox 1280 2355 1412 2387; x_wconf 83' lang='lat' dir='ltr'>fratrum</span> <span class='ocrx_word' id='word_1_482' title='bbox 1439 2360 1620 2388; x_wconf 85' lang='lat' dir='ltr'>nostrorum</span> <span class='ocrx_word' id='word_1_483' title='bbox 1638 2356 1667 2389; x_wconf 77' lang='lat' dir='ltr'>S.</span> <span class='ocrx_word' id='word_1_484' title='bbox 1686 2357 1719 2389; x_wconf 80' lang='lat' dir='ltr'>R.</span> <span class='ocrx_word' id='word_1_485' title='bbox 1738 2357 1770 2389; x_wconf 89' lang='lat' dir='ltr'>E.</span> 
     </span>
     <span class='ocr_line' id='line_1_100' title="bbox 1030 2406 1772 2450; baseline 0.008 -12"><span class='ocrx_word' id='word_1_486' title='bbox 1030 2406 1236 2439; x_wconf 88' lang='lat' dir='ltr'>cardinalium</span> <span class='ocrx_word' id='word_1_487' title='bbox 1262 2409 1397 2450; x_wconf 74' lang='lat' dir='ltr'>negotiis</span> <span class='ocrx_word' id='word_1_488' title='bbox 1430 2414 1460 2441; x_wconf 87' lang='lat' dir='ltr'>et</span> <span class='ocrx_word' id='word_1_489' title='bbox 1489 2410 1772 2444; x_wconf 88' lang='lat' dir='ltr'>consultationibus</span> 
     </span>
     <span class='ocr_line' id='line_1_101' title="bbox 1030 2460 1773 2506; baseline 0.007 -14"><span class='ocrx_word' id='word_1_490' title='bbox 1030 2460 1252 2503; x_wconf 85' lang='lat' dir='ltr'>episcoporum</span> <span class='ocrx_word' id='word_1_491' title='bbox 1293 2466 1322 2493; x_wconf 89' lang='lat' dir='ltr'>et</span> <span class='ocrx_word' id='word_1_492' title='bbox 1358 2461 1552 2504; x_wconf 79' lang='lat' dir='ltr'>regularium</span> <span class='ocrx_word' id='word_1_493' title='bbox 1592 2464 1773 2506; x_wconf 72' lang='lat' dir='ltr'>praeposita</span> 
     </span>
     <span class='ocr_line' id='line_1_102' title="bbox 1032 2513 1771 2560; baseline 0.007 -15"><span class='ocrx_word' id='word_1_494' title='bbox 1032 2513 1283 2557; x_wconf 87' lang='lat' dir='ltr'>proponendum,</span> <span class='ocrx_word' id='word_1_495' title='bbox 1313 2524 1352 2547; x_wconf 89' lang='lat' dir='ltr'>an</span> <span class='ocrx_word' id='word_1_496' title='bbox 1377 2520 1407 2547; x_wconf 89' lang='lat' dir='ltr'>et</span> <span class='ocrx_word' id='word_1_497' title='bbox 1431 2515 1480 2548; x_wconf 88' lang='lat' dir='ltr'>cui</span> <span class='ocrx_word' id='word_1_498' title='bbox 1506 2521 1700 2560; x_wconf 88' lang='lat' dir='ltr'>competeret</span> <span class='ocrx_word' id='word_1_499' title='bbox 1724 2516 1771 2550; x_wconf 90' lang='lat' dir='ltr'>ius</span> 
     </span>
    </p>

    <p class='ocr_par' dir='ltr' id='par_1_26' title="bbox 1069 2576 1538 2613">
     <span class='ocr_line' id='line_1_103' title="bbox 1069 2576 1538 2613; baseline 0.004 -9"><span class='ocrx_word' id='word_1_500' title='bbox 1069 2578 1080 2604; x_wconf 84' lang='lat'>1</span> <span class='ocrx_word' id='word_1_501' title='bbox 1103 2576 1141 2604; x_wconf 83' lang='lat' dir='ltr'>Ex</span> <span class='ocrx_word' id='word_1_502' title='bbox 1160 2577 1271 2613; x_wconf 70' lang='lat' dir='ltr'>Regest.</span> <span class='ocrx_word' id='word_1_503' title='bbox 1293 2577 1320 2606; x_wconf 92' lang='lat' dir='ltr'>in</span> <span class='ocrx_word' id='word_1_504' title='bbox 1338 2577 1439 2607; x_wconf 84' lang='lat' dir='ltr'>Secret.</span> <span class='ocrx_word' id='word_1_505' title='bbox 1460 2578 1538 2608; x_wconf 90' lang='lat' dir='ltr'>Brev.</span> 
     </span>
    </p>
   </div>
   <div class='ocr_carea' id='block_1_21' title="bbox 1666 153 1966 192">
    <p class='ocr_par' dir='ltr' id='par_1_27' title="bbox 1666 153 1966 192">
     <span class='ocr_line' id='line_1_104' title="bbox 1666 153 1966 192; baseline 0.02 -6"><span class='ocrx_word' id='word_1_506' title='bbox 1666 153 1730 187; x_wconf 77' lang='grc'>467</span> <span class='ocrx_word' id='word_1_507' title='bbox 1776 162 1828 190; x_wconf 75' lang='lat' dir='ltr'>An.</span> <span class='ocrx_word' id='word_1_508' title='bbox 1849 163 1878 191; x_wconf 83' lang='lat' dir='ltr'>e.</span> <span class='ocrx_word' id='word_1_509' title='bbox 1897 163 1966 192; x_wconf 81' lang='lat'>1659</span> 
     </span>
    </p>
   </div>
   <div class='ocr_carea' id='block_1_22' title="bbox 1811 1672 1953 1698">
    <p class='ocr_par' dir='ltr' id='par_1_28' title="bbox 1811 1672 1953 1698">
     <span class='ocr_line' id='line_1_105' title="bbox 1811 1672 1953 1698; baseline -0.007 -5"><span class='ocrx_word' id='word_1_510' title='bbox 1811 1672 1953 1698; x_wconf 85' lang='lat' dir='ltr'>Supplicatio.</span> 
     </span>
    </p>
   </div>
  </div>
 </body>
</html>
