2243 3205
257 166 306 193 An.
327 165 355 193 c.
379 166 445 193 1660
489 157 553 191 550

281 2233 394 2256 Confirmat
408 2234 444 2256 du·

261 2264 349 2283 cretum.

457 214 549 253 misit,
573 218 607 245 ut
630 213 765 256 desuper
783 213 917 256 aliquem
939 223 974 246 ex
994 214 1189 248 auditoribus

456 276 620 299 causarum
657 265 762 309 palatii
800 266 961 308 apostolici
998 266 1161 311 deputaret
1184 294 1190 307 ,

455 329 535 363 quae
559 319 764 352 cardinalium
797 320 1000 363 congregatio
1025 331 1093 353 eam
1125 330 1190 353 rem

456 372 653 405 demandavit
678 377 751 405 tunc
776 373 918 405 existenti
936 373 1119 406 eorumdem
1138 383 1192 404 au-

456 425 593 458 ditorum
619 425 755 466 decano,
780 431 814 458 ut
846 426 916 469 ille,
949 426 997 459 vel
1029 426 1107 459 alius
1140 425 1192 468 qui

456 477 514 521 ipsi
540 478 662 511 decano.
683 478 842 511 videretur
867 489 902 511 ex
929 478 1019 512 dictis
1045 478 1193 511 auditori-

455 531 523 573 bus,
551 532 580 563 in
607 533 700 564 causa
725 531 905 566 huiusmodi
931 532 1126 576 procederet.

500 582 515 625 ξ
532 581 561 614 2.
587 582 662 615 Cum
680 587 794 624 autem,
813 582 893 615 sicut
913 582 1020 615 eadem
1040 580 1193 625 expositio

457 635 683 678 subiungebat,
708 641 738 668 et
755 635 982 679 subsequenter
999 635 1109 667 ambae
1126 645 1195 678 par-

456 694 502 721 tes
528 688 566 720 ab
592 688 748 722 auditorio
774 690 869 722 Rotae
895 690 1051 722 Romanae
1077 688 1192 721 inhibi-

457 741 622 784 tionem'jn
640 742 740 775 forma
766 742 906 786 expediri
925 741 1108 783 curaverit¹,
1127 752 1195 775 cau-

457 804 553 838 saque
578 795 631 827 diu
656 795 794 835 siluerit,
824 806 881 828 nos
913 806 987 828 vcro
1008 795 1193 837 successive,

457 848 625 891 praedictis
649 849 795 881 omnibus
824 849 960 881 narratis
985 853 1015 881 et
1039 848 1118 881 bene
1142 859 1194 881 co-

457 901 561 944 gnitis,
594 912 719 934 causam
756 907 785 934 et
810 907 915 945 partes
948 901 1122 946 praedictas
1157 901 1193 934 ad

458 960 662 988 memoratam
688 955 893 988 cardinalium
917 955 1193 998 congregationem

458 1007 648 1048 remisimus,
673 1013 705 1040 ut
729 1008 904 1041 eademmet
925 1009 1084 1050 negotium
1106 1018 1196 1051 expe-

458 1060 539 1093 diret
563 1066 593 1093 et
617 1072 712 1104 super
737 1061 933 1105 expeditione
950 1066 1137 1105 perpetuum
1155 1061 1195 1093 si-

457 1113 588 1146 lentium
608 1115 800 1157 imponeret,
819 1119 847 1146 et
869 1114 1009 1156 subinde,
1028 1113 1195 1158 praedictis

457 1166 607 1199 fratribus
620 1167 792 1200 Minoribus
806 1177 911 1200 coram
929 1167 1043 1200 dilecto
1062 1167 1127 1200 filio
1144 1177 1195 1199 no-

457 1224 522 1252 stro
547 1219 650 1253 Marco
674 1220 809 1253 Antonio
842 1220 932 1253 titulo
965 1220 993 1252 S.
1019 1220 1133 1252 Mariae
1157 1219 1194 1252 de

457 1272 535 1305 Pace
561 1273 589 1305 S.
608 1274 641 1306 R.
664 1273 696 1305 E.
718 1273 903 1317 presbytero
924 1272 1081 1306 cardinale
1097 1273 1194 1305 Fran-

458 1325 552 1359 ciotto
587 1331 769 1370 nuncupato
786 1353 793 1367 ,
819 1326 959 1359 eiusdem
995 1336 1106 1359 causae
1131 1336 1191 1369 po-

457 1385 560 1420 nente,
584 1390 620 1413 ac
640 1391 746 1413 coram
783 1381 896 1414 dilecto
931 1381 995 1413 filio
1025 1379 1194 1413 secretario

458 1432 557 1466 dictae
582 1434 845 1477 congregationis,
870 1434 1002 1477 ipsaque
1026 1443 1196 1476 congrega-

458 1485 542 1519 tione
566 1487 683 1529 pluries
707 1488 817 1528 citatis,
835 1497 956 1519 necnon
986 1488 1015 1519 in
1044 1486 1196 1520 contradi-

458 1539 558 1572 ctorio
593 1539 714 1580 auditis,
749 1540 959 1583 pluribusque
994 1540 1195 1573 dilationibus

458 1592 624 1631 concessis,
639 1597 668 1624 et
684 1592 817 1635 denique
836 1592 914 1625 saeta
929 1593 1126 1636 oppositione
1138 1603 1195 1636 per

458 1644 557 1677 dictos
583 1645 694 1677 fratres
727 1645 863 1678 Minores
895 1645 1104 1678 mediantibus
1129 1656 1195 1689 pre-

458 1697 546 1730 cibus
570 1698 661 1730 nobis
684 1698 848 1741 porrectis,
866 1703 900 1730 ut
920 1699 1023 1731 denuo
1048 1709 1140 1731 causa
1158 1699 1195 1731 ad

458 1750 648 1784 auditorium
675 1751 771 1784 Rotae
796 1751 995 1795 praedictae,
1021 1752 1068 1783 vel
1094 1752 1196 1794 signa-

457 1807 560 1835 turam
586 1808 726 1836 nostram
751 1804 975 1843 remitteretur,
999 1814 1056 1837 nos
1080 1814 1138 1847 per
1155 1804 1196 1836 di-

458 1861 543 1888 ctum
561 1857 765 1889 cardinalium
784 1857 1061 1900 congregationem
1086 1867 1196 1900 proce-

458 1908 489 1940 di
514 1909 733 1950 mandamus⁹3
759 1920 893 1953 cumque
917 1909 1056 1942 exhibita
1080 1910 1196 1942 fuerint

459 1971 496 1993 ex
520 1964 654 2005 utraque
678 1968 766 2005 parte
790 1962 859 1995 iura
882 1967 912 1994 et
936 1962 1128 2005 scripturae,
1153 1962 1196 1994 di-

459 2014 562 2057 ctique
590 2020 790 2058 exponentes,
815 2021 850 2047 ut
873 2015 997 2047 tandem
1023 2015 1097 2048 huic
1121 2025 1195 2048 con-

458 2068 629 2100 troversiae
653 2068 724 2101 finis
752 2068 953 2112 imponatur,
978 2073 1155 2112 opportune
1179 2079 1196 2101 a

458 2119 549 2152 nobis
573 2120 604 2152 in
629 2121 810 2164 praemissis
834 2120 995 2164 provideri
1021 2121 1194 2165 plurimum

459 2172 637 2206 desiderent
651 2185 657 2206 z

503 2227 518 2270 ἓ
542 2227 571 2260 3.
592 2228 664 2270 Nos,
682 2227 848 2271 specialem
869 2227 945 2272 ipsis
970 2228 1196 2272 exponentibus

459 2279 592 2322 gratiam
617 2280 719 2314 facere
744 2281 936 2322 volenteS‚et
960 2291 1069 2314 corum
1088 2281 1197 2324 singu-

458 2333 540 2366 lares
556 2344 706 2377 personas
725 2344 742 2366 a
766 2334 927 2377 quibusvis
944 2335 1196 2367 excommunica-

459 2386 552 2419 tionis
567 2414 574 2428 ,
607 2392 664 2421 etc.
679 2415 686 2428 ‚
706 2387 818 2420 harum
844 2387 924 2420 serie
948 2388 1143 2421 absolventes
1168 2392 1197 2420 et

460 2436 617 2474 absolutas
634 2441 701 2474 fore
718 2447 878 2475 censentes
888 2452 895 2481 3
917 2441 1198 2486 supplicationibus

480 2512 507 2536 .1
530 2511 683 2546 Legendum
702 2512 871 2541 curaverint
890 2515 927 2547 (a.
948 2513 996 2548 τ.).

495 2554 511 2579 ⁶2
532 2554 641 2582 Videtur
660 2556 805 2591 legendum
823 2558 1028 2586 mandavimus
1047 2558 1082 2589 (n.
1099 2557 1148 2592 T.).

1037 165 1215 191 BULLARIUM
1239 164 1395 189 ROMANUM

1225 223 1334 245 eorum
1357 211 1484 245 nomine
1501 211 1591 244 nobis
1609 221 1703 255 super
1718 211 1778 245 hoc
1794 211 1956 245 humiliter

1225 264 1378 308 porrectis
1404 264 1561 305 inclinati,
1582 264 1619 297 de
1636 264 1815 308 praedictae
1832 275 1961 308 congre-

1226 317 1359 360 gationis
1385 317 1608 350 venerabilium
1631 317 1762 351 fratrum
1779 322 1961 351 nostrorum

1227 369 1364 402 eiusdem
1378 370 1407 403 S.
1420 371 1452 402 R.
1464 370 1496 403 E.
1509 369 1682 403 cardinales
1698 370 1831 413 negotiis
1846 375 1876 403 et
1892 381 1963 404 con-

1228 423 1446 456 sultationibus
1471 423 1689 466 episcoporum
1716 427 1745 455 et
1770 423 1964 466 regularium

1227 477 1425 520 praepositae
1440 475 1709 520 (quae,partibus¹
1724 476 1841 520 pluries
1853 476 1963 517 citatis,

1227 529 1340 562 auditis
1365 535 1395 562 et
1430 529 1681 572 informantibus,
1707 540 1773 562 rem
1805 534 1911 563 exacte
1935 534 1965 562 et

1228 588 1350 615 mature
1374 582 1536 625 discussit,
1562 593 1597 615 ac
1620 582 1652 615 in
1677 582 1810 616 decretis
1834 582 1892 615 sub
1915 582 1965 615 die

1228 646 1305 668 xxm
1321 636 1444 679 augusti
1462 645 1569 669 hincm
1586 635 1730 669 standum
1748 646 1816 669 esse
1835 635 1966 678 censuit,

1229 689 1381 730 consilio,
1417 689 1602 723 auctoritate
1630 690 1820 733 apostolica,
1857 694 1966 723 tenore

1229 742 1441 785 praesentium
1458 769 1465 782 ,
1490 752 1673 775 revocamus
1697 741 1942 786 prohibitionem
1957 768 1966 784 ,

1229 806 1386 839 omneque
1399 805 1530 839 prorsus
1547 806 1747 828 removemus
1764 795 1967 839 impedimen-

1228 853 1294 880 tum
1334 848 1530 892 praedictum
1570 848 1766 892 presbyteris
1805 847 1966 882 Societatis

1229 901 1307 944 lesu,
1333 902 1502 944 quominus
1526 906 1666 945 coeptam
1685 901 1808 944 collegii
1828 901 1968 935 Genuen-

1230 956 1270 988 sis
1295 956 1444 988 ecclesiae
1469 960 1658 988 structuram
1676 954 1825 998 prosequi
1845 965 1881 987 ac
1898 964 1968 998 per-

1229 1008 1323 1041 ficere
1348 1009 1479 1052 possint,
1505 1008 1676 1042 dummodo
1701 1008 1732 1040 in
1752 1008 1868 1051 angulo
1885 1007 1966 1040 eius-

1229 1062 1299 1094 dem
1321 1063 1470 1095 ccclesiae
1487 1062 1639 1095 orientem
1665 1072 1783 1104 versus,
1801 1072 1817 1094 e
1837 1061 1966 1104 regione

1229 1115 1382 1148 fenestrae
1393 1126 1523 1158 magnac
1537 1115 1710 1148 ambulacri
1725 1114 1915 1147 infirmariae
1925 1114 1968 1147 di-

1229 1172 1350 1202 ctorum
1368 1168 1499 1201 fratrum
1518 1169 1672 1201 Minorum
1691 1168 1728 1200 de
1750 1166 1965 1208 observantia,

1228 1221 1391 1264 proprium
1404 1232 1528 1253 murum
1544 1221 1698 1254 dictorum
1709 1221 1966 1264 presbyterorum

1229 1274 1389 1308 Societatis
1407 1275 1484 1316 Iesu,
1510 1274 1547 1306 ad
1573 1274 1685 1307 Balbos
1711 1274 1785 1307 olim
1810 1273 1966 1317 pertinen-

1229 1332 1301 1367 tem,
1328 1327 1515 1370 transgredi,
1541 1332 1592 1359 aut
1617 1326 1752 1370 aliquam
1784 1326 1966 1359 servitutem

1229 1380 1321 1412 etiam
1348 1380 1496 1412 stillicidii
1523 1380 1552 1411 in
1578 1379 1750 1412 subiectam
1777 1389 1882 1412 aream
1912 1390 1967 1412 seu

1229 1443 1361 1465 vacuum
1380 1432 1509 1464 inferius
1523 1432 1706 1465 eorumdem
1725 1432 1855 1464 fratrum
1873 1432 1967 1465 Mino-

1229 1495 1299 1517 rum
1317 1484 1466 1518 inducere
1475 1490 1640 1528 nequeant.
1651 1485 1694 1517 Ac
1708 1484 1797 1517 dictis
1818 1485 1967 1518 fratribus

1230 1538 1400 1571 Minoribus
1418 1548 1512 1581 super
1529 1537 1655 1580 negotio
1680 1537 1815 1570 fabricae
1839 1537 1966 1581 praedi-

1230 1596 1297 1625 ctae
1314 1597 1344 1624 et
1361 1592 1506 1625 omnibus
1523 1591 1704 1635 praemissis
1720 1596 1909 1635 perpetuum
1930 1591 1968 1624 si-

1230 1645 1360 1677 lentium
1398 1645 1583 1678 auctoritate
1606 1648 1635 1678 et
1659 1649 1768 1677 tenore
1798 1644 1966 1688 praedictis

1231 1697 1432 1741 imponimus,
1446 1703 1539 1742 atque
1564 1698 1606 1730 ita
1630 1697 1747 1730 servari
1771 1697 1966 1730 mandamus:

1230 1752 1314 1784 salva
1349 1762 1475 1795 semper
1506 1752 1538 1784 in
1567 1751 1746 1795 praemissis
1782 1751 1967 1784 auctoritate

1231 1804 1487 1847 congregationis
1512 1804 1696 1837 eorumdem
1722 1803 1938 1837 cardinalium.

1274 1858 1289 1901 ξ
1325 1857 1354 1890 4.
1380 1858 1588 1891 Decernentes
1625 1857 1749 1890 easdem
1784 1862 1965 1902 praesentes

1230 1911 1348 1943 litteras
1373 1921 1499 1954 semper
1524 1911 1651 1952 firmas,
1677 1915 1757 1953 etc.,
1786 1910 1968 1954 plenissime

1231 1964 1396 2007 suffragari
1408 1992 1415 2005 ,
1429 1964 1536 2007 sicque
1554 1965 1584 1997 in
1603 1963 1784 2008 praemissis
1804 1974 1862 2007 per
1878 1974 1968 2007 quos-

1231 2027 1365 2060 cumque
1389 2017 1518 2058 iudices,
1543 2022 1612 2058 etc.,
1637 2016 1761 2050 definiri
1785 2016 1909 2059 debere,
1927 2027 1964 2050 ac

1230 2070 1354 2103 irritum
1376 2075 1405 2104 et
1423 2071 1524 2112 inane,
1545 2071 1571 2104 si
1588 2081 1688 2112 secus,
1710 2075 1779 2112 etc.,
1797 2069 1966 2113 contigerit

1231 2124 1386 2157 attentari.

1275 2176 1343 2220 §5
1376 2177 1445 2210 Non
1469 2176 1666 2211 obstantibus
1697 2175 1898 2220 praemissis,
1931 2185 1967 2209 ac

1231 2229 1506 2264 constitutionibus
1543 2235 1574 2263 et
1608 2229 1856 2263 ordinationibus
1884 2239 1964 2273 apo-

1231 2284 1359 2326 stolicis,
1383 2294 1515 2325 necnon,
1540 2289 1695 2328 quatenus
1720 2294 1798 2330 opus
1823 2284 1872 2325 sit,
1897 2294 1968 2318 con-

1231 2341 1341 2370 ventus
1366 2341 1396 2370 et
1424 2336 1548 2371 Ordinis
1578 2337 1741 2381 praedicti,
1768 2337 1875 2370 aliisve
1899 2337 1967 2380 qui-

1231 2389 1349 2430 busvis,
1366 2394 1438 2432 etc.,
1457 2390 1488 2422 in
1505 2389 1697 2424 contrarium
1722 2389 1966 2433 praemissorum

1232 2442 1468 2487 quomodolibet
1503 2443 1679 2484 concessis,
1713 2442 1906 2476 confirmatis
1940 2445 1970 2476 et

1270 2558 1282 2585 ¹
1301 2557 1369 2584 Edit.
1378 2557 1455 2585 Main.
1466 2558 1674 2594 legitpatribus
1685 2566 1732 2593 pro
1740 2557 1874 2593 partibus
1881 2557 1918 2592 (a.
1929 2560 1966 2590 T.)

1976 164 2026 191 An.
2047 164 2157 200 &1660
2205 162 2206 178 ¹
2237 170 2243 198 1

1994 1891 1998 1895 ¹
2008 1864 2119 1886 Decretum
2138 1864 2164 1886 ii·⁴

1982 1893 2055 1913 ritans.

1983 2181 2092 2203 Contraria
2103 2181 2164 2203 tollit.
