2243 3205
34 3082 41 3205 mm„
31 2918 37 3076 <--*'—;2

33 229 83 258 An.
99 227 127 256 C.
149 226 216 255 1657

274 277 367 306 tuum
390 271 533 316 fabricae
550 271 694 305 eiusdem
710 271 871 311 ecclesiae,
900 281 973 304 cum

272 327 455 360 extensione
480 326 522 360 ad
548 325 749 369 beneficiatos
774 330 802 360 et
828 324 969 366 clericos,

276 380 363 414 etc.¹.

424 462 589 489 Alexander
609 461 687 495 Papa
707 460 775 493 VH,

355 514 391 542 ad
411 516 586 549 perpetuam
605 513 649 541 rei
670 512 851 542 memoriam.

62 608 216 630 accensam·
276 595 290 639 ἓ
315 595 344 628 ’1.
370 595 492 628 Dudum
517 595 616 628 felicis
646 594 875 628 recordationis
900 593 971 628 Cle-

37 634 216 688 iffuffipfss⁰¹v¹iff
233 658 320 681 mens
346 648 427 692 Papa
453 648 516 681 Vlll
542 648 768 692 praedecessor
792 652 920 688 noster,
942 651 976 680 ut

232 701 351 735 fabrica
376 702 527 735 ecclesiae
552 701 581 734 S.
608 702 732 735 Ioannis
758 700 976 735 Lateranensis

233 754 271 788 de
295 755 379 789 Urbe
403 754 617 788 incumbentia
637 755 697 788 sibi
715 765 811 788 onera
836 765 976 788 commo-

232 808 303 842 dius
327 813 516 853 supportare
539 813 654 852 posset,
681 808 712 841 in
737 808 913 842 visitatione
938 818 974 841 e-

234 862 356 896 iusdem
382 863 532 896 ecclesiae
557 862 663 896 statuit
689 867 719 895 et
743 862 918 903 ordinavit,
944 867 978 895 ut

234 926 270 949 ex
295 921 370 950 tunc
394 916 432 949 de
454 921 559 950 cetero
583 916 745 960 perpetuis
770 916 885 949 suturis
905 919 978 950 tem-

234 970 365 1014 poribus
389 980 499 1004 omnes
517 973 547 1003 et
566 969 692 1013 singuli,
717 970 791 1014 qni²
815 969 853 1003 de
878 970 978 1014 ipsius

235 1023 385 1058 ecclesiae
398 1023 633 1057 canonicatibus
647 1028 677 1056 et
696 1023 886 1067 praebendis
904 1033 979 1068 quo-

235 1077 279 1111 vis
304 1077 399 1111 modo
412 1088 470 1122 pro
486 1081 629 1121 tempore
655 1077 837 1110 vacantibus
852 1087 911 1121 per
931 1077 978 1120 ip-

235 1141 305 1165 sum
322 1131 514 1165 Clementem
535 1130 814 1175 praedecessorem
842 1135 895 1163 aut
912 1130 979 1163 eius

236 1195 435 1218 successores
463 1185 511 1218 vel
532 1195 750 1228 quoscumque
768 1184 846 1217 alios
871 1183 979 1228 quavis

237 1238 423 1271 auctoritate
453 1238 617 1282 provisum
649 1238 750 1277 foret,
778 1237 978 1270 medietatem

237 1292 377 1326 omnium
404 1297 434 1325 et
458 1292 655 1335 singulorum
682 1291 853 1331 fructuum,
878 1290 981 1324 reddi-

238 1349 337 1386 tuum,
362 1348 582 1389 proventuum,
599 1344 725 1386 iurium,
742 1344 980 1385 obventionum,

237 1409 361 1432 necnon
380 1398 640 1432 distributionum
657 1397 924 1441 quotidianarum,
945 1408 981 1431 ac

239 1452 527 1486 emolumentorum
553 1462 829 1495 quorumcumque
854 1451 981 1484 univer-

239 1516 347 1540 sorum
373 1511 402 1539 et
426 1505 624 1549 singulorum
641 1505 735 1549 primi
760 1505 833 1538 anni
851 1515 980 1539 suorum

240 1560 481 1594 canonicatuum
498 1564 528 1592 et
551 1559 803 1603 praebendarum
821 1559 922 1592 eidem
940 1560 983 1592 fa-

239 1612 346 1647 bricae
359 1613 433 1647 dare
447 1618 477 1646 et
489 1614 670 1657 persolvere
681 1613 810 1647 omnino
821 1618 851 1646 ct
864 1613 982 1656 absque

240 1667 304 1700 ulla
323 1667 542 1707 diminutione,
563 1667 650 1700 omni
668 1672 697 1700 et
717 1677 916 1711 quacumque
935 1677 984 1700 ex·

241 1721 395 1765 ceptione,
413 1721 623 1765 appellatione
640 1724 669 1754 et
689 1731 820 1754 recursu
842 1720 983 1761 remotis,

241 1773 392 1808 deberent
410 1779 440 1808 et
456 1779 655 1814 tenerentur,
681 1774 909 1817 statutu1uquc⁸
926 1774 984 1806 hu-

242 1827 378 1862 iusmodi
398 1827 480 1860 inter
493 1828 553 1860 alia
567 1827 718 1861 ecclesiae
733 1827 913 1872 praedictae
927 1833 985 1861 sta-

243 1886 318 1923 tuta,
336 1891 395 1926 per
415 1881 572 1925 quoslibet
597 1892 634 1915 ex
659 1881 743 1914 illius
768 1881 927 1915 canonicis
952 1881 985 1914 in

243 1935 438 1969 assecutione
463 1935 670 1979 possessionis
701 1945 831 1968 suorum
857 1935 981 1968 canoni-

245 1993 372 2023 catuum
407 1994 437 2022 et
471 1988 726 2033 praebendarum
762 1988 924 2022 observari
957 1992 986 2023 et

244 2043 342 2076 iurari
354 2042 454 2083 solita,
469 2042 710 2076 adscribendum
725 2046 754 2075 et
771 2043 984 2076 annotandum

245 2106 313 2129 esse
335 2095 508 2135 mandavit,
527 2101 556 2128 et
569 2095 774 2129 nibilominus
788 2095 985 2129 medietatem

247 2149 390 2182 omnium
415 2154 445 2182 et
469 2149 667 2192 singulorum
692 2150 862 2190 fructuum,
888 2149 987 2187 reddi-

247 2208 346 2244 tuum,
368 2207 590 2246 proventuum,
609 2202 736 2243 iurium,
750 2202 974 2236 obventionum

247 2257 545 2296 emolumentorum,
571 2266 606 2289 ac
629 2255 886 2289 distributionum
912 2267 988 2300 quo-

249 2310 439 2344 tidianarum
464 2310 557 2353 primi
582 2310 654 2342 anni
680 2310 821 2344 omnium
839 2315 869 2343 et
884 2310 988 2353 singu-

247 2363 352 2397 lorum
377 2363 554 2396 fructuum'·
579 2363 818 2396 canonicatuum
846 2368 875 2395 et
899 2373 989 2406 prac-

286 2462 296 2488 1
321 2461 358 2488 Ex
379 2461 485 2495 Regest.
509 2461 533 2487 in
554 2461 657 2488 Secret.
679 2461 755 2487 [ἐι-ον.

285 2506 302 2533 9.
317 2506 474 2542 Legendum
489 2507 592 2541 quibus
609 2510 638 2533 ut
652 2509 726 2542 patet
740 2514 771 2533 ex
787 2514 862 2542 seqq.
880 2512 917 2540 (n.
934 2510 981 2540 T.).

286 2551 302 2580 3
317 2551 387 2579 Male
403 2551 467 2579 edit.
484 2551 563 2579 Mein.
581 2550 646 2586 legit
660 2553 822 2586 statumque
839 2552 877 2587 (a.
895 2552 944 2584 T.).

284 2596 302 2622 4
321 2595 423 2624 Forsan
447 2595 590 2632 legendum
610 2596 830 2632 praedictorum
857 2604 905 2632 pro
929 2596 994 2631 frn-

252 2643 349 2670 ctuum
367 2643 410 2677 (n.
427 2642 473 2676 τ.>.

815 222 1001 247 ALEXANDER
1024 222 1069 246 VII
1093 223 1142 246 PP.

1653 210 1717 244 323
1764 219 1944 247 An.c.165‘1

1006 270 1179 303 bendarum
1199 270 1350 303 ecclesiae
1375 269 1565 314 praedictae,
1586 274 1656 313 post
1672 279 1747 312 pro-

1007 324 1156 357 visionem
1183 323 1220 356 de
1246 323 1306 356 illis
1329 323 1503 357 faciendam
1532 321 1747 356 decurrendo-

1006 388 1088 419 rum,
1113 377 1215 410 eidem
1240 377 1377 410 fabricae
1397 378 1452 419 (ita
1470 376 1554 421 quod
1574 377 1684 409 liceret
1702 385 1750 409 ca-

1006 431 1105 475 pitulo
1131 436 1160 464 et
1191 431 1349 464 canonicis
1384 430 1485 464 dictae
1516 430 1667 464 ecclesiae
1700 429 1750 473 ip-

1007 485 1135 529 siusque
1172 485 1307 518 fabricae
1340 485 1536 525 camerario,
1562 489 1592 517 et
1617 483 1685 516 aliis
1709 482 1748 515 ab

1007 539 1126 572 eisdem
1147 539 1283 583 capitulo
1297 543 1327 571 et
1347 538 1506 572 canonicis
1522 538 1678 582 deputatis
1696 547 1752 570 seu

1010 593 1209 637 deputandis,
1229 593 1331 626 dictae
1355 592 1492 625 fabricae
1517 592 1654 634 nomine,
1678 601 1751 635 pro·

1008 648 1078 691 pria
1108 646 1306 686 auctoritate,
1338 646 1537 680 medietatem
1570 644 1752 678 huiusmodi

1009 700 1122 734 debitis
1149 700 1344 744 temporibus
1362 699 1538 743 percipere,
1557 704 1586 731 et
1606 699 1638 731 in
1656 698 1752 742 ipsius

1009 754 1146 787 fabricae
1165 764 1239 786 usus
1257 759 1452 795 convertere,
1469 752 1606 785 cuiusvis
1626 751 1753 784 licentia

1010 808 1147 852 desuper
1173 807 1302 840 minime
1327 807 1493 850 requisita)
1520 811 1672 850 perpetuo
1698 816 1752 848 ap-

1010 863 1136 907 plicavit
1161 867 1190 894 et
1211 860 1436 905 appropriavit,
1462 864 1492 892 et
1515 860 1590 892 alias
1611 864 1706 902 prout
1724 859 1754 891 in

1011 916 1138 949 decreto
1156 915 1296 948 eiusdem
1317 914 1484 948 Clementis
1505 912 1755 957 praedecessoris

1011 970 1149 1014 desuper
1174 969 1232 1001 sub
1266 968 1337 1001 data
1359 967 1423 1000 (liei
1455 977 1507 1001 xlv
1536 966 1611 999 iunii
1638 975 1756 1005 unxcn,

1012 1024 1102 1057 cuius
1129 1028 1269 1055 tenorem
1295 1021 1515 1066 praesentibus
1539 1030 1599 1064 pro
1616 1020 1708 1063 plene
1725 1024 1756 1052 et

1013 1077 1205 1111 sufficienter
1242 1086 1390 1119 expresso
1428 1080 1457 1107 et
1493 1074 1611 1107 inserto
1648 1072 1757 1106 haberi

1013 1131 1169 1171 volumus,
1187 1131 1375 1163 continetur.

1058 1185 1073 1228 ξ
1098 1184 1126 1217 02.
1153 1185 1241 1218 Nunc
1274 1188 1378 1216 autem
1403 1193 1478 1224 nos,
1505 1192 1563 1226 pro
1589 1180 1758 1215 cornmissa

1013 1238 1104 1272 nobis
1130 1238 1260 1271 caelitus
1290 1237 1432 1270 omnium
1458 1235 1664 1269 eeclesiarum
1690 1234 1755 1267 sol-

1014 1291 1177 1325 licitudine
1192 1318 1199 1332 ,
1224 1291 1361 1323 fabricae
1392 1289 1571 1334 praedictae
1606 1299 1662 1332 per
1686 1298 1758 1320 am-

1014 1345 1097 1388 plius
1122 1344 1287 1378 consulere
1316 1343 1487 1387 cupientes,
1520 1342 1558 1375 de
1591 1351 1761 1384 congrega-

1015 1399 1108 1432 tionis
1141 1397 1369 1431 venerabilium
1406 1397 1539 1429 fratrum
1576 1401 1760 1429 nostrorum

1015 1453 1043 1486 S.
1078 1453 1112 1485 R.
1149 1452 1183 1485 E.
1214 1450 1442 1491 cardinalium,
1478 1459 1601 1483 necnon
1635 1449 1761 1482 dilecto-

1016 1517 1086 1539 rum
1112 1506 1252 1540 filiorum
1289 1506 1449 1539 Romanae
1478 1503 1583 1537 curiae
1610 1503 1762 1546 praelato-

1016 1571 1087 1594 rum
1115 1570 1211 1604 super
1241 1559 1376 1603 negotiis
1407 1558 1593 1592 visitationis
1618 1557 1763 1600 apostoli-

1017 1625 1071 1648 cae
1096 1615 1303 1648 ecclesiarum
1322 1619 1352 1647 et
1365 1614 1508 1646 locorum
1524 1612 1651 1655 piorum
1667 1610 1762 1644 Urbis

1018 1669 1177 1713 praefatae
1202 1679 1219 1701 a
1243 1667 1334 1701 nobis
1360 1666 1519 1700 institutae
1540 1665 1762 1708 deputatorum

1018 1722 1160 1763 consilio,
1175 1726 1325 1756 statutum
1336 1726 1366 1753 et
1383 1720 1625 1760 ordinationem,
1641 1719 1763 1762 aliaque

1017 1776 1214 1820 praemissa,
1239 1785 1274 1808 ac
1298 1774 1461 1807 decretum
1495 1773 1631 1817 desuper
1655 1784 1673 1805 a
1697 1772 1764 1806 Cte-

1019 1835 1124 1863 mente
1141 1829 1386 1874 praedecessore
1405 1832 1584 1861 emanatum
1606 1827 1765 1859 huiusmo-

1019 1883 1066 1924 di,
1091 1883 1236 1927 quamvis
1254 1883 1384 1923 fructus,
1411 1881 1563 1922 redditus,
1584 1884 1764 1925 subventus,

1019 1937 1260 1970 distributiones
1282 1935 1493 1980 quotidianae,
1508 1935 1587 1975 iura,
1607 1933 1767 1967 obventio-

1020 2001 1074 2024 nes
1099 1995 1129 2024 et
1154 1991 1368 2024 emolumenta
1393 1989 1554 2033 praedicta
1572 1988 1641 2021 aliis
1666 1987 1767 2021 oneri-

1019 2045 1078 2077 bus
1095 2044 1160 2077 sive
1177 2044 1382 2088 pensionibus
1400 2048 1528 2086 gravata
1546 2042 1687 2084 existant,
1705 2052 1763 2074 au—

1021 2098 1163 2132 ctoritate
1189 2097 1378 2141 apostolica,
1408 2101 1517 2129 tenore
1542 2095 1766 2139 praesentium,

1021 2158 1176 2197 perpetuo
1202 2152 1409 2191 innovamus,
1434 2161 1469 2183 ac
1495 2150 1532 2183 de
1557 2155 1662 2183 cetero
1695 2159 1768 2192 per-

1829 1192 1914 1213 innovat
1939 1194 1960 1212 et

1774 1220 1889 1241 confirmat.

981 2231 987 2243 ‚
1022 2206 1123 2249 petuis
1143 2205 1257 2239 futuris
1280 2204 1478 2249 temporibus
1496 2203 1631 2237 servari¹
1653 2203 1767 2235 debere

1022 2259 1233 2293 decernimus.

1067 2314 1082 2357 ἓ
1112 2313 1141 2346 3.
1175 2314 1343 2347 Praeterea
1375 2313 1457 2346 idem
1493 2316 1641 2345 statutum
1668 2314 1697 2345 ct
1722 2322 1769 2343 or-

1024 2367 1217 2400 dinationem
1249 2368 1286 2400 ad
1319 2377 1429 2400 omnes
1454 2372 1484 2399 et
1509 2366 1670 2408 singulos,
1703 2364 1770 2407 qni-

1025 2422 1082 2454 bus
1107 2420 1145 2454 dc
1171 2421 1343 2462 beneficiis,
1370 2420 1611 2462 beneficialibus
1631 2419 1676 2451 vcl
1702 2419 1767 2451 cle-

1025 2475 1184 2507 ricalibus
1214 2468 1421 2518 nuncupatis,
1448 2473 1477 2505 in
1503 2473 1610 2505 eadem
1638 2472 1769 2505 ccclesia

1027 2528 1056 2562 S.
1075 2527 1198 2561 loannis
1224 2527 1441 2560 Lateranensis
1455 2525 1566 2570 quovis
1580 2525 1674 2560 modo
1688 2536 1770 2559 nunc

1824 2317 1921 2338 [nanim
1941 2317 1967 2337 ad

1784 2345 1921 2365 lwnuticialus
1948 2348 1968 2364 et

1784 2373 1905 2392 (loricatus.

1067 2647 1077 2671 l
1101 2644 1170 2672 Edit.
1187 2644 1265 2673 Mein.
1284 2644 1347 2681 legit
1362 2645 1467 2675 servati
1483 2652 1530 2679 pro
1550 2644 1661 2672 servari·
1676 2644 1769 2678 (axa),
