2263 3215
334 215 380 242 An.
399 215 427 242 C,
449 217 512 243 ιω.)
562 207 623 239 144
1110 216 1286 238 numanum
1314 215 1465 238 noussen
2052 217 2098 240 An.
2116 215 2144 241 C.
2166 217 2228 246 ¹65⁶

532 270 577 297 tes
601 269 630 297 et
655 264 684 296 in
710 266 744 296 ea
778 269 935 296 morantes
957 264 1002 296 vel
1028 264 1066 295 ab
1091 263 1155 307 ipsa
1182 273 1265 297 rece-
1298 262 1390 304 dicta,
1407 272 1460 295 seu
1487 261 1757 304 tegatiS‚1iunciiS‚
1775 261 2035 305 praesidentibus,

531 317 649 355 dentes,
670 321 698 348 et
731 316 759 348 in
781 315 829 348 liis
850 315 957 348 dantes
988 315 1147 357 auxilium,
1165 316 1264 349 consi·
1298 315 1404 360 palatii
1430 315 1528 348 nostri
1555 320 1584 346 ct
1608 325 1751 347 camerae
1776 314 1967 358 apostolicae
1987 325 2036 347 au-

531 369 606 401 lium
625 369 670 401 vel
693 369 851 401 savorem:
1281 345 1471 409 ‘ditm-ibus,
1497 367 1739 407 commissariis,
1764 367 1894 411 aliisque
1919 367 2034 401 iudici-

371 437 410 457 ευ·
427 443 515 457 mmmm·
576 432 615 455 xi.
643 422 716 455 ltem
743 422 1052 455 excommunicamus
1084 428 1112 454 et
1137 422 1265 455 anathe-
1299 422 1356 454 bus
1381 426 1410 454 et
1435 421 1584 464 delegatis
1609 420 1789 464 apostolicis
1809 427 2036 461 emanatorum‚

334 464 516 511 {5'1‹.'⁰ss?³c{¹s'{fif
532 475 712 508 matizamus
736 486 845 508 onmes
870 475 1101 517 interficientes,
1120 475 1265 508 mutilan-
1299 481 1329 508 ct
1352 485 1433 518 quae
1464 485 1523 518 pro
1555 479 1697 518 tempore
1726 474 1960 514 emanaverint,
1984 479 2038 507 aut

369 1019 516 1040 Excommuni-

333 1048 367 1066 eat
382 1045 454 1066 hostes
465 1051 517 1072 per-

333 1078 432 1093 sonarum
443 1077 515 1092 recur-

333 1099 421 1121 rentium
436 1098 463 1118 ad
483 1104 516 1119 ro-

333 1132 416 1148 manam
426 1131 515 1147 curiam.

369 1978 516 2000 Excommuni·

335 2008 369 2026 rat
402 2005 517 2032 impedien-

335 2034 365 2052 tes
372 2033 517 2053 executionem

335 2058 489 2080 mandatorum.

333 518 453 539 ''³¹¹⁹'‘'⁸'f'
531 532 586 569 tes,
615 528 822 568 vulnerantes,
854 528 1073 572 percutientes,
1098 527 1265 572 capientes,

531 586 738 621 carcerantes,
763 581 946 622 detinentes,
973 582 1019 614 vel
1045 581 1199 615 hostiliter
1225 582 1267 613 in-

530 638 695 677 sequentes
716 634 744 666 S.
759 634 792 666 R.
806 634 836 666 E.
859 634 1044 674 cardinales,
1061 634 1266 678 patriarchas,

529 687 793 731 archiepiscopos,
819 687 994 731 episcopos,
1015 687 1166 731 Sedisque
1191 688 1268 730 Apo-

530 740 655 773 stolicae
679 740 817 783 legatos,
843 741 889 773 vel
920 740 1071 780 nuncios,
1097 745 1149 773 aut
1173 751 1226 773 eos
1250 751 1267 772 a

530 793 592 827 suis
628 793 845 834 dioecesibus,
871 793 1059 831 territoriis,
1088 793 1178 827 terris
1213 804 1265 826 seu

529 846 676 880 dominiis
700 847 872 887 eiicientes,
897 858 954 880 nec
971 857 1033 880 non
1059 857 1094 879 ea
1119 847 1266 879 mandan-

531 904 586 940 tes,
604 899 651 932 νε]
672 905 738 932 rata
763 900 922 940 habentes,
948 910 1000 932 scu
1026 904 1219 943 praestantes
1237 898 1267 930 in

532 951 576 984 eis
596 952 756 993 auxilium,
774 952 951 993 consilium,
977 953 1023 985 vel
1041 952 1179 985 savorem
1194 963 1199 983 :

576 1014 628 1037 xn.
655 1005 730 1038 Item
756 1005 1065 1038 excommunicamus
1089 1010 1119 1037 et
1143 1004 1268 1036 anathe-

531 1058 714 1091 matizamus
727 1068 836 1091 omnes
850 1059 929 1097 illos,
947 1059 1010 1102 qui,
1025 1069 1082 1102 per
1095 1068 1128 1090 se
1149 1058 1196 1090 vel
1211 1068 1268 1100 per

531 1110 617 1152 alios,
640 1121 791 1154 personas
812 1111 1036 1144 ecclesiasticas
1054 1120 1267 1154 quascumque

530 1165 579 1197 vel
604 1165 761 1198 seculares
781 1165 818 1197 ad
844 1166 1015 1198 Romanam
1034 1165 1158 1198 Curiam
1173 1174 1268 1208 super

531 1228 640 1251 eorum
667 1218 768 1251 causis
793 1223 822 1252 et
846 1218 978 1261 negotiis
1003 1222 1211 1259 recurrentes,
1233 1227 1268 1249 ac

530 1271 582 1303 illa
596 1272 626 1304 in
643 1272 750 1304 eadem
770 1272 857 1305 curia
878 1276 1114 1315 prosequentes,
1131 1275 1181 1304 aut
1198 1281 1269 1313 pro-

531 1331 686 1366 curantes,
711 1326 974 1368 negotiorumque
998 1330 1149 1368 gestorcs‚
1174 1324 1266 1357 advo-

531 1383 625 1420 catos,
644 1384 866 1422 procuratores
891 1383 920 1410 ct
944 1382 1082 1421 agentes,
1103 1388 1157 1410 seu
1175 1377 1267 1410 etiam

531 1432 690 1466 auditores
716 1432 762 1465 vel
788 1432 905 1465 iudices
929 1443 1024 1476 super
1053 1431 1142 1464 dictis
1167 1431 1268 1464 causis

532 1486 578 1518 vel
603 1486 736 1529 negotiis
761 1485 940 1530 deputatos,
965 1485 1129 1518 occasione
1154 1495 1265 1518 causa-

531 1549 599 1572 rum
622 1540 668 1572 vel
696 1539 896 1583 negotiorum
913 1539 1094 1572 huiusmodi
1113 1538 1268 1579 occidunt,

530 1602 584 1625 seu
609 1603 736 1636 quoquo
762 1593 855 1626 modo
872 1592 1067 1636 percutiunt,
1092 1591 1182 1624 bonis
1200 1602 1270 1635 spo-

531 1646 632 1688 liant¹,
649 1657 704 1679 seu
724 1646 789 1690 qui,
809 1657 866 1690 per
883 1656 914 1679 se
936 1646 982 1678 vel
1006 1656 1062 1690 per
1082 1646 1169 1686 alios,
1186 1645 1268 1678 dire-

531 1705 579 1733 cte
596 1700 642 1733 vel
661 1700 823 1740 indirecte,
847 1699 958 1733 delicta
984 1698 1162 1731 huiusmodi
1182 1709 1268 1731 com-

531 1754 673 1793 mittere,
706 1753 837 1797 exequi,
864 1753 908 1785 vel
943 1763 1137 1796 procurare,
1162 1757 1214 1785 aut
1239 1752 1268 1784 in

531 1807 645 1840 eisdem
672 1807 835 1847 auxilium,
861 1806 1026 1840 consilium
1052 1806 1099 1838 vel
1130 1806 1268 1838 savorem

531 1866 690 1905 praestare
733 1871 794 1894 non
834 1865 1003 1900 verentur,
1042 1860 1269 1902 cuiuscumque

532 1914 797 1959 praeeminentiae
815 1919 844 1946 et
869 1912 1026 1955 dignitatis
1048 1912 1179 1945 suerint:

576 1977 641 2000 xm.
667 1967 743 2000 Item
780 1966 1089 1999 excommunicamus
1124 1971 1154 1998 et
1189 1975 1266 1997 ana-

533 2021 770 2054 thematizamus
795 2030 921 2060 omnes,
950 2022 1010 2053 tam
1042 2019 1270 2052 ecclesiasticos

532 2084 625 2117 quam
658 2074 814 2106 seculares
839 2073 1064 2116 cuiuscumque
1088 2072 1268 2115 dignitatiS,

532 2127 595 2170 qui,
612 2131 829 2170 praetexentes
854 2125 996 2158 frivolam
1022 2125 1188 2169 quamdam
1214 2135 1268 2168 ap-

532 2180 732 2225 pellationem
759 2190 775 2211 a
800 2178 981 2222 gravamine
999 2179 1045 2211 vel
1072 2179 1175 2212 sutura
1200 2188 1270 2210 exe-

532 2234 656 2268 cutione
692 2234 867 2266 litterarum
904 2232 1147 2276 apostolicarum
1178 2231 1268 2264 etiam

533 2287 563 2320 in
588 2287 688 2320 forma
713 2287 840 2327 Brevis,
865 2291 926 2319 tam
952 2285 1086 2329 gratiam
1109 2295 1201 2329 quam
1228 2285 1270 2316 iu-

533 2340 646 2373 stitiam
660 2339 927 2379 concernentium,
942 2349 1063 2372 necnon
1075 2338 1269 2378 citationum,

534 2394 778 2434 inliihitionum‚
808 2398 1055 2436 sequestrorum,
1085 2391 1269 2425 monitorio-

534 2458 614 2487 rum,
639 2456 843 2490 processuum
865 2445 1123 2479 executorialium
1144 2449 1173 2478 et
1197 2445 1271 2477 alio-

535 2511 604 2533 rum
629 2500 829 2533 decretorum
854 2510 870 2532 a
895 2500 985 2533 nobis
1006 2504 1035 2532 et
1052 2510 1069 2532 a
1090 2498 1168 2532 Sede
1184 2508 1271 2542 prae-

574 2618 583 2644 ¹
601 2616 668 2644 Male
683 2616 747 2645 edit.
762 2615 842 2644 Maiu.
864 2615 927 2652 legit
941 2616 1046 2651 spoliat
1065 2615 1104 2650 (n.
1124 2615 1174 2649 T.).

1299 528 1397 568 alias,
1422 527 1459 560 ad
1484 527 1586 560 curias
1611 527 1768 559 seculares
1793 530 1823 559 et
1845 526 1956 560 laicam
1982 538 2036 571 po-

1300 586 1440 614 testatem
1469 585 1657 620 recurrunt,
1683 585 1713 612 et
1747 579 1785 613 ab
1821 581 1854 613 ea
1871 608 1878 622 ,
1903 580 2037 614 instante

1300 635 1392 668 etiam
1414 635 1479 668 fisci
1505 639 1712 679 procuratore
1736 634 1783 667 vel
1809 634 1968 674 advocato,
1985 644 2037 678 ap-

1300 688 1484 732 pellationes
1505 687 1686 720 huiusmodi
1707 686 1837 728 admitti,
1857 697 1892 720 ac
1908 687 2037 727 litteras,

1300 741 1472 781 citationes,
1498 740 1709 781 inhibitiones,
1734 745 1915 783 sequestra,
1942 740 2038 773 moni-

1300 794 1381 827 toria
1413 798 1443 827 et
1473 794 1532 826 alia
1563 793 1723 837 praedicta
1755 793 1823 837 capi
1855 797 1885 826 et
1909 793 2037 826 retineri

1301 846 1426 887 faciunt,
1446 846 1537 890 quive
1559 846 1610 879 illa
1628 845 1812 889 simpliciter
1837 846 1883 879 vel
1909 845 1974 879 sine
1991 856 2039 879 eo-

1301 911 1371 933 rum
1391 900 1587 944 beneplacito
1604 905 1634 933 et
1658 910 1811 933 consensu
1830 900 1875 932 vel
1897 899 2039 932 examine

1302 953 1501 997 exequutioni
1525 952 1725 993 demandari,
1750 958 1812 992 aut,
1833 962 1871 985 ne
1898 952 2038 986 tabellio-

1301 1016 1355 1038 nes
1373 1011 1403 1038 et
1419 1005 1533 1039 notarii
1551 1016 1648 1050 super
1665 1005 1845 1039 huiusmodi
1863 1005 2039 1038 litterarum

1302 1064 1331 1091 et
1359 1069 1564 1102 processuum
1595 1058 1803 1102 exequutione
1833 1057 2040 1092 instrumenta

1303 1112 1347 1144 vel
1374 1115 1441 1145 acta
1466 1111 1632 1152 conficere,
1653 1115 1706 1144 aut
1726 1111 1866 1144 confecta
1889 1110 1970 1154 parti
1988 1121 2039 1144 cu-

1303 1164 1348 1196 ius
1374 1164 1502 1197 interest
1531 1164 1656 1197 tradere
1680 1164 1834 1204 debeant,
1867 1163 2041 1207 impediunt

1303 1217 1348 1249 vel
1368 1217 1546 1261 prohibent,
1565 1228 1599 1250 ac
1617 1217 1709 1250 etiam
1728 1221 1842 1261 partes,
1860 1227 1913 1249 seu
1930 1227 2039 1250 eorum

1302 1275 1440 1313 agentes,
1457 1271 1717 1313 consanguineos,
1731 1271 1848 1313 affines,
1862 1270 2041 1311 l'amiliareS,

1302 1324 1441 1356 notarios
1460 1352 1466 1366 ,
1488 1330 1699 1368 exequutores
1719 1329 1748 1357 et
1773 1324 2042 1367 subexequutores

1302 1377 1488 1418 litterarum,
1518 1377 1718 1417 citationum,
1744 1376 1986 1410 monitoriorum
2012 1380 2042 1411 et

1303 1430 1435 1462 aliorum
1450 1430 1684 1474 praedictorum
1702 1429 1839 1474 capiunt,
1852 1429 2041 1474 percutiunt,

1304 1484 1476 1524 vulnerant,
1497 1487 1669 1523 carcerum,
1694 1483 1847 1524 detinent,
1873 1493 1908 1516 ex
1937 1483 2042 1516 civita-

1303 1535 1396 1578 tibus,
1421 1536 1498 1569 locis
1523 1541 1553 1569 et
1577 1535 1684 1578 regnis
1708 1535 1845 1578 eliciunt,
1865 1535 1956 1569 bonis
1975 1545 2043 1580 spo-

1303 1589 1389 1630 liant,
1414 1589 1684 1633 perterrefaciunt,
1703 1589 1886 1623 concutiunt
1902 1593 1931 1623 et
1955 1599 2042 1623 com-

1304 1643 1474 1684 minantur,
1499 1653 1555 1687 per
1579 1653 1621 1683 se,
1651 1643 1696 1675 vel
1723 1642 1817 1675 alium
1833 1670 1840 1684 ,
1867 1653 1920 1675 seu
1946 1643 2042 1683 alios,

1304 1696 1428 1740 publice
1450 1697 1494 1729 vel
1520 1697 1662 1738 occulte,
1687 1696 1779 1740 quive
1808 1696 1883 1729 alias
1912 1696 2042 1740 quibus-

1304 1760 1439 1793 cumque
1455 1750 1608 1793 personis,
1627 1749 1657 1782 in
1678 1759 1794 1792 genere
1815 1750 1860 1782 vel
1878 1749 1909 1781 in
1926 1749 2042 1793 specie,

1303 1813 1348 1847 ng
1366 1813 1425 1846 pro
1451 1803 1614 1845 quibusvis
1639 1813 1748 1836 eorum
1774 1802 1909 1845 negotiis
1933 1812 2043 1846 prose-

1304 1856 1445 1900 quendis,
1463 1867 1517 1890 seu
1537 1857 1646 1900 gratiis
1667 1857 1713 1889 vel
1738 1856 1850 1889 litteris
1867 1856 2041 1900 impetran-

1303 1911 1350 1943 dis
1374 1910 1411 1943 ad
1437 1912 1609 1944 Romanam
1641 1911 1765 1944 Curiam
1797 1910 1966 1951 accedant,
1991 1914 2044 1945 aut

1305 1974 1467 1997 recursum
1493 1964 1638 2005 habeant,
1670 1975 1724 1997 seu
1749 1964 1865 2007 gratias
1888 1964 1971 2008 ipsas
1994 1964 2042 1997 vel

1304 2018 1422 2050 litteras
1446 2028 1463 2050 a
1488 2017 1569 2051 dicta
1595 2017 1674 2051 Sede
1700 2018 1878 2061 impetrent,
1904 2027 1960 2051 seu
1985 2017 2043 2050 im-

1303 2071 1432 2115 petratis
1451 2076 1587 2111 utantur,
1601 2070 1718 2104 directe
1733 2071 1781 2103 vel
1801 2070 1951 2104 indirecte
1971 2081 2043 2115 pro-

1304 2124 1429 2164 hibere,
1455 2129 1609 2163 statuere,
1634 2134 1686 2157 seu
1721 2123 1890 2164 mandare,
1914 2124 1963 2157 vel
1991 2134 2043 2157 eas

1303 2177 1387 2221 apud
1417 2187 1470 2217 se,
1495 2183 1547 2210 aut
1575 2177 1736 2218 notarios,
1761 2188 1816 2210 seu
1848 2177 2042 2218 tabelliones,

1304 2231 1351 2264 vel
1376 2230 1451 2263 alias
1475 2230 1713 2274 quomodolibet
1745 2230 1881 2263 retinere
1913 2240 2043 2274 praesu-

1304 2289 1391 2317 munt
1408 2295 1413 2316 :

1348 2348 1410 2372 Χιν.
1438 2338 1512 2371 ltem
1539 2337 1849 2370 excommunicamus
1866 2341 1896 2369 et
1919 2335 2043 2369 anathe-
2057 2342 2233 2391 aufxeffpunm

1305 2391 1488 2424 matizamus
1500 2401 1608 2424 omnes
1621 2396 1650 2424 et
1668 2400 1894 2434 quoscumque,
1907 2389 1971 2434 qui,
1985 2399 2044 2434 per
2057 2375 2149 2426 cumqin
2163 2373 2233 2444 305}

2058 2422 2161 2443 ditor-ibin

1306 2455 1337 2477 se
1369 2445 1415 2478 vel
1441 2445 1533 2484 alios,
1558 2445 1743 2478 auctoritate
1770 2443 1898 2487 propria
1913 2469 1921 2483 ,
1945 2453 1981 2476 ac
2004 2443 2043 2476 de
2058 2448 2242 2497 Pffggisggiiiipgv

1304 2498 1404 2537 facto,
1436 2508 1708 2541 quarumcumque
1734 2497 1970 2541 exemptionum
1995 2496 2043 2530 vel
2057 2503 2232 2550 &give-agma-

1304 2551 1435 2584 aliarum
1450 2551 1623 2593 gratiarum
1633 2557 1663 2583 et
1676 2551 1851 2583 litterarum
1862 2549 2043 2593 apostolica-

1305 2614 1374 2637 rum
1395 2608 1566 2647 praetextu,
1588 2603 1787 2637 beneficiales
1804 2608 1833 2636 ct
1848 2602 2043 2638 decimarum
