2243 3205
29 240 81 268 An.
97 240 124 266 C.
147 239 212 267 1657

81 2060 225 2087 'transumpta

48 2091 90 2107 rum
107 2086 164 2107 lidos,

820 237 1005 262 ALEXANDER
1028 238 1073 261 vu
1099 238 1145 261 re.

225 285 357 319 iudicari
382 291 411 318 et
435 285 559 319 definiri
584 286 708 327 debere,
730 296 766 319 ac
790 285 914 318 irritum
937 287 986 319 et'

225 339 326 381 inane,
342 339 366 372 si
383 349 473 373 secus
494 350 589 384 super
607 340 655 373 liis
676 350 692 372 a
710 350 879 383 quoquam,
894 350 966 382 qua<

225 392 271 425 vis
294 393 497 434 auctoritate,
522 393 657 426 scienter
683 393 728 426 vel
761 392 966 436 ignoranter,

226 446 394 489 contigerit
417 446 572 480 attentari.

271 499 286 543 ξ
314 499 361 532 102.
380 500 449 533 Non
473 499 669 534 obstantibus
693 497 968 533 constitutionibus

227 558 257 586 et
273 552 524 586 ordinationibus
539 553 728 597 apostolicis,
746 563 879 593 necnon,
898 563 969 596 qua-

227 610 316 640 tenus
337 617 418 650 opus
435 606 484 647 sit,
502 607 794 651 archibospitalium
817 612 845 639 et
866 605 970 650 hospi-

228 659 336 692 talium
351 659 543 701 huiusmodi,
562 665 591 692 et
609 660 676 693 aliis
690 660 862 704 quibusvis,
877 660 969 692 etiam

228 710 416 752 iuramento,
441 711 681 744 confirmatione
706 711 875 755 apostolica
891 738 898 751 ,
924 711 970 743 vel

229 763 288 796 alia
308 763 417 808 quavis
441 764 590 798 firmitate
614 764 781 805 roboratis,
803 763 925 797 statutis
943 767 972 797 et

229 817 519 859 consuetudinibus,
537 818 630 850 etiam
656 817 970 859 immemorabilibus,

229 871 402 915 privilegiis
422 882 558 916 quoque,
579 871 708 905 indultis
726 877 755 904 et
771 871 883 905 litteris
903 881 973 915 apo-

231 924 359 967 stolicis,
378 925 435 958 sub
456 925 710 969 quibuscumque
735 925 905 958 verborum
928 929 972 957 te-

230 978 363 1011 noribus
381 983 410 1011 et
427 979 546 1020 formis,
564 990 599 1012 ae
614 989 684 1012 cum
702 978 863 1022 quibusvis
880 978 972 1012 etiam

232 1031 505 1075 derogatoriarum
528 1032 749 1075 derogatoriis,
766 1031 897 1075 aliisque
914 1031 975 1064 effi-

233 1084 410 1118 cacioribus
435 1090 464 1118 et
489 1085 622 1118 insolitis
648 1085 804 1125 clausulis,
826 1084 974 1117 irritanti-

232 1137 354 1181 busque
379 1143 409 1170 et
433 1138 501 1170 aliis
525 1138 669 1179 decretis,
695 1138 725 1170 in
747 1147 861 1180 genere
879 1137 926 1169 vel
945 1137 975 1169 in

233 1191 347 1236 speeie,
365 1202 400 1224 ae
420 1192 496 1224 alias
521 1192 550 1224 in
577 1192 769 1225 contrarium
791 1191 977 1235 praemisso-

233 1255 305 1278 rum
330 1245 567 1289 quomodolibet
591 1244 757 1286 concessis,
784 1243 976 1277 confirmatis

235 1304 265 1332 et
283 1299 451 1339 innovatis3
477 1299 591 1344 quibus
613 1298 761 1333 omnibus
785 1304 813 1332 et
835 1298 977 1342 singulis,

235 1354 356 1387 etiamsi
372 1365 429 1398 pro
445 1354 570 1387 illorum
589 1353 754 1387 sufficienti
773 1353 978 1396 derogatione

236 1407 274 1440 de
299 1407 359 1440 illis
388 1418 562 1451 eorumque
579 1407 651 1441 totis
677 1407 839 1440 tenoribus
864 1406 996 1450 specia-¹¹

235 1460 284 1501 lis,
305 1460 459 1505 specifica,
477 1471 624 1505 expressa
650 1465 675 1493 et
703 1460 871 1502 individua,
889 1470 924 1493 ae
942 1459 979 1493 de

238 1513 334 1547 verbo
360 1524 395 1547 ae
420 1514 570 1554 verbum,
595 1524 658 1547 non
683 1519 786 1546 autem
814 1523 870 1557 per
895 1513 978 1546 clau-

238 1567 322 1601 sulas
339 1567 502 1611 generales
523 1566 604 1600 idem
624 1567 841 1610 importantes‚
863 1566 980 1600 mentio

239 1632 293 1654 seu
318 1621 445 1665 quaevis
478 1621 537 1653 alia
573 1620 734 1664 expressio
760 1620 901 1654 facienda
929 1626 979 1653 aut

238 1675 342 1719 aliqua
368 1675 427 1707 alia
459 1674 610 1718 exquisita
636 1675 736 1707 forma
763 1674 800 1706 ad
826 1674 885 1706 boe
916 1685 980 1707 ser-

238 1728 337 1762 vanda
363 1729 450 1769 soret,
473 1728 598 1761 illorum
618 1733 742 1761 tenores
764 1728 999 1772 praesentibus5

238 1793 297 1826 pro
323 1782 415 1826 plene
437 1787 464 1814 et
492 1781 683 1814 sufficienter
709 1782 864 1824 expressis
889 1786 919 1813 et
940 1781 982 1813 in-

240 1836 331 1869 sertis
356 1835 517 1876 babentes,
546 1835 605 1867 illis
630 1835 705 1867 alias
730 1835 759 1867 in
785 1845 841 1868 suo
866 1834 982 1868 robore

239 1889 472 1935 permansuris,
501 1889 538 1921 ad
563 1889 811 1933 praemissorum
837 1888 983 1921 effectum

241 1943 419 1988 specialiter
443 1949 473 1976 et
497 1952 645 1987 expresse
671 1942 879 1985 derogamus,
899 1947 981 1976 cete-

241 1998 349 2042 risque
376 1997 542 2030 contrariis
568 1996 827 2041 quibuscumque.

287 2052 301 2095 ἓ
320 2050 369 2084 13.
392 2051 540 2084 volumus
557 2055 660 2083 autem
684 2056 715 2083 ut
740 2054 919 2094 praesentes
940 2050 986 2084 lit-

244 2110 328 2137 terae
357 2115 414 2148 per
437 2104 570 2147 aliquem
591 2114 644 2136 seu
671 2104 791 2147 aliquos
816 2114 852 2136 ex
879 2114 986 2137 curso-

243 2159 332 2191 ribus
357 2157 472 2191 nostris
497 2157 534 2190 ad
562 2158 663 2190 ralras
689 2157 838 2190 ecclesiae
854 2157 882 2191 S.
898 2158 986 2191 Ioan-

246 2213 294 2245 nis
328 2211 358 2244 in
383 2212 558 2253 Laterano,
585 2223 619 2244 ac
655 2211 801 2244 basilicae
833 2211 988 2256 Principis

245 2265 480 2310 Apostolorum,
498 2271 525 2297 et
553 2265 582 2297 in
608 2265 672 2297 acie
691 2265 793 2309 campi
819 2265 930 2298 Florae
951 2265 988 2297 de

246 2319 331 2352 Urbe
355 2318 566 2362 publicentur,
584 2328 619 2351 ac
637 2329 744 2351 earum
769 2318 912 2362 exempla
933 2317 988 2351 ibi-

246 2372 316 2404 dem
341 2372 518 2415 affigantur,
537 2383 625 2415 (tuae,
646 2372 689 2404 sic
710 2371 887 2415 publicatae
905 2376 931 2404 et
950 2371 989 2403 as-

245 2428 336 2466 lixae,
351 2435 459 2458 omnes
477 2429 506 2459 et
523 2426 674 2468 singulos,
690 2435 769 2469 quos
783 2428 989 2465 concernunt,

246 2479 378 2524 perinde
404 2484 521 2512 arctent
549 2482 578 2512 el
598 2479 744 2520 afficiant,
762 2490 796 2512 ac
822 2478 845 2511 si
873 2478 990 2513 unicui-

248 2544 307 2577 que
334 2533 460 2566 illorum
486 2533 694 2576 personaliter
729 2532 887 2565 intimatae
914 2533 989 2566 suis-

249 2592 337 2625 sent3
370 2586 515 2630 quodqut.¹
553 2585 733 2619 earumdem
776 2586 988 2630 praesentium

251 2640 464 2684 transumptis,
483 2640 574 2672 etiam
596 2640 769 2684 impressis,
790 2650 885 2673 manu
902 2646 990 2674 nota-

1002 285 1038 318 rii
1064 286 1182 329 publici
1201 286 1397 330 subscriptis,
1419 291 1448 319 et
1469 285 1572 329 sigillo
1589 294 1741 329 personae

1002 339 1032 371 in
1053 338 1203 381 dignitate
1229 339 1440 372 ecclesiastica
1466 338 1652 372 constitutae
1678 349 1744 370 mu-

1001 391 1094 432 nitis,
1120 391 1228 425 eadem
1261 403 1392 436 prorsus
1417 392 1493 425 tides
1519 392 1548 424 in
1573 391 1690 424 iudicio
1715 395 1745 423 et

1002 450 1089 477 extra
1120 444 1326 485 adhibeatur,
1355 455 1433 489 <luae
1465 445 1541 488 ipsis
1566 443 1740 489 praesenti-

1002 498 1059 531 bus
1084 498 1302 540 adhiberetur,
1332 498 1356 531 si
1390 498 1492 531 forent
1516 498 1672 530 exhibitae
1698 497 1744 529 rel

1002 556 1154 585 ostensae.

1047 604 1158 637 Datum
1184 604 1300 637 Romae
1331 604 1412 648 apud
1438 605 1466 637 S.
1494 604 1619 636 Mariam
1646 603 1742 636 Maio-

1004 669 1082 700 rem,
1095 657 1152 691 sub
1167 658 1282 691 annulo
1296 657 1475 698 Pismtoris,
1490 657 1539 690 die
1554 667 1608 690 xri
1623 667 1747 690 novem-

1004 712 1070 746 bris
1093 722 1233 753 iinchn,
1252 712 1450 756 pontificatus
1472 712 1571 744 nostri
1590 711 1659 744 anni
1683 721 1726 743 111.

1043 776 1100 803 Dat.
1118 775 1160 803 die
1177 776 1209 803 to
1226 775 1382 802 novembris
1406 775 1487 808 1657,
1505 774 1598 810 pontif.
1621 782 1691 800 anuo
1707 780 1746 800 111.

1294 917 1461 950 CLXXXII.

1008 999 1129 1034 Statuit
1143 999 1390 1032 universitatem
1406 998 1601 1031 iudaeorum
1620 998 1656 1030 in
1673 998 1751 1031 Urbe

1054 1054 1324 1086 commorantium
1348 1051 1473 1085 iudaeis
1491 1051 1534 1084 ad
1556 1051 1652 1093 fidem
1670 1051 1752 1083 cliri-

1053 1106 1197 1139 stianam
1218 1105 1377 1138 conversis
1403 1105 1454 1137 ius
1479 1105 1594 1146 gazaga
1612 1105 1656 1136 eis
1673 1115 1752 1136 oom-

1052 1164 1161 1203 petens
1171 1169 1268 1203 super
1281 1159 1429 1191 domibus
1447 1158 1536 1190 iutra
1547 1162 1636 1201 septa
1651 1158 1753 1201 ylzetti

1056 1213 1235 1246 eormuclem
1261 1212 1458 1245 Iudaeorum
1484 1212 1667 1244 constitutis
1692 1211 1754 1243 sol-

1056 1277 1125 1300 vere
1160 1266 1271 1307 teneri,
1300 1265 1459 1309 quamdiu
1494 1264 1606 1298 (lomus
1640 1265 1754 1298 lucius-

1056 1320 1144 1353 modi
1169 1330 1233 1353 non
1258 1323 1353 1352 crunt
1379 1318 1500 1351 locutae
1514 1317 1532 1351 ¹.

1208 1400 1374 1427 Alexander
1395 1400 1473 1433 Papa
1493 1400 1557 1433 vu,

1141 1447 1175 1472 ad
1192 1448 1368 1478 perpetuam
1385 1445 1428 1471 rei
1444 1444 1626 1472 memoriam.

1058 1518 1072 1561 g
1095 1517 1118 1549 l.
1140 1516 1231 1549 verbi
1258 1515 1388 1556 aeterni,
1404 1515 1487 1560 quod
1514 1521 1546 1547 ut
1567 1514 1757 1547 illuminaret

1014 1582 1140 1605 omnem
1156 1570 1316 1603 bominem
1336 1569 1510 1602 venientem
1526 1568 1556 1601 in
1570 1569 1653 1601 hunc
1671 1579 1758 1601 mun—

1014 1624 1088 1657 dum
1115 1634 1187 1657 caro
1212 1623 1327 1656 sactum
1353 1628 1446 1655 estet
1472 1622 1622 1654 habitarit
1648 1622 1677 1654 in
1706 1632 1758 1654 no-

1015 1678 1082 1719 bis,
1109 1678 1192 1710 vices
1224 1687 1415 1720 quamquam
1442 1675 1588 1708 immeriti
1615 1681 1759 1718 gerentes

1016 1732 1046 1764 in
1072 1731 1188 1771 terris,
1216 1730 1356 1762 muneris
1381 1729 1479 1762 nostri
1504 1739 1571 1762 esse
1597 1739 1760 1762 censemus

1016 1785 1247 1828 neophytorum
1274 1788 1303 1815 et
1336 1783 1634 1815 calbeeumenorum
1668 1782 1760 1814 liuius

1017 1838 1117 1870 almae
1132 1837 1224 1870 Urbis
1246 1842 1382 1878 nostrae,
1401 1836 1465 1879 qui,
1481 1836 1648 1868 miserente
1661 1836 1762 1868 Domi-

1017 1902 1068 1932 no,
1091 1901 1107 1924 e
1128 1890 1266 1923 tenebris
1291 1890 1431 1922 iudaicae
1455 1889 1613 1922 coecitatis
1637 1890 1762 1930 emersi,

1018 1956 1111 1979 verae
1134 1944 1206 1978 fidei
1230 1945 1337 1978 lumen
1363 1949 1570 1987 agnoverunt,
1588 1943 1763 1977 commodis

1019 2004 1048 2032 et
1072 1998 1260 2033 utilitatibus
1285 2003 1418 2042 paterno
1451 1997 1554 2031 studio
1580 1998 1763 2038 consulere,

1020 2056 1049 2086 et
1067 2052 1300 2096 impedimenta,
1318 2062 1397 2096 quae
1422 2051 1556 2084 aliorum
1578 2051 1762 2084 iudaeorum

1021 2105 1218 2139 conversioni
1244 2105 1354 2139 obesse
1380 2110 1517 2149 possent,
1536 2110 1686 2148 quantum
1713 2115 1764 2137 no-

1021 2160 1068 2193 bis
1093 2170 1128 2192 ex
1156 2160 1217 2192 alto
1243 2159 1436 2199 conceditur,
1458 2168 1630 2191 removere..

1067 2214 1081 2257 g
1104 2213 1134 2245 ἱ).
1161 2213 1235 2246 Cum
1256 2213 1369 2256 itaque,
1389 2213 1468 2245 sieut
1485 2211 1675 2255 accepimus,
1693 2221 1765 2244 neo-

1022 2267 1123 2311 phytis
1160 2273 1188 2299 et
1215 2266 1447 2299 cathecumenis
1479 2265 1647 2310 praedictis
1671 2275 1765 2308 super
1781 2255 1827 2293 siff«

1781 2302 1785 2320 l

1022 2320 1182 2353 nonnullis
1207 2319 1355 2353 domibus
1381 2320 1461 2351 intra
1487 2324 1573 2363 septa
1599 2319 1696 2362 glietti
1719 2319 1794 2351 lt1·¹=

1023 2374 1173 2407 dacorum
1201 2373 1231 2405 in
1256 2373 1365 2406 eadem
1395 2373 1475 2406 L'rbe
1501 2373 1765 2406 commorantium
1781 2362 1838 2401 ius«

1023 2427 1223 2470 constitutis,
1249 2439 1327 2471 quae
1354 2427 1423 2460 aliis
1449 2437 1541 2470 quam
1569 2426 1687 2459 iudaeis
1721 2426 1766 2460 lo-

1024 2481 1088 2515 cari
1114 2486 1284 2525 nequeunt,
1307 2481 1353 2513 ius
1378 2479 1536 2524 quoddam
1563 2479 1764 2524 inquilinatus

1024 2535 1061 2567 de
1081 2534 1203 2578 ssazctsyci
1223 2533 1305 2578 apud
1333 2534 1416 2578 ipsos
1439 2538 1663 2577 nuncupatum,
1682 2533 1767 2577 quod

1062 2653 1068 2677 l
1090 2651 1125 2677 Ex
1143 2650 1247 2685 ltegest.
1267 2651 1290 2676 iu
1308 2650 1407 2677 Secrct.
1427 2650 1502 2677 ilrer.

1645 227 1710 261 319
1755 236 1805 262 An.
1822 236 1848 262 c.
1873 235 1938 262 1657

1801 1526 1942 1544 l‘wozm'um.

1800 2334 1831 2346 tim
1851 2334 1876 2345 υ·
