2263 3215
299 212 347 239 An.
368 212 395 238 C.
422 213 485 238 1&ssss

324 596 462 617 Prooemium.

321 1186 401 1206 Causae
417 1186 479 1215 huius

295 1218 457 1238 stippresstonm.

319 1931 419 1953 Ordinem
436 1933 475 1952 fra·

292 1961 344 1978 trum
359 1959 476 1979 cruris-‘ro-

292 1991 336 2005 rum
359 1986 431 2006 abolet
451 1991 475 2006 ac

291 2012 407 2038 suppurunt.

333 2464 397 2485 Bona*
414 2464 476 2485 huius

295 2492 380 2520 Ordiuis
395 2492 414 2511 in
427 2497 478 2517 ope·

293 2523 325 2564 ζῆ.
338 2523 374 2543 pia
389 2523 475 2539 conver-

536 205 593 236 ΠΥ]

800 262 923 296 XCVIII.

496 341 685 384 Suppressio
712 342 845 375 Ordinis
878 344 1020 386 fratrum
1052 346 1232 388 Crucis'cro-

542 404 623 426 rum.

690 466 855 494 Alexander
875 468 952 502 Papa
972 470 1041 502 vn,

619 511 654 537 ad
675 515 851 545 perpetuam
872 513 916 540 rei
937 515 1116 541 memoriam.

542 581 667 613 Vineam
694 582 826 624 Domini,
844 593 923 626 quae
941 589 986 617 est
1003 585 1070 617 eius
1087 585 1234 626 Ecclesia,

497 643 589 665 curae
607 639 731 667 nostrae
746 635 894 668 divinitus
909 636 1136 678 demandatam,
1151 639 1235 671 omni

496 685 599 719 studio
631 692 659 719 et
691 687 844 720 industria
875 690 979 722 colere
1012 690 1126 732 iugiter
1156 696 1235 723 sata-

495 744 619 782 gentes,
645 741 784 773 muneris
809 742 906 775 nostri
934 753 1001 775 esse
1025 743 1234 785 arbitramur,

495 797 529 824 ut
554 793 630 826 vites
655 794 800 827 ordinum
823 795 1044 838 religiosorum
1064 797 1094 829 in
1112 799 1147 830 ea
1165 808 1236 841 pro-

496 845 564 878 vide
588 846 752 889 plantatas,
770 858 849 891 quae
865 848 1055 892 primigenio
1080 850 1234 892 regularis

495 899 725 933 observantiae¹
745 902 852 944 vigore
878 902 1043 936 destitutae
1064 902 1094 935 in
1113 903 1234 936 steriles

495 951 654 985 labruscas
671 953 913 996 degenerarunt,
930 966 965 988 ex
984 955 1062 996 illa2,
1083 967 1170 989 more
1187 967 1234 989 se·

493 1004 557 1037 duli
582 1006 826 1048 patrisfamilias,
844 1009 1022 1050 evellamus,
1047 1014 1152 1053 prout,
1174 1020 1235 1042 ma-

494 1059 562 1090 tura
587 1058 811 1093 deliberatione
843 1062 989 1105 praevia,
1023 1063 1234 1106 conspicimus

494 1109 524 1142 in
549 1111 658 1144 eodem
685 1113 816 1147 Domino
842 1114 1009 1148 salubriter
1029 1115 1187 1159 expedire.

539 1165 552 1207 ς’
577 1165 605 1197 sl.
631 1166 706 1198 Cum
733 1167 836 1211 itaque
861 1168 921 1201 iam
947 1168 1069 1212 pridem
1088 1180 1233 1214 comper-

494 1222 558 1251 tum
585 1220 623 1251 sit
655 1220 802 1253 Ordinem
839 1222 971 1255 fratrum
997 1222 1231 1257 Cruciferorum

493 1278 766 1316 nuncupatorum,
792 1274 822 1307 in
847 1286 910 1319 quo
937 1276 1061 1309 nonnisi
1098 1283 1233 1320 quatuor

493 1326 681 1359 monasteria
700 1334 876 1371 supersunt,
894 1330 966 1373 quia
981 1340 1015 1362 ex
1034 1330 1232 1375 vigintiquin-

492 1391 553 1424 que
578 1382 776 1415 monasteriis
791 1410 798 1423 ,
822 1383 936 1426 quibus
968 1384 1069 1418 dictus
1093 1384 1176 1418 Ordo
1201 1386 1231 1418 in

492 1435 674 1468 universum
700 1437 870 1479 constabat,
896 1437 1004 1480 viginti
1029 1442 1059 1472 et
1083 1449 1179 1471 unum
1201 1440 1230 1471 in

493 1489 554 1522 vim
580 1490 812 1523 constitutionis
825 1491 923 1524 felicis
940 1492 1169 1526 recordationis
1187 1493 1231 1525 In-

492 1544 628 1576 nocentii
654 1544 755 1588 Papae
780 1545 802 1577 X
828 1545 1080 1588 praedecessoris
1111 1547 1230 1585 nostri,

492 1607 571 1640 quae
589 1596 699 1640 incipit
715 1598 967 1641 Instaurandae‚
986 1609 1151 1643 suppressa
1170 1600 1232 1633 fue-

492 1654 574 1692 runt,
593 1655 622 1682 et
643 1650 731 1683 cuius
756 1651 867 1685 fratres
891 1652 928 1684 ad
955 1663 1070 1696 paucos
1096 1659 1167 1686 sunt
1185 1664 1232 1686 re-

491 1703 590 1743 dacti,
616 1715 633 1736 a
657 1705 818 1748 primaevo
850 1706 917 1739 eius
942 1707 1082 1740 instituto
1107 1707 1231 1750 penitus

491 1757 641 1797 deviasse,
662 1763 692 1791 et
717 1758 746 1791 in
772 1759 910 1792 Ecclesia
937 1760 989 1793 Dei
1014 1761 1138 1804 penitus
1163 1772 1231 1794 esse

491 1811 654 1852 inutilem,
691 1823 748 1845 nec
779 1823 867 1857 spem
900 1814 994 1846 ullam
1027 1825 1093 1847 esse
1130 1820 1163 1847 ut
1193 1815 1229 1847 ad

491 1864 604 1898 bonam
626 1866 749 1909 frugem
772 1867 941 1910 redigatur:

536 1919 550 1962 ἓ
575 1919 604 1952 2.
631 1920 761 1960 Idcirco,
780 1926 864 1953 motu
886 1921 1016 1964 proprio
1043 1925 1072 1955 et
1089 1931 1125 1954 ex
1144 1923 1228 1954 certa

491 1972 619 2005 scientia
646 1978 675 2005 et
700 1975 822 2005 matura
848 1973 1075 2007 deliberatione.
1096 1974 1229 2014 nostris,

491 2025 592 2069 deque
615 2027 807 2070 apostolieae
840 2027 1002 2070 potestatis
1027 2027 1230 2071 plenitudine,

490 2080 683 2123 praedictum
717 2080 864 2113 Ordinem
896 2081 1029 2114 fratrum
1054 2081 1230 2115 Crucifero-

490 2144 560 2166 rum
586 2139 858 2178 nuncupatorum,
883 2136 944 2167 una
977 2145 1049 2167 cum
1086 2135 1231 2168 omnibus

491 2186 557 2219 eius
582 2187 802 2230 dignitatibus,
828 2188 938 2221 officiis
969 2199 1004 2222 ac
1029 2188 1228 2230 ministeriis,

490 2240 638 2284 omnique
664 2241 947 2282 conventualitate,
972 2242 1072 2283 titulo,
1097 2243 1229 2275 essentia

490 2304 526 2327 ac
550 2294 824 2336 denominatione,
861 2301 969 2328 tenore
995 2296 1229 2339 praesentium,

490 2352 644 2391 perpetuo
678 2348 910 2391 extinguimuS,
942 2348 1169 2393 supprimimus
1201 2355 1231 2382 et

492 2401 672 2442 abolemus;

537 2455 551 2498 ἓ
574 2454 603 2487 3.
629 2456 672 2488 Ac
696 2455 842 2489 universa
863 2455 1001 2488 eiusdem
1020 2455 1144 2489 Ordinis
1161 2466 1231 2500 sup-

492 2509 591 2556 pressi
617 2509 708 2550 bona,
733 2509 861 2542 mobilia
886 2514 915 2543 et
948 2509 1141 2549 immobilia,
1167 2514 1229 2542 tam

531 2587 540 2610 t
565 2582 629 2609 Male
649 2581 712 2608 edit.
734 2580 812 2607 Maia.
835 2582 897 2616 legit
923 2582 1104 2609 observantia
1123 2584 1160 2617 (a.
1181 2583 1228 2614 T.).

1076 218 1251 241 numanum
1278 219 1430 242 ΠΟΜΛΝῊΜ

1270 277 1359 300 sacra
1383 277 1476 310 quam
1502 268 1654 311 profana,
1680 274 1860 311 conventus,
1886 270 2007 313 domos,

1271 320 1395 362 vineas,
1421 321 1570 364 praedia,
1596 331 1752 363 canones,
1778 323 2008 366 responsiones,

1271 372 1410 414 fruetus,
1436 373 1581 406 introitus
1611 379 1640 406 et
1673 374 1740 407 iura
1770 385 2009 419 quaecumque,

1271 425 1461 469 ubicumque
1490 427 1632 459 locorum
1664 427 1804 470 existant,
1830 433 1955 461 nostrae
1980 434 2010 461 et

1271 478 1358 511 Sedis
1376 480 1573 522 Apostolicae
1590 480 1796 524 dispositioni,
1815 482 1844 514 in
1865 492 1939 515 usus
1960 481 2007 515 et¹

1270 542 1366 575 opera
1390 533 1442 576 pia
1466 544 1522 577 per
1548 544 1610 575 eos,
1637 535 1752 578 quibus
1777 535 1805 568 id
1831 546 1848 568 a
1872 536 1962 569 nobis
1980 541 2010 569 et

1269 584 1347 618 Sede
1371 586 1511 629 praefata
1535 587 1737 620 commissum
1759 588 1862 630 fuerit,
1881 599 2009 622 conver-

1270 638 1371 679 tenda,
1397 649 1605 673 reservamus.

1313 692 1327 735 ξ
1351 692 1380 724 4.
1408 692 1571 726 Praeterea
1602 694 1754 727 fratribus
1785 694 1858 728 dicti
1884 694 2008 729 Ordinis

1269 745 1450 788 suppressi,
1475 746 1526 790 qui
1556 757 1639 780 nunc
1664 748 1769 781 vivunt
1789 748 1870 781 etsin
1895 748 2006 782 eodem

1268 798 1383 831 Ordine
1396 800 1622 842 professionem
1638 801 1820 842 emiserunt,
1830 802 2006 835 facultatem

1269 853 1451 885 transeundi
1485 853 1521 885 ad
1551 853 1644 886 aliam
1674 865 1905 898 quamcumque
1934 855 2005 888 reli—

1268 905 1394 948 gionem
1420 905 1458 938 ab
1483 906 1592 939 eadem
1620 906 1697 940 Sede
1717 907 1946 951 approbatam,
1976 907 2007 940 in

1268 969 1328 1002 qua
1354 958 1524 992 benevolos
1548 959 1723 994 invenerint
1742 965 1933 1004 receptores,
1954 966 2007 993 aut

1269 1012 1451 1045 remanendi
1476 1012 1506 1044 in
1526 1014 1632 1046 seculo
1650 1013 1681 1046 in
1699 1013 1808 1046 habitu
1836 1013 1942 1047 clerici
1959 1024 2007 1047 se-

1268 1064 1382 1097 cularis
1399 1065 1457 1098 sub
1475 1065 1691 1099 iurisdictione
1709 1071 1738 1099 et
1755 1066 1933 1100 obedientia
1950 1066 2006 1100 Or-

1267 1117 1463 1151 dinariorum
1486 1119 1628 1153 locorum
1647 1119 1699 1152 ubi
1718 1130 1770 1153 eos
1791 1119 1908 1153 morari
1936 1129 2007 1154 con-

1268 1170 1383 1213 tigerit,
1402 1182 1473 1204 cum
1498 1172 1677 1216 provisione
1706 1172 1846 1217 ipsorum
1876 1172 2007 1216 singulis

1267 1234 1324 1267 pro
1342 1224 1498 1257 alimentis
1523 1226 1553 1258 in
1578 1227 1700 1258 summa
1717 1225 1924 1270 quadraginta
1941 1236 2007 1259 scu-

1267 1283 1369 1311 torum
1404 1284 1546 1312 monetae
1578 1290 1727 1312 romanae
1759 1279 1846 1312 annis
1877 1279 2007 1322 singulis

1266 1332 1365 1365 donec
1390 1332 1532 1370 vixerint,
1557 1333 1581 1365 si
1607 1333 1731 1365 aliunde
1756 1333 1946 1365 sufficienter
1962 1332 2007 1366 eis

1266 1386 1426 1429 provisum
1452 1397 1514 1419 non
1539 1386 1652 1429 fuerit,
1679 1397 1774 1430 super
1800 1386 1892 1419 certis
1915 1385 2006 1419 bonis

1265 1444 1316 1471 aut
1344 1439 1517 1471 redditibus
1548 1438 1672 1472 Ordinis
1705 1439 1866 1482 suppressi
1898 1439 2006 1471 huius-

1266 1492 1349 1526 modi
1382 1503 1439 1536 per
1470 1492 1596 1525 eosdem
1626 1492 1807 1526 Ordinarios
1833 1492 2006 1536 respective

1265 1546 1462 1589 assignanda,
1488 1546 1656 1579 tribuimus
1681 1551 1710 1579 et
1734 1545 1942 1590 impertimur.

1310 1600 1325 1643 ξ
1349 1600 1377 1633 5.
1405 1600 1587 1642 Postremo,
1622 1610 1659 1633 ne
1684 1599 1833 1633 eeclesiae
1866 1599 2005 1633 eiusdem

1265 1654 1389 1688 Ordinis
1414 1654 1572 1698 suppressi
1598 1654 1703 1687 debito
1724 1654 1931 1687 destituantur
1945 1664 2006 1686 ser-

1266 1707 1349 1747 vitio,
1368 1707 1419 1740 sed
1438 1712 1539 1740 sartae
1557 1712 1653 1740 tectae
1668 1707 1901 1749 custodiantur,
1920 1717 2006 1751 prae-

1265 1761 1354 1795 dictis
1378 1761 1551 1795 Ordinariis
1575 1761 1735 1801 locorum,
1760 1760 1791 1793 in
1815 1760 1929 1804 quibus
1954 1771 2004 1794 ec—

1265 1814 1377 1847 clesiae
1403 1814 1487 1857 ipsae
1519 1817 1591 1847 sunt
1614 1813 1711 1855 sitae,
1735 1823 1792 1857 per
1826 1819 2006 1857 praesentes

1265 1867 1492 1900 committimus
1517 1872 1546 1899 et
1571 1866 1764 1907 mandamus,
1789 1872 1823 1899 ut
1847 1867 2004 1910 cappella-

1264 1930 1320 1954 nos
1351 1920 1520 1964 deputent,
1546 1930 1616 1952 cum
1643 1919 1831 1963 competenti
1857 1919 2003 1952 mercede

1265 1974 1357 2007 etiam
1383 1984 1476 2017 super
1502 1984 1534 2006 re
1559 1974 1643 2006 certa
1665 1973 1702 2006 de
1727 1973 1818 2006 bonis
1838 1973 2005 2016 praedictis

1264 2026 1472 2069 assignanda,
1497 2037 1553 2070 per
1584 2037 1663 2070 quos
1693 2026 1858 2059 missarum
1883 2031 1913 2058 et
1937 2025 2005 2059 aliis

1265 2081 1416 2114 oneribus
1439 2080 1578 2120 satisfiat,
1603 2090 1638 2127 ac
1663 2079 1739 2123 ipsis
1764 2079 1902 2113 ecclesiis
1917 2079 2004 2112 debi—

1266 2140 1313 2166 tus
1330 2134 1432 2167 cultus
1450 2138 1476 2166 et
1500 2133 1659 2166 veneratio
1680 2138 1892 2173 conservetur,
1908 2138 2006 2177 utque

1265 2187 1337 2220 dicti
1374 2186 1529 2220 Ordinarii
1562 2186 1768 2219 inventarium
1804 2191 1865 2219 tam
1898 2195 2006 2220 sacrae

1265 2252 1357 2286 quam
1383 2241 1532 2285 profanae
1557 2239 1783 2284 suppellectilis
1800 2239 1837 2272 ad
1857 2239 2005 2273 Ordinem

1265 2305 1467 2339 suppressum
1485 2294 1665 2328 huiusmodi
1680 2294 1847 2338 spectantis
1861 2297 2006 2327 accurate

1265 2348 1448 2389 conficiant,
1473 2358 1508 2381 ac
1531 2348 1717 2392 provideant
1741 2358 1780 2380 ne
1804 2358 1821 2380 a
1845 2357 2004 2391 quoquam

1265 2402 1425 2442 occultari,
1450 2401 1596 2446 occupari
1622 2405 1673 2435 aut
1697 2401 1769 2434 inde
1793 2400 1933 2434 amoveri
1960 2400 2005 2433 ul-

1264 2456 1384 2489 latenus
1409 2456 1517 2500 possit,
1542 2455 1600 2488 nisi
1626 2460 1656 2487 et
1679 2454 1779 2488 donee
1802 2464 1819 2486 a
1843 2453 1933 2487 nobis
1950 2463 2004 2486 seu

1264 2509 1342 2542 Sede
1366 2509 1526 2552 praedicta
1544 2508 1634 2541 aliter
1657 2507 1868 2552 provideatur.

1301 2582 1310 2606 1
1330 2579 1460 2606 Coniunrt
1486 2583 1510 2607 el
1526 2588 1574 2606 uos
1590 2579 1727 2613 addimus,
1742 2582 1770 2605 ut
1785 2578 1810 2604 in
1827 2578 1908 2606 Const
1926 2586 2004 2613 prae-

529 2628 544 2654 ⁹2
559 2627 625 2655 Male
641 2627 735 2655 eadem
752 2627 815 2655 edit.
834 2627 916 2655 babet
930 2636 965 2656 ex
982 2628 1030 2655 illo
1046 2637 1125 2655 more
1141 2627 1228 2663 (nm).
1264 2625 1322 2653 ced.
1339 2625 1379 2661 (n.
1398 2626 1446 2660 T.).

2024 224 2072 249 An.
2089 225 2118 252 G.
2140 226 2200 255 1656

2038 707 2144 729 Fratribus
2155 708 2202 731 Cru-

2024 733 2094 754 ciferis
2117 734 2202 757 saculta·
2248 746 2249 749 =

2023 762 2064 780 tem
2072 760 2098 781 ad
2107 761 2168 782 aliam
2174 767 2203 783 re-

2024 786 2120 812 ligionem
2140 789 2202 809 trans·

2023 813 2085 834 eundi
2098 814 2201 840 elargitur.

2031 1611 2132 1632 Ecclesiae
2142 1616 2202 1638 prae-

2022 1637 2125 1659 dictorum
2163 1638 2202 1659 rra-

2257 717 2263 730 t

2022 1667 2075 1685 trum
2109 1664 2202 1685 debitum
2247 1670 2248 1674 ¹

2021 1692 2099 1712 cultum
2121 1696 2202 1712 conser-
2247 1707 2263 1738 ,Ι

2022 1717 2066 1739 vari
2081 1717 2147 1739 iubet.
2172 1727 2177 1729 -
