2185 3188
35 209 84 236 An.
99 211 128 234 (ἶ.
154 208 218 235 Ιῒ-ὃῦ

42 2602 73 2625 Ad
86 2607 196 2630 quaecum·

823 203 945 227 IFXX
971 204 1007 225 ῖῗίΙ

1035 204 1052 225 ι
1058 204 1078 225 ιι
1106 203 1152 226 rr
1674 195 1716 227 29

1764 206 1812 231 Α,ιι
1829 206 1856 231 tt,
1880 206 1927 231 tur,

233 264 304 288 rum
329 253 465 295 fructus,
491 262 541 285 res
566 256 594 286 et
619 252 688 285 iura
713 251 902 294 ubicumque
926 204 991 287 lti-
1008 250 1059 282 bet
1083 256 1222 283 ι’·ρεΙιιιιιι
1252 262 1301 283 rse
1296 251 1448 295 pedire,
1475 256 1508 284 ut
1533 262 1750 296 quaecumque
1765 270 1805 294 que
1827 265 1869 286 duo
1889 267 1919 312 ιιιῖ
1919 272 1948 313 m·

233 318 353 348 eorum,
366 318 537 351 regnorum
553 312 582 340 et
595 316 839 351 ploxincruum
849 315 972 338 necnon
989 290 1069 337 duo
1105 303 1270 336 dissimilia
1301 305 1347 337 tel
1372 305 1526 349 simplicia
1552 305 1664 337 similia
1690 306 1837 343 subm-111

1765 298 1783 311 ιιι
1780 291 1806 312 iili
1803 298 1837 316 ι,1,
1853 293 1907 313 veis

1883 326 1915 339 uui
1911 299 1946 339 ili·
1929 325 1948 339 ia

1764 345 1832 364 oblini
1829 344 1883 366 rada
1905 346 1948 367 dis-

232 363 263 396 jn
288 362 381 403 U1he
407 361 593 400 civitatibus
620 361 711 393 terris
730 365 760 392 et
776 358 853 392 locis
868 346 989 391 eidem
1006 356 1073 399 sing
1072 356 1179 388 misti
1184 356 1251 389 ibu
1266 361 1311 390 tc·
1318 357 1443 401 lisquai
1448 370 1637 402 unicumque
1651 364 1745 391 titum
1764 377 1775 397 1
1779 377 1812 391 ιι
1817 374 1845 392 ιι

231 416 388 449 Romanae
406 414 562 447 Ecclesiae
580 413 711 446 mediate
731 412 776 445 vel
791 406 988 444 immediate

230 467 378 501 subiectis
418 466 619 500 consistentia
654 464 804 509 praedia,
837 464 968 505 domos,

229 520 444 564 possessiones
469 525 499 552 et
523 520 605 552 bona
629 517 869 562 patrimonialia,
887 517 965 550 alia-

229 584 291 617 que
316 573 500 616 temperalia
524 572 654 605 mobilia
678 575 707 605 et
732 570 906 603 immobilia
939 575 968 603 et

229 627 430 666 semoventia,
454 635 575 658 necnon
600 624 738 658 actiones
752 629 782 656 ct
796 624 864 656 iura
878 634 964 667 prae·

228 679 326 712 sentia
351 684 380 711 et
405 679 518 720 futura,
545 678 772 720 cuiuscumque
797 677 965 720 qualitatis,

228 733 408 778 quantitatis
433 738 462 765 et
485 737 630 772 naturae,
656 737 684 764 et
710 731 847 764 cuiusvis
872 731 983 766 etiam,

226 787 320 819 annui
347 786 479 825 valoris,
504 786 640 826 fruetus,
674 784 814 817 redditus
839 789 868 816 et
892 794 982 827 pro-¹

226 844 334 872 ventus
349 838 528 872 huiusmodi
543 838 604 870 sint
620 837 667 870 vel
685 837 810 877 suerint,
824 847 859 870 ac
871 837 963 870 etiam

225 903 443 937 quaecumque
474 903 491 924 a
523 891 609 924 vobis
640 891 821 931 vendenda,
846 901 881 924 ac
907 901 981 934 pro*

226 946 336 979 vestris
361 951 390 978 ct
415 945 615 978 familiarium
650 950 825 977 vestrorum
855 944 964 977 usibus

225 999 373 1040 emenda,
406 999 443 1031 ab
473 998 618 1032 omnibus
647 1003 676 1030 et
711 998 980 1047 quibuscumque,

224 1052 363 1094 decimis,
389 1051 508 1095 quartis
521 1051 699 1084 etdimidiis
722 1051 874 1094 partibus,
893 1051 980 1089 suti„

224 1105 309 1138 sidiis
334 1106 425 1138 etiam
452 1105 643 1145 caritativis,
669 1114 789 1137 necnon
825 1104 960 1146 vectiga-

225 1158 317 1200 libus,
343 1158 503 1203 portoriis,
527 1157 662 1199 tributis,
688 1157 788 1197 datiis,
809 1157 960 1201 pedagiis,

224 1211 362 1245 collectis
386 1216 415 1244 et
440 1221 639 1255 quocumque
664 1210 725 1243 alio
743 1209 869 1242 nomine
886 1220 961 1242 nun-

225 1265 344 1309 cupatis
369 1265 522 1308 angariis,
546 1264 760 1308 perangariis,
786 1263 960 1307 ceterisque

225 1319 372 1352 oneribus
386 1323 415 1352 et
439 1318 733 1358 contributionibus‚
752 1322 813 1350 tam
832 1317 959 1351 urbanis
976 1332 977 1348 ι

224 1383 317 1415 quam
341 1371 476 1412 rusticis,
501 1371 666 1404 ordinariis
692 1374 721 1405 et
744 1371 977 1413 extraordina—3

225 1425 300 1465 riis,
334 1425 489 1465 realibus,

225 1477 317 1510 etiam
351 1478 469 1511 ratione
501 1477 721 1518 munitionum,
745 1478 904 1511 moenium
931 1484 960 1511 et

224 1531 387 1575 pontium,
420 1534 582 1575 portarum
614 1535 643 1563 et
678 1531 895 1564 meliturarum
930 1537 960 1564 et

223 1585 376 1618 mercium
401 1585 625 1628 cuiuscumque
645 1585 779 1627 generis,
801 1585 958 1627 transitus,

221 1649 275 1671 seu
299 1649 409 1682 passus
441 1644 468 1671 et
503 1643 666 1677 vecturae,
701 1639 792 1671 etiam
820 1639 849 1671 in
875 1640 958 1672 aliud

219 1692 412 1725 territorium
438 1703 492 1724 seu
518 1692 726 1735 provinciam,
753 1694 852 1733 terra,
880 1695 956 1726 mari

219 1750 249 1778 et
272 1745 411 1785 flumine,
436 1755 557 1778 necnon
575 1755 728 1788 equorum
748 1751 956 1788 mortuorum,

219 1798 461 1831 stabulationum
487 1798 631 1838 militum,
650 1798 850 1832 institutionis
868 1800 957 1832 semi-

218 1851 297 1884 nai-ii
329 1852 552 1893 ecclesiastici,
585 1858 637 1885 aut.
668 1863 867 1895 quacumque
897 1853 954 1886 alia

217 1906 416 1949 quantumvis
429 1906 516 1949 gravi
531 1911 560 1938 et
573 1906 757 1948 gravissima
776 1908 868 1939 causa
884 1907 955 1950 (pro

217 1958 422 1992 subventione
442 1964 550 1992 contra
572 1959 711 1992 infideles
728 1959 889 1992 dumtaxat
906 1971 955 1993 ex·
970 1978 971 1981 =

217 2012 321 2055 cepta)
342 2022 424 2045 nunc
441 2017 469 2045 et
488 2023 546 2056 pro
573 2019 712 2056 [cautiore
730 2013 895 2057 impositis,
914 2014 954 2047 ita
970 2042 971 2048 ,

216 2065 300 2109 quod
328 2076 380 2098 vos
394 2071 423 2099 et
440 2066 569 2110 quilibet
584 2072 719 2099 vestrum
735 2067 954 2101 nihilomnino
970 2085 971 2096 ι

215 2118 329 2152 Ιιοι·ιιιιι
355 2124 407 2152 aut
430 2120 563 2153 aliorum
588 2120 736 2153 similium
771 2121 878 2154 subire
904 2127 971 2154 ten

214 2173 362 2213 ncamini,
376 2183 432 2206 nec
447 2184 502 2217 per
518 2184 660 2206 camerae
685 2175 887 2218 apostelicae,
902 2180 953 2208 aut

215 2226 292 2259 alios
306 2227 549 2267 commissarios,
567 2238 620 2260 seu
643 2228 840 2271 vectigalium
855 2234 884 2261 et
899 2229 953 2261 tri-

213 2279 363 2314 butorum
389 2280 566 2313 huiusmodi
593 2281 817 2325 redemptoreS,
839 2282 970 2326 condu-¹

214 2338 316 2367 ctores
330 2339 360 2365 et
375 2339 545 2376 exactores,
559 2345 759 2379 quocumque
775 2336 952 2380 privilegio,

214 2386 413 2430 exemptione
438 2392 467 2419 et
508 2387 651 2422 facultate
683 2389 847 2429 suffultos,
877 2390 952 2423 alias

213 2449 305 2483 quam
343 2445 377 2472 ut
411 2440 609 2483 praefertur,
639 2442 766 2475 valeatis
799 2444 952 2476 coarctari

213 2492 376 2536 (quamdiu
401 2494 535 2527 servitiis
548 2495 662 2528 nostris
676 2496 850 2530 institeritis
866 2497 953 2530 dum-

214 2547 320 2590 taxat),
341 2547 506 2579 eximimus
532 2553 561 2580 et
586 2548 766 2581 liberamus,

258 2600 271 2643 ξ
296 2600 324 2631 (i.
352 2600 394 2632 ,td
421 2601 497 2633 liacc
523 2601 681 2633 vobi<c=mi
709 2607 735 2634 et
762 2614 832 2635 cum
855 2604 970 2649 quoii-t

282 2661 358 2688 Ball.
381 2662 463 2689 Rom.
492 2678 515 2681 —
543 2663 597 2691 Vol,
622 2662 696 2690 XVI.
845 2665 857 2691 7

522 1425 738 1468 personalibus
774 1430 803 1457 et
836 1425 977 1467 mixtis„›

1005 421 1020 442 e
1023 409 1075 441 ιιΙΙι
1079 409 1176 441 edrali
1170 420 1252 450 ium,
1287 410 1379 442 etiam
1418 422 1466 443 m<
1472 412 1746 455 nopotitanmum,

985 466 1056 496 'aut
1073 462 1205 495 alituum
1231 463 1324 496 etiam
1347 464 1583 507 colleoiatarum
1603 466 1746 498 ecelesia-

985 526 1072 548 rum
1099 516 1319 558 consistentia,
1347 517 1467 549 etiamsi
1493 528 1588 550 unum
1615 529 1649 551 ex
1684 519 1744 552 illis

1002 569 1148 602 omnibus
1174 580 1245 602 eum
1271 545 1369 610 cuia,
1394 575 1445 602 aut
1471 570 1625 613 dienitas,
1651 572 1743 604 etiam

1002 623 1104 656 maior
1124 628 1153 656 et
1171 623 1364 667 principalis,
1383 624 1584 657 canonicatus
1605 629 1634 658 et
1655 636 1745 669 prae-

982 677 1101 709 tbenda
1117 704 1124 717 ,
1147 683 1344 720 personatus,
1371 678 1600 711 administratio
1628 679 1672 711 vel
1699 679 1744 712 os-

1000 730 1107 763 ficium
1132 730 1245 772 suerit,
1274 736 1303 763 et
1334 730 1371 763 ad
1397 731 1602 774 dignitatem,
1632 742 1741 775 perso-

999 789 1117 823 natum,
1137 783 1452 826 administrationem,
1471 785 1518 817 vel
1536 784 1673 817 officium
1688 785 1743 818 hu-

1000 836 1134 869 iusmodi
1160 836 1358 870 consueverit
1382 838 1452 880 quis
1478 847 1534 881 per
1555 837 1740 870 electionem

998 890 1125 930 assumi,
1151 890 1241 933 eique
1267 900 1342 923 eura
1367 891 1460 923 etiam
1483 891 1741 924 iurisdietionalis

998 942 1160 975 immineat
1190 943 1391 984 animarum,
1417 944 1442 977 si
1476 944 1568 977 alicui
1600 950 1738 978 vestrum

997 995 1071 1028 alias
1097 995 1246 1029 canonice
1280 996 1504 1037 conserantur,
1529 1002 1581 1029 aut
1606 997 1740 1041 quisque

978 1053 1136 1082 ‘vestrum
1161 1049 1305 1092 eligatur,
1330 1055 1559 1093 praesentetur,
1585 1055 1637 1082 aut
1662 1051 1737 1083 alias

997 1107 1176 1134 assumatur
1206 1102 1244 1135 ad
1276 1102 1329 1134 illa
1353 1106 1382 1136 et
1406 1103 1585 1136 instituatur
1616 1103 1646 1135 in
1671 1103 1736 1146 eis,

996 1156 1147 1200 recipere,
1173 1161 1212 1197 et,
1237 1157 1410 1190 dummodo
1436 1157 1488 1190 illa
1513 1157 1618 1190 omnia
1648 1158 1736 1201 (uno

995 1210 1138 1254 excepto)
1163 1211 1362 1253 personalem
1388 1211 1588 1255 residentiam
1606 1221 1669 1244 non
1687 1221 1733 1243 re-

995 1263 1132 1307 quirant,
1150 1263 1289 1306 insimul,
1307 1264 1410 1308 quoad
1429 1264 1578 1306 vixeritis,
1589 1265 1735 1306 retinere;

1039 1317 1054 1360 ξ
1083 1317 1111 1350 7.
1145 1317 1273 1351 Necnon
1309 1318 1421 1358 etiam,
1457 1317 1607 1361 quamdiu
1643 1318 1735 1351 nobis

995 1369 1199 1404 inservieritis
1226 1376 1343 1404 tantum
1359 1399 1366 1412 ,
1397 1371 1426 1403 in
1452 1371 1614 1404 beneficiis
1639 1372 1736 1405 cccle-

975 1418 1126 1457 ³siasticis
1150 1424 1244 1457 etiam
1271 1425 1397 1466 curatis,
1422 1435 1485 1458 non
1510 1431 1612 1458 tamen
1637 1436 1732 1470 paro-

975 1470 977 1477 i
993 1477 1159 1518 cliialihus,
1179 1489 1236 1511 nec
1262 1479 1378 1511 curatis
1397 1481 1473 1512 cura
1490 1479 1667 1512 animarum
1686 1490 1736 1524 pa-

993 1531 1218 1565 rochianorum
1234 1560 1241 1573 ,
1273 1543 1329 1576 per
1355 1544 1407 1566 ros
1433 1544 1490 1577 pro
1519 1538 1659 1577 tempore
1684 1544 1733 1566 re-

974 1585 1131 1628 ‘speetive
1157 1586 1304 1628 obtentis,
1329 1587 1421 1619 etiam
1448 1587 1485 1619 de
1510 1587 1588 1627 iure,
1607 1592 1733 1629 statuto,

993 1638 1173 1672 fundatione
1198 1640 1246 1671 vel
1271 1639 1437 1682 privilegio
1460 1641 1658 1683 personalem
1685 1651 1732 1673 re-

974 1705 975 1712 *
993 1691 1156 1725 sidentiam
1172 1693 1416 1736 requirentibus,
1430 1693 1551 1726 etiamsi
1565 1693 1732 1736 dignitates

992 1745 1022 1777 in
1047 1746 1280 1779 cathedralibus
1316 1747 1435 1779 etiamsi
1462 1747 1492 1779 in
1518 1748 1732 1791 metropolita-

990 1798 1038 1831 nis
1064 1799 1198 1831 maiores
1231 1809 1265 1831 ae
1291 1800 1465 1841 collegiatis
1490 1800 1630 1832 ecclesiis
1666 1801 1728 1833 hu-

991 1851 1125 1884 iusmodi
1151 1851 1340 1895 principales
1366 1852 1499 1892 suerint,
1524 1853 1733 1895 personaliter

990 1904 1128 1937 residere
1144 1914 1208 1937 non
1233 1904 1412 1945 teneamini,
1435 1915 1493 1937 nec
1513 1905 1550 1937 ad
1570 1905 1598 1938 id
1617 1916 1674 1949 per
1691 1907 1732 1939 lo-

970 1956 972 1969 *
989 1968 1098 1991 corum
1117 1958 1310 1999 Ordinarios,
1324 1964 1376 1991 aut
1393 1959 1596 1992 ecclesiarum
1611 1971 1732 1993 earum-

988 2012 1058 2044 dem
1084 2012 1230 2056 capitula,
1256 2023 1311 2045 scu
1337 2013 1463 2056 quosvis
1488 2013 1576 2054 alios,
1590 2013 1627 2045 ad
1653 2015 1731 2047 resi-

988 2065 1124 2097 dendum
1156 2065 1281 2098 interim
1314 2065 1344 2097 in
1374 2065 1434 2098 illis
1464 2065 1549 2098 inviti
1584 2067 1730 2110 compelli

989 2118 1125 2162 possitis,
1151 2129 1323 2162 omnesque
1341 2124 1370 2151 et
1387 2119 1527 2162 singulos
1553 2126 1729 2153 vestrorum

987 2173 1214 2206 beneficiorum
1230 2174 1431 2207 obtentorum
1447 2174 1577 2215 fruetus,
1590 2175 1730 2208 redditus

987 2233 1017 2259 et
1041 2232 1222 2271 proventus,
1244 2227 1377 2260 durante
1402 2228 1530 2261 servitio
1556 2228 1728 2272 praedicto,

987 2292 1057 2314 cum
1083 2283 1118 2314 ea
1144 2282 1321 2325 integritate
1347 2282 1636 2325 (distributioniluis
1656 2294 1730 2326 quo-

988 2335 1110 2367 tidianis
1135 2335 1295 2369 dumtaxat
1320 2336 1469 2379 exceptis)
1488 2346 1559 2368 cum
1581 2346 1641 2379 qua
1660 2335 1729 2368 illos

987 2389 1190 2433 perciperetis
1223 2390 1247 2422 si
1279 2389 1309 2422 in
1341 2389 1458 2422 eisdem
1492 2389 1631 2422 ecclesiis
1664 2389 1728 2423 sive

987 2443 1063 2475 locis
1087 2443 1297 2486 personaliter
1323 2442 1525 2483 resideretis,
1551 2443 1727 2486 percipere,

986 2497 1114 2539 exigeie
1139 2502 1168 2528 ιι
1193 2497 1307 2532 lrvaie‘,

1031 2551 1044 2590 ξ
1070 2553 1098 2580 >t
1118 2551 1158 2581 l«
1182 2550 1316 2588 iuterim,
1339 2550 1382 2580 r·l‹
1406 2560 1460 2592 pos
1451 2550 1616 2587 tmodmu
1634 2550 1657 2581 si
1679 2560 1729 2582 to-

987 2603 1125 2643 turritis,

1856 2530 1872 2540 ι

1759 2555 1802 2601 ΗΜ
1811 2560 1882 2575 omnes
1895 2560 1929 2576 or-

1794 2588 1856 2607 pro
1859 2587 1928 2603 move·

1152 2603 1201 2635 tiis
1228 2603 1256 2634 iu
1284 2603 1379 2635 Ιιι)ιιι;1
1375 2605 1422 2635 ua
1449 2603 1536 2635 curi-t
1566 2604 1611 2636 vel
1640 2588 1762 2636 exuuii
1767 2588 1821 2629 iul
1825 2611 1867 2631 ”ml
