2185 3188
78 217 128 245 An.
149 216 177 244 C.
195 215 264 244 1655

109 971 248 1000 Supplicatio.

138 1451 155 1472 Α
175 1449 269 1472 censuris

86 1477 184 1500 anolvit.

876 212 1062 236 ALEXANDER
1087 211 1131 235 vn
1156 212 1204 235 Pr’.

276 263 500 309 postmodum,
526 261 720 297 cessantibus
744 261 873 295 omnino
897 261 1035 293 eisdem

277 317 462 357 rationibus,
487 317 661 362 capitulum
688 315 834 359 generale
858 314 932 347 dicti
963 314 1016 347 Oi·-

277 371 369 411 dinis,
384 370 552 404 novissime
574 370 624 403 die
642 379 705 403 xxx
725 368 843 401 ianuari
863 378 970 401 innomi
989 370 1018 401 in
1035 380 1036 383 ¹

278 430 431 458 conventu
454 423 668 458 Barbastrensi
687 423 892 462 celebratum,
910 423 1019 456 decre-

277 478 321 511 vit
337 484 367 511 et
385 479 551 518 ordinavit,
569 484 602 511 ut
619 478 656 510 de
676 481 781 511 cetero
798 476 871 509 dicti
897 478 1019 510 vocales

278 531 461 576 provinciae
496 531 645 565 Franciae
681 530 718 563 ad
754 529 953 574 probandum
987 541 1019 563 se

279 595 348 618 esse
372 586 511 628 legitime
535 586 650 618 electos
668 584 853 619 testimoniis
878 584 1018 617 eiusdem

278 639 384 672 nuncii
410 650 472 673 non
496 639 665 681 indigeant,
690 638 742 671 sed
769 638 806 670 iis
827 638 960 671 sufficiat
982 642 1020 671 te-

280 693 463 726 stimonium
488 692 641 735 originale
663 692 788 735 capituli
808 702 882 724 suae
897 692 1020 724 electio-

279 745 328 779 nis
353 756 370 778 a
394 746 493 778 tribus
517 745 648 778 notariis
673 744 885 788 subscriptum
907 755 962 777 seu
980 745 1021 777 le-

281 799 457 842 galizatum,
475 804 504 832 et
524 809 594 831 cum
612 799 672 832 lioc
694 798 873 832 testimonio
887 798 1021 831 debeant

1098 259 1155 302 §4
1171 260 1379 293 Decernentes
1392 265 1573 304 praesentes
1586 260 1705 293 litteras
1719 270 1797 292 sem-

1054 324 1111 357 per
1135 314 1263 354 sirmas,
1291 314 1407 346 validas
1438 320 1468 347 et
1498 314 1639 346 efficaces
1663 313 1798 346 exIstere

1054 372 1084 399 et
1108 367 1184 407 sore,
1210 378 1245 400 ac
1271 367 1309 399 ab
1332 368 1490 407 omnibus,
1516 367 1553 400 ad
1574 378 1652 410 quos
1678 371 1799 410 spectat

1054 426 1084 453 ct
1107 432 1166 464 pro
1198 427 1343 464 tempore
1375 422 1548 465 spectabit,
1576 421 1799 454 invi01abiliter

1054 475 1235 515 observari,
1261 475 1368 518 sicque
1387 476 1416 507 in
1438 476 1618 519 praemissis
1637 487 1692 519 per
1709 487 1800 519 quos-

1054 540 1189 573 cumque
1214 529 1332 561 iudices
1358 529 1535 562 ordinarios
1562 535 1591 562 et
1616 530 1797 572 delegatos,

1054 583 1147 615 etiam
1174 593 1339 615 causarum
1373 583 1479 626 palatii
1512 583 1677 626 apostolici
1707 582 1799 615 audi·

1054 641 1149 676 tores,
1161 636 1291 669 iudicari
1307 640 1336 670 et
1349 636 1472 668 definiri
1485 636 1610 674 debere,
1624 647 1659 669 ac
1674 636 1799 668 irritum

1054 695 1084 722 et
1109 690 1211 729 inane,
1237 690 1260 722 si
1288 700 1378 722 secus
1403 689 1568 733 superbis
1585 700 1602 721 a
1626 699 1800 733 quoquam,

1054 744 1163 787 quavis
1177 744 1374 784 auctoritate,
1388 743 1522 776 scienter
1540 743 1585 775 vel
1606 743 1800 786 ignoranter,

1055 797 1225 839 contigerit
1249 797 1404 829 attentari.

280 853 378 895 recipi
403 852 434 884 in
458 852 596 896 capitulo
621 853 760 895 generali
785 851 910 885 Ordinis
934 834 1040 896 prae-i
1100 851 1114 894 ἓ
1139 851 1168 883 5,
1200 851 1268 884 Non
1297 850 1495 883 obstantibus
1523 850 1802 883 constitutionibus

281 905 354 938 dicti
379 911 408 938 et
432 905 541 938 haberi
567 916 624 949 pro
650 905 789 948 legitime
813 906 930 938 electis.

325 959 340 1003 ξ
363 958 393 992 2.
417 959 492 993 Cum
518 963 620 992 autem
639 959 780 992 firmiora
797 959 858 992 sint
875 960 937 1001 illa,
951 960 1021 1003 qui-

279 1012 338 1046 bus
362 1013 449 1047 Sedis
473 1013 671 1057 Apostolicac
696 1013 816 1046 accedit
840 986 1040 1054 3661011135,Ι

280 1066 399 1100 idcirco
423 1067 565 1107 Michael,
579 1072 768 1110 procurator
782 1067 949 1110 generalis,
969 1077 1022 1101 no-
1037 1040 1041 1091 i

279 1120 406 1153 vissime
431 1120 578 1154 celebrati
605 1120 732 1164 capituli
751 1121 907 1163 generalis
932 1131 1022 1165 prae-

1056 909 1086 937 et
1105 904 1358 938 ordinationibus
1379 904 1570 948 apostolicis,
1588 910 1628 945 et,
1646 909 1801 948 quatenus

1057 968 1137 1001 opus
1162 958 1210 999 sit,
1239 957 1313 991 dicti
1339 958 1479 998 Ordinis,
1498 958 1591 991 etiam
1613 958 1802 998 iuramento,

1057 1011 1297 1045 confirmatione
1321 1012 1513 1055 apostolica,
1538 1012 1586 1044 vel
1611 1011 1722 1055 quavis
1746 1011 1801 1044 fir-

1057 1065 1164 1098 mitate
1189 1065 1249 1097 alia
1274 1065 1442 1105 roboratis,
1467 1065 1590 1099 statutis
1613 1071 1643 1098 et
1667 1075 1801 1098 consue-

1038 1093 1239 1160 'tudinibus,
1275 1119 1452 1163 ceterisque
1485 1119 1653 1153 contrariis
1677 1119 1803 1163 quibus-

279 1173 353 1207 dicti
378 1175 505 1207 nomine
536 1173 628 1208 nobis
660 1174 822 1207 humiliter
850 1175 1021 1219 supplicari
1057 1183 1202 1216 cumque.

279 1227 361 1269 fecit,
387 1233 420 1260 ut
444 1227 527 1260 illius
551 1227 713 1261 decretum
738 1228 920 1261 huiusmodi
945 1239 1021 1272 apo-

1102 1226 1212 1259 Datum
1238 1227 1370 1267 Romae,
1395 1226 1478 1269 apud
1502 1227 1531 1260 S.
1557 1226 1686 1259 Mariam
1712 1226 1805 1259 Maio-

281 1280 408 1314 stolicae
432 1281 681 1314 confirmationis
700 1287 827 1314 nostrae
847 1281 1023 1325 patrocinio
1057 1290 1135 1319 rem,
1161 1280 1219 1313 sub
1242 1280 1358 1313 annulo
1380 1280 1557 1320 Piscatoris,
1578 1280 1628 1312 die
1643 1289 1708 1313 xxu
1726 1280 1803 1312 iunii

281 1334 478 1368 communire
502 1334 540 1368 de
564 1334 757 1378 benignitate
783 1335 955 1379 apostolica
979 1335 1024 1369 di·
1057 1343 1173 1374 Μοειν,
1197 1333 1399 1378 pontificatus
1424 1334 1524 1367 nostri
1549 1344 1631 1367 anno
1656 1343 1675 1367 1.

282 1398 463 1431 gnaremur.

328 1442 344 1485 ἓ
359 1441 389 1475 3.
407 1442 470 1475 Nos
487 1442 593 1485 igitur,
608 1442 725 1475 dictum
744 1442 927 1476 Micliaelem
941 1454 1019 1487 pro—

285 1500 464 1528 curatorem
478 1496 656 1538 generalem
670 1496 856 1539 specialibus
866 1497 1025 1530 favoribus

285 1553 316 1581 et
331 1549 439 1591 gratiis
453 1549 602 1593 prosequi
618 1550 766 1592 volentes,
785 1556 814 1583 et
830 1561 847 1583 a
862 1550 1025 1594 quibusvis

284 1602 626 1643 excommunicationis,
651 1603 866 1646 suspensionis
884 1608 914 1636 et
934 1603 1026 1636 inter-

283 1653 379 1697 dicti,
416 1655 549 1699 aliisque
584 1656 804 1689 ecclesiasticis
844 1657 1004 1690 sententiis
1018 1685 1025 1699 ‚

283 1707 425 1741 censuris
441 1714 470 1741 et
494 1709 614 1752 poenis,
635 1719 652 1741 a
672 1710 740 1741 iure
758 1710 804 1742 vel
825 1710 864 1742 ab
889 1710 1025 1750 homine,

283 1761 391 1805 quavis
421 1762 586 1795 occasione
610 1763 657 1795 vel
683 1765 776 1795 causa
801 1763 888 1803 latis,
913 1764 938 1796 si
962 1764 1027 1807 qui-

283 1814 341 1847 bus
371 1815 609 1859 quomodolibet
641 1815 806 1848 innodatus
830 1816 954 1856 existit,
987 1817 1026 1849 ad

284 1868 428 1902 effectum
440 1869 651 1913 praesentium
666 1869 1027 1914 dumtaxatconsequen-

284 1921 375 1962 dum,
398 1922 509 1955 barum
530 1923 611 1955 serie
636 1923 834 1956 absolventes
855 1930 885 1957 et
899 1924 1024 1957 absolu-

286 1980 350 2007 tum
376 1975 442 2008 sore
466 1980 637 2017 censentes,
663 1977 844 2010 huiusmodi
870 1978 1026 2021 supplica-

287 2027 422 2062 tionibus
436 2029 584 2072 inclinati‚
599 2030 636 2064 de
652 2031 877 2064 venerabilium
893 2032 1024 2064 fratrum

287 2087 469 2115 nostrorum
483 2089 606 2117 sanctae
620 2084 777 2117 Romanae
792 2084 948 2117 Ecclesiae
962 2095 1027 2117 car-

287 2134 437 2167 dinalium
455 2137 587 2179 negotiis
611 2141 640 2170 et
664 2137 946 2170 consultationibus
959 2138 1026 2181 epi-

288 2199 457 2232 scoporum
491 2194 521 2223 et
552 2190 744 2233 regularium
768 2191 1024 2235 praepositorum

288 2242 430 2283 consilio,
456 2250 692 2286 praenarratum
711 2245 872 2278 decretum
899 2245 1027 2278 novissi-

289 2306 340 2328 me
365 2295 512 2328 celebrati
539 2298 663 2342 capituli
689 2299 844 2341 generalis
865 2299 1026 2342 praedicti,

288 2350 459 2394 apostolica
472 2351 665 2393 auctoritate,
680 2356 786 2385 tenore
803 2353 1026 2396 praesentium,

288 2403 513 2437 confirmamus
538 2409 568 2437 et
591 2405 821 2448 approbamus,
847 2406 954 2450 illique
980 2406 1027 2438 in-

287 2456 443 2490 violabilis
467 2457 654 2501 apostolicae
670 2459 827 2491 firmitatis
845 2460 943 2493 robur
956 2460 1029 2492 adii-

289 2510 399 2551 cimus,
423 2520 459 2544 ac
483 2520 592 2544 omnes
616 2502 647 2544 et
666 2512 807 2554 singulos
826 2513 903 2545 iuris
915 2517 944 2547 et
959 2513 1029 2546 sacti

288 2563 438 2605 desectus,
458 2564 510 2608 qui
529 2564 665 2608 desuper
683 2564 922 2611 quomodolibet
938 2567 1030 2600 inter-

289 2624 453 2662 venerunt,
477 2620 675 2663 supplemus.

1093 1397 1150 1426 Dat.
1168 1398 1212 1425 die
1228 1397 1262 1424 Ἓξ.)
1276 1397 1345 1425 iunii
1363 1397 1440 1431 1655,
1458 1397 1556 1433 pontif.
1573 1406 1645 1425 anno
1660 1404 1678 1424 ι.

1399 1540 1475 1574 XVI.

1062 1620 1101 1653 Ut
1112 1620 1258 1664 capitula
1269 1621 1489 1664 provincialia
1498 1622 1688 1664 provinciae
1698 1621 1728 1655 S.
1740 1621 1806 1655 An-

1105 1673 1188 1706 tonii
1222 1674 1258 1705 in
1292 1674 1503 1716 Porluyalle'd
1538 1673 1674 1707 Ordinis
1700 1674 1805 1707 Mino-

1104 1736 1179 1758 rum
1203 1726 1309 1759 sancti
1333 1726 1505 1759 Framtisci
1529 1726 1566 1759 de
1593 1726 1805 1760 observantia

1103 1783 1197 1812 ezlra
1217 1780 1363 1812 civitates
1389 1779 1426 1813 de
1449 1784 1548 1813 celero
1572 1778 1800 1813 celebrentur&

1256 1861 1424 1888 Alexander
1444 1861 1522 1894 Papa
1542 1861 1609 1894 Vll,

1205 1905 1242 1932 ad
1261 1906 1394 1933 futuram
1413 1905 1457 1933 rei
1477 1905 1658 1932 memoriam.

1103 1977 1119 2020 ἓ
1143 1976 1172 2009 t.
1198 1976 1305 2020 Nuper
1326 1987 1385 2020 pro
1409 1982 1498 2020 parte
1523 1977 1710 2010 dilectorum
1729 1976 1806 2010 filio-

1061 2042 1129 2063 ruin
1163 2031 1365 2074 superiorum
1398 2036 1428 2064 et
1458 2032 1590 2064 fratrum
1622 2031 1805 2075 provinciae

1059 2083 1088 2117 S.
1118 2084 1242 2117 Antonii
1271 2088 1467 2128 nuncupatae
1497 2085 1528 2117 in
1559 2095 1658 2127 regno
1687 2085 1802 2118 Portu-

1060 2138 1172 2180 galliae
1201 2138 1326 2171 Ordinis
1360 2140 1492 2171 fratrum
1522 2139 1676 2172 Minorum
1706 2139 1805 2171 sancti

1061 2191 1220 2223 Francisci
1259 2192 1513 2224 Resorinatorum
1550 2196 1804 2236 nuncupatorum

1060 2245 1150 2278 nobis
1182 2246 1360 2289 expositum
1390 2246 1468 2287 suit,
1502 2246 1586 2290 quod
1611 2246 1805 2290 experientia

1061 2305 1258 2343 compertum
1281 2305 1326 2333 est
1346 2300 1572 2333 celebrationes
1591 2300 1803 2343 capitulorum

1062 2353 1301 2395 provincialium
1326 2354 1465 2386 eiusdem
1500 2353 1679 2397 provinciae
1705 2353 1735 2385 in
1760 2353 1804 2386 ci-

1062 2406 1209 2438 vitatibus
1238 2416 1399 2450 nunquam
1434 2407 1500 2439 sine
1534 2407 1655 2449 magnis
1680 2413 1806 2450 pertur-

1062 2460 1240 2493 bationibus
1266 2464 1296 2493 et
1313 2461 1446 2492 fratrum
1470 2460 1684 2504 inquietudine
1696 2460 1806 2504 peragi

1063 2518 1193 2558 propter
1218 2514 1400 2558 principum
1438 2520 1464 2547 et
1506 2520 1687 2557 magnatum
1729 2514 1806 2547 alio-

1100 2631 1111 2656 1
1130 2629 1168 2657 Ex
1184 2629 1291 2665 negest.
1307 2629 1335 2656 in
1349 2628 1451 2657 Secret.
1468 2629 1546 2657 Brev.

1721 201 1763 235 27
1810 211 1846 237 An
1880 211 1899 237 c
1928 210 1996 238 1655

1825 301 1827 303 Ι
1844 273 1956 294 Decretum
1971 273 1998 294 it·-

1813 303 1886 320 rit-ius.

1876 889 1878 892 Ι
1891 862 2001 884 Coun-ari·

1817 890 1897 911 reiicit.

1846 1984 1933 2006 Motiva.
