2202 3190
236 184 284 209 An.
300 184 330 210 C.
352 182 419 210 1662

467 174 530 208 751>

478 231 493 274 g
519 230 547 262 5.
572 231 672 272 Atque
707 228 738 260 in
774 228 968 272 expositione
992 228 1169 271 subiuncto‚

435 283 530 327 quod,
554 283 626 315 licet
645 281 827 315 huiusmodi
846 283 1017 316 sententiae
1041 283 1172 315 fuissent

434 347 491 380 per
516 336 633 368 iudices
666 335 825 377 delegatos
855 341 1013 376 cassatae,
1038 342 1130 379 atque
1156 346 1172 368 a

435 388 620 421 recolendae
647 388 818 420 memoriae
843 388 1023 422 Innocentio
1047 389 1128 432 Papa
1149 389 1171 421 X

435 440 681 484 praedecessore
697 445 816 482 nostro,
830 451 926 484 super
939 441 1113 484 praetensis
1132 440 1174 473 iu-

435 493 534 535 ribus,
549 493 784 526 Abstinentibus
801 494 969 537 praedictis
984 499 1172 537 perpetuum

436 546 616 590 impositum
641 547 817 587 silentiu1n3
839 552 977 580 attamen
1002 547 1095 580 iidem
1117 547 1175 579 Ab·

436 600 585 633 stincntes
610 610 734 644 semper
758 600 856 633 dictas
873 600 1042 633 sententias
1060 599 1176 631 validas

436 652 660 693 autumabant,
686 659 716 686 et
739 664 797 697 pro
823 664 929 686 earum
959 652 1176 686 observatione

436 705 577 738 diversos
593 717 738 739 recursus
753 707 938 746 habuerant,
953 709 1083 749 propter
1101 716 1177 748 quas

438 759 712 802 praesumptiones
736 765 942 803 prorogatum
969 759 1071 790 suerat
1097 758 1179 801 capi—

438 811 538 843 tulum
564 813 710 854 generale
735 812 808 845 dicti
832 812 974 852 Ordinis,
999 811 1098 844 donee
1122 821 1179 844 nos

438 874 536 908 super
560 864 618 897 hac
642 865 803 898 vexatione
827 865 996 897 fuissemus
1021 863 1178 897 consulti:

483 918 497 961 ξ
521 918 550 951 6.
577 918 697 952 idcirco
722 930 789 959 nos,
815 929 873 961 pro
898 917 1066 951 commissa
1091 917 1180 950 nobis

441 971 571 1003 caelitus
592 972 758 1015 pastoralis
787 972 881 1005 officii
905 973 992 1012 cura,
1014 971 1180 1004 memorati

439 1024 564 1057 Ordinis
578 1024 674 1067 quieti
688 1025 853 1058 consulere
871 1024 1041 1068 cupientes,
1055 1035 1091 1057 ac
1109 1035 1180 1057 eau-

439 1087 491 1110 sae
522 1082 552 1109 et
582 1088 748 1110 causarum
783 1078 964 1111 huiusmodi
1003 1082 1117 1110 statum
1153 1082 1183 1109 et

440 1130 562 1171 merita,
583 1131 775 1174 nominaque
792 1136 821 1163 et
838 1131 1026 1174 cognomina
1043 1130 1180 1163 iudicum

442 1189 472 1216 et
496 1184 756 1227 collitigantium,
782 1190 812 1217 et
836 1185 896 1217 alia
926 1185 1017 1217 etiam
1053 1184 1182 1228 speciali

294 1673 432 1694 Conni-matur

248 1703 312 1730 prout
330 1701 351 1721 in
367 1700 434 1721 rubri-

250 1732 283 1748 ca.

442 1237 642 1281 expressione
658 1238 753 1280 digna
779 1248 837 1281 pro
859 1239 951 1282 plene
975 1244 1006 1271 et
1026 1238 1184 1271 sufficien-

442 1297 490 1324 ter
507 1291 662 1334 expressis
679 1291 845 1331 habentes,
863 1301 985 1324 necnon
1003 1302 1128 1323 causam
1155 1296 1184 1323 et

444 1354 552 1377 causas
576 1344 752 1388 praedictas
773 1344 811 1377 ad
841 1355 898 1377 nos
931 1349 1118 1383 avocantes,
1149 1354 1184 1377 ae

444 1398 700 1437 declarationem,
726 1397 987 1441 approbationem
1018 1402 1047 1429 et
1071 1407 1183 1430 novam

445 1451 681 1484 concessionem
706 1462 723 1483 a
747 1451 838 1483 nobis
853 1461 911 1494 per
932 1451 1087 1493 praefatas
1109 1450 1186 1483 litte-

445 1516 496 1538 ras
525 1505 574 1537 die
603 1515 621 1538 x
645 1504 827 1537 novembris
852 1514 979 1538 tuncnvu
1005 1509 1185 1546 emanatas,

446 1558 530 1591 circa
554 1568 642 1590 esum
668 1557 809 1590 carnium
830 1557 936 1597 saetas,
954 1557 1186 1599 confirmantes,

446 1611 553 1644 habita
579 1611 730 1644 relatione
751 1611 789 1643 de
813 1610 1010 1654 praemissis,

492 1665 507 1708 g
532 1665 560 1698 7.
585 1665 670 1698 Motu
694 1664 838 1708 proprio,
864 1674 899 1696 ac
924 1674 958 1696 ex
985 1665 1069 1697 certa
1094 1664 1189 1696 scien-

448 1718 491 1750 tia
511 1722 541 1750 et
561 1719 683 1750 matura
702 1717 928 1750 deliberatione
944 1717 1070 1757 nostris,
1088 1717 1188 1760 deque

450 1771 640 1815 apostolieae
655 1770 817 1814 potestatis
831 1770 1036 1813 plenitudine,
1050 1770 1189 1803 districte

449 1824 684 1868 prohibuimus,
710 1834 748 1856 ne
773 1823 903 1856 abbates
920 1828 950 1855 et
973 1823 1024 1855 alii
1050 1823 1190 1867 quicum-

450 1888 510 1921 que
535 1877 609 1909 dicti
634 1876 848 1910 Cisterciensis
872 1876 996 1910 Ordinis
1014 1877 1190 1909 communis

450 1930 668 1964 observantiae
683 1928 1007 1972 religiosi,eiusmodi¹
1020 1930 1190 1973 apostolica

451 1983 681 2027 dispensatione
695 1983 779 2016 circa
793 1993 880 2015 esum
899 1982 1040 2015 earnium
1060 1987 1190 2023 utentes,

451 2048 548 2080 super
572 2037 716 2070 libertate
741 2036 825 2070 vocis
854 2036 972 2069 activae
997 2041 1026 2068 et
1050 2036 1191 2080 passivae

452 2091 484 2122 in
508 2090 714 2123 electionibus
731 2089 853 2122 abbatis
873 2089 1011 2123 Cistercii
1027 2090 1191 2132 generalis,

453 2143 652 2185 aliorumque
677 2148 812 2186 quatuor
837 2142 1081 2186 praecipuorum
1100 2143 1194 2175 abba-

454 2200 531 2236 tum,
551 2195 739 2228 vicariorum
760 2194 1013 2238 provincialium,
1038 2205 1191 2238 procura-

454 2249 530 2282 toris
555 2249 709 2291 generalis
735 2249 840 2282 euriae
873 2254 902 2281 et
926 2249 1058 2282 aliorum
1092 2249 1192 2292 puhli-

455 2312 564 2335 corum
590 2301 788 2343 officialium,
814 2302 846 2334 in
870 2302 1140 2335 administratione
1165 2307 1194 2335 ct

455 2355 609 2397 regimine
644 2356 769 2398 collegii
802 2355 986 2388 Parisiensis
1016 2357 1193 2389 eommunis

455 2408 549 2440 studii
584 2408 657 2441 dicti
691 2409 837 2450 Ordinis,
871 2410 902 2442 in
929 2409 1120 2443 novitiorum
1155 2410 1192 2442 ad

456 2471 657 2494 communem
691 2462 921 2497 observantiam
947 2473 1017 2496 eum
1044 2474 1100 2496 usu
1127 2463 1194 2496 talis

494 2531 502 2555 1
523 2530 588 2557 Male
603 2531 644 2558 ed.
658 2532 737 2559 Malu.
751 2532 832 2559 habet
847 2534 975 2560 eiusdem
986 2541 1034 2568 pro
1051 2534 1194 2561 eiusmodi

457 2575 494 2609 (a.
511 2575 559 2609 τ.).

1019 181 1195 205 ammanium
1224 182 1376 205 nOMANUM

1206 228 1447 272 dispensationis
1472 229 1555 262 cirea
1580 239 1666 262 esum
1692 230 1852 272 earnium,
1876 241 1942 264 ser-

1208 281 1285 314 vatis
1320 281 1491 322 servandis,
1516 282 1697 325 receptione
1717 292 1890 326 eorumque
1911 294 1941 315 e-

1208 331 1383 372 ducatione,
1397 342 1454 364 nec
1473 332 1503 364 in
1520 332 1703 365 omnimoda
1720 332 1944 373 iurisdictione,

1208 395 1301 427 quam
1327 384 1365 417 ab
1393 384 1481 418 initio
1506 385 1645 417 eiusdem
1671 385 1794 418 Ordinis
1825 385 1944 418 habue-

1209 442 1300 477 runt,
1326 437 1373 470 et¹
1399 438 1591 481 quibuslibet
1615 438 1683 471 aliis
1711 437 1844 478 iuribus,
1868 448 1947 481 quae

1210 502 1244 523 ex
1271 491 1297 522 vi
1324 491 1452 534 regulae
1477 496 1507 523 et
1531 491 1703 535 saepedicti
1728 491 1852 525 Ordinis
1872 502 1946 525 con·

1210 544 1406 577 stitutionum
1432 545 1603 588 apostoliea
1628 545 1813 578 auctoritate
1836 544 1948 578 confir-

1211 603 1365 630 matarum
1391 598 1451 630 illis
1469 603 1498 630 et
1514 598 1652 641 capitulo
1670 598 1808 641 generali
1826 608 1950 642 compe-

1211 655 1299 691 tunt,
1325 651 1481 683 ullatenus
1505 651 1751 694 prohiberentur
1782 652 1830 683 vel
1855 652 1952 684 mole·

1212 707 1389 744 starentur‚
1415 710 1510 747 prout
1538 714 1602 737 non
1634 704 1814 745 molestari,
1839 704 1950 748 prohi-

1213 757 1292 797 beri,
1306 767 1359 789 seu
1385 757 1565 800 perturbari
1587 757 1802 790 mandavimus
1819 762 1848 790 ct
1864 767 1952 800 prae-

1214 810 1376 853 cepimus,
1401 809 1649 853 circumsCi‘Iptis
1675 810 1855 843 memoratis
1885 820 1953 843 sen-

1215 863 1319 895 tentiis
1343 862 1393 895 die
1416 873 1504 896 xxvu
1528 863 1594 896 iulii
1619 873 1785 906 nincxxx1v‚
1803 868 1833 896 et
1845 863 1895 896 die
1911 873 1953 897 xx

1216 915 1339 958 augusti
1376 926 1523 949 Mncxxxv
1548 927 1565 949 a
1588 916 1748 960 praedicto
1780 916 1954 960 apostolico

1216 968 1376 1002 visitatore
1391 996 1398 1009 ,
1428 974 1461 1001 ut
1485 969 1613 1012 dicitur,
1639 969 1808 1010 emanatis,
1832 979 1954 1003 necnon

1217 1022 1433 1065 quorumlihet
1457 1022 1592 1055 aliorum
1617 1022 1766 1063 iudicum,
1791 1022 1844 1066 qui
1869 1022 1954 1055 eirca

1218 1075 1390 1119 praemissa
1415 1075 1586 1119 quidquam
1623 1086 1712 1109 secus
1746 1080 1882 1108 statuere
1906 1075 1954 1108 vel

1218 1129 1388 1161 decernere
1415 1134 1628 1170 tentaverant,
1660 1135 1712 1162 aut
1739 1138 1957 1172 praesumpse-

1219 1188 1297 1225 rant,
1324 1194 1394 1215 cum
1421 1183 1568 1216 omnibus
1590 1183 1661 1216 inde
1678 1183 1803 1223 secutis,
1821 1187 1851 1216 et
1870 1183 1956 1223 alias,

1220 1241 1314 1280 prout
1348 1237 1377 1268 in
1409 1236 1492 1269 binis
1523 1236 1639 1269 nostris
1666 1236 1696 1268 in
1729 1235 1822 1268 simili
1855 1236 1957 1269 somna

1220 1290 1325 1323 Brevis
1350 1289 1471 1332 litteris,
1497 1289 1566 1322 unis
1583 1289 1633 1322 (lie
1650 1299 1705 1322 vm
1720 1289 1822 1321 martii
1843 1299 1958 1330 MDCLx,

1220 1349 1248 1376 et
1273 1343 1379 1376 alteris
1404 1343 1454 1376 die
1479 1353 1500 1376 11
1532 1343 1598 1375 iulii
1629 1352 1748 1376 MDCth
1784 1343 1960 1386 respective

1220 1397 1354 1440 desuper
1374 1396 1538 1440 expeditis,
1564 1406 1698 1440 quarum
1724 1401 1849 1429 tenores
1872 1406 1960 1440 prae-

1221 1449 1359 1482 sentibus
1376 1460 1434 1493 pro
1454 1449 1544 1493 plene
1569 1455 1598 1482 et
1623 1449 1813 1482 sufficienter
1838 1459 1961 1492 expres-

1222 1503 1264 1536 sis
1278 1514 1313 1536 ae
1330 1503 1367 1536 de
1382 1504 1479 1536 verbo
1497 1503 1535 1536 ad
1553 1503 1683 1536 verbum
1701 1503 1825 1537 insertis
1850 1502 1960 1536 haberi

1223 1557 1377 1599 volumus,
1404 1556 1533 1590 uberius
1551 1557 1739 1590 continetur.
1959 1585 1960 1588 ,

1267 1611 1281 1654 g
1298 1609 1326 1643 8.
1348 1611 1423 1643 Cum
1440 1615 1543 1643 autem
1569 1610 1700 1643 dilectus
1718 1610 1800 1643 silius
1816 1609 1961 1643 Claudius

1223 1663 1364 1703 Vaussin,
1382 1663 1478 1695 abhas
1498 1662 1637 1696 Cistereii
1663 1667 1693 1695 et
1719 1663 1812 1696 totius
1837 1662 1961 1696 Ordinis

1223 1716 1435 1751 Cistereiensis
1471 1716 1601 1760 praefati
1635 1717 1812 1759 generalis,
1837 1717 1875 1750 ad
1905 1727 1961 1750 nos

1224 1771 1355 1814 supplex
1380 1769 1547 1803 accesserit
1570 1780 1629 1814 pro
1653 1770 1802 1803 canonice
1825 1780 1958 1814 promo-

1227 1823 1324 1856 venda
1349 1823 1474 1857 Ordinis
1498 1823 1544 1856 sui
1569 1834 1626 1866 per
1650 1823 1772 1856 diversa
1792 1823 1901 1856 mundi
1918 1833 1964 1857 ro-

1224 1887 1285 1919 gna
1309 1876 1414 1909 diffusi
1447 1876 1689 1919 reformatione,
1714 1876 1797 1908 salva
1823 1876 1962 1910 eiusdem

1225 1930 1349 1964 Ordinis
1366 1930 1482 1964 unione
1507 1934 1536 1964 et
1561 1930 1683 1973 integra
1697 1930 1962 1965 subordinatione:

1225 1994 1292 2024 nos,
1324 1983 1465 2016 eiusdem
1501 1984 1619 2017 Claudii
1652 1984 1773 2018 abbatis
1808 1984 1963 2027 generalis

1226 2037 1326 2069 zelum
1342 2065 1349 2077 ,
1373 2037 1618 2070 sollicitudinem
1649 2043 1677 2070 et
1702 2037 1843 2070 laborem
1869 2037 1964 2081 pluri-

1228 2101 1313 2123 mum
1341 2090 1372 2123 in
1396 2091 1529 2124 Domino
1554 2090 1727 2131 laudantes,
1744 2101 1878 2134 eumque
1896 2101 1963 2135 spe-

1227 2144 1313 2177 cialis
1338 2144 1452 2177 favoris
1477 2144 1577 2186 gratia
1598 2144 1746 2188 prosequi
1768 2144 1916 2186 volentes,
1933 2149 1963 2178 et

1227 2208 1243 2229 a
1268 2197 1429 2240 quibusvis
1454 2197 1798 2238 excommunicationis,
1827 2207 1959 2241 suspen-

1228 2249 1324 2283 sionis
1346 2255 1375 2282 ct
1400 2249 1566 2291 interdicti,
1591 2249 1722 2293 aliisque
1743 2249 1964 2284 ecclesiasticis

1228 2303 1399 2344 sententiis,
1424 2303 1566 2336 censuris
1590 2308 1619 2336 et
1642 2303 1762 2347 poenis,
1786 2314 1804 2336 a
1828 2303 1895 2336 iure
1917 2304 1964 2336 vel

1228 2357 1266 2389 ab
1290 2357 1439 2397 homine,
1465 2357 1573 2400 quavis
1603 2356 1767 2390 occasione
1795 2357 1842 2390 vel
1871 2358 1965 2390 causa

1228 2410 1314 2450 latis,
1339 2409 1363 2442 si
1389 2410 1502 2453 quibus
1533 2410 1769 2453 quomodolibet
1800 2409 1966 2444 innodatus

1228 2463 1347 2506 existit,
1372 2463 1410 2495 ad
1436 2463 1579 2496 effectum
1610 2463 1822 2507 praesentium
1847 2463 1967 2496 dumta-

1267 2536 1275 2560 l
1299 2533 1438 2561 Coniunct.
1461 2537 1486 2562 et
1506 2543 1556 2561 nos
1571 2533 1693 2561 addimus
1709 2542 1739 2561 ex
1760 2534 1818 2561 loeo
1839 2533 1965 2570 parallelo

1211 2575 1267 2612 ’,(η.
1282 2579 1328 2613 τ.).

1959 184 2008 209 An.
2025 182 2055 210 c.
2073 183 2141 211 1662
2183 168 2202 227 ζ’
