2243 3205
302 249 350 275 An.
371 249 387 273 Γ.
423 248 488 274 tuan

329 310 343 330 Γ.
353 311 439 330 «utu-um!
466 318 475 329 ε’

319 2570 321 2573 .
333 2541 444 2563 Decretum
463 2541 489 2562 ir·

306 2572 379 2590 ritans.

533 239 596 272 3523

546 295 598 339 {J
610 297 682 337 Nos,
699 296 799 339 ipsum
811 295 979 328 Antonium
995 296 1184 340 specialibus
1199 296 1240 328 fa-

462 347 485 382 '..
503 349 630 382 voribus
652 354 681 381 et
699 349 808 391 gratiis
828 349 977 393 prosequi
1000 349 1146 390 volentes,
1171 354 1201 382 et
1223 359 1240 381 a

458 397 484 434 *li'
500 401 661 444 quibusvis
674 401 1017 441 excommunicationis,
1028 401 1240 445 suspensionis

465 450 485 484 .“
501 459 530 486 et
548 453 716 494 interdicti,
737 453 867 496 aliisque
885 453 1104 487 ecclesiasticis
1122 457 1240 486 senten-

302 501 339 540 ?.¹'
352 502 371 538 ”’,
384 504 386 512 ’
400 502 485 541 ,(..Ἢῖ
502 506 561 546 tiis,
579 506 721 538 censuris
737 510 766 539 ct
780 506 900 549 poenis,
914 517 931 539 a
945 507 1012 539 iure
1027 507 1074 539 vel
1087 506 1126 538 ab
1142 506 1240 539 bomi-

319 555 336 567 ΗΙ

500 570 548 599 ne,
563 559 672 602 quavis
687 560 852 592 occasione
867 559 912 592 vel
927 561 1020 592 causa
1034 559 1113 599 latis,
1133 559 1157 592 si
1175 559 1240 602 qui-

500 612 558 645 bus
576 612 814 655 quomodolibet
834 612 1000 646 innodatus
1017 612 1131 651 existit,
1145 611 1183 644 ad
1200 612 1240 644 ef-

499 665 613 698 fectum
639 665 851 709 praesentium
866 666 1027 699 dumtaxat
1044 675 1238 709 consequen-

499 718 585 760 dum,
610 719 722 751 harum
748 719 828 752 serie
853 720 1050 752 absolventes
1071 724 1100 752 et
1118 719 1240 751 absolu-

500 777 564 804 tum
592 771 657 805 fore
678 778 850 814 censentes,
872 772 1152 816 supplicationibus
1173 771 1239 804 eius

499 825 627 858 nomine
651 825 741 858 nobis
765 835 861 868 super
892 825 951 857 boc
976 825 1138 857 humiliter
1170 835 1240 868 por-

499 879 593 911 rectis
616 878 765 917 inclinati,
791 877 829 911 de
857 878 1083 910 venerabiliiim
1105 878 1237 910 fratrum

499 937 679 964 nostrorum
706 931 783 964 SR.
809 931 841 963 E.
869 931 1073 963 cardinalium
1106 931 1239 973 negotiis

499 991 525 1017 et
554 985 838 1018 consultationibus
863 984 1083 1028 episcoporum
1102 990 1131 1017 ct
1148 995 1239 1027 regu-

499 1039 612 1071 larium
648 1040 902 1082 praepositorum
939 1038 1090 1078 consilio,
1115 1037 1240 1070 attentis

498 1092 644 1132 narratiS,
663 1102 698 1124 ae
716 1091 829 1123 auditis
846 1102 902 1134 per
917 1092 1043 1124 eosdem
1066 1091 1240 1124 cardinales

499 1150 528 1178 et
553 1144 820 1178 consentientibus
856 1144 977 1177 dilectis
1012 1144 1131 1188 pariter
1167 1144 1240 1176 filiis

499 1198 652 1232 moderno
671 1198 815 1231 ministro
829 1198 970 1241 generali
988 1203 1017 1231 et
1030 1202 1239 1241 procuratore

499 1252 637 1295 generali
663 1251 787 1285 Ordinis
811 1252 1002 1293 huiusmodi,
1027 1251 1240 1285 ordinationes

499 1306 706 1348 praemissas,
725 1310 883 1349 tamquam
907 1305 1043 1347 regulari
1069 1304 1239 1338 observan-

500 1359 581 1397 tiae,
606 1368 727 1391 necnon
760 1357 1035 1392 constitutionibus
1059 1357 1240 1401 apostolicis

499 1417 529 1444 et
553 1410 678 1444 Ordinis
696 1411 845 1455 praedicti
864 1417 1100 1451 consentaneas,
1118 1416 1241 1454 aposto-

499 1464 559 1497 liea
585 1465 781 1504 auctoritate,
803 1470 911 1497 tenore
929 1464 1152 1507 praesentium,
1178 1474 1235 1508 ap-

499 1517 672 1560 probamus
697 1523 726 1550 et
751 1518 986 1559 confirmamus,
1007 1528 1043 1550 ac
1064 1517 1239 1550 executioni

499 1570 683 1604 demandari
700 1571 920 1614 praecipimus.
939 1571 1095 1603 Addentes
1113 1571 1240 1614 insuper

500 1629 533 1659 ut
568 1624 606 1657 de
642 1629 747 1658 cetero
778 1623 886 1657 novitii
922 1624 1045 1656 nonnisi
1079 1624 1136 1657 sub
1171 1624 1240 1667 lege

500 1678 580 1712 vitae
604 1677 781 1711 communis
805 1677 845 1710 ad
871 1677 1100 1720 professionem
1127 1677 1238 1709 admit-

502 1736 624 1771 tantur;
651 1731 800 1775 itemque,
818 1736 851 1762 ut
868 1740 904 1763 ex
930 1730 1053 1764 duobus
1077 1730 1240 1770 fratribus,

500 1785 538 1818 ab
569 1785 716 1819 omnibus
753 1784 911 1817 vocalibus
948 1789 1183 1824 conventuum,
1208 1784 1241 1816 in

500 1838 614 1882 quibus
640 1838 700 1870 vita
715 1837 893 1871 eommunis
911 1842 1063 1878 servatur,
1080 1837 1241 1870 nominan-

501 1892 558 1933 dis,
575 1902 593 1925 a
618 1895 682 1926 toto
700 1891 879 1924 definitorio
896 1890 1023 1934 capituli
1040 1890 1240 1933 provincialis

501 1956 582 1979 unus
607 1945 752 1988 eligatur,
784 1944 838 1988 qui
871 1943 1004 1987 (absque
1032 1943 1240 1976 diminutione

502 2004 606 2031 tamen
631 2003 661 2031 et
684 1997 878 2041 praeiudicio
913 1996 1070 2030 facultatis
1104 1996 1240 2029 ministri

501 2052 716 2096 provincialis)
741 2061 837 2095 super
861 2050 952 2084 dictis
975 2050 1166 2084 novitiorum
1193 2060 1241 2083 re-

503 2105 645 2149 ceptione
670 2110 699 2137 et
723 2104 803 2137 vitae
832 2104 1009 2137 eommunis
1041 2095 1241 2136 observantia

503 2157 653 2200 invigilet,
678 2157 794 2200 quique
819 2156 856 2189 de
881 2155 1036 2198 omnibus,
1054 2166 1133 2199 quac
1158 2156 1241 2189 eirca

503 2211 676 2255 praemissa
700 2213 918 2253 emergerent,
943 2209 1121 2242 ministrum
1147 2219 1241 2251 genc-

503 2265 601 2297 ralem
627 2264 792 2297 certiorem
829 2263 931 2296 facere
963 2266 1125 2303 teneatur,
1150 2268 1180 2296 et
1203 2263 1241 2295 ab

504 2318 613 2351 eodem
633 2317 771 2360 generali
789 2316 878 2349 iustis
894 2316 932 2349 de
952 2315 1053 2349 causis
1073 2315 1241 2358 removeri,

503 2373 644 2416 alterque
668 2371 756 2415 <dum
781 2381 798 2404 a
822 2369 1001 2403 definitorio
1026 2369 1154 2414 capituli
1171 2380 1243 2413 pro-

504 2425 654 2465 vincialis,
672 2430 706 2457 ut
723 2424 910 2468 praefertur,
926 2433 989 2456 non
1007 2423 1154 2466 eligatur)
1175 2422 1242 2456 eius

504 2479 574 2512 loeo
598 2478 671 2521 eligi
697 2482 727 2511 et
751 2476 918 2520 subrogari
935 2476 1042 2520 possit.

550 2531 614 2575 gli.
640 2532 683 2564 Ac
707 2531 912 2564 decernentes
945 2530 1029 2573 ipsas
1061 2533 1242 2573 praesentes

503 2586 623 2619 litteras
648 2595 771 2628 semper
791 2584 909 2625 sirmas,
926 2583 1043 2617 validas
1054 2588 1084 2616 et
1101 2583 1243 2616 efficaces

504 2639 637 2673 existere
661 2643 691 2672 et
716 2638 790 2680 fore,
805 2648 839 2670 ac
863 2637 902 2669 ab
923 2637 994 2678 iltis,
1019 2636 1056 2669 ad
1081 2646 1159 2680 quos
1176 2645 1244 2680 spe-

1078 248 1255 273 BULLARIUM
1279 247 1432 272 ROMANUM

2022 245 2069 271 An.
2090 244 2120 271 C.
2144 245 2209 274 ¹658

1274 301 1335 329 ctat
1361 299 1389 329 et
1410 305 1468 338 pro
1495 298 1635 337 tempore
1659 293 1922 337 quandocumque
1946 303 2014 337 spe-

1274 348 1380 387 ctabit,
1402 347 1624 379 inviolabiliter
1648 345 1825 386 observari,
1850 346 1957 390 sicque
1981 346 2013 379 in

1274 400 1453 444 praemissis
1471 410 1526 442 per
1549 409 1765 442 quoscumque
1791 398 1909 432 iudices
1933 398 2014 432 ordi-

1272 453 1378 486 narios
1404 458 1432 485 et
1457 453 1626 494 delegatOS,
1651 452 1744 484 etiam
1770 461 1935 484 causarum
1961 461 2014 494 pa-

1273 506 1335 539 latii
1361 505 1524 549 apostolici
1545 505 1714 545 auditores,
1747 504 1878 538 iudicari
1897 510 1926 537 et
1941 503 2014 537 defi-

1273 560 1333 592 niri
1351 559 1484 599 debere,
1502 570 1537 592 ae
1554 559 1677 592 irritum
1696 563 1726 591 et
1750 559 1858 598 inane,
1874 557 1899 591 si
1925 567 2014 590 secus

1273 623 1368 656 super
1392 613 1440 645 liis
1465 623 1482 644 a
1506 622 1676 656 quoquam,
1691 611 1800 655 quavis
1818 611 2014 652 auctoritate,

1273 666 1408 699 scienter
1439 666 1485 698 vel
1505 665 1703 707 ignoranter,
1728 664 1895 707 contigerit
1920 669 2016 697 atten-

1274 719 1342 751 tari.
1530 712 1533 714 ¹

1318 773 1334 814 ἕ
1364 772 1392 805 5.
1419 772 1485 805 Non
1517 771 1723 810 obstantibus,
1755 770 1954 814 praemissis,
1978 779 2014 802 ac

1273 824 1549 857 constitutioniluis
1567 829 1596 856 et
1616 823 1867 856 ordinationibus
1892 827 2014 866 aposto-

1275 879 1358 920 licis,
1384 888 1520 919 nernon,
1546 883 1699 921 quatenus
1722 887 1800 921 opus
1828 877 1887 917 sit,
1914 876 2013 910 dictae

1274 931 1463 976 provinciae,
1488 931 1617 974 eiusque
1639 935 1849 963 conventuum
1863 939 2013 974 quorum-

1276 987 1329 1026 vis,
1354 986 1447 1018 etiam
1469 985 1655 1025 iuramento,
1676 976 1915 1017 confirmatione
1939 994 2013 1027 apo-

1274 1039 1402 1079 stolica,
1436 1039 1481 1071 vel
1517 1038 1625 1082 quavis
1655 1037 1803 1070 firmitate
1827 1037 1888 1070 alia
1913 1036 2010 1071 robo-

1274 1093 1359 1133 ratis,
1378 1092 1500 1124 statutis
1521 1097 1551 1124 et
1579 1090 1870 1131 consuetudinibus,
1891 1089 2015 1134 privile-

1274 1146 1333 1187 giis
1354 1155 1491 1189 quoque,
1510 1144 1637 1177 indultis
1654 1149 1684 1176 et
1701 1143 1814 1176 litteris
1833 1142 2014 1187 apostolicis

1274 1199 1304 1231 in
1329 1198 1522 1232 eontrarium
1550 1197 1798 1241 praemissorum
1819 1194 2014 1240 quomodoli-

1275 1253 1325 1285 bet
1349 1252 1526 1293 concessis,
1552 1250 1746 1284 confirmatis
1778 1255 1807 1283 et
1838 1248 2013 1288 innovatis;

1273 1305 1388 1349 quibus
1413 1305 1560 1338 omnibus
1585 1310 1615 1337 et
1639 1303 1782 1346 singulis,
1812 1303 1936 1336 illorum
1964 1306 2010 1335 te—

1273 1370 1367 1392 nores
1393 1358 1610 1402 praesentibus
1626 1367 1683 1401 pro
1700 1357 1790 1400 plene
1815 1362 1845 1389 et
1861 1355 2015 1388 sufficien-

1275 1420 1320 1446 ter
1341 1413 1499 1457 expressis
1519 1423 1554 1445 ae
1571 1412 1609 1444 de
1634 1411 1733 1444 verbo
1752 1410 1790 1443 ad
1811 1409 1942 1443 verbum
1967 1409 2014 1442 in-

1273 1466 1362 1500 sertis
1388 1465 1546 1507 babentes,
1577 1464 1637 1497 illis
1660 1464 1736 1497 alias
1764 1464 1794 1496 in
1822 1474 1879 1496 suo
1898 1462 2014 1496 robore

1273 1519 1504 1562 permansuris,
1525 1518 1563 1550 ad
1589 1518 1836 1561 praemissorum
1857 1515 2013 1558 effectum,

1274 1572 1331 1605 bac
1350 1572 1416 1605 viee
1436 1571 1607 1613 dumtaxat,
1624 1569 1803 1613 specialiter
1820 1574 1850 1602 et
1866 1578 2013 1612 expresse

1272 1625 1477 1668 derogamus3
1499 1624 1674 1668 ceterisque
1698 1622 1865 1657 contrariis
1889 1621 2015 1666 quibus·
2241 1596 2243 1654 i

1274 1689 1419 1723 eumque.

1317 1733 1430 1765 Datum
1455 1733 1592 1772 Romae,
1617 1730 1700 1775 apud
1725 1731 1754 1764 S.
1776 1730 1905 1763 Mariam
1922 1728 2013 1762 Maio-

1275 1796 1352 1826 rem,
1377 1786 1435 1818 sub
1460 1785 1576 1818 annulo
1594 1784 1773 1826 piscatoris,
1793 1784 1843 1816 die
1857 1793 1912 1816 xxl
1937 1781 2013 1815 iunii

1275 1848 1433 1881 MDCLVlll,
1450 1837 1653 1881 pontificatus
1677 1836 1777 1870 nostri
1799 1846 1880 1869 anno
1901 1845 1941 1869 1v.

1310 1902 1370 1929 Dat.
1385 1901 1428 1928 die
1444 1901 1473 1928 21
1493 1901 1560 1928 iunii
1580 1900 1656 1934 1658,
1674 1900 1770 1935 pontif.
1787 1908 1859 1927 anno
1874 1906 1909 1927 lv.

2051 780 2165 801 Contrariis
2176 781 2211 802 de-

2028 810 2094 832 rugat.

1612 2053 1680 2087 CCI.

1274 2152 1469 2188 Constantio
1502 2154 1614 2185 eontra
1644 2149 1813 2192 ⁷·eli'9iosos
1841 2156 2014 2191 conqreqa-

1320 2206 1416 2239 tionis
1430 2204 1549 2238 Montis
1567 2202 1713 2247 Virqinis
1727 2201 1914 2245 diqnitates,
1923 2209 2015 2244 prae-

1320 2259 1446 2292 laturas
1471 2262 1499 2291 et
1524 2257 1627 2300 officia
1659 2256 1763 2290 dictae
1791 2253 2012 2298 coitqreyatio-

1318 2313 1368 2345 nis
1392 2322 1413 2345 a
1436 2311 1695 2355 quibuscumque
1710 2308 1868 2353 personis,
1886 2311 1953 2340 tam
1972 2315 2015 2338 se-

1319 2365 1483 2399 cularibus
1514 2373 1615 2408 quam
1645 2360 1889 2399 ecclesiasticis,
1915 2359 2014 2393 eliam

1317 2422 1447 2452 sanctae
1470 2418 1636 2451 Romanae
1655 2414 1814 2449 Ecclesiae
1837 2411 2015 2447 cardinali-

1319 2472 1375 2506 bus
1397 2469 1635 2516 pmcnmntes'.

1310 2554 1322 2580 1
1345 2552 1516 2580 consimilem
1535 2550 1749 2587 prohibitionem
1764 2548 1866 2576 habent
1880 2548 1937 2576 fere
1956 2555 2013 2575 om-

1276 2606 1323 2625 nes
1341 2597 1497 2633 religiones,
1519 2600 1548 2624 ut
1569 2596 1658 2623 videre
1681 2594 1783 2630 poteris
1804 2594 1829 2620 in
1850 2592 2011 2628 repertorio,

1276 2641 1358 2670 verbo
1378 2641 1520 2669 Ambitus.
