2243 3205
300 177 348 204 An.
369 176 396 203 c.
419 176 484 204 1659
529 168 594 201 478

1070 177 1248 202 BULLAan

500 225 529 256 in
555 224 716 268 provincia
748 225 902 265 lanuensi,
927 225 964 257 ad
996 225 1135 269 priorem
1164 235 1237 257 eon-

502 283 611 310 vcntus
636 277 664 310 S.
690 278 808 311 Nicolai
833 278 1035 311 Tolentinatis
1060 279 1183 317 ianuae,
1208 283 1237 310 et

500 341 537 363 eo
562 330 725 364 deficiente
755 331 799 363 vel
834 331 972 374 legitime
1005 332 1174 375 impedito,
1199 331 1236 362 ad

500 384 638 427 priorem
659 389 829 417 conventus
847 384 875 416 S.
897 385 1037 417 Damiani
1055 384 1236 423 Mediolani3

501 438 531 470 in
543 438 704 482 provincia
717 438 838 471 Siciliae
850 439 1097 478 panormitanae,
1110 438 1146 470 ad
1158 438 1239 481 prio-

501 501 567 523 rem
593 497 764 524 conventus
784 492 812 525 S.
830 492 948 526 Nicolai
967 491 1168 524 Tolentinatis
1185 491 1238 524 Pa-

500 544 614 585 normi,
634 545 680 577 vel
700 555 736 578 eo
761 545 924 579 deficiente
949 556 1003 578 scu
1028 544 1167 587 legitime
1184 544 1238 576 im-

500 597 615 640 pedito,
631 597 668 630 ad
694 598 833 641 priorem
861 603 1030 631 conventus
1047 598 1075 629 S.
1094 597 1237 639 Gregorii

501 650 639 683 eiusdem
658 651 807 690 eivitatis3
824 652 853 683 in
867 650 1027 694 provincia
1043 650 1238 692 Germaniae,

500 703 537 736 ad
562 704 701 748 priorem
729 709 899 738 conventus
919 705 948 737 S.
967 703 1130 746 Augustini
1153 703 1240 735 Vien-

501 767 569 798 nae⁷
598 763 627 790 et
652 768 689 791 eo
714 758 876 791 deficiente
903 757 947 789 vel
974 757 1112 799 legitime
1139 756 1239 800 impe-

501 810 576 851 dito,
594 810 632 843 ad
656 811 794 854 priorem
822 816 992 843 conventus
1016 810 1045 844 S.
1071 810 1239 842 Winceslai

500 865 634 908 Pragae;
652 866 681 898 in
700 865 862 909 provincia
881 864 967 907 regni
983 858 1188 907 Neapolitani,
1203 863 1239 895 ad

500 919 638 963 priorem
657 925 827 953 conventus
842 919 869 952 S.
886 919 998 951 Mariae
1013 917 1138 950 Pietatis
1159 918 1241 950 Mon-

501 972 539 1005 tis
563 972 692 1013 Leonis,
721 977 750 1004 et
775 983 811 1005 eo
837 971 1001 1004 deficiente
1031 971 1077 1003 vel
1102 971 1240 1014 legitime

501 1025 660 1068 impedito,
679 1025 715 1057 ad
734 1025 872 1068 priorem
892 1029 1062 1057 conventus
1080 1024 1108 1057 S.
1128 1024 1240 1057 Mariae

501 1078 705 1111 incoronatae
719 1079 948 1118 Neritonensis3
965 1079 993 1110 in
1012 1078 1172 1122 provincia
1190 1078 1241 1110 Pe-

500 1131 701 1172 demontana,
723 1131 760 1164 ad
778 1132 917 1176 priorem
940 1136 1111 1164 conventus
1131 1131 1159 1164 S.
1185 1130 1239 1163 Ca-

500 1185 560 1217 roli
585 1185 722 1227 Taurini,
740 1190 770 1219 et
788 1196 824 1218 eo
844 1185 1007 1217 deficiente
1029 1195 1083 1217 seu
1101 1184 1240 1227 legitime

500 1238 671 1282 impedito,
700 1238 737 1271 ad
762 1238 900 1282 priorem
928 1244 1098 1271 conventus
1123 1238 1167 1271 Ss.
1194 1238 1241 1270 Ni-

501 1291 578 1324 colai
604 1297 633 1324 et
658 1293 763 1324 Annae
792 1292 997 1331 Salutiarum3
1024 1291 1053 1323 in
1078 1291 1240 1335 provincia

500 1344 623 1378 Siciliae
638 1346 853 1386 lllessanensis,
863 1346 900 1378 ad
917 1346 1055 1389 priorem
1070 1351 1240 1379 conventus

500 1397 529 1430 S.
556 1398 748 1439 Restitutae‚
775 1404 804 1431 et
829 1409 865 1431 eo
890 1398 1052 1432 deficiente
1078 1409 1131 1431 scu
1157 1398 1237 1441 legi-

501 1450 575 1483 time
612 1451 783 1494 impedito,
820 1452 856 1483 ad
894 1452 1032 1495 priorem
1070 1457 1240 1484 conventus

500 1504 529 1538 S.
554 1505 762 1538 Annuntiatae
794 1505 932 1537 eiusdem
966 1505 1119 1546 civitatis,
1144 1510 1174 1538 et
1198 1505 1241 1538 sie

501 1557 658 1602 deinceps.

545 1612 559 1654 ,ξ
583 1611 613 1644 4.
633 1612 807 1654 Praeterea,
827 1613 895 1645 loco
909 1612 1053 1656 priorum
1077 1617 1106 1644 et
1127 1612 1241 1645 discre-

501 1669 604 1697 torum
626 1665 794 1698 cuiuslibet
814 1670 996 1706 conventus,
1014 1665 1162 1698 accedant.
1182 1666 1241 1698 sus-

500 1717 653 1760 fragaturi
678 1718 716 1750 ad
748 1718 920 1762 capitulum
954 1719 1120 1761 generale,
1150 1723 1179 1751 et
1203 1719 1241 1751 ad

501 1771 583 1804 idem
610 1772 703 1804 laturi
729 1771 891 1804 instantias
916 1772 953 1804 ad
979 1777 1092 1804 statum
1117 1772 1241 1816 provin-

501 1825 619 1858 ciarum
645 1830 675 1858 et
699 1825 896 1868 singulorum
923 1830 1154 1866 conventuum,
1179 1825 1241 1858 duo

501 1888 537 1911 ex
557 1878 695 1922 qualibet
711 1879 884 1922 provincia,
905 1879 957 1922 qui
975 1879 1036 1911 sint
1054 1879 1240 1921 sacerdotes,

502 1934 531 1965 et
554 1931 621 1964 sine
646 1932 801 1973 scandalo,
820 1938 849 1964 ct
874 1943 944 1964 eum
970 1932 1185 1965 aedificatione
1210 1932 1241 1964 in

501 1985 746 2028 congregatione
764 1996 796 2018 se
813 1985 976 2028 gesserint,
997 1991 1026 2018 et
1044 1986 1151 2018 saltem
1169 1986 1242 2019 duo-

502 2037 604 2071 decim
629 2048 727 2072 annos
751 2039 925 2082 completos
945 2050 961 2071 a
982 2039 1174 2082 professione
1191 2039 1243 2071 ha-

501 2089 595 2123 beant
619 2092 650 2124 in
675 2092 930 2135 congregatione,
949 2098 979 2124 et
999 2093 1127 2135 triginta
1144 2103 1242 2125 annos

501 2144 620 2188 pariter
638 2145 812 2188 completos
827 2145 961 2178 liabcant
978 2145 1101 2178 aetatis:
1117 2151 1146 2178 et
1163 2156 1242 2178 unus

503 2207 539 2230 ex
565 2197 632 2231 istis
650 2198 779 2242 insuper
795 2198 1026 2242 philosophiam
1046 2199 1091 2230 vel
1118 2199 1239 2232 theolo-

503 2252 597 2296 giam,
612 2252 635 2285 si
650 2252 718 2285 fieri
736 2253 860 2296 poterit,
879 2263 934 2296 per
951 2252 1116 2290 duodecim
1135 2263 1242 2293 annOS,

503 2306 549 2338 vel
575 2306 612 2339 ad
638 2306 741 2339 minus
759 2316 815 2349 per
831 2316 945 2339 novem
965 2306 1106 2339 formiter
1131 2307 1243 2349 legerit

502 2365 532 2393 et
550 2360 701 2401 docuerit,
719 2361 765 2393 vel
784 2359 859 2404 pro¹
877 2360 1054 2401 duodecim,
1068 2361 1114 2393 vel
1134 2361 1241 2393 saltem

502 2422 632 2454 novem,
657 2425 769 2447 cursus
793 2414 1082 2458 quadragesimales
1106 2419 1159 2447 aut
1190 2414 1239 2446 in-

504 2471 609 2510 tegros
633 2468 781 2501 annuales
817 2468 1015 2502 laudabiliter
1040 2469 1242 2502 concionatus

542 2582 551 2608 l
575 2582 684 2609 Videtur
697 2582 839 2618 legendnm
854 2591 906 2619 per
922 2584 981 2611 loco
995 2592 1050 2619 pro
1065 2586 1102 2618 (a.
1119 2585 1165 2617 T.).

1274 176 1427 201 nomnen

1272 224 1375 265 suerit,
1393 227 1524 268 excepto
1543 230 1645 257 tamen
1661 225 1721 258 hoc
1741 226 1845 269 primo
1863 226 2008 267 triennio,

1272 288 1329 321 pro
1354 288 1416 321 quo
1442 278 1572 318 vocales,
1591 278 1655 311 sive
1675 279 1822 322 lectores,
1848 280 1913 314 sive
1937 290 2010 314 con-

1272 331 1458 372 cionatores,
1475 332 1547 375 eligi
1565 336 1594 366 et
1610 332 1730 365 admitti
1744 333 1873 376 possint,
1887 333 2008 368 etiamsi

1273 395 1328 428 per
1353 396 1403 418 sex
1430 390 1548 417 tantum
1575 395 1673 418 annos
1705 385 1888 419 muneribus
1911 396 2007 430 prac—

1273 438 1362 470 dictis
1387 438 1484 471 suncti
1510 438 1591 471 sint:
1622 439 1737 482 quibus
1766 438 1946 482 requisitis,
1974 443 2008 472 ut

1274 502 1378 534 snpra,
1396 491 1568 535 respective
1593 491 1818 532 deficientibus,
1843 492 2010 526 electiones

1274 544 1375 576 nullae
1399 544 1460 576 sint
1483 555 1520 577 eo
1545 545 1621 588 ipso,
1640 555 1675 577 ac
1692 545 1757 578 sine
1782 545 1842 578 illis
1866 544 1955 578 electi
1971 544 2011 578 ad

1273 597 1507 639 suffragandum
1527 598 1556 630 in
1574 598 1709 642 capitulo
1727 598 1865 642 generali
1882 608 1945 632 non
1959 597 2011 631 ad-

1274 651 1446 683 mittantur.

1318 704 1332 746 g
1357 703 1386 736 5.
1412 704 1563 737 Praedieti
1596 708 1698 738 autem
1731 704 1792 738 duo
1817 704 1849 737 in
1873 704 2012 749 qualibet

1274 756 1436 799 provincia
1462 757 1618 799 eligantur
1643 757 1673 790 in
1695 758 1940 801 congregatione
1964 768 2012 792 co-

1274 809 1374 851 genda
1389 820 1446 853 per
1458 810 1596 854 priorem
1607 811 1831 854 provincialem
1845 811 2012 845 cuiuslibet

1274 863 1453 906 provinciae
1478 863 1634 897 dominica
1659 864 1762 907 prima
1795 865 1910 898 mensis
1938 864 2012 898 maii

1275 917 1419 960 proxime
1436 916 1652 960 praecedentis
1666 917 1838 961 capitulum
1854 918 2012 960 generale,
2040 921 2042 923 ’

1275 970 1333 1009 vel,
1359 969 1382 1001 si
1410 980 1524 1012 urgens
1543 970 1646 1013 aliqua
1664 971 1831 1004 necessitas
1856 971 2011 1014 coegerit,

1275 1023 1376 1065 primo
1402 1033 1526 1066 quoque
1551 1028 1693 1067 tempore
1718 1029 1788 1067 post
1812 1024 1925 1057 dictam
1950 1024 2010 1058 do-

1275 1076 1421 1108 minicam
1448 1077 1580 1120 primam
1608 1077 1721 1110 mensis
1747 1077 1830 1120 maii,
1848 1077 1878 1109 in
1898 1077 2013 1120 quibus

1275 1130 1574 1172 congregationibus
1608 1130 1805 1174 praesideant
1838 1130 2014 1174 provincia-

1276 1184 1329 1223 les,
1355 1194 1416 1216 non
1442 1187 1543 1217 tamen
1571 1183 1600 1216 in
1626 1184 1685 1216 illis
1711 1190 1817 1217 votum
1841 1184 1958 1224 semum
1983 1188 2014 1217 et

1275 1236 1520 1279 provincialibus
1540 1237 1649 1280 quovis
1675 1237 1768 1270 modo
1785 1236 2013 1278 deficientibus,

1276 1290 1474 1333 praesideant
1498 1291 1622 1334 priores
1647 1295 1856 1324 conventuum
1886 1290 1917 1322 in
1948 1290 2015 1334 qui-

1275 1343 1333 1376 bus
1358 1345 1619 1387 congregationes
1645 1344 1729 1384 fient;
1755 1350 1785 1376 et
1804 1343 1908 1377 officio
1932 1354 2016 1377 scru-

1277 1402 1410 1430 tatorum
1438 1398 1626 1440 fungantur,
1651 1398 1703 1441 qui
1728 1398 1874 1442 praeerit,
1898 1402 1928 1430 et
1952 1396 2015 1430 duo

1276 1451 1464 1494 praesidenti
1490 1452 1710 1494 proximiores,
1735 1452 1891 1494 eligentur
1908 1456 1937 1484 et
1961 1451 2015 1484 alii

1276 1503 1337 1536 duo
1354 1514 1424 1536 cum
1451 1504 1567 1536 eisdem
1594 1504 1795 1548 qualitatihus
1813 1510 1843 1537 et
1859 1504 2015 1548 requisitis

1277 1557 1449 1600 respective
1475 1557 1681 1591 substituendi
1701 1558 1870 1601 unicuique
1887 1568 1923 1591 ex
1939 1569 2015 1602 pro·

1276 1610 1357 1643 xime
1382 1611 1488 1643 electis
1513 1611 1542 1643 in
1568 1622 1641 1644 casu
1668 1611 1779 1644 mortis
1799 1611 1863 1644 sive
1888 1611 2015 1646 alterius

1276 1664 1413 1697 cuiusvis
1438 1665 1569 1707 legitimi
1596 1665 1821 1708 impedimenti.

1321 1718 1335 1760 ξ
1360 1718 1388 1751 6.
1415 1718 1447 1750 In
1472 1718 1639 1761 praedictis
1669 1723 1772 1751 autem
1798 1718 2016 1761 congregatio·

1276 1771 1367 1803 nibus
1393 1782 1499 1804 vocem
1527 1771 1687 1804 habebunt
1702 1771 1825 1815 priores
1850 1771 2017 1805 cuiuslibet

1277 1830 1446 1857 conventus
1471 1830 1500 1858 et
1522 1825 1627 1858 vicarii
1653 1830 1861 1858 conventuum
1887 1824 2017 1858 vicaria-

1277 1883 1341 1918 tus,
1360 1878 1518 1911 secretarii
1538 1878 1783 1911 reverendorum
1801 1884 1925 1922 patrum
1946 1888 2018 1923 pro-

1278 1930 1467 1972 vincialium,
1485 1942 1604 1964 necnon
1625 1931 1761 1972 discreti,
1783 1932 1835 1975 qui
1862 1931 2017 1975 eligentur

1278 1989 1372 2028 prout
1397 1985 1547 2018 hactenus
1572 1986 1685 2018 sactum
1712 1990 1766 2018 est.
1793 1985 1829 2018 Et
1854 1990 1958 2018 cetera
1978 1985 2018 2018 fa-

1277 2039 1359 2071 ciant
1379 2039 1416 2071 ad
1435 2039 1566 2072 sormam
1593 2039 1860 2072 constitutionum.
1881 2038 2017 2082 Congre-

1277 2092 1418 2135 gationes
1443 2097 1544 2126 autem
1579 2093 1779 2126 habebuntur
1805 2104 1864 2137 pro
1889 2093 2017 2137 provin-

1277 2146 1323 2178 cia
1339 2146 1477 2179 Romanii
1496 2147 1525 2178 in
1544 2151 1699 2179 conventu
1713 2146 1765 2179 SS.
1782 2145 1928 2180 Crucifixi
1942 2146 2017 2190 Spo-

1278 2199 1352 2239 leti,
1377 2210 1434 2243 pro
1459 2199 1622 2243 provincia
1646 2199 1848 2244 Neapolitana
1881 2199 1913 2232 in
1936 2209 2014 2233 con-

1278 2257 1369 2285 ventu
1395 2252 1423 2285 S.
1450 2253 1563 2285 Mariae
1589 2252 1733 2285 Veritatis
1757 2253 1926 2296 Neapolis,
1957 2262 2017 2297 pro

1277 2306 1437 2349 provincia
1462 2306 1604 2339 lanuensi
1642 2306 1672 2338 in
1703 2306 1847 2350 proximo
1881 2305 2017 2339 triennio

1278 2360 1308 2392 in
1337 2364 1490 2394 conventu
1516 2361 1544 2394 S.
1570 2360 1753 2393 Franciscae
1778 2361 1936 2393 Romanae
1960 2359 2018 2393 Me—

1277 2414 1402 2455 diolani,
1429 2413 1458 2446 in
1484 2414 1684 2457 subsequenti
1709 2425 1783 2447 vero
1808 2414 1838 2446 in
1864 2418 2018 2447 conventu

1277 2468 1306 2500 S.
1324 2467 1442 2501 Nic-olai
1459 2467 1661 2500 Tolentinatis
1679 2468 1802 2510 Ianuae,
1820 2472 1850 2500 et
1869 2467 1913 2500 sic
1932 2466 2017 2500 dein-

1278 2532 1351 2565 ceps
1375 2521 1575 2561 alternative,
1602 2531 1660 2565 pro
1695 2520 1857 2565 provincia
1890 2519 2014 2553 Siciliae

1280 2574 1517 2608 Panormitanae
1544 2575 1572 2607 in
1594 2578 1746 2609 conventu
1775 2573 1803 2607 S.
1821 2573 1938 2607 Nicolai
1960 2572 2017 2607 Το-

2013 178 2064 204 Αη.
2086 178 2116 205 G.
2136 175 2221 220 lassis
