2243 3205
75 142 124 169 An.
137 141 166 167 C.
191 139 256 167 ¹660

92 2221 228 2249 Suppticauo.

862 138 1047 161 ALEXANDER
1076 138 1117 160 t‘tl
1144 138 1191 161 I'P.

309 186 324 229 ξ
341 185 370 218 [k.
388 185 425 218 Et
445 185 476 218 in
494 185 603 219 eadem
624 185 819 230 expositione
840 185 1006 218 subiuncto

266 238 350 282 quod
375 238 406 271 in
431 239 629 272 monasteriis
653 239 681 273 S.
700 239 813 272 Mariae
837 239 888 273 ‹tel
912 240 1005 272 Βίιοη

265 302 404 325 successo
428 292 480 325 del
503 293 660 326 Ratamal
684 299 714 326 et
737 294 767 327 S.
789 293 949 326 Michaelis
967 292 1005 325 de

264 345 387 379 Brenna
412 346 666 389 congregationis
683 357 738 379 seu
756 346 937 390 provinciae
951 346 1004 378 hu-

264 398 402 432 iusmodi
430 404 538 443 postea
567 399 702 432 fundatis
736 399 944 443 provinciales
976 403 1005 431 et

264 452 396 496 praelati
420 452 457 484 ad
485 462 575 485 usum
601 452 803 493 deduxerant,
829 457 862 485 ut
887 452 918 484 in
944 452 1005 484 illis

264 505 461 549 reciperetur
484 512 514 539 et
538 506 766 550 professionem
784 506 899 539 faceret
924 516 1004 539 unus

264 558 403 591 chorista
419 564 449 591 et
465 569 545 592 unus
561 559 669 600 laicus,
683 559 821 592 dicentes
834 559 895 592 hoc
910 559 1003 592 modo

264 621 330 644 esse
355 611 574 654 intelligendas
590 615 620 646 et
646 612 848 656 exequutioni
866 622 933 644 esse
955 612 1004 644 de-

264 664 456 697 mandandas
480 664 658 708 praedictas
675 665 847 698 Innocentii
872 665 1003 709 praede-

263 717 398 751 cessoris
418 718 555 759 litteras,
579 728 744 762 quousque
769 718 948 752 sacerdotes
973 723 1003 751 et

263 771 420 804 choristae
443 771 653 816 adimplerent
671 772 792 806 tertiam
811 775 931 816 partem
949 783 1003 805 nu-

263 824 342 856 meri
368 824 498 868 praefixi
523 835 581 868 pro
597 825 737 868 quolibet
754 825 955 867 monasterio,
972 830 1002 858 et

261 876 322 910 hoc
343 877 437 911 modo
454 878 588 922 professi
609 883 711 911 essent
727 883 757 911 et
774 878 1001 922 profiterentur

262 929 364 971 multi,
390 931 474 974 quod
499 931 582 964 clare
600 936 630 964 et
647 931 812 964 manifeste
829 931 1001 975 apparebat

261 988 371 1016 contra
395 983 547 1028 disposita
571 990 600 1017 et
624 984 766 1018 ordinata
787 984 818 1016 in
843 984 933 1017 dictis
954 984 1000 1017 In-

260 1037 397 1070 nocentii
417 1037 671 1081 praedecessoris
700 1037 812 1070 litteris
833 1037 999 1081 disponen-

260 1089 344 1123 tibus
373 1095 406 1122 ut
436 1090 516 1123 duae
546 1095 652 1134 partes
685 1096 788 1123 essent
813 1100 938 1134 semper
963 1100 999 1123 ex

260 1142 347 1175 laicis
371 1147 402 1175 et
426 1143 516 1177 tertia
539 1154 614 1187 pars
638 1143 812 1187 respective
842 1153 878 1176 ex
897 1153 1000 1176 sacer-

260 1195 385 1229 dotibus
410 1201 440 1229 et
464 1192 632 1237 choristis,
656 1196 729 1240 quia
754 1196 937 1229 alternativa
962 1196 1000 1229 de

260 1249 443 1293 recipiendo
468 1249 506 1282 ad
530 1249 760 1293 professionem
781 1249 951 1282 choristam
971 1254 1000 1282 et

260 1303 365 1335 statim
389 1302 504 1336 laicum
529 1303 631 1336 fuerat
655 1303 757 1335 solum
783 1302 925 1335 ordinata
941 1313 1000 1346 pro

260 1356 383 1390 duobus
408 1356 608 1390 monasteriis
633 1356 866 1400 antiquioribus
890 1356 919 1389 S.
945 1356 1000 1388 Ba-

260 1410 321 1443 silii
346 1410 445 1443 eremi
470 1410 522 1443 det
542 1410 671 1444 Tardon
696 1415 726 1442 et
750 1409 779 1442 S.
800 1409 925 1443 Antonii
950 1409 1001 1442 del

265 1463 357 1497 Valle
380 1463 418 1496 ad
450 1463 664 1496 reducendum
700 1463 871 1496 monachos
904 1463 1000 1496 laicos

260 1517 298 1550 de
323 1516 423 1550 tribus
448 1527 484 1550 cx
509 1522 646 1561 quatuor
670 1516 824 1560 partibus,
841 1521 870 1549 et
883 1527 1000 1559 augen-

260 1572 336 1605 dum
361 1571 539 1605 sacerdotes
573 1576 603 1604 et
635 1570 788 1603 choristas
820 1570 857 1603 de
889 1571 1000 1614 quarta

260 1631 360 1671 parte,
385 1626 417 1658 in
440 1636 502 1670 qua
518 1630 617 1666 erant,
635 1624 672 1658 ad
691 1625 831 1665 tertiam;
852 1624 1000 1668 quodque

260 1680 291 1712 in
323 1678 492 1724 praedictis
523 1678 646 1711 duobus
689 1678 888 1711 monasteriis
920 1678 999 1710 anti-

259 1732 424 1778 quioribus
460 1732 489 1766 S.
518 1732 621 1765 Basilii
654 1732 751 1765 eremi
785 1732 836 1764 del
871 1732 1000 1765 Tamion

259 1790 289 1821 et
312 1787 341 1820 S.
368 1786 493 1820 Antonii
519 1785 571 1819 del
600 1785 691 1819 Valle
705 1790 805 1818 tractu
822 1785 907 1828 longi
928 1789 1000 1819 tem-

259 1839 347 1884 poris
372 1839 403 1872 in
426 1838 609 1883 recipiendo
643 1849 740 1871 unum
774 1839 943 1872 choristam
970 1844 1000 1873 et

259 1903 359 1926 unum
382 1893 497 1925 laicum
523 1897 670 1925 evenerat
695 1903 861 1925 numerum
888 1903 997 1925 mona-

259 1947 392 1980 chorum
417 1946 571 1979 laicorum
597 1956 665 1979 esse
698 1946 851 1979 minorem
877 1946 998 1979 duabus

260 2011 297 2034 ex
323 2000 423 2033 tribus
447 1999 599 2044 partibus,
614 2005 644 2032 et
668 1999 847 2043 superiores
868 2010 926 2044 pro
948 1999 999 2033 ob-

259 2054 416 2087 servantia
452 2053 685 2098 praedictorum
712 2054 885 2087 Innocentii
912 2064 1000 2098 prae-

260 2108 434 2142 decessoris
451 2108 626 2140 litterarum
649 2107 792 2150 requisiti
821 2108 881 2141 hoc
904 2118 999 2151 agere

260 2166 456 2201 recusarent;

303 2216 319 2260 ἓ
343 2215 372 2249 5.
397 2216 441 2249 Ac
458 2220 628 2258 propterea
648 2214 825 2258 supplicato
843 2224 999 2247 memora-

260 2269 299 2302 tis
313 2268 525 2302 cardinalibus
539 2272 572 2302 ut
589 2267 786 2300 declararent
803 2268 931 2301 modum
949 2268 1000 2301 lia-

259 2322 396 2356 bendum
417 2322 449 2354 in
466 2321 648 2365 recipiendo
665 2326 695 2353 et
715 2320 752 2353 ad
773 2321 998 2364 professionem

259 2375 451 2408 admittendo
476 2374 610 2407 novitios
643 2374 673 2406 in
705 2373 786 2406 dicta
819 2384 997 2417 congrega-

260 2431 360 2470 tione,
383 2432 444 2463 tam
470 2428 502 2461 in
527 2427 724 2461 monasteriis
749 2427 998 2471 antiquioribus,

260 2493 353 2528 quam
380 2482 409 2515 in
435 2482 503 2514 aliis
527 2481 639 2514 deinde
668 2481 803 2514 fundatis
827 2486 857 2514 et
881 2483 911 2514 in
936 2492 995 2526 po-

262 2543 379 2571 sterum
405 2535 579 2578 fundandis,
602 2535 686 2568 iuxta
706 2535 880 2579 legitimum
902 2541 930 2569 ct
952 2547 999 2570 vc-

326 2599 404 2628 Bull.
425 2599 508 2627 Rom.
530 2614 563 2618 —
587 2598 644 2628 Vol.
666 2597 742 2626 XVI.
887 2598 920 2626 68

1692 130 1753 162 537

1040 196 1110 218 rum
1143 195 1288 226 sensum,
1314 189 1343 220 et
1376 197 1415 219 an
1440 186 1538 231 recipi
1569 185 1720 220 deberent
1752 187 1783 219 in

1041 239 1238 272 monasteriis
1256 240 1378 273 noviter
1392 240 1528 273 fundatis
1545 246 1575 273 et
1591 240 1622 273 in
1640 240 1782 273 futurum

1039 291 1206 325 fundandis
1232 303 1312 325 unus
1337 293 1475 327 cliorista
1507 299 1536 326 ct
1564 294 1666 326 statim
1701 304 1782 326 unus

1039 346 1157 386 laicus,
1182 345 1230 378 vel
1255 346 1317 379 duo
1341 346 1412 380 laici
1438 352 1468 379 et
1492 358 1572 379 unus
1605 347 1744 380 chorista
1765 358 1781 380 a

1038 398 1196 442 principio
1218 409 1225 439 ;
1264 404 1359 443 utque
1395 399 1580 434 mandarent
1617 400 1780 433 observari

1038 451 1214 495 praedictas
1238 451 1358 484 litteras
1392 453 1565 486 Innocentii
1591 453 1778 497 praedeces-

1038 504 1118 537 soris
1142 505 1226 538 iuxta
1250 504 1370 538 litteras
1395 505 1425 538 in
1450 516 1508 538 suo
1532 516 1606 539 vero
1627 511 1657 539 et
1681 506 1779 549 legiti-

1039 569 1090 592 mo
1114 569 1225 600 sensu,
1251 564 1280 592 et
1303 559 1387 603 quod
1412 560 1558 604 superior
1584 560 1630 593 vel
1663 571 1775 594 mona—

1038 612 1115 645 chus
1140 612 1172 645 in
1197 612 1302 657 aliquo
1334 613 1572 646 contraveniens
1605 613 1673 657 ipso
1697 614 1778 647 facto

1037 665 1212 699 incurreret
1237 676 1354 710 poenas
1382 665 1515 699 inflictas
1555 676 1572 698 a
1610 666 1778 710 praedictis

1036 719 1164 752 Urbano
1199 724 1228 752 et
1252 719 1435 753 Innocentio
1463 719 1776 763 praedecessoribus:

1036 772 1194 805 emanavit
1210 772 1249 804 ab
1268 771 1452 805 eorumdem
1471 771 1676 804 cardinalium
1703 783 1777 805 con-

1036 825 1219 868 gregatione
1254 825 1416 859 decretum
1449 825 1567 858 tenoris
1592 825 1645 869 qui
1671 825 1776 869 sequi-

1036 884 1101 918 tur,
1128 878 1286 912 videlicet:

1080 932 1094 975 ἓ
1111 931 1140 965 6.
1164 932 1286 966 «Sacra
1302 932 1492 975 Congegatio
1511 931 1776 965 eminentissimo-

1036 995 1104 1017 rum
1122 984 1150 1018 S.
1171 985 1204 1018 R.
1223 985 1256 1018 E.
1275 985 1483 1019 cardinalium
1501 985 1636 1028 negotiis
1654 990 1683 1018 et
1703 995 1776 1018 con-

1034 1037 1254 1072 sultationibus
1279 1039 1501 1083 episcoporum
1527 1044 1557 1072 et
1580 1038 1775 1082 regularium

1034 1091 1222 1135 praeposita,
1236 1092 1360 1125 attentis
1378 1091 1523 1134 narratis,
1538 1095 1568 1126 et
1582 1102 1625 1132 re,
1640 1091 1777 1125 eminen-

1035 1143 1155 1177 tissimo
1168 1145 1322 1189 Carpineo
1338 1145 1502 1185 referente,
1518 1149 1642 1178 mature
1659 1145 1776 1178 discus-

1034 1198 1078 1237 sa,
1095 1198 1216 1230 censuit
1234 1198 1338 1242 quoad
1358 1208 1525 1230 numerum
1544 1198 1774 1231 monachorum

1035 1249 1066 1282 in
1082 1251 1280 1283 monasteriis
1295 1251 1553 1294 Congregationis
1563 1251 1592 1283 S.
1604 1251 1706 1283 Basilii
1725 1251 1776 1284 del

1038 1302 1165 1336 Tarclon
1185 1303 1352 1336 servandas
1370 1314 1437 1336 esse
1454 1304 1563 1347 (prout
1579 1304 1697 1336 servari
1718 1304 1775 1336 sub

1034 1356 1242 1401 infrascriptis
1268 1358 1376 1401 poenis
1402 1358 1528 1390 mandat
1552 1363 1581 1390 et
1606 1358 1775 1401 praecipit>

1035 1410 1239 1453 praecitatam
1259 1411 1377 1444 bullam
1396 1416 1520 1444 sanctae
1537 1411 1709 1444 memoriae
1727 1411 1775 1443 In-

1035 1463 1171 1496 nocentii
1189 1465 1224 1504 X,
1248 1475 1370 1498 necnon
1394 1464 1513 1498 litteras
1531 1464 1562 1496 in
1582 1464 1684 1497 forma
1702 1464 1776 1497 Bre-

1036 1516 1080 1549 vis
1106 1517 1292 1551 sanctissimi
1329 1517 1447 1550 domini
1481 1517 1580 1550 nostri
1605 1517 1775 1550 Alexandri

1035 1571 1134 1614 Papae
1149 1571 1209 1613 vlt,
1226 1576 1256 1604 et
1273 1572 1303 1604 in
1325 1571 1514 1616 recipiendis
1531 1571 1656 1605 novitiis
1677 1582 1712 1604 ac
1737 1571 1775 1604 ad

1035 1625 1263 1668 professionem
1281 1625 1482 1658 admittendis
1496 1625 1677 1658 huiusmodi
1696 1625 1775 1658 ratio

1035 1679 1197 1719 habeatur,
1212 1685 1244 1712 ut
1265 1690 1424 1723 nunquam
1451 1679 1480 1712 in
1506 1679 1596 1712 dictis
1618 1684 1776 1712 monaste-

1035 1732 1089 1765 riis
1107 1736 1210 1766 extent
1227 1733 1309 1766 ultra
1326 1733 1403 1766 duas
1421 1738 1526 1777 partes
1544 1733 1774 1766 monachorum

1034 1796 1070 1818 ex
1095 1786 1182 1818 laicis
1207 1792 1236 1818 et
1262 1786 1385 1818 tertiam
1411 1796 1446 1819 ex
1476 1786 1702 1827 sacerdotibus,
1720 1797 1775 1819 seu

1033 1838 1189 1879 choristis,
1204 1844 1234 1872 et
1250 1839 1366 1872 dictum
1382 1849 1549 1871 numerum
1561 1839 1625 1872 ullo
1635 1850 1774 1882 unquam

1034 1897 1184 1936 tempore,
1198 1892 1347 1936 nullaque
1368 1903 1404 1925 ex
1422 1893 1515 1925 causa
1530 1892 1681 1925 excedere
1701 1903 1774 1936 pos-

1033 1945 1104 1987 sint,
1129 1946 1351 1990 praedictaque
1382 1946 1486 1979 locum
1512 1945 1630 1978 habere
1656 1951 1718 1978 tam
1743 1946 1773 1978 in

1034 2000 1234 2033 monasteriis
1265 2000 1326 2032 iam
1356 1999 1489 2039 erectis,
1522 2009 1616 2043 quam
1650 1999 1680 2031 in
1713 1999 1773 2032 illis

1033 2052 1285 2097 quibuscumque
1310 2058 1340 2086 et
1360 2053 1622 2097 quandocumque
1636 2052 1674 2085 de
1691 2063 1773 2086 novo

1028 2106 1202 2150 erigendis,
1220 2107 1277 2140 sub
1295 2106 1630 2140 excommunicationis
1648 2112 1772 2140 sanctae

1034 2160 1104 2193 Secti
1129 2160 1328 2204 Apostolicae
1352 2164 1528 2193 reservatae
1558 2170 1593 2191 ac
1623 2159 1772 2203 privatio-

1033 2213 1081 2246 nis
1106 2214 1191 2246 vocis
1215 2213 1333 2247 activae
1358 2218 1387 2246 et
1412 2213 1553 2256 passivae
1577 2213 1678 2246 dictae
1698 2213 1773 2247 Con-

1034 2268 1226 2311 gregationis
1251 2267 1468 2312 superioribus
1485 2273 1515 2300 ct
1539 2267 1606 2299 aliis
1623 2267 1773 2310 quibusli-

1035 2321 1099 2361 bet,
1128 2322 1165 2354 ad
1198 2332 1276 2365 quos
1304 2327 1440 2365 spectat,
1469 2321 1559 2355 aliter
1587 2321 1771 2355 facientibus

1035 2376 1081 2408 vel
1107 2375 1174 2408 sieri
1199 2375 1452 2419 permittentibus
1475 2386 1529 2408 seu
1551 2374 1771 2408 mandantibus

1034 2429 1141 2473 poenis
1159 2439 1195 2461 eo
1214 2428 1280 2472 ipso
1298 2428 1509 2468 incurrendis3
1528 2428 1693 2462 contrariis
1707 2429 1772 2473 qui-

1034 2482 1227 2525 buscumque
1252 2492 1314 2514 non
1331 2481 1526 2515 obstantibus
1542 2495 1570 2514 ».
1589 2482 1705 2515 Romae
1722 2482 1772 2515 dic

1034 2547 1084 2570 xvt
1110 2535 1242 2569 ianuarii
1267 2545 1380 2569 MDCLx.

1802 140 1851 166 An.
1867 140 1894 166 (ἶ.
1917 140 1985 167 lt'GO

1845 945 1913 966 Sacra
1928 951 1978 967 con·

1792 972 1886 996 gregatis)
1918 972 1978 993 Inno-

1792 999 1855 1018 centii
1866 998 1884 1019 X
1897 998 1977 1020 bullam

1792 1023 1889 1045 declarat
1911 1028 1977 1052 atque

1793 1052 1885 1077 exponit.
