2243 3205
52 157 97 184 An.
114 154 140 180 C.
165 153 230 181 1658

71 1116 155 1137 nenium
169 1116 224 1137 Tha-

46 1149 98 1165 mam
108 1146 224 1164 sanctornm

10 1187 11 1191 ,
45 1171 138 1196 catalogo
146 1170 224 1190 auseli-

841 150 1024 175 ALEXANDER
1049 151 1093 173 vn
1113 151 1160 173 Pr.

238 201 318 234 sacri
350 200 454 244 palatii
491 201 590 234 nostri
622 199 784 245 apostolici
810 209 976 233 causarum

237 253 444 295 auditoribus,
469 254 507 287 de
532 254 593 287 vita
618 260 647 287 et
673 253 831 287 miraculis
852 253 884 285 Β.
901 252 979 285 Tho-

239 317 317 349 mae,
342 317 421 351 quae
447 311 623 351 opportuna
649 307 713 339 visa
737 311 830 346 sunt,
861 315 978 349 propo-

237 359 373 392 suimus:
403 370 574 404 omnesque
599 360 637 392 ad
665 360 732 392 eius
765 358 977 392 canonizatio-

237 422 309 444 nem
335 413 564 446 deveniendum
589 423 657 445 esse
688 418 795 456 aperte
822 411 979 454 suffragiis

239 465 478 498 confirmarunt.
504 467 565 499 Nos
592 465 707 509 itaque,
734 464 872 498 unanimi
899 474 976 497 con-

238 528 330 550 sensu
348 518 465 559 audito,
480 518 661 562 aperuimus
678 528 712 552 os
730 523 871 550 nostrum
891 518 919 549 in
931 517 980 550 be-

237 571 479 612 nedictionibus,
490 578 518 605 et
532 572 586 604 Dei
602 578 711 604 nutum
726 570 774 604 ad¹
790 571 978 604 voluntatem

238 625 373 668 sequuti,
399 625 514 658 iustum
540 630 569 658 et
595 625 733 657 debitum
760 635 827 657 csse
852 634 980 657 censen-

239 683 294 718 tes,
312 684 346 710 ut
370 689 448 722 quos
473 679 554 712 Deus
579 678 713 712 honorat
739 679 768 711 in
794 679 897 721 caelis,
923 689 979 711 nos

238 733 446 766 venerationis
471 733 574 766 officio
595 732 757 765 laudemus
774 737 804 765 et
828 733 981 775 glorifice-

239 795 307 817 mus
329 785 359 818 in
378 786 480 827 terris,
495 786 576 818 diem
594 786 839 819 canonizationis
866 785 977 818 indixi-

239 848 329 879 muS,
358 844 487 872 cunctos
512 839 690 879 adhortati,
716 844 764 881 ut,
791 839 903 872 iunctis
929 849 980 871 no-

238 891 358 924 biscum
385 892 542 935 precibus,
563 893 779 937 eleemosynis,
801 892 925 925 ieiuniis
950 898 979 925 ct

239 944 410 985 sacrificiis,
425 944 559 988 Spiritus
576 945 678 979 Sancti
697 946 829 988 gratiam
855 951 980 979 nostrae

239 997 407 1030 humilitati
426 999 455 1030 in
485 1003 547 1030 tam
569 999 631 1033 alto
656 999 784 1042 negotio
810 999 980 1043 impetrare

239 1050 407 1085 studerent.

283 1104 298 1148 ἓ
321 1103 374 1137 32.
398 1104 547 1147 Tandem,
566 1116 635 1138 cum
655 1105 731 1138 nihil
757 1106 841 1139 aliud
862 1105 980 1139 deside-

240 1163 363 1190 raretur
387 1168 497 1191 eorum
514 1186 521 1200 ,
546 1169 625 1202 quae
658 1169 692 1192 ex
718 1165 898 1192 sanctorum
925 1171 980 1204 pa-

240 1216 322 1244 trum
348 1211 543 1253 auctoritate,
564 1221 726 1245 sacrorum
752 1222 906 1246 canonum
932 1213 981 1246 de-

239 1264 342 1307 cretis,
356 1270 480 1298 sanctae
497 1265 654 1298 Romanae
675 1265 832 1298 Ecclesiae
852 1266 980 1310 antiqua

239 1317 491 1358 consuetudine,
522 1328 558 1351 ac
591 1328 746 1352 novorum
780 1319 979 1353 decretorum

239 1371 433 1416 praescripto
458 1371 578 1415 agenda
601 1377 631 1404 et
655 1372 851 1405 observanda
876 1379 980 1415 erant,

239 1425 333 1458 hodie
350 1425 380 1458 in
398 1427 597 1459 sacrosancta
614 1426 645 1459 B.
661 1426 742 1459 Petri
756 1427 979 1470 Apostolorum

239 1478 392 1522 Principis
405 1478 544 1520 basilica,
559 1479 589 1512 in
606 1490 667 1522 qua
683 1480 814 1512 solemni
833 1480 894 1513 ritu
909 1491 979 1513 cum

240 1531 380 1564 eiusdem
395 1532 423 1565 S.
438 1533 472 1565 R.
492 1532 524 1565 E.
544 1532 765 1574 cardinalibus,
782 1533 980 1577 patriarchis,

239 1584 496 1630 archiepiscopis,
526 1586 683 1631 episcopis
708 1592 738 1619 et
762 1587 883 1621 dilectis
908 1588 981 1621 filiis

239 1639 399 1673 Romanae
425 1640 531 1673 curiae
555 1640 712 1684 praelatis,
741 1641 927 1675 officialibus
952 1646 981 1676 et

240 1691 446 1726 familiaribus
470 1693 596 1735 nostris,
619 1693 704 1727 clero
729 1695 862 1727 seculari
888 1699 917 1729 et
937 1706 981 1728 re-

240 1745 351 1788 gulari,
366 1756 401 1779 ac
418 1746 555 1779 maxima
570 1747 678 1790 populi
697 1748 873 1791 frequentia
891 1759 981 1781 manc

241 1799 454 1840 convenimus,
472 1805 542 1844 post
567 1800 714 1844 repetitas
738 1811 797 1844 pro
822 1801 982 1835 canoniza-

241 1852 333 1886 tionis
357 1853 484 1886 decreto
508 1853 674 1897 petitiones
693 1854 820 1888 nomine
841 1855 980 1888 ciusdem

241 1906 378 1950 Philippi
403 1907 487 1949 regis
507 1917 524 1939 a
540 1907 654 1941 dilecto
679 1908 771 1940 etiam
790 1908 855 1942 filio
873 1915 981 1943 nostro

241 1959 433 2004 Hieronymo
458 1959 536 1993 tituli
563 1960 592 1993 S.
618 1961 731 1994 Mariae
747 1961 981 2006 Transtvberim

240 2012 426 2056 presbytero
462 2012 619 2046 cardinale
651 2013 801 2047 Columna
837 2015 982 2048 similiter

241 2071 432 2110 nuncupato,
451 2076 486 2099 ac
510 2077 566 2110 per
590 2067 728 2100 Marcum
747 2068 916 2101 Antonium
934 2069 983 2101 ad-

243 2125 388 2154 vocatum
407 2120 612 2164 praedictum,
626 2126 697 2165 post
716 2132 822 2155 sacros
838 2122 981 2167 hymnos,

241 2173 374 2216 litanias,
391 2174 528 2219 aliasque
543 2185 662 2219 preces,
680 2180 750 2219 post
763 2176 898 2220 Spiritus
911 2177 983 2210 San-

242 2228 282 2262 cti
303 2228 436 2271 gratiam
462 2228 520 2261 rite
546 2228 756 2272 imploratam,
774 2229 811 2261 ad
829 2229 980 2262 honorem

242 2280 455 2314 sanctissimae
480 2286 509 2313 ct
533 2281 711 2314 individuae
735 2281 915 2322 Trinitatis,
945 2282 982 2315 ad

242 2334 462 2367 exaltationem
487 2334 559 2367 fidei
590 2335 760 2368 catholicae
785 2340 814 2368 ct
839 2335 982 2369 christia-

242 2399 300 2421 nae
319 2387 479 2431 religionis
494 2393 709 2432 augmentum,
726 2389 911 2423 auctoritate
928 2389 983 2423 Do-

243 2441 319 2474 mini
344 2441 443 2475 nostri
469 2441 538 2475 Iesu
562 2441 693 2484 Christi,
719 2441 883 2475 beatorum
912 2453 983 2487 apo-

243 2496 395 2530 stolorum
414 2495 496 2528 Petri
511 2499 540 2529 et
557 2495 653 2538 Pauli,
673 2506 709 2528 ac
725 2497 842 2537 nostra,
858 2497 981 2529 matura

281 2559 289 2584 l
313 2556 424 2585 Videtur
444 2556 587 2592 legendum
608 2565 640 2583 ac
661 2565 708 2592 pro
728 2557 766 2583 ad
786 2557 823 2592 (a.
843 2558 889 2592 T.).

1013 197 1237 232 deliberatione
1250 199 1446 242 praehabita,
1460 205 1489 232 et
1502 199 1605 232 divina
1619 209 1678 243 ope
1691 209 1755 232 sae-

1013 251 1082 295 pius
1108 251 1285 295 implorata,
1310 263 1345 286 ac
1370 253 1408 286 de
1441 252 1667 286 venerabilium
1692 252 1754 285 fra-

1014 310 1097 338 trum
1122 310 1303 339 nostrorum
1326 306 1542 349 cardinalium,
1563 305 1755 350 patriarcha-

1013 369 1084 391 rum
1100 385 1107 399 ‚
1137 358 1452 403 archiepiscoporum
1478 365 1507 392 et
1531 359 1754 403 episcoporum

1014 412 1044 444 in
1064 411 1146 444 Urbe
1170 411 1370 445 existentium
1397 413 1538 454 consilio,
1553 413 1584 445 Β.
1601 413 1754 446 Thomam

1013 464 1050 497 de
1073 464 1233 498 Villanova
1257 465 1528 509 archiepiscopum
1558 465 1754 498 Valentinum

1013 517 1162 551 Sanctum
1187 528 1255 551 esse
1280 518 1476 552 decrevimus
1501 524 1529 551 et
1546 518 1755 559 definivimus,

1013 581 1048 604 ac
1059 571 1244 604 Sanctorum
1260 572 1401 615 catalogo
1416 571 1649 616 adscripsimus,
1660 577 1756 616 prout

1013 625 1225 668 praesentium
1258 630 1366 658 tenore
1398 625 1616 667 decernimus,
1642 625 1754 658 defini-

1014 688 1084 711 mus
1110 683 1140 711 et
1163 678 1383 719 adscribimus,
1404 682 1573 712 statuentes
1593 678 1631 711 ab
1653 679 1755 712 Eccle-

1014 731 1060 764 sia
1078 731 1246 764 universali
1271 731 1412 776 quolibet
1437 742 1528 772 anno,
1548 731 1598 764 dic
1618 741 1694 765 xv111
1711 741 1755 765 se-

1015 785 1180 828 ptembris,
1206 785 1391 818 memoriam
1424 785 1490 818 cius
1522 785 1602 818 inter
1632 790 1755 818 sanctos

1014 838 1214 871 Confessores
1240 838 1404 872 Pontifices
1434 838 1486 882 pia
1511 838 1675 872 devotione
1701 849 1754 872 re-

1014 891 1073 924 coli
1097 891 1223 924 debere.
1249 892 1282 924 In
1307 892 1434 925 nomine
1460 892 1558 925 Patris
1583 898 1612 925 et
1637 892 1704 925 Filii
1726 898 1756 925 et

1013 944 1147 988 Spiritus
1172 944 1285 978 Sancti.
1308 946 1415 978 Amen.

1059 998 1073 1041 ἕ
1097 997 1149 1030 33
1175 997 1357 1042 Eademque
1389 998 1574 1031 auctoritate
1609 998 1755 1032 omnibus

1016 1051 1179 1095 utriusque
1205 1061 1297 1084 sexus
1322 1051 1578 1085 christifidelibus
1597 1062 1668 1084 vere
1685 1061 1756 1095 poe-

1014 1104 1184 1137 nitentibus
1210 1110 1239 1138 et
1264 1105 1424 1145 confessis,
1441 1105 1493 1148 qui
1512 1105 1600 1137 annis
1624 1105 1755 1148 singulis

1015 1158 1046 1190 in
1070 1157 1120 1191 die
1143 1158 1220 1191 festo
1246 1158 1343 1202 ipsius
1367 1158 1396 1191 S.
1421 1158 1559 1192 Thomae
1583 1158 1621 1191 ad
1653 1159 1756 1202 sepul-

1015 1211 1195 1255 pulchrum,
1217 1212 1247 1244 in
1265 1223 1326 1256 quo
1352 1212 1419 1245 eius
1444 1222 1558 1255 corpus
1579 1212 1756 1256 requiescit,

1015 1264 1202 1298 visitandum
1229 1265 1432 1307 accesserint,
1460 1271 1580 1309 septem
1606 1275 1704 1298 annos
1728 1269 1758 1299 et

1016 1318 1144 1351 totidem
1170 1318 1388 1363 quadragenas
1406 1319 1443 1352 de
1469 1319 1614 1352 iniunctis
1642 1319 1686 1352 eis
1706 1324 1758 1352 aut

1014 1372 1089 1404 alias
1104 1372 1342 1416 quomodolibet
1359 1372 1470 1406 debitis
1488 1373 1688 1417 poenitentiis
1704 1372 1758 1405 mi·

1015 1424 1217 1458 sericorditer
1249 1425 1280 1457 in
1305 1425 1438 1458 Domino
1472 1425 1699 1469 relaxavimus,
1726 1425 1756 1458 in

1016 1477 1117 1511 forma
1141 1478 1298 1511 Ecclesiae
1322 1480 1481 1512 consueta.

1059 1531 1074 1574 ἓ
1098 1531 1150 1564 34.
1168 1531 1221 1564 llis
1238 1532 1383 1575 peractis,
1401 1532 1497 1565 Deum
1516 1531 1638 1565 Patrem
1659 1536 1756 1565 acter-

1014 1594 1100 1625 num,
1126 1594 1296 1629 regemque
1322 1585 1441 1628 gloriae
1471 1584 1628 1619 Christum
1653 1585 1756 1618 Domi-

1015 1647 1089 1670 num
1115 1638 1215 1671 Patris
1240 1638 1468 1682 sempiternum
1492 1637 1615 1679 Filium,
1630 1643 1660 1670 et
1685 1638 1756 1671 San-

1016 1696 1099 1724 ctum
1126 1691 1315 1725 paraclitum
1341 1691 1492 1735 Spiritum
1522 1701 1619 1724 unum
1644 1691 1754 1732 Deum,

1016 1755 1176 1789 unumque
1193 1745 1372 1787 Dominum,
1385 1745 1530 1778 laudibus
1544 1750 1574 1778 et
1591 1745 1756 1778 confessio-

1015 1798 1107 1831 nibus
1122 1799 1271 1839 venerati,
1285 1809 1438 1842 sacroque
1459 1799 1577 1843 hymno
1595 1799 1636 1832 Te
1651 1798 1755 1832 Deum

1015 1851 1196 1886 solemniter
1221 1852 1405 1893 decantato,
1425 1852 1575 1896 peculiari
1601 1852 1632 1884 in
1656 1852 1756 1886 hono—

1016 1915 1082 1937 rem
1108 1905 1139 1937 Β.
1165 1905 1303 1939 Thomae
1334 1906 1477 1939 oratione
1505 1906 1623 1949 precati
1647 1916 1755 1939 sumus

1014 1970 1072 2002 per
1090 1959 1230 1992 eiusdem
1249 1960 1371 2002 merita,
1386 1964 1479 2004 atquc
1496 1959 1533 1992 ad
1548 1959 1644 1992 altare
1658 1959 1755 1992 sancti

1016 2012 1098 2045 Petri
1123 2013 1257 2057 apostoli
1283 2013 1409 2046 missam
1436 2012 1664 2046 celebravimus
1685 2023 1755 2046 cum

1016 2066 1156 2099 eiusdem
1182 2066 1285 2100 Sancti
1317 2067 1629 2108 commemoratione,
1654 2067 1756 2100 omni-

1015 2120 1136 2164 busque
1161 2121 1418 2155 christifidelibus
1443 2126 1516 2155 tunc
1539 2121 1756 2166 praesentibus

1015 2174 1187 2217 plenariam
1220 2175 1362 2207 omnium
1398 2180 1599 2219 pcccatorum
1625 2185 1754 2208 suorum

1016 2227 1243 2270 indulgentiam
1259 2234 1288 2261 et
1300 2229 1518 2262 remissionem
1532 2229 1754 2263 concessimus.

1060 2280 1193 2324 Dignum
1220 2281 1316 2325 igitur
1341 2288 1370 2315 et
1395 2283 1512 2316 iustum
1530 2288 1585 2324 est,
1602 2293 1659 2316 nos
1683 2293 1755 2326 gra-

1016 2334 1073 2367 tias
1098 2344 1192 2377 agere
1223 2340 1253 2368 et
1283 2336 1417 2378 gloriam
1451 2336 1526 2369 dare
1550 2336 1613 2369 Deo
1642 2336 1756 2369 viventi

1017 2386 1046 2419 in
1064 2387 1187 2420 saecula
1211 2389 1420 2429 sacculorum,
1438 2389 1491 2433 qui
1512 2389 1669 2422 benedixit
1686 2399 1757 2422 con-

1016 2450 1139 2473 servum
1157 2446 1299 2474 nostrum
1315 2441 1345 2474 in
1363 2441 1447 2475 omni
1465 2441 1681 2475 bencdictione
1698 2442 1756 2485 spi-

1015 2493 1140 2536 rituali,
1166 2497 1198 2528 ut
1223 2500 1303 2527 essct
1332 2500 1458 2528 sanctus
1483 2501 1513 2528 et
1538 2495 1755 2528 immaculatus

1015 2558 1120 2581 coram
1148 2547 1226 2591 ipso,
1256 2553 1282 2579 ot
1310 2559 1380 2580 rum
1408 2549 1494 2581 illum
1520 2548 1639 2582 dederit
1664 2549 1754 2582 nobis

1656 141 1721 175 405
1767 151 1817 176 An.
1834 151 1862 177 C.
1886 151 1951 178 ¹658

1816 1010 1953 1031 t'isiiantibus

1770 1038 1903 1062 ςνμιιΙιςΙιι-ιιιιι
1924 1045 1953 1058 ιιι*

1770 1065 1897 1084 «lul-'entiam
1947 1075 1953 1079 -

1771 1092 1864 1117 largitur.

1804 1542 1954 1563 praesentiam

1784 1569 1938 1589 raimnizalioni

1771 1597 1886 1621 plenariam
1906 1602 1937 1615 cot
1948 1606 1954 1610 -

1771 1624 1827 1642 cmm
1846 1622 1954 1647 indulgen·

1772 1650 1829 1670 tiam.

1797 2288 1846 2309 Cum
1856 2288 1861 2308 l
1871 2289 1917 2309 isio.
