2243 3205
832 178 928 202 INDEX
954 177 1084 202 RUBRICA
1090 179 1154 203 mm

311 230 437 275 Iosephi
471 241 488 263 a
520 229 551 263 S.
579 229 674 263 Maria
704 228 892 263 Carmelitae
916 231 966 264 Di-

311 283 459 318 scalceati
483 283 523 316 ad
549 283 618 316 illas
642 288 759 327 partes,
779 282 853 316 135.

222 337 405 371 LXXXVIII.
439 337 657 371 Hortatorium
682 336 767 369 clero
791 341 822 369 et
846 337 966 381 populo

310 391 532 435 Angamalensi
553 390 721 424 occasione
739 389 902 423 missionis
923 391 967 423 Io-

311 444 402 489 sephi
427 455 444 476 a
468 443 498 477 S.
526 443 624 476 Maria
646 443 833 477 Carmelitae
849 443 967 477 Discal-

310 498 390 531 ceati
415 496 453 530 ad
472 497 668 541 provinciam
690 497 965 541 Angamalensem‚

221 604 377 638 LXXXIX.
395 604 615 638 Hortatorium
633 602 880 647 archiepiscopo
903 604 965 637 An-

310 657 486 701 gamalensi
512 657 678 691 occasione
703 657 870 690 missionis
888 657 967 691 Iose-

312 711 367 755 phi
383 722 400 745 a
413 711 444 744 S.
461 711 557 745 Maria
573 711 761 746 carmelitae
775 711 964 745 Discalceati

311 765 349 798 ad
367 765 563 810 provinciam
585 765 862 809 Angamalensem‚
889 765 963 799 136.

220 817 281 853 XC.
305 819 526 853 Hortatorium
554 819 694 863 capitulo
724 818 877 852 ecclesiae
901 819 962 852 Co-

310 872 447 906 cinensis
472 872 639 906 occasione
660 872 823 905 missionis
840 871 964 915 Iosephi

309 936 326 959 a
342 925 372 959 S.
393 925 490 959 Maria
515 925 702 960 Carmelitae
720 926 908 960 Discalceati
926 926 964 958 ad

310 979 507 1023 provinciam
533 979 816 1023 Angamalcnsem,
843 979 917 1013 137.

323 1033 469 1067 Facultas
494 1032 733 1077 congregationi
753 1039 783 1066 et
801 1032 898 1067 iudici
917 1044 965 1066 sa-

310 1097 382 1121 crae
407 1086 599 1120 visitationis
630 1087 826 1131 apostolicae
859 1087 964 1120 standi

309 1139 445 1184 simplici
454 1140 644 1174 indicationi
655 1140 963 1185 scripturarum‚etc.

309 1199 339 1226 et
352 1193 453 1226 iudici
467 1194 661 1237 procedendi
675 1193 795 1238 absque
804 1199 875 1228 voto
889 1205 965 1228 con-

309 1246 506 1291 gregationis
516 1257 618 1291 usquc
632 1246 670 1280 ad
683 1247 881 1288 sententiam,
893 1253 964 1288 etc„

309 1300 479 1341 exclusive,
498 1299 573 1334 138.

219 1353 310 1388 XCII.
325 1353 450 1387 Erectio
463 1359 585 1398 septem
601 1358 816 1388 conventuum
832 1354 963 1388 fratrum

308 1406 579 1441 Discalceatorum
596 1413 856 1450 nuncupatorum
878 1407 963 1440 Ordi-

308 1461 358 1494 nis
376 1460 593 1494 Eremitarum
608 1460 638 1493 S.
653 1460 823 1504 Augustini
840 1461 872 1493 in
889 1461 963 1494 Ger-

311 1513 420 1548 mania
446 1513 649 1547 existentium
686 1514 719 1547 in
752 1514 963 1558 provinciam,

218 1623 320 1658 XCIII.
345 1621 552 1664 Confirmatio
571 1626 765 1656 statutorum
784 1621 964 1667 Congrega-

309 1676 408 1710 tionis
418 1677 622 1710 Reformatae
636 1676 826 1709 monialium
839 1676 965 1710 Ordinis

310 1729 412 1763 sancti
432 1728 596 1763 Benedicti
618 1729 678 1762 sub
703 1729 965 1763 denominatione

309 1782 424 1816 Montis
445 1781 577 1816 Calvarii
595 1782 685 1825 regni
706 1783 870 1822 Frauciae,
887 1782 961 1815 140.

222 1836 494 1871 XCIV.Relaxatio
504 1835 723 1879 suspensionis
738 1846 795 1879 pro
812 1837 965 1880 episcopo

310 1890 488 1924 Auximano
504 1890 543 1923 ab
555 1890 704 1924 exercitio
718 1890 964 1934 pontificalium,

310 1944 334 1977 si
358 1954 454 1988 quam
472 1943 605 1976 incurrit
626 1943 666 1977 ob
685 1944 872 1978 exercitium
889 1956 966 1989 pon-

311 1997 478 2031 tificalium
503 1997 537 2030 in
563 1997 697 2031 ecclesia
721 1997 870 2032 Ilcinensi
892 2005 964 2042 post

309 2061 399 2085 suam
426 2050 680 2091 translationem,
708 2051 786 2084 141.

221 2105 312 2139 XCV.
337 2104 477 2138 Litterae
504 2114 671 2148 processus
696 2103 749 2137 SS.
777 2106 811 2138 D.
837 2105 874 2138 N.
895 2106 965 2139 Ale-

309 2157 421 2192 xandri
445 2158 550 2201 Papae
570 2157 620 2190 VII
643 2158 744 2191 lectae
768 2158 818 2191 dic
843 2159 965 2193 Coenae

310 2211 438 2246 Domini
464 2222 548 2245 anno
574 2221 705 2251 MDCLvi,
732 2211 806 2245 1402.

221 2266 320 2301 XCVI.
345 2265 551 2300 Confirmatio
576 2264 746 2299 erectionis
763 2265 877 2300 Montis
895 2266 964 2300 Pie-

311 2319 384 2353 tatis
413 2318 546 2353 civitatis
568 2318 812 2361 Alexandrinae,
840 2321 965 2364 provin-

311 2373 379 2407 ciac
405 2372 659 2413 Mediolanensis,
684 2384 757 2406 cum
777 2373 900 2408 indulto
918 2375 963 2409 di-

309 2425 498 2466 rectoribus,
519 2431 564 2467 ut,
581 2426 704 2459 ratione
722 2437 827 2460 rerum
846 2428 877 2461 in
895 2428 963 2472 ipso

309 2480 413 2514 Monte
446 2490 504 2523 pro
539 2484 683 2524 tempore
722 2481 939 2524 depositarum
955 2510 962 2521 ‚

309 2532 389 2576 exigi
414 2532 535 2577 possint
561 2532 625 2565 (luo
650 2538 739 2567 scuta
768 2544 825 2578 pro
851 2541 959 2570 cente-

308 2587 412 2627 nario,
440 2586 514 2620 148.

361 2648 440 2679 Bull.
461 2648 545 2676 Rom.
565 2664 599 2669 —
623 2649 681 2679 Vol.
702 2650 776 2678 XVI.

220 1032 294 1067 XCI.

1655 169 1719 205 825

1019 232 1131 266 XCVII.
1165 232 1356 277 Suppressio
1382 234 1643 277 Congregationis
1668 245 1763 267 cano-

1107 285 1254 319 nicorum
1280 287 1478 330 regularium
1497 287 1528 321 S.
1552 287 1688 332 Spiritus
1706 288 1762 320 Vc-

1105 338 1280 380 netiarum,
1308 339 1382 373 149.
1666 362 1669 363 ⁷

1018 390 1144 424 XCVIII.
1173 390 1362 435 Suppressio
1388 392 1516 426 Ordinis
1535 394 1668 427 fratrum
1687 394 1762 427 Cru-

1107 444 1289 486 ciferorum‚
1318 445 1393 478 15⁶2.

1017 497 1117 531 XCIX.
1145 498 1322 541 Applicatio
1346 498 1505 533 bonorum
1531 500 1561 534 in
1579 500 1670 534 Statu
1690 501 1762 534 Rei-

1106 550 1255 594 publicae
1275 552 1468 585 Venetorum
1488 553 1689 586 existentium
1708 553 1763 587 Or-

1108 604 1190 637 dinis
1204 604 1441 639 Cruciferorum
1456 613 1487 640 et
1503 607 1762 650 Congregationis

1107 658 1338 692 canonicorum
1362 660 1555 702 regularium
1574 660 1604 693 S.
1626 660 1762 703 Spiritus

1108 712 1332 753 Venetiarum,
1365 719 1395 746 et
1426 724 1596 757 parvorum
1623 725 1762 747 conven-

1108 771 1197 799 tuum
1213 777 1470 810 suppressorum,
1482 767 1583 800 cidem
1600 767 1762 811 Reipubli-

1107 829 1160 851 cae
1174 830 1233 863 pro
1248 819 1390 853 subsidio
1406 826 1518 853 contra
1537 821 1669 859 Turcas⁷
1683 820 1757 853 154.

1017 871 1048 905 C.
1074 871 1294 911 Confirmatio,
1322 873 1502 913 innovatio,
1532 874 1706 907 declaratio
1731 879 1761 907 et

1106 926 1248 959 extensio
1258 926 1525 960 constitutionum
1535 927 1763 960 BonitaciiVIII

1106 985 1136 1012 et
1161 979 1302 1023 Gregorii
1328 980 1395 1013 XIII
1421 980 1459 1012 de
1477 980 1559 1013 datis
1577 986 1607 1014 ct
1625 980 1762 1024 promis-

1106 1032 1147 1065 sis
1173 1043 1231 1076 pro
1256 1033 1376 1066 iustitia
1403 1034 1449 1065 vel
1474 1033 1575 1076 gratia
1596 1032 1681 1076 apud
1699 1033 1761 1066 Se—

1106 1085 1176 1118 dem
1202 1087 1417 1130 Apostolicam
1443 1085 1630 1126 obtinenda,
1659 1085 1733 1119 156.

1016 1139 1061 1173 CI.
1101 1140 1308 1174 Confirmatio
1342 1139 1461 1173 decreti
1495 1141 1582 1183 quod
1618 1139 1759 1183 religiosi

1104 1194 1367 1238 Congregationis
1380 1193 1609 1236 Hispaniarum
1625 1193 1759 1226 fratrum

1104 1247 1411 1291 Augustinianorum
1428 1247 1698 1280 Discalceatorum
1717 1256 1762 1279 re-

1104 1301 1317 1334 formatorum
1336 1300 1439 1343 primo
1460 1305 1491 1332 et
1510 1298 1651 1333 secundo
1678 1310 1757 1332 con-

1105 1355 1330 1397 sanguinitatis
1355 1353 1507 1397 gradihus
1532 1352 1668 1386 invicem
1687 1363 1762 1386 con-

1105 1409 1204 1442 iuncti
1225 1408 1337 1442 eodem
1357 1413 1500 1451 tempore
1520 1417 1627 1440 vocem
1645 1406 1762 1440 habere

1104 1467 1265 1505 nequeant
1281 1461 1313 1494 in
1330 1461 1481 1505 capitulo,
1500 1465 1575 1501 etc,
1592 1459 1670 1494 161.

1015 1515 1074 1549 CII.
1102 1514 1308 1549 Confirmatio
1334 1514 1452 1548 decreti
1480 1513 1645 1557 regiminis
1678 1513 1757 1547 civi-

1105 1569 1179 1602 tatis
1191 1567 1415 1608 Bononiensis,
1429 1578 1502 1600 cum
1514 1566 1761 1611 participatione

1105 1627 1136 1655 et
1160 1632 1293 1655 assensu
1317 1621 1413 1664 legati
1438 1621 1530 1661 saeta,
1559 1625 1594 1653 ut
1620 1620 1651 1652 in
1677 1620 1762 1654 sutu-

1106 1686 1177 1708 rum
1202 1674 1283 1708 nulli
1308 1681 1474 1707 senatores
1495 1673 1599 1707 dictae
1612 1673 1761 1715 civitatis,

1105 1729 1161 1773 qui
1187 1729 1379 1772 vigesimum
1404 1738 1480 1760 suae
1504 1727 1617 1760 aetatis
1642 1736 1760 1760 annum

1106 1781 1358 1826 compleverint,
1385 1787 1415 1814 et
1436 1781 1474 1813 ad
1497 1779 1681 1824 ponendum
1700 1773 1762 1814 calss

1106 1837 1215 1870 culum
1240 1835 1364 1869 habiles
1383 1834 1512 1875 tuerint,
1535 1845 1571 1867 ae
1588 1834 1637 1867 bis
1654 1833 1686 1867 in
1705 1835 1761 1868 sua

1105 1889 1234 1933 regione
1247 1899 1304 1932 pro
1321 1887 1477 1922 electione
1495 1886 1658 1921 vexilliferi
1672 1887 1761 1920 iusti-

1106 1943 1169 1977 tiae
1189 1942 1379 1986 suffragium
1405 1941 1554 1981 viderint,
1574 1942 1599 1975 si
1616 1941 1702 1986 ipsos
1719 1942 1759 1975 ad

1106 2006 1225 2030 munus
1257 1994 1421 2030 vexilliferi
1458 1994 1642 2028 huiusmodi
1686 1994 1759 2038 eligi

1105 2050 1290 2094 contingat,
1315 2049 1354 2083 ab
1380 2048 1493 2083 eodem
1519 2058 1653 2082 munere
1691 2058 1758 2081 sese

1106 2104 1241 2138 eximere
1257 2104 1392 2149 possint,
1418 2102 1493 2136 162.

1109 2158 1255 2191 Facultas
1275 2167 1391 2200 magno
1405 2156 1558 2200 magistro
1574 2161 1605 2187 et
1624 2164 1758 2188 conven-

1104 2217 1153 2244 tus
1179 2209 1346 2255 hospitalis
1371 2209 1401 2242 S.
1431 2207 1558 2242 Ioannis
1578 2208 1757 2252 Hierosoly-

1016 2157 1088 2193 CIII.

1104 2265 1214 2299 mitani
1242 2263 1382 2306 eligendi
1413 2268 1667 2302 conservatores,
1701 2262 1756 2308 qui

1104 2330 1168 2353 non
1194 2318 1255 2352 sint
1280 2318 1403 2352 iudices
1428 2316 1608 2361 synodales,
1637 2315 1711 2349 163.
1752 2318 1753 2321 ’

1116 2373 1232 2408 Statuit
1258 2379 1293 2406 ut
1325 2371 1462 2417 capitula
1495 2370 1756 2415 Congregationis

1104 2428 1235 2461 Tusciae
1261 2431 1290 2461 et
1315 2423 1524 2459 Lombardiae
1546 2423 1675 2458 Ordinis
1700 2423 1753 2457 Ci-

1103 2480 1284 2515 sterciensis
1309 2480 1347 2513 de
1371 2477 1595 2523 quinquennio
1613 2479 1645 2511 in
1663 2478 1757 2522 quin-

1103 2533 1281 2578 quennium
1304 2533 1513 2576 imposterum
1539 2531 1752 2572 celebrentur,

1105 2586 1180 2621 165.

1015 2374 1088 2408 CIV.

993 2650 1043 2679 104
