2263 3215
289 247 341 272 Αιι,
364 247 390 272 C.
411 246 476 273 1055

523 238 562 268 tlt}
1061 248 1235 270 initiatum
1264 247 1412 270 {mummi

484 294 745 338 quandocumque
760 294 961 336 provincialis
975 304 990 325 e
1000 294 1121 337 gremio
1135 295 1220 327 Flan—

484 348 613 380 111-0111111
634 349 734 387 l'uerit,
750 348 860 380 unicus
879 354 995 380 tantuin
1010 348 1047 381 sit
1064 359 1079 381 e
1098 348 1218 391 gremio
1235 379 1237 384 ,

484 401 664 434 Flandrieae
692 401 823 433 nationis
848 401 978 443 collega,
1003 412 1037 434 ac
1067 405 1128 435 tres
1154 407 1236 442 tan-¹

1234 445 1236 474 ‘3
1252 454 1359 485 dantes
1373 459 1402 485 ut
1420 457 1599 496 praesentes
1618 451 1739 483 litterae
1753 449 1987 493 quamprimum

484 457 547 486 tum
573 453 773 492 definitorem
800 453 849 485 ubi
876 458 977 487 autent
1005 455 1090 487 Vallo
1116 454 1217 494 fuerit,

484 506 593 538 unicus
625 506 742 549 pariter
774 506 811 538 sit
844 518 859 538 e
895 507 1016 549 gremio
1055 507 1216 540 Vallonum

483 559 602 601 collega
621 564 647 590 et
677 564 737 590 tres
755 559 952 592 definitores:
971 560 1119 603 Septimo,
1138 571 1217 592 com-

484 612 595 645 missus
619 612 656 644 ad
682 613 850 656 capitulum
877 613 1021 655 generale
1040 623 1163 656 semper
1180 613 1215 645 sit

482 676 498 697 e
523 665 645 707 gremio
663 666 790 697 alterius
811 677 827 698 a
844 677 900 699 suo
920 666 1103 709 provinciali
1122 666 1217 699 natio-

482 718 546 758 nis;
565 718 616 751 ubi
646 729 727 757 vero,
747 719 775 750 in
796 729 869 751 casu
895 719 1004 752 mortis
1030 719 1217 752 correcturis

483 771 659 813 generalis,
684 777 736 803 aut
766 772 876 812 aliter,
902 773 985 805 solus
1016 772 1216 815 provincialis

482 825 704 867 comparuerit,
724 831 773 857 aut
794 825 878 857 solus
893 826 1088 865 commissus,
1107 830 1217 857 neuter

481 876 596 920 aliquid
618 877 700 910 dicto
725 878 861 919 generali
888 878 1216 921 capituloproponere

482 930 583 962 valeat
599 930 655 962 nisi
677 930 884 973 approbaturi]
906 930 992 974 prius
1013 931 1050 962 ab
1072 930 1216 963 omnibus

482 988 510 1015 et
528 982 658 1025 singulis
677 984 768 1016 totius
787 984 965 1027 provinciae
983 983 1215 1016 definitoribus:

481 1035 605 1077 Octavo,
628 1036 658 1068 in
675 1047 747 1069 casu
766 1037 874 1069 mortis
893 1037 1143 1080 provincialium,
1157 1037 1217 1069 eol-

481 1088 634 1130 legarum,
648 1099 682 1121 ac
697 1089 908 1129 (letinitorum,
920 1089 1135 1132 subeligautur
1149 1100 1217 1132 per<

481 1151 574 1174 sonae
595 1152 610 1173 e
625 1142 748 1175 natione
765 1142 999 1181 desunetorum3
1017 1143 1215 1185 provincialis

481 1200 584 1227 tamen
608 1196 784 1227 subeleetus
803 1196 969 1228 terminum
995 1196 1129 1229 defuncti
1153 1200 1216 1229 tan-

480 1254 544 1280 tum
571 1249 697 1292 explere
721 1248 831 1292 possit,
857 1249 994 1291 collegae
1019 1254 1121 1281 autem
1148 1260 1214 1282 ree-

481 1303 533 1345 ligi
569 1308 716 1346 poterunt
741 1313 811 1335 casu
837 1313 899 1346 quo
924 1303 1086 1335 dimidium
1113 1303 1213 1336 trien-

481 1356 522 1389 nii
549 1366 610 1388 non
643 1356 852 1399 expleverint:
878 1357 984 1396 Nono,
1010 1366 1071 1389 non
1096 1357 1214 1400 possint

480 1409 687 1453 provinciales
717 1408 877 1442 Vallones¹
904 1420 957 1442 seu
985 1409 1107 1442 Flandri
1132 1410 1215 1442 nori-

481 1462 539 1497 tios
566 1463 658 1495 liuius
682 1467 734 1496 aut
758 1463 885 1496 alterius
909 1462 1043 1495 nationis
1064 1463 1214 1506 recipere,

479 1515 538 1548 nisi
556 1516 867 1560 proportionabiliter
884 1516 921 1548 ad
944 1526 1108 1548 numerum
1122 1526 1213 1559 quem

480 1569 635 1602 sustinere
658 1574 804 1612 poterunt
829 1575 997 1602 conventus
1015 1580 1087 1601 suae
1112 1580 1216 1613 respe-

480 1622 559 1655 ctive
583 1623 727 1662 nationis,
744 1622 856 1665 quibus
881 1632 989 1654 eorum
1016 1622 1103 1655 dotes
1120 1623 1216 1666 appli-

480 1676 633 1709 cabuntur
650 1676 732 1708 iuxta
753 1675 988 1719 dispositionem
1004 1676 1214 1718 provincialis,

481 1730 641 1762 Vallonum
663 1729 780 1762 scilicet
794 1729 885 1761 alicui
901 1729 1065 1761 conventui
1085 1739 1101 1761 e
1118 1729 1215 1762 Vallo-

479 1783 567 1823 nicis,
580 1788 608 1815 et
622 1783 828 1816 Flandrorum
845 1793 860 1814 e
875 1782 1061 1815 Flandricis:
1078 1783 1214 1823 Decimo,

479 1847 537 1880 pro
555 1836 759 1869 conventibus
778 1836 943 1869 Vallonicis
956 1842 1142 1868 censeantur
1159 1837 1216 1868 An-

480 1889 689 1930 derlaeensis,
715 1889 900 1927 lnsulensis,
924 1889 1101 1930 Montensis,
1126 1889 1214 1921 Dria-

481 1942 590 1981 censis,
608 1953 643 1975 ac
660 1942 721 1982 alii,
739 1952 817 1985 quos
841 1942 870 1974 in
891 1942 1027 1974 Vallonia
1050 1942 1213 1984 eontigerit

481 1996 654 2039 acceptari;
677 2002 707 2027 et
733 2007 789 2039 pro
815 1996 1020 2028 conventibus
1044 1995 1216 2028 Flandricis

480 2050 723 2093 Antuerpiensis,
750 2049 967 2089 Bruxellensis,
993 2049 1215 2082 Gerardinion-

481 2103 602 2142 densis,
628 2103 845 2142 Lovaniensis,
871 2102 1156 2146 DunquerquensiS,
1182 2113 1216 2134 ac

482 2156 553 2199 (pro
578 2156 673 2199 nune)
698 2155 877 2188 Leodiensis
902 2160 931 2188 et
956 2155 1152 2199 lppiliensis‚
1182 2166 1216 2188 ac

481 2209 554 2250 alii,
580 2220 658 2253 quos
682 2209 800 2252 pariter
825 2209 854 2241 in
880 2209 1026 2241 Flandria
1051 2209 1217 2251 contigerit

482 2263 655 2306 acceptari;
680 2263 733 2295 sed
759 2262 864 2306 quam*z
888 2263 1024 2306 primum
1047 2268 1217 2296 conventus

482 2317 693 2357 Lovaniensis,
708 2317 893 2360 lppiliensis,
907 2321 958 2349 aut
972 2317 1217 2361 Dunquerquen-

482 2370 533 2411 sis,
554 2375 606 2402 aut
630 2370 708 2404 alter
734 2370 886 2413 ipsorum,
905 2370 934 2402 in
956 2370 1215 2403 correctoriatum

482 2423 652 2466 erigentur,
667 2428 740 2456 tunc
752 2424 947 2463 Leodienses,
959 2429 1065 2466 utpote
1078 2423 1216 2456 eiusdem

482 2476 648 2517 idiomatis,
661 2476 826 2510 Vallonicis
839 2477 1146 2509 annumerabuntur:
1161 2478 1218 2510 Un—

483 2529 615 2569 decimo,
633 2534 802 2563 conventus
827 2529 1063 2563 Anderlacensis
1088 2539 1171 2563 nunc
1188 2534 1218 2562 et

520 2602 529 2627 1
550 2600 616 2628 Edit.
634 2600 713 2627 Main.
731 2601 795 2634 legit
813 2601 927 2627 Valloni
945 2601 982 2633 (R,
999 2603 1047 2631 Τ.).

517 2646 533 2673 2
549 2645 640 2674 Potius
655 2646 713 2681 lege
731 2654 820 2681 quum
836 2654 882 2681 pro
898 2653 982 2681 quam
997 2646 1036 2681 (n.
1053 2646 1101 2681 T.).

1998 243 2049 268 An.
2073 242 2101 268 C.
2121 242 2186 269 1655

1255 295 1299 327 in¹
1316 299 1501 338 perpetuum
1518 292 1632 326 nationi
1649 291 1824 324 Vallonicae
1841 301 1990 334 aggrega-

1254 349 1347 387 bitur,
1363 358 1420 380 nec
1437 357 1571 390 unquam
1587 345 1625 379 ab
1640 345 1689 377 illa
1706 345 1814 388 quavis
1831 345 1868 376 de
1885 346 1989 384 causa,

1253 401 1416 433 occasione
1438 400 1483 431 rel
1503 403 1663 442 praetextu
1689 397 1894 440 separabitur.
1905 397 1989 430 Man-

1253 508 1449 550 publicentur
1477 506 1505 538 in
1535 505 1698 548 utriusque
1722 503 1856 536 nationis
1881 503 1988 535 liuius-

1253 560 1335 592 modi
1362 558 1547 591 delinitoriis
1572 558 1608 589 ad
1630 558 1689 590 lioc
1713 556 1889 600 specialiter
1916 566 1988 589 eon-

1251 613 1428 656 gregandis,
1446 624 1481 645 ac
1506 612 1617 645 deinde
1644 611 1673 643 in
1698 610 1893 651 singulorum
1916 619 1987 642 eon-

1252 671 1398 698 ventuum
1424 666 1579 710 capitulis.

1294 718 1353 760 ξῧ.
1373 719 1414 751 Ae
1436 719 1640 752 decernentes
1658 716 1781 749 easdem
1808 721 1987 759 praesentes
2010 758 2030 766 ,A
2059 730 2185 751 mammos

1252 772 1368 804 litteras
1393 783 1518 816 semper
1542 772 1661 811 tii-mas,
1689 769 1803 801 validas
1832 774 1858 801 et
1889 757 2185 805 otiien-lllli‘flimffi‘lfill

1251 836 1301 858 ces
1326 826 1456 859 existere
1482 832 1509 858 et
1535 826 1612 864 sore,
1635 836 1669 857 ae.
1693 824 1731 856 ab
1757 823 1826 864 illis,
1845 823 1882 855 ad
1907 834 1987 867 quos

1251 885 1370 922 spectat
1394 885 1423 912 et
1452 891 1509 923 pro
1535 885 1675 922 tempore
1700 877 1854 921 spectabit
1879 887 1985 920 respe-

1251 932 1339 971 ctive,
1355 932 1573 966 inviolabiliter
1588 938 1617 964 et,
1633 932 1816 964 inconcusse
1835 935 1987 974 perpetuo

1250 986 1428 1026 observari,
1449 986 1554 1029 sieque
1574 986 1602 1017 in
1623 984 1804 1028 praemissis
1820 994 1876 1027 per
1893 994 1988 1027 quos-

1251 1048 1384 1081 cumque
1410 1039 1526 1071 iudices
1559 1037 1735 1071 ordinarios
1759 1043 1788 1069 et
1812 1037 1987 1078 delegatos,

1251 1092 1341 1123 etiam
1368 1102 1530 1124 causarum
1558 1091 1661 1135 palatii
1686 1090 1848 1134 apostolici
1867 1090 1988 1122 audito-

1251 1156 1309 1183 res,
1329 1145 1457 1178 iudicari
1476 1151 1503 1178 et
1522 1145 1643 1178 deliniri
1661 1145 1786 1184 debere,
1804 1155 1840 1177 ac
1865 1143 1987 1177 irritum

1250 1203 1276 1230 et
1298 1199 1396 1238 inane,
1425 1199 1448 1231 si
1481 1210 1570 1231 secus
1598 1198 1756 1241 superbis
1779 1208 1794 1230 a
1819 1207 1986 1241 quoquam,

1249 1252 1356 1295 quavis
1371 1252 1565 1291 auctoritate,
1587 1252 1720 1284 scienter
1735 1251 1780 1283 rel
1796 1250 1987 1293 ignoranter,

1249 1306 1412 1348 eontigerit
1440 1305 1593 1337 attentari.

1293 1361 1309 1401 ἕ
1338 1359 1366 1391 lt.
1400 1360 1466 1392 Non
1498 1357 1693 1391 obstantibus
1725 1358 1926 1401 praemissis,
1951 1368 1987 1392 ac
2003 1366 2186 1389 conii-ariamini.

1249 1411 1522 1445 constitutionibus
1548 1416 1577 1443 et
1597 1410 1846 1443 ordinationibus
1866 1417 1987 1454 aposto-

1250 1465 1325 1504 licis,
1340 1474 1459 1497 neeuon
1474 1464 1545 1496 dicti
1561 1463 1694 1505 Ordinis,
1710 1463 1839 1506 eiusque
1857 1464 1986 1506 provin-

1250 1517 1367 1549 ciarum
1399 1528 1434 1549 ac
1464 1522 1673 1550 conventuum
1702 1526 1984 1560 quorumcumque,

1250 1570 1341 1603 etiam
1366 1570 1551 1611 iuramento,
1577 1569 1814 1602 confirmatione
1843 1569 1988 1612 apostoli-

1250 1626 1295 1664 ca,
1315 1624 1360 1656 vel
1376 1623 1483 1667 quavis
1502 1623 1649 1656 firmitate
1667 1623 1726 1655 alia
1744 1623 1910 1665 roboratis,
1930 1628 1988 1656 sta-

1250 1677 1333 1718 tutis,
1352 1677 1639 1717 eonsuetudiniluis,
1664 1676 1835 1720 privilegiis
1851 1686 1986 1719 quoque,

1251 1730 1376 1762 indultis
1391 1734 1419 1764 et
1432 1730 1542 1762 litteris
1556 1729 1735 1772 apostolieis
1753 1729 1853 1761 eidem
1868 1728 1986 1771 Ordini,

1249 1794 1284 1815 ae
1312 1783 1483 1827 provinciis
1512 1788 1543 1815 et
1568 1781 1771 1815 conventibus
1796 1782 1987 1823 huiusmodi,

1251 1837 1438 1880 illorumque
1462 1836 1679 1879 superioribus
1702 1841 1730 1868 et.
1750 1836 1898 1868 fratribus
1923 1835 1988 1881 qui-

1250 1890 1365 1931 husus,
1385 1889 1415 1921 in
1433 1889 1624 1922 contrarium
1643 1888 1887 1932 praemissorum
1909 1899 1987 1932 quo-

1252 1943 1420 1976 modolibet
1445 1942 1610 1983 concessis,
1636 1942 1829 1975 confirmatis
1849 1945 1878 1975 et
1904 1942 1988 1976 inno-

1253 1997 1336 2036 vati&
1353 1996 1466 2040 quibus
1479 1995 1624 2028 omnibus
1647 2000 1677 2027 et
1698 1995 1838 2037 singulis,
1860 1995 1986 2028 illorum

1253 2054 1374 2083 tenores
1399 2048 1616 2092 praesentibus
1647 2058 1705 2091 pro
1738 2048 1827 2091 plene
1852 2053 1881 2080 et
1907 2048 1989 2081 suffi-

1251 2103 1369 2136 cienter
1390 2101 1544 2145 expressis
1566 2112 1600 2133 ac
1620 2101 1657 2133 de
1682 2101 1779 2134 verbo
1799 2101 1835 2133 ad
1858 2101 1987 2133 verbum

1252 2156 1375 2188 insertis
1400 2155 1557 2195 babentes,
1578 2154 1636 2186 illis
1653 2154 1728 2186 alias
1746 2154 1773 2186 in
1796 2165 1852 2187 suo
1873 2154 1988 2187 robore

1252 2208 1473 2253 permansuris,
1498 2208 1555 2240 bac
1570 2207 1635 2239 vice
1660 2207 1820 2240 dumtaxat
1845 2207 1987 2251 speciali-

1252 2268 1298 2294 ter
1312 2267 1340 2293 et
1352 2271 1498 2304 expresse
1512 2261 1711 2303 deroganius;
1731 2260 1905 2304 ceterisque
1919 2270 1989 2293 con-

1253 2315 1356 2347 trariis
1380 2315 1641 2358 quibuscumque.

1296 2368 1310 2410 g
1344 2366 1373 2399 3.
1404 2367 1553 2399 Volumus
1580 2371 1683 2399 autem
1712 2372 1743 2399 ut
1776 2366 1987 2410 praesentium

1253 2419 1471 2463 transumptis,
1496 2419 1588 2451 etiam
1618 2419 1795 2462 impressis,
1822 2429 1988 2452 11131111ηο-

1254 2473 1320 2507 tarii
1346 2473 1461 2516 publici
1487 2472 1687 2516 subscriptis,
1720 2478 1750 2505 et
1781 2472 1884 2515 sigillo
1915 2483 1987 2516 per-

1252 2536 1345 2559 sonae
1363 2526 1392 2557 in
1410 2525 1619 2558 ecclesiastiea
1636 2525 1785 2568 dignitate
1803 2524 1988 2558 constitutae

1288 2643 1298 2668 ¹
1317 2639 1463 2677 praeposit.
1482 2641 1511 2668 in
1525 2648 1574 2669 nos
1589 2640 1714 2668 addimus
1727 2640 1765 2674 (R.
1784 2645 1831 2673 T.)-
