2243 3205
255 182 306 206 Au.
328 181 356 206 (J.
377 180 442 205 tudo
489 172 551 203 tii=l

348 2033 458 2053 tlt-erctum

277 2060 334 2080 l'auli
350 2059 374 2080 V.

455 233 485 259 et
506 226 690 265 visitatione,
707 225 858 265 dominio,
877 225 1105 268 superioritate,
1122 225 1192 259 sub·

457 278 587 311 lectione
621 283 650 309 ct
681 282 833 320 potestate
865 287 923 320 pro
955 283 1096 321 tempore
1128 278 1191 310 exi-

457 330 564 362 stentis
589 329 729 372 episcopi
755 329 950 370 ParisiensiS,
967 340 1023 363 seu
1048 330 1130 363 illius
1153 330 1193 363 of-

457 381 565 414 ficialis
597 386 649 413 aut
680 381 785 413 vicarii
807 381 838 413 in
863 381 1079 425 spiritualibus
1099 392 1192 424 genc-

458 436 541 475 ralis,
557 444 679 467 necnon
696 438 910 478 protectorum
936 447 971 469 ac
999 436 1194 478 generalium

458 494 487 519 ct
503 487 742 530 provincialium
762 488 978 522 ministrorum
999 489 1195 531 aliorumque

459 541 670 584 praelatorum
701 546 730 573 et
755 542 952 584 superiorum
985 541 1110 575 Ordinis
1134 542 1196 573 fra-

460 599 541 624 trum
560 592 775 635 mitigator-um
798 594 937 627 eiusdem
957 595 1067 627 beatae
1084 593 1196 626 Mariae

461 645 594 687 Virginis
619 645 657 678 dc
680 646 782 680 Monte
807 647 959 688 Carmelo,
977 648 1008 680 in
1028 646 1197 690 spirituali-

460 698 517 730 bus
542 702 571 729 ct
602 699 838 741 temporalibus,
863 700 986 744 penitus
1018 704 1048 732 et
1071 698 1199 732 omnino

461 750 566 782 itidem
592 756 743 794 perpetuo
776 753 890 785 exemit
918 758 948 785 ct
972 752 1136 793 liberavit,
1164 762 1200 784 ac

462 802 519 835 sub
546 803 576 835 Β.
603 803 683 837 Petri
710 809 739 836 et
769 804 855 838 Sedis
884 805 1080 849 Apostolicae
1108 809 1200 847 atque

462 858 517 888 sua
531 860 560 890 et
574 867 633 899 pro
648 862 790 901 tempore
803 858 962 890 existentis
976 857 1107 891 Romani
1125 857 1201 889 Pon-

463 908 553 941 tificis
575 910 770 952 protectione
791 916 819 943 et
844 910 1015 943 inviolabili
1041 919 1202 942 conserva-

464 962 546 995 tione
567 963 714 1007 suscepit,
732 963 898 1007 ipsumque
915 962 1139 996 monasterium
1158 962 1201 995 sic

463 1021 601 1048 ereetum
628 1016 805 1057 visitationi,
830 1016 1028 1058 correctioni,
1054 1015 1200 1048 obedien-

465 1068 533 1108 tiae,
559 1069 770 1112 superioritati
795 1074 823 1102 et
853 1068 1051 1102 omnimodae
1076 1067 1202 1100 iurisdi-

464 1122 559 1155 ctioni
573 1122 604 1154 in
620 1122 737 1155 eisdem
755 1122 970 1166 spiritualibus
986 1133 1044 1166 pro
1061 1127 1202 1165 tempore

465 1175 623 1208 existentis
655 1175 861 1208 commissarii
898 1175 1054 1218 generalis
1078 1175 1202 1208 Ordinis

464 1230 597 1262 fratrum
634 1228 896 1262 Discalceatorum
941 1239 996 1261 seu
1035 1229 1199 1262 Reforma-

467 1287 570 1314 torum
595 1287 848 1325 nuncupatorum
880 1281 989 1314 beatae
1020 1281 1134 1314 Mariae
1165 1281 1203 1314 de

467 1336 568 1369 Monte
587 1336 740 1375 Carmelo,
759 1341 798 1377 et,
816 1336 915 1369 donec
932 1335 1013 1368 illius
1031 1336 1139 1378 regula
1156 1346 1204 1368 re-

466 1390 599 1422 formata
631 1388 811 1421 huiusmodi
843 1389 873 1421 in
899 1393 1073 1421 memorato
1106 1398 1204 1431 regno

468 1442 627 1482 Franciae,
647 1442 699 1475 ubi
718 1442 840 1475 nullum
865 1442 967 1474 adhuc
983 1447 1109 1474 eatenus
1127 1441 1206 1474 viro-

468 1508 538 1529 rum
565 1496 789 1528 monasterium
816 1496 873 1529 sub
900 1497 936 1528 ea
962 1495 1096 1527 militare
1121 1505 1206 1538 repe-

468 1549 619 1590 riebatur,
638 1554 762 1592 recepta
787 1554 817 1582 et
841 1548 1017 1581 introducta
1042 1548 1131 1590 soret,
1147 1558 1206 1591 pro

470 1609 613 1645 tempore
639 1602 797 1636 existentis
827 1602 943 1647 prioris
968 1602 1123 1644 generalis
1148 1602 1205 1635 Or-

469 1656 550 1688 dinis
566 1655 805 1696 Carthusicnsis,
831 1666 901 1688 cum
928 1655 1058 1687 diversis
1079 1655 1206 1688 faculta-

471 1709 563 1749 tibus,
584 1720 705 1742 necnon
730 1720 835 1750 curae,
866 1708 1031 1752 gubernio,
1062 1708 1206 1751 regimini

472 1767 501 1794 et
525 1762 787 1795 administrationi
824 1762 918 1795 trium
951 1761 1206 1806 presbyterorum

472 1815 502 1847 in
520 1815 636 1848 eisdem
662 1815 774 1848 litteris
798 1816 1042 1855 nominatorum,
1067 1825 1138 1848 cum
1164 1815 1209 1847 di-

473 1869 569 1901 versis
592 1869 696 1902 itidem
715 1869 924 1909 facultatibus,
941 1869 1113 1912 respective
1130 1869 1206 1902 sub-

473 1921 554 1961 iecit,
580 1928 610 1954 et
633 1923 708 1955 alias
725 1928 819 1966 prout
835 1922 867 1955 in
883 1922 973 1955 dictis
997 1922 1108 1955 litteris
1132 1922 1208 1954 ube-

473 1975 538 2007 rius
555 1976 741 2009 continetur.

519 2028 762 2061 Postmododum
788 2039 861 2062 vero
887 2028 1071 2061 recolendae
1098 2039 1212 2062 memo-

474 2081 539 2113 riae
566 2081 677 2113 Paulus
702 2082 785 2125 Papa
804 2081 839 2121 V,
857 2081 964 2114 itidem
989 2081 1212 2125 praedecessor

474 2138 592 2173 noster,
614 2145 670 2176 per
687 2134 837 2177 quasdam
859 2144 929 2166 suas
947 2134 978 2166 in
996 2134 1091 2166 simili
1111 2134 1211 2167 forma

475 2185 581 2218 Brevis
617 2186 735 2219 litteras
768 2186 816 2219 die
847 2197 878 2219 ix
903 2187 1090 2230 septembris
1115 2197 1211 2220 Mnfflv

476 2238 643 2282 expeditas,
655 2250 724 2272 cum
739 2239 909 2283 accepisset
923 2240 1117 2283 praedictum
1132 2241 1213 2284 prio-

477 2302 544 2324 rem
571 2292 749 2333 generalem
774 2292 898 2325 Ordinis
916 2293 1154 2334 Carthusiensis‚
1173 2293 1213 2326 vi-

475 2354 551 2386 gore
577 2344 693 2377 decreti
712 2344 742 2377 in
760 2345 895 2388 capitulo
916 2346 1053 2388 generali
1075 2346 1212 2379 eiusdem

476 2396 599 2429 Ordinis
617 2397 700 2439 editi,
718 2397 811 2431 onus¹
837 2398 1018 2432 huiusmodi
1044 2410 1214 2439 recusasse,

479 2453 550 2482 tunc
576 2451 718 2484 existenti
752 2452 783 2484 in
814 2452 974 2495 praedicto
1007 2463 1104 2495 regno
1130 2452 1216 2486 Sedis

515 2519 525 2545 1
550 2519 629 2546 Edit?
640 2520 719 2548 Main.
741 2522 804 2557 legit
819 2522 964 2550 editionus
983 2530 1030 2557 pro
1047 2523 1130 2558 editi,
1146 2531 1217 2550 onus

479 2564 516 2596 (a.
534 2568 581 2596 τ.).

1024 178 1202 202 BULLAIUUM
1227 178 1381 202 tiOMANUM

1969 178 2021 205 An.
2042 179 2069 206 C.
2087 179 2154 208 1560
2171 210 2174 218 ¹

1224 224 1422 268 Apostolicae
1449 225 1564 258 nuncio
1578 252 1586 266 ,
1606 229 1639 259 ut
1662 225 1792 268 singulis
1816 226 1959 267 bienniis,
2172 225 2173 229 ’

1226 277 1324 310 donec
1341 277 1424 310 aliud
1444 277 1482 310 ab
1503 278 1570 321 ipso
1599 277 1694 310 Paulo
1719 277 1961 321 praedecessore

1227 335 1256 362 ct
1279 329 1357 362 Sede
1377 330 1516 373 praefata
1534 329 1712 362 mandatum
1734 330 1823 370 foret,
1840 330 1961 363 etiamsi

1227 382 1300 414 dicti
1331 382 1443 414 fratres
1474 382 1657 416 Carmelitae
1679 381 1859 416 Discalceati
1890 387 1963 415 tunc

1229 436 1332 468 forsan
1358 435 1483 468 Parisiis
1502 435 1547 468 vel
1566 435 1596 467 in
1621 435 1689 467 aliis
1710 434 1885 468 civitatibus
1909 445 1964 468 seu

1229 487 1305 520 loeis
1330 487 1419 529 regni
1441 488 1569 531 praefati
1595 492 1765 521 conventus
1789 486 1966 520 obtinerent

1231 541 1276 573 vel
1299 540 1330 572 in
1350 545 1512 583 posterum
1537 545 1789 584 assequerentur,
1806 550 1902 572 unum
1923 550 1966 572 sa-

1231 593 1400 634 cerdotem,
1426 604 1462 626 ex
1487 593 1611 627 duobus
1631 593 1688 626 sibi
1712 592 1909 626 nominandis
1930 603 1967 626 ac

1232 646 1468 690 praesentandis
1493 657 1550 690 per
1574 645 1750 690 praedictos
1775 645 1967 678 administra-

1234 705 1327 739 tores,
1348 699 1379 731 in
1401 699 1590 733 visitatorem
1613 698 1686 732 dicti
1704 704 1734 731 et
1753 698 1886 731 aliorum
1905 708 1968 731 mo-

1233 752 1442 784 nasteriorum
1467 751 1744 785 Carmelitanarum
1769 750 1968 784 Disealeeata-

1234 814 1303 836 rum
1329 803 1361 836 in
1388 803 1471 837 dieto
1496 814 1595 847 regno
1618 804 1766 836 Franciae
1790 807 1968 836 erectorum

1235 856 1282 889 vel
1307 856 1338 888 in
1364 861 1525 900 posterum
1551 856 1774 899 erigendorum
1800 855 1969 899 deputare,

1235 920 1270 943 ac
1294 910 1381 942 illum
1408 909 1452 942 sic
1476 910 1659 953 deputatum
1692 919 1748 942 suo
1779 907 1909 941 arbitrio
1941 912 1971 940 et

1236 963 1314 996 infra
1334 963 1501 997 triennium
1527 973 1686 1003 revocare,
1711 967 1741 994 et
1765 961 1853 995 finito
1877 960 1972 994 trien-

1235 1016 1287 1049 nio
1311 1016 1348 1049 ad
1373 1016 1456 1049 aliud
1477 1015 1657 1058 triennium,
1674 1025 1736 1048 non
1754 1019 1857 1047 tamen
1881 1014 1972 1054 ultra,

1236 1069 1424 1102 confirmare
1450 1074 1564 1113 posset,
1588 1069 1766 1102 facultatem
1798 1067 1972 1111 concessit,

1237 1123 1450 1166 visitatorique
1474 1122 1655 1155 huiusmodi
1679 1133 1774 1166 super
1798 1121 1973 1155 visitatione

1236 1176 1501 1209 monasteriorum
1517 1175 1749 1220 praedictorum
1765 1178 1864 1209 certas
1881 1174 1974 1207 facul-

1237 1236 1314 1264 tates
1335 1230 1484 1264 attribuit.
2190 1259 2191 1264 ,

1281 1284 1318 1317 Et
1343 1284 1516 1317 successive
1545 1283 1627 1317 idem
1653 1283 1765 1316 Paulus
1789 1282 1973 1326 praedeces-
2014 1272 2191 1315 reaumaus-i

1238 1349 1289 1372 sor
1307 1338 1391 1380 (eum
1413 1337 1506 1380 paulo
1526 1342 1596 1369 ante
1615 1335 1896 1379 Congregationern
1913 1335 1973 1368 cle-
1987 1321 2170 1377 {flitmffillfff‘fi
2189 1360 2193 1375 x

1238 1391 1377 1423 ricorum
1402 1390 1536 1424 Oratorii
1560 1394 1770 1433 nuncupatam
1788 1416 1795 1430 ‚
1827 1388 1974 1433 deputato
1988 1375 2171 1437 ss{i{ii3⁵¹ss“⁸r}32
2190 1406 2192 1409 -

1240 1444 1270 1476 in
1294 1442 1377 1476 illius
1413 1442 1628 1486 praepositum
1663 1442 1842 1485 generalem
1874 1427 2032 1475 bonaew
2050 1427 2169 1455 “pumma
2192 1474 2194 1477 .

1240 1496 1412 1530 memoriae
1436 1496 1527 1529 Petro
1552 1496 1626 1529 dum
1652 1495 1726 1529 vixit
1749 1496 1778 1529 S.
1799 1496 1833 1529 R.
1854 1495 1887 1529 E.
1912 1505 1976 1529 car·
2192 1501 2195 1541 j

1240 1550 1334 1583 dinali
1355 1549 1393 1583 de
1416 1549 1540 1583 Berulle
1562 1549 1759 1593 nuncupato¹
1777 1555 1850 1583 tunc
1867 1549 1898 1582 in
1917 1549 1976 1582 mi·
2191 1554 2196 1596 t

1240 1603 1370 1637 neribus
1391 1609 1513 1646 agente,
1533 1603 1693 1644 erexisset,
1710 1602 1887 1647 dictamque
1902 1602 1978 1637 Con·
2192 1598 2193 1601 ’

1241 1657 1456 1700 gregationem
1482 1667 1518 1689 ex
1536 1656 1726 1700 presbyteris
1749 1656 1864 1700 pietate
1880 1661 1910 1689 et
1925 1655 1978 1690 do·
2132 1676 2136 1677 ν
2193 1648 2197 1701 l

1242 1710 1342 1744 ctrina
1358 1710 1545 1754 conspicuis,
1564 1714 1664 1742 aetate
1678 1709 1836 1752 gravibus,
1849 1709 1978 1753 zeloque
2197 1712 2198 1715 ’

1242 1775 1317 1807 erga
1334 1764 1518 1807 religionem
1534 1763 1719 1797 catholicam
1733 1769 1764 1796 et
1778 1763 1888 1797 Sedem
1899 1765 1980 1808 Apo-

1243 1818 1384 1851 stolicam
1415 1817 1644 1861 praestantibus
1668 1817 1873 1860 compositam
1901 1827 1978 1860 esse,

1243 1876 1273 1903 et
1297 1871 1410 1904 uberes
1435 1871 1555 1903 fructus
1579 1870 1610 1903 in
1635 1870 1723 1902 vinea
1752 1869 1876 1903 Domini
1904 1865 1979 1914 pro—

1243 1924 1359 1957 ducere
1375 1924 1547 1968 accepisset
1555 1923 1590 1967 ²),
1607 1925 1762 1964 revocata,
1780 1933 1874 1968 quam
1892 1923 1980 1966 prius

1244 1977 1359 2010 nuncio
1384 1977 1544 2021 praedicto
1563 1976 1724 2017 tribuerat,
1744 1976 1913 2020 deputandi
1938 1975 1980 2008 vi-

1245 2031 1406 2063 sitatorem
1446 2029 1711 2063 monasteriorum
1747 2029 1980 2073 praedictorum

1245 2083 1390 2116 facultate
1404 2109 1412 2123 ‚
1433 2082 1649 2126 praedictum,
1670 2087 1834 2125 ceteraque
1858 2081 1981 2115 Ordinis

1245 2137 1522 2170 Carmelitanarum
1554 2136 1808 2169 Excalceatarum
1832 2139 1982 2168 monaste-

1247 2190 1292 2222 ria
1315 2189 1347 2222 in
1371 2199 1468 2231 regno
1492 2188 1640 2221 Franciae
1672 2183 1838 2222 constituta
1867 2188 1978 2222 liuius-

1247 2242 1342 2282 modi‚
1369 2247 1431 2274 tam
1455 2245 1583 2275 eatenus
1600 2247 1713 2282 erecta,
1730 2252 1824 2285 quam
1848 2252 1885 2274 ex
1909 2247 1982 2274 tunc

1247 2295 1407 2339 perpetuis
1425 2295 1536 2328 futuris
1552 2295 1745 2338 temporibus
1762 2294 1920 2338 erigenda,
1934 2305 1983 2327 eu-

1248 2359 1310 2389 rae,
1337 2347 1527 2388 visitationi,
1545 2347 1732 2381 correctioni
1758 2352 1788 2380 et
1811 2346 1983 2391 superiori-

1249 2401 1301 2433 tati
1322 2400 1396 2434 dicti
1421 2400 1503 2434 Petri
1524 2407 1553 2434 et
1577 2411 1635 2444 pro
1661 2404 1801 2444 tempore
1823 2399 1983 2433 existentis

1248 2454 1418 2498 praepositi
1443 2454 1609 2496 generalis,
1634 2454 1686 2497 qui
1711 2453 1889 2487 huiusmodi
1915 2463 1982 2486 mo-

1287 2526 1298 2551 1
1316 2524 1382 2551 Mate
1397 2524 1461 2551 edit.
1479 2524 1557 2551 Maia.
1575 2524 1639 2559 legit
1654 2524 1816 2559 nuncupati
1830 2524 1870 2559 (R.
1886 2524 1934 2558 L).

1285 2568 1301 2594 2
1317 2568 1463 2603 Perperam
1475 2567 1569 2596 eadem
1580 2568 1623 2595 ed.
1634 2567 1936 2603 habetaccepissentm.
1944 2567 1984 2603 τ.)
