2243 3205
289 170 338 198 An.
356 171 385 198 c.
404 171 466 198 1661
516 163 579 196 646

323 869 473 898 Supradirtum

290 897 330 922 igni
378 897 473 916 emnium

291 924 341 943 vult.

362 2454 473 2478 [incretum

291 2482 343 2503 alias
354 2486 472 2504 exiiaiiatum
489 2503 495 2509 ,

291 2510 386 2530 retertur.

488 220 613 260 nostris,
638 225 790 263 perpetuo
807 220 1001 261 damnamus,
1019 222 1226 265 reprobamus

489 278 519 305 et
543 273 770 314 interdicimus
795 284 830 306 ac
855 285 914 318 pro
938 274 1096 315 damnato,
1121 285 1226 318 repro-

488 326 560 359 bato
585 331 615 358 et
639 326 806 360 interdicto
831 327 939 360 haberi
964 328 1118 368 volumus,
1145 327 1226 360 eius-

489 389 550 421 que
575 378 827 422 impressionem,
852 379 1017 413 lectionem
1036 386 1065 413 et
1082 380 1226 413 retentio-

488 441 559 463 nem
582 432 736 464 universis
754 438 784 465 et
801 432 932 475 singulis
953 433 1117 476 utriusque
1135 443 1226 465 sexus

488 484 755 526 christifidelibus,
781 486 1008 529 cuiuscumque
1033 485 1159 528 gradus,
1180 496 1227 518 or-

487 537 578 578 dinis,
603 538 811 579 conditionis,
838 539 1019 582 dignitatis,
1044 539 1174 572 lionoris
1198 543 1227 572 et

487 591 779 634 praemminentiae,
794 593 866 625 licet
887 592 925 625 de
950 593 1010 625 illis
1032 592 1173 636 specialis
1198 597 1228 625 et

489 644 647 677 individua
672 645 790 678 mentio
815 645 957 678 habenda
982 645 1226 686 soret,existant,

488 696 546 730 sub
568 699 671 740 poena
697 699 1029 731 excommunicationis
1054 699 1133 731 latae
1158 708 1227 731 sen-

488 750 602 782 tentiae
634 751 701 794 ipso
727 751 794 784 iure
826 751 1049 792 incurrendae,
1074 757 1227 796 perpetuo

487 803 703 846 prohibemus,

534 857 548 899 ξ
571 855 600 889 3.
618 857 796 891 Mandantes
813 858 895 901 quod
913 858 1016 891 statim
1038 859 1228 902 quicumque

489 910 565 942 illud
591 910 769 951 habuerint,
798 912 844 943 vel
871 912 901 944 in
926 912 1066 944 futurum
1092 912 1228 955 quando-

490 974 625 1007 cumque
650 965 817 1006 habebunt,
832 965 957 997 realiter
974 971 1003 998 et
1020 976 1090 998 cum
1115 966 1227 998 effectu

491 1017 658 1050 exhibeant
682 1021 711 1051 et
736 1018 858 1050 tradant
882 1018 1024 1051 locorum
1057 1019 1228 1052 Ordinariis

490 1069 538 1102 vel
562 1070 811 1113 inquisitoribus,
837 1071 900 1114 qui,
925 1072 1012 1104 nulla
1043 1072 1228 1116 interposita

491 1124 590 1163 mora,
600 1123 790 1166 exemplaria
808 1124 879 1166 igne
893 1125 1083 1157 comburant
1096 1130 1126 1157 et
1143 1135 1228 1158 com-

490 1176 562 1208 buri
586 1176 721 1217 saciant,
748 1177 777 1209 in
814 1178 1007 1210 contrarium
1044 1178 1229 1211 facientibus

490 1239 552 1263 non
577 1230 771 1263 obstantibus
794 1231 1054 1275 quiquscumque.

533 1283 645 1316 Datum
667 1284 799 1324 Romae,
824 1285 908 1328 apud
933 1285 962 1317 S.
987 1285 1113 1318 Mariam
1138 1285 1229 1318 Maio-

490 1346 579 1377 rem,
604 1336 663 1369 sub
691 1337 807 1370 annulo
833 1337 1019 1379 Piscatoris‚
1041 1338 1090 1371 die
1114 1348 1157 1371 xli
1185 1338 1228 1370 ia-

489 1389 590 1422 nuarii
614 1391 951 1434 MDCLX1,p0ntificatus
965 1392 1064 1425 nostri
1089 1401 1171 1424 anno
1185 1401 1226 1424 w.

526 1452 583 1479 Dat.
601 1452 644 1479 die
660 1453 693 1479 12
707 1452 823 1480 ianuarii
842 1453 920 1488 1661,
937 1453 1032 1488 pontif.
1047 1462 1117 1481 anno
1132 1460 1167 1480 vt.

768 1569 950 1603 CCCXXVII.

488 1635 637 1671 Decernit
662 1644 690 1671 et
714 1638 859 1671 declarat
883 1640 1058 1673 rectoribus
1078 1644 1106 1673 et
1125 1640 1228 1673 adrni-

530 1691 763 1724 nistratoribus
783 1693 1055 1725 monasteriorum
1075 1694 1228 1727 Carmeli-

533 1748 686 1777 tanarum
709 1745 802 1788 requi
825 1745 988 1778 Franciae
1011 1746 1144 1778 nultum
1166 1747 1227 1788 ins,

530 1797 703 1841 nequidem
719 1798 927 1839 cumutacz've,
943 1798 1103 1832 visitandi
1119 1799 1229 1832 eadem

531 1851 728 1884 monasteria
751 1855 934 1895 competere,
963 1851 1017 1884 sed
1040 1852 1146 1884 solum
1171 1852 1228 1885 ad-

531 1904 808 1936 ministrationem
826 1905 1032 1948 spiritualem
1059 1909 1088 1938 et
1113 1909 1228 1948 tempo-

531 1957 635 1989 ralem
660 1957 842 1990 eorumdem
866 1958 909 1991 ad
933 1958 1056 1991 eosdem
1077 1963 1228 2002 spectare,

531 2009 756 2054 decretumque
779 2015 807 2044 et
831 2011 1083 2044 declarationem
1114 2012 1228 2044 liuius-

530 2063 620 2096 ‘modi
631 2064 688 2097 sub
702 2066 1047 2098 eoecommum‘catz‘om's
1062 2066 1147 2099 latae
1163 2077 1230 2099 sen-

533 2118 649 2149 tentiae
678 2118 779 2160 poend
810 2128 868 2161 per
899 2129 1005 2151 ornnes
1029 2123 1058 2152 et
1082 2119 1228 2163 singalas

529 2180 693 2213 personas,
718 2181 800 2214 quae
822 2172 902 2214 ipsis
926 2172 1140 2215 quovismodo
1158 2183 1229 2205 con-

533 2223 730 2255 travenerint
754 2224 822 2266 ipso
845 2225 928 2267 facto
953 2225 1161 2265 incurrendd,
1182 2226 1228 2258 in-

531 2285 676 2308 concusse
685 2276 848 2309 observari
857 2278 1017 2321 praecipit
1027 2282 1055 2311 et
1066 2278 1201 2312 mandat
1209 2277 1226 2311 ¹.

683 2347 850 2375 Alexander
870 2348 949 2382 Papa
968 2349 1029 2382 vn,

611 2393 645 2417 ad
666 2395 843 2425 perpetuam
863 2392 909 2419 rei
924 2392 1106 2420 memoriam.

532 2451 547 2493 ἓ
570 2449 600 2484 1.
625 2452 707 2485 Alias
732 2459 918 2487 emanarunt
949 2464 967 2486 a
990 2454 1080 2487 nobis
1104 2454 1226 2488 litterae

488 2513 519 2536 in
543 2504 635 2537 simili
661 2506 760 2539 forma
792 2507 920 2547 Brevis,
946 2508 1063 2541 tenoris
1097 2508 1148 2551 qui
1180 2518 1227 2541 se—

523 2567 534 2592 1
554 2566 589 2592 Ex
606 2567 712 2602 Rege-st.
729 2569 755 2594 in
771 2569 874 2596 Secret.
892 2570 970 2596 Brev.

1065 172 1243 198 BULLARIUM
1267 172 1421 197 ROMANUM

1258 221 1373 264 quitur,
1399 220 1552 253 videlicet:
1584 220 1794 254 «Alexander
1810 222 1904 266 Papa
1920 221 1993 262 VII,

1259 273 1300 306 ad
1315 278 1504 318 perpetuam
1516 274 1563 307 rei
1573 275 1774 307 memoriam.
1787 275 1831 308 Ad
1841 276 1996 319 pastorale

1259 325 1427 368 fastigium,
1452 326 1537 359 nullo
1562 326 1634 359 licet
1660 326 1844 360 meritorum
1873 331 1996 362 nostro-

1259 390 1329 412 rum
1355 379 1515 423 suffragio,
1530 391 1587 424 per
1600 380 1788 414 ineffabilem
1806 381 1929 415 divinae
1946 381 1998 416 bo-

1259 432 1363 465 nitatis
1389 432 1610 466 abundantiam
1636 434 1749 477 evecti,
1775 434 1855 467 inter
1880 435 1998 478 gravis-

1260 485 1364 527 simas,
1390 486 1642 530 multiplicesque
1667 497 1768 529 curas,
1785 487 1901 530 quibus
1925 487 1998 521 assi-

1260 539 1319 571 due
1338 539 1523 582 premimur,
1545 550 1612 573 eam
1630 540 1781 584 peculiari
1810 540 1914 574 studio
1935 551 1998 574 am-

1260 593 1448 635 plectimur,
1473 599 1507 626 ut
1532 594 1611 627 felici
1648 605 1809 628 sacrarum
1840 594 1997 638 virginum

1261 651 1290 678 et
1314 646 1517 679 honestarum
1554 647 1743 690 mulierum,
1777 658 1867 691 quae,
1892 649 1998 692 spreta

1261 699 1356 732 seculi
1384 699 1538 740 vanitate,
1562 700 1710 733 Altissimi
1743 700 1901 744 obsequiis
1931 711 1999 734 sese

1261 752 1318 785 sub
1344 752 1429 784 suavi
1463 752 1624 795 religionis
1654 753 1727 796 iugo
1759 753 1999 798 manciparunt,

1262 806 1408 849 regimini
1430 809 1459 839 et
1483 806 1646 840 directioni
1679 807 1867 851 opportunis
1896 807 1996 841 ratio-

1261 859 1353 891 nibus
1377 859 1542 892 consulere
1559 865 1746 902 satagamus,
1765 865 1860 904 prout
1877 861 2000 893 matura

1261 911 1510 945 consideratione
1523 913 1650 956 praevia
1665 913 1875 957 conspicimus
1899 913 1929 946 in
1942 913 2000 947 Do·

1262 965 1347 999 mino
1372 965 1538 1000 salubriter
1563 966 1710 1010 expedire
1726 965 1734 982 ¹
1751 979 1778 1000 ».

1306 1019 1320 1062 ἓ
1344 1019 1373 1051 ⁶2.
1399 1019 1487 1052 Nunc
1511 1023 1626 1060 autem,
1647 1020 1878 1053 controversias
1903 1030 1998 1064 super
2014 1032 2188 1063 pocretumprao-
2222 1055 2224 1058 ,

1261 1072 1494 1115 praedictorum
1526 1073 1789 1106 monasteriorum
1816 1073 1999 1106 monialium
2014 1059 2188 1107 lffifmmmm'

1262 1125 1540 1158 Carmelitanarum
1567 1126 1821 1159 Excalceatarum
1846 1127 1877 1158 in
1902 1136 2000 1169 regno

1262 1177 1411 1211 Franciae
1428 1178 1663 1211 consistentium
1680 1178 1856 1211 visitatione
1866 1183 1999 1221 exortas,

1261 1240 1320 1273 pro
1344 1231 1529 1263 commissae
1554 1231 1643 1264 nobis
1672 1231 1820 1265 divinitus
1845 1231 2000 1276 apostoli-

1263 1294 1316 1316 cae
1342 1284 1584 1328 dispensationis
1602 1286 1688 1325 cura,
1707 1285 1811 1329 sopire
1828 1285 2000 1329 cupientes,

1261 1337 1299 1369 de
1335 1343 1583 1371 memoratorum
1625 1338 1830 1371 cardinalium
1865 1339 2001 1382 negotiis

1262 1395 1291 1422 et
1316 1390 1597 1424 consultationibus
1622 1391 1841 1435 episcoporum
1860 1396 1890 1424 et
1911 1401 2002 1435 regu-

1262 1442 1375 1475 larium
1399 1444 1650 1487 praepositorum
1665 1471 1672 1485 ‚
1697 1444 1729 1476 in
1753 1455 1888 1488 quorum
1919 1455 1998 1478 con-

1262 1496 1445 1539 gregatione
1482 1507 1574 1530 causa
1610 1497 1794 1532 visitationis
1818 1498 2000 1531 huiusmodi

1262 1549 1375 1582 iterum
1396 1550 1570 1583 examinata
1591 1550 1657 1592 suit,
1675 1550 1811 1595 quippe²
1830 1552 1999 1596 quicquam

1261 1613 1279 1635 a
1303 1603 1444 1646 partibus
1477 1615 1646 1648 earumque
1679 1605 1940 1648 procuratoribus
1971 1610 2001 1639 et

1261 1656 1419 1690 advocatis
1451 1658 1622 1701 utrinque³
1653 1657 1822 1691 deductum
1854 1659 1912 1693 suit
1938 1669 1998 1692 au·-

1262 1709 1417 1750 diverunt,
1443 1711 1584 1751 consilio,
1610 1711 1808 1744 inhaerentes
1824 1711 1922 1755 priori
1939 1722 2001 1745 me-

1262 1769 1402 1796 moratae
1416 1764 1670 1807 congregationis
1683 1764 1810 1798 decreto
1822 1765 2000 1809 nostrisque

1262 1816 1372 1850 litteris
1396 1817 1598 1861 praeinsertis
1623 1817 1759 1861 desuper
1783 1818 1944 1860 emanans,
1964 1829 2000 1852 ac

1261 1869 1421 1903 decretum
1455 1875 1485 1903 et
1516 1871 1635 1904 litteras
1670 1871 1850 1905 huiusmodi
1886 1872 1999 1905 harum

1262 1922 1343 1955 serie
1368 1923 1590 1956 confirmantes
1608 1928 1637 1956 et
1661 1924 1881 1968 approbantes,
1901 1930 1999 1965 motu,

1262 1975 1402 2017 scientia,
1423 1976 1649 2010 deliberatione
1674 1982 1704 2010 et
1727 1978 1888 2021 potestatis
1903 1978 1998 2022 pleni-

1262 2029 1369 2062 tudine
1401 2030 1540 2073 paribus,
1571 2031 1739 2074 praedictis
1763 2031 1941 2065 rectoribus
1970 2036 2000 2065 et

1262 2082 1570 2116 administratoribus
1602 2083 1858 2127 supradictorum
1884 2094 1996 2118 mona-

1262 2135 1429 2169 steriorum
1449 2136 1631 2169 monialium
1661 2137 1780 2169 nullum
1803 2137 1860 2178 ius,
1876 2147 1916 2170 ne
1932 2137 2000 2182 qui-

1261 2188 1331 2221 dem
1357 2189 1564 2232 cumulative⁷
1591 2189 1732 2222 visitandi
1757 2190 1866 2223 eadem
1891 2201 1998 2224 mona-

1261 2241 1356 2274 steria
1381 2247 1571 2286 competere,
1596 2242 1649 2276 sed
1674 2243 1775 2276 solum
1800 2243 1999 2277 administra-

1261 2296 1376 2330 tionem
1402 2296 1598 2340 spiritualem
1624 2301 1654 2329 et
1678 2297 1884 2340 temporalem
1907 2297 1995 2341 ipso-

1260 2361 1330 2383 rum
1356 2350 1620 2384 monasteriorum
1646 2350 1683 2384 ad
1708 2350 1834 2384 eosdem
1859 2356 1998 2385 rectores

1297 2441 1307 2465 1
1326 2439 1441 2474 Reliqua
1456 2439 1516 2466 vide
1531 2447 1611 2475 supra
1628 2447 1687 2475 pag.
1704 2440 1755 2466 504
1769 2440 1807 2474 (a.
1822 2441 1870 2473 τ.).

1294 2483 1309 2510 2
1326 2483 1425 2510 Forsan
1442 2484 1547 2518 quique
1564 2492 1611 2519 pro
1628 2484 1735 2518 quippe
1751 2484 1893 2519 legendum
1904 2484 1996 2519 (aaz).

1295 2528 1309 2552 3
1330 2527 1395 2553 Male
1410 2528 1474 2554 edit.
1493 2527 1570 2554 Maia.
1589 2528 1651 2562 legit
1669 2530 1822 2562 utrumque
1837 2536 1884 2563 pro
1900 2528 1997 2555 utrin-

1259 2580 1312 2605 que
1334 2572 1372 2606 (a.
1389 2571 1438 2606 T.).

2013 174 2060 200 An.
2076 175 2104 201 c.
2125 176 2183 206 ieet
2208 172 2209 176 ’
