2243 3205
838 157 937 183 INDEX
961 158 1161 182 RUBRICARUM

233 212 384 247 CCLXVI.
429 211 532 256 Super
573 212 775 255 exemptione
813 211 975 255 religionis

321 265 356 298 B.
386 266 512 298 Ioannis
537 265 590 298 Dei
612 270 817 308 nuncupatae
843 265 881 297 de
898 264 978 297 Fcete

321 319 374 351 ben
401 318 540 361 fratelli,
567 318 606 350 ab
632 317 817 350 omnimoda
846 317 978 350 iurisdi-

321 372 425 405 ctione
451 371 709 410 Offlinariorum,
736 369 810 402 511.

234 425 396 460 CCLXVII.
424 425 548 458 Erectio
574 423 756 468 provinciae
777 424 979 456 Reformatae

327 479 357 512 S.
386 479 502 512 Mariae
533 478 690 521 l'ngariae
716 479 849 510 trau-um
874 478 976 510 Mino-

326 543 397 566 rum
425 532 525 565 sancti
551 531 711 564 Francisci
731 530 905 564 Strictioris
923 530 980 564 Ol)-

324 585 511 625 servantiae,
540 583 614 618 512.

239 638 415 673 CCvatll.
434 638 524 677 Quod
542 637 698 682 generalis
719 637 980 681 Congregationis

327 693 560 727 monachorum
597 691 648 725 del
690 692 816 724 Tardon
852 690 980 724 Ordinis

328 747 427 780 saneti
452 745 557 779 Basilii
588 745 690 789 Magni
717 744 819 779 visitet
845 744 982 787 Congre-

326 800 490 843 gationem
516 811 553 833 eo
578 800 675 833 modo
701 810 766 843 qno
803 799 981 843 disponunt

327 854 437 886 Brevia
463 853 634 887 novissima
651 853 772 886 Urbani
789 852 853 885 vlll
880 857 910 885 et
935 852 982 884 In-

325 907 463 940 nocentii
490 907 524 947 X,
549 906 622 939 514.

239 959 389 995 CCLXIX.
417 960 565 994 Decernit
590 960 746 1003 quaedam
776 964 892 992 statuta
917 958 978 991 Or-

328 1013 412 1046 dinis
425 1013 558 1046 fratrum
573 1013 729 1047 Minorum
745 1013 843 1046 sancti
856 1011 982 1044 Franci-

328 1068 372 1101 sci
390 1068 428 1101 de
453 1066 656 1100 Observantia
684 1066 767 1099 circa
791 1065 980 1099 electionem

329 1120 581 1164 guardianorum
616 1119 748 1153 omnino
784 1118 982 1153 observanda

329 1185 409 1214 esse,
436 1186 473 1207 ac
498 1174 633 1217 proinde
660 1184 770 1207 omnes
795 1174 980 1212 electiones,

328 1238 410 1271 quae
436 1229 474 1261 de
498 1234 605 1261 cetero
638 1228 670 1261 in
705 1227 871 1272 provincia
900 1227 984 1260 Gra-

329 1282 453 1315 natensi
468 1281 598 1316 Ordinis
621 1281 805 1315 huiusmodi
830 1281 905 1314 {ient
920 1287 983 1314 tam

330 1336 583 1379 praesidentium
609 1336 641 1368 in
666 1335 982 1379 guardianos‚s1ua1n

330 1390 460 1423 illorum
475 1389 529 1433 qui
539 1394 610 1422 ante
621 1389 903 1432 congregationem
914 1399 985 1433 pro-

331 1443 497 1477 vincialem
531 1443 752 1476 intermediam
785 1442 984 1485 guardiano-

332 1507 403 1530 rum
429 1496 532 1530 officia
553 1495 828 1535 renunciaverint,
847 1496 871 1528 si
896 1495 927 1528 in
948 1506 984 1529 eo

332 1551 468 1584 triennio
485 1550 690 1594 reeligentur,
709 1560 779 1582 esse
801 1549 982 1590 cassandas,

333 1604 506 1638 irritandas
531 1610 561 1637 et
586 1603 808 1643 annullandas,
836 1602 911 1636 516.

245 1657 382 1692 CCLXX.
408 1658 448 1691 Ut
472 1657 511 1691 de
537 1662 641 1691 cetero
668 1656 828 1690 commissi
855 1656 886 1689 in
911 1667 986 1690 con-

332 1711 517 1755 greg-atione
550 1711 652 1744 saneti
690 1709 841 1744 Bernardi
877 1720 986 1743 mona-

332 1765 466 1799 chorum
484 1765 592 1797 Italiae
609 1763 736 1797 Ordinis
754 1763 982 1805 Cisterciensis,

333 1824 442 1852 exacto
467 1818 610 1858 biennio,
626 1817 663 1851 ad
690 1817 835 1851 habitum
855 1828 985 1851 conver-

334 1882 443 1905 sorum
465 1871 603 1913 admitti,
623 1877 654 1904 et
673 1877 743 1914 post
762 1881 881 1903 annum
898 1870 985 1903 novi-

333 1926 428 1959 tiatus
454 1925 595 1968 profiteri
622 1925 754 1968 possint,
779 1923 851 1958 518.

247 1977 397 2012 CCLXXI.
426 1978 598 2012 Confirmat
631 1978 792 2011 decretum
827 1978 910 2011 circa
938 1990 986 2011 re-

335 2031 515 2076 ceptionem
541 2031 734 2072 oblatorum,
763 2031 986 2075 probationem

335 2092 366 2120 et
383 2085 612 2119 admissionem
637 2086 675 2118 ad
702 2085 844 2119 habitum
864 2087 895 2119 in
916 2097 988 2130 pro-

335 2140 439 2173 vincia
461 2140 508 2173 Ss.
533 2138 683 2172 Ludovici
709 2145 738 2173 ct
763 2139 892 2172 Elzearii
911 2139 986 2173 Con-

333 2193 527 2237 gregationis
540 2193 722 2227 Gallicanae
740 2193 837 2226 Tertii
859 2192 986 2226 Ordinis

335 2246 434 2280 sancti
458 2246 630 2287 Francisci,
658 2246 731 2280 519.

248 2299 411 2334 CCLXXII.
447 2299 536 2338 Quod
568 2300 714 2334 monachi
748 2300 847 2333 sancti
880 2299 983 2333 Basilii

335 2353 561 2398 Hispaniarum
586 2354 708 2398 possint
733 2353 856 2388 deferre
881 2353 986 2387 cucul-

334 2408 397 2440 lam
434 2407 571 2452 amplam
613 2409 766 2448 talarem,
792 2407 983 2441 manicatam

333 2472 430 2505 quam
444 2462 576 2504 floccam
594 2467 707 2494 vocant
727 2472 732 2492 z
763 2461 795 2493 [n
814 2462 908 2494 causti
927 2461 985 2493 Sa-

242 2549 247 2560 ,
335 2514 523 2548 lamantinci
547 2513 702 2555 cucullae,
732 2513 806 2547 521.

246 2567 421 2603 CCLXXIII.
445 2567 622 2601 Declaratio
648 2577 743 2610 super
767 2567 862 2600 modo
892 2567 984 2604 intel-

1664 145 1726 180 837

1118 210 1236 254 ligendi
1253 211 1414 254 quoddam
1432 209 1593 242 decretum
1612 219 1668 252 pro
1688 208 1771 252 epis-

1121 274 1200 307 copo
1226 263 1365 297 Curiensi
1391 269 1421 296 et
1445 263 1558 296 abbate
1587 262 1770 295 monasterii

1119 318 1157 350 de
1197 317 1354 361 Ensylden
1395 327 1491 360 super
1527 315 1769 356 iurisdictione,

1121 370 1195 403 522.

1004 457 1006 469 ,
1031 423 1206 457 CCLXXIV.
1233 423 1439 457 Confirmatio
1465 423 1653 457 concordiae
1678 433 1774 466 super

1120 477 1345 510 controversiis
1363 476 1445 509 inter
1465 477 1649 520 episcopum
1671 481 1702 509 et
1722 486 1773 509 ca-

1120 529 1256 572 pitulum
1277 529 1427 562 ecelesiae
1446 529 1620 569 Cnriensis7
1636 529 1773 562 etabba-

1120 588 1183 615 tem
1211 582 1394 615 monasterii
1427 582 1687 622 DissertinensiS,
1714 581 1773 615 Cu-

1121 635 1233 668 riensis
1248 636 1410 671 dioecesis,
1420 636 1588 669 occasione
1603 635 1774 679 exemptio-

1122 689 1173 721 nis
1199 688 1275 722 dicti
1296 689 1479 722 monasterii
1498 688 1701 728 vertentibus,
1719 699 1774 721 au-

1123 742 1267 775 ctoritate
1292 742 1394 774 nuntii
1413 742 1578 784 apostolici
1599 741 1683 784 apud
1704 741 1775 774 Hel-

1123 797 1222 829 vetios
1244 795 1414 836 stabilitae,
1443 794 1516 828 5023.

1034 848 1193 883 CCLXXV.
1219 848 1309 887 Quod
1324 848 1487 892 provincia
1509 847 1662 880 Franciae
1677 848 1774 881 Tertii

1122 901 1245 935 Ordinis
1274 902 1372 934 sancti
1408 900 1564 933 Francisci
1598 911 1774 944 congrega-

1122 955 1216 988 tionis
1249 954 1369 988 Galliae
1400 954 1446 988 uti
1479 954 1579 997 possit
1612 954 1701 987 Brevi
1736 953 1774 987 ab

1122 1007 1252 1042 Urbano
1278 1008 1342 1040 vtlt
1380 1013 1525 1040 emanato
1559 1006 1617 1040 sub
1650 1007 1701 1040 die
1737 1017 1776 1040 xx

1122 1061 1252 1104 augusti
1276 1070 1393 1093 „uncxm
1419 1071 1515 1103 super
1547 1060 1696 1093 facultate
1722 1060 1776 1093 ad-

1122 1115 1269 1148 mittendi
1308 1114 1431 1147 oblatos
1456 1125 1511 1147 seu
1542 1113 1711 1146 servientes
1736 1113 1775 1146 ad

1122 1169 1283 1213 caputium
1302 1174 1332 1201 et
1349 1174 1464 1201 statum
1482 1168 1639 1207 laicalem,
1659 1166 1733 1200 527.

1035 1221 1242 1256 CCLXXXVI.
1271 1222 1451 1255 Nonnullae
1473 1220 1703 1253 declarationes
1723 1230 1774 1253 su-

1125 1287 1182 1319 per
1217 1274 1445 1308 controversiis
1481 1274 1562 1306 inter
1595 1274 1777 1317 generalem

1125 1329 1251 1363 Ordinis
1275 1329 1432 1362 Minorum
1459 1327 1498 1360 de
1523 1326 1726 1360 Obseriantia
1748 1332 1778 1359 et

1124 1382 1352 1428 provincialem
1371 1381 1552 1425 provinciae
1568 1380 1613 1413 Ss.
1629 1379 1779 1412 Ludovici

1126 1444 1154 1470 et
1174 1436 1305 1470 Elzearii
1325 1435 1407 1468 tertii
1426 1434 1552 1468 Ordinis
1569 1432 1669 1466 sancti
1686 1433 1780 1465 Fran-

1125 1490 1213 1531 cisei‚
1240 1488 1314 1522 528.

1037 1543 1231 1578 CCLXXVII.
1252 1542 1463 1584 Praeceptum
1481 1539 1608 1573 nunciis
1631 1538 1779 1583 apostoli-

1126 1596 1170 1629 cis
1190 1606 1246 1639 pro
1272 1601 1415 1638 tempore
1427 1594 1510 1637 apud
1526 1592 1684 1625 Helvetios
1698 1602 1780 1624 com-

1127 1650 1327 1683 morantibus
1375 1649 1457 1682 circa
1503 1645 1779 1689 consignationem

1128 1706 1359 1748 scripturarum
1377 1702 1588 1736 nunciaturae
1605 1699 1780 1733 successori

1126 1758 1320 1797 faciendam,
1349 1756 1422 1790 531.

1038 1812 1243 1846 CCLxxvtllt
1268 1810 1443 1844 Moderatio
1469 1808 1710 1842 constitutionis
1740 1818 1779 1841 ne

1128 1866 1275 1899 monaehi
1311 1863 1438 1898 Ordinis
1479 1862 1579 1896 sancti
1615 1861 1779 1895 Benedicti

1127 1919 1385 1964 congregationis
1425 1916 1639 1961 Portugalliae
1675 1925 1780 1948 sacros

1127 1973 1255 2005 ordines
1273 1971 1446 2015 suscipiant
1473 1976 1546 2003 ante
1565 1971 1688 2014 lapsum
1713 1979 1780 2002 sex-

1127 2027 1214 2060 ennii
1248 2027 1287 2060 al)
1324 2027 1468 2068 ingressu
1494 2024 1674 2067 religionis,
1701 2030 1776 2064 ete,

1129 2081 1203 2113 5:31.

1041 2135 1217 2169 CCLXth.
1245 2133 1333 2173 Quod
1359 2134 1471 2166 fratres
1495 2132 1631 2165 Minores
1655 2130 1693 2163 de
1718 2129 1779 2162 Ol)-

1128 2189 1284 2221 servantia
1302 2187 1399 2220 sancti
1422 2184 1581 2219 Francisci
1599 2184 1778 2228 provinciae

1127 2242 1287 2274 valentiae
1322 2251 1387 2273 non
1424 2240 1543 2283 possint
1577 2237 1713 2270 transire
1739 2233 1777 2269 ad

1126 2295 1323 2329 Recollectos
1350 2293 1469 2335 absque
1494 2291 1621 2324 licentia
1644 2290 1777 2323 ministri

1128 2349 1341 2393 provincialis,
1369 2346 1443 2380 5:32.

1040 2404 1205 2439 CCLXxx.
1245 2402 1419 2435 Confirmat
1451 2399 1616 2433 decretum
1649 2395 1777 2440 capituli

1126 2457 1282 2502 generalis
1314 2453 1572 2497 congregationis
1612 2451 1776 2496 llispania-

1126 2511 1251 2544 niarnm
1265 2512 1396 2543 fratrum
1413 2508 1683 2540 Discalceatorum
1696 2515 1778 2538 nun-

1127 2571 1316 2608 cupatorum
1352 2560 1576 2595 Sanctissimae
1616 2557 1777 2592 Trinitatis
