2243 3205
70 186 118 211 An.
133 183 160 209 C.
184 183 251 210 1658

99 1202 183 1223 standai
207 1206 254 1227 pro-

75 1229 157 1250 unciali
172 1234 255 1254 prmiu-

73 1258 120 1277 ciac
151 1255 255 1276 Tamum

75 1283 96 1303 S.
108 1282 214 1303 francisci
230 1281 256 1301 «lo

75 1309 215 1330 observantia
235 1310 257 1328 ut

74 1335 109 1356 itta
128 1335 215 1356 decreta
230 1334 256 1354 ab

75 1362 173 1388 inquietis
181 1364 201 1381 et
212 1367 257 1387 per·

75 1388 216 1409 turbatoribus
223 1388 258 1408 ob-

75 1421 153 1436 servari
164 1415 238 1436 faciat.

862 184 1047 208 ALEXANDER
1072 184 1115 207 vll
1140 185 1188 208 ΓΡ.

264 229 462 263 definitorem
491 230 733 265 reformatorum
764 237 817 265 aut
844 231 940 264 alium
970 242 1005 264 ex

266 283 442 316 reformatis
472 283 624 328 deputare
658 284 837 325 tenebitur,
871 295 1023 328 cumque¹

266 335 452 369 venerabilis
487 337 584 370 frater
610 343 716 371 noster
746 337 929 371 Franciscus
947 336 1007 381 epi-

265 399 380 433 scopus
405 390 586 424 Portuensis
621 391 759 424 eiusdem
791 395 914 423 sanctae
939 390 1003 423 Ro-

266 452 377 476 manae
413 444 570 477 Ecclesiae
608 444 774 478 cardinalis
817 443 1006 477 Barberinus

266 502 477 541 nuncupatus,
494 497 567 531 dicti
586 497 710 532 Ordinis
731 497 814 542 apud
832 508 888 531 nos
906 503 935 531 et
953 497 1004 531 Se-

266 548 337 581 dem
355 550 566 594 Apostolicam
584 556 754 595 protector,
769 551 930 584 decretum
952 551 1008 584 hu-

268 602 403 636 iusmodi
429 603 479 637 die
510 614 559 638 >ux
592 604 730 638 octobris
743 604 889 648 proxime
909 604 1007 649 elapsi

267 657 322 688 sua
344 661 374 689 et
394 663 587 690 memoratae
605 658 859 701 congregationis
877 657 1008 691 auctori-

267 713 328 741 tate
342 709 590 750 confirmaverit3
607 710 757 754 praedicti
774 721 847 744 rcro
864 710 1008 751 rebelles,

268 761 415 795 omnibus
441 762 623 806 praemissis
649 774 711 797 non
741 763 951 806 obstantibus,
979 764 1008 796 in

269 816 324 847 sua
339 815 511 849 rebellione
525 816 729 860 pertinaciter
745 817 868 858 durent,
882 823 911 850 et
925 829 1008 861 spre-

269 867 306 900 tis
331 866 430 902 dictae
455 870 710 913 congregationis
730 870 874 911 decretis,
899 870 1008 903 etiam¹

268 921 469 965 auctoritate,
496 923 534 956 ab
559 923 669 957 iisdem
694 924 876 968 praemissis
902 924 1009 968 appel-

270 974 336 1008 lare
360 975 427 1008 ausi
452 975 585 1017 fuerint·,
610 976 700 1010 nobis
725 982 892 1021 propterea
909 977 1010 1009 dictus

271 1028 456 1062 Guillelmus
481 1029 643 1064 humiliter
668 1030 836 1074 supplicari
874 1031 944 1063 feeit
979 1035 1011 1063 ut

269 1081 300 1114 in
317 1082 500 1126 praemissis
515 1087 691 1127 opportune
715 1083 882 1128 providere
899 1084 937 1116 de
958 1083 1011 1117 be-

269 1135 421 1179 nignitate
438 1138 609 1180 apostolica
630 1138 844 1181 dignaremur.

315 1190 329 1234 ξ
353 1189 382 1223 3.
409 1191 470 1224 Nos
496 1191 612 1234 igitur,
638 1192 782 1225 eumdem
809 1191 1009 1225 Guillelmum

272 1244 461 1289 specialibus
498 1245 657 1278 stivoribus
693 1251 722 1278 et
757 1245 865 1288 gratiis
905 1257 1011 1289 prose-

271 1298 324 1343 qui
362 1299 520 1340 volentes,
556 1304 585 1332 et
620 1310 636 1332 a
676 1300 836 1343 quibusvis
880 1310 1008 1332 exeom-

273 1352 513 1393 municationis,
539 1353 754 1397 suspensionis
779 1360 807 1386 et
833 1353 1011 1396 interdicti,

273 1406 404 1450 aliisque
428 1407 645 1440 ecclesiasticis
670 1407 846 1448 sententiis,
872 1407 1012 1440 censuris

274 1465 304 1494 et
327 1460 447 1504 poenis,
473 1471 489 1493 a
514 1461 581 1493 iure
607 1461 653 1493 vel
678 1460 716 1493 ab
741 1461 878 1503 homine,
905 1461 1012 1504 quavis

274 1515 438 1549 occasione
464 1515 509 1548 vel
535 1516 628 1548 causa
652 1515 733 1555 latis,
758 1515 781 1547 si
806 1515 918 1558 quibus
940 1526 1014 1558 quo-

275 1568 446 1602 modolibet
471 1568 636 1602 innodatus
662 1569 774 1611 existit,
803 1569 839 1601 ad
867 1569 1012 1601 effectum

274 1622 486 1666 praesentium
503 1622 664 1655 dumtaxat
682 1622 949 1665 consequemlum,
964 1622 1014 1654 lia-

274 1686 344 1709 rum
370 1675 451 1708 serie
475 1675 673 1708 absolventes
692 1681 721 1708 ct
745 1675 921 1708 absolutum
950 1676 1014 1709 fore

274 1735 447 1771 censentes,
468 1730 648 1763 huiusmodi
672 1730 953 1773 supplieationibusv
972 1730 1015 1762 in-

274 1784 389 1825 clinati,
415 1784 452 1817 de
477 1784 636 1828 praefatae
668 1784 923 1827 congregationis
948 1794 1015 1817 car-

274 1838 424 1871 dinalium
458 1839 611 1879 consilio,
642 1838 766 1871 attentis
801 1838 956 1877 narratis,
983 1843 1016 1870 ut

275 1892 404 1925 omnino
428 1893 583 1936 praefatae
617 1897 810 1925 memoratae
835 1891 1016 1935 provinciae

275 1944 521 1988 perturbatores,
538 1951 567 1978 et
585 1955 693 1978 omnes
711 1944 772 1987 alii,
791 1945 815 1977 si
841 1945 893 1988 qui
913 1946 1016 1977 forsan

276 1998 432 2039 existunt,
457 2008 567 2031 eorum
593 1998 730 2031 fautores
757 2003 786 2030 et
811 1998 1017 2031 adluierentcs

277 2051 400 2084 tandem
430 2051 596 2094 aliquando
630 2057 880 2095 compescantur,
905 2058 934 2084 et
958 2063 1016 2095 pax

276 2110 307 2139 et
327 2105 535 2148 tranquillitas
556 2105 655 2138 dictae
674 2105 854 2149 provinciae
879 2106 1018 2139 restitua-

278 2162 327 2192 tur
350 2164 381 2191 et
406 2164 618 2201 conservetur,
644 2159 758 2191 dilecto
784 2158 848 2192 lilio
874 2159 1017 2192 ministro

277 2211 462 2256 provinciali
477 2211 615 2245 eiusdem
630 2212 819 2256 provinciae,
833 2213 1018 2245 auctoritate

277 2265 461 2310 apostolica,
478 2270 586 2298 tenore
611 2266 834 2309 praesentium,
849 2266 955 2298 stricte
974 2265 1018 2298 in-

279 2319 448 2362 iungimus,
475 2324 507 2351 ut
531 2320 636 2352 omnia
661 2330 756 2362 supra
781 2319 946 2352 enunciata
971 2318 1019 2351 de-

279 2379 374 2413 creta,
401 2373 553 2416 rescripta
579 2378 608 2405 ct
633 2373 751 2405 litteras
776 2373 963 2416 apostolicas
990 2372 1018 2404 in

281 2427 381 2460 forma
407 2426 512 2458 Brevis
537 2426 672 2469 desuper
697 2432 855 2458 emanatas
883 2437 899 2457 a
931 2437 1018 2470 prae-

281 2480 350 2512 fatis
376 2480 525 2512 fratribus
551 2479 835 2523 perturbatorilms,
864 2480 1021 2513 omnibus-

281 2544 341 2577 que
366 2533 433 2565 aliis
457 2533 494 2565 ad
520 2543 598 2576 quos
623 2538 740 2576 spectat
765 2543 818 2565 seu
844 2533 1020 2577 spectabit,

320 2598 328 2623 1
353 2595 464 2623 Videtur
484 2595 627 2631 legendum
649 2599 674 2622 et
695 2604 742 2632 pro
763 2595 853 2623 eciam
873 2600 912 2631 (u.
930 2598 975 2630 τ.).

1040 231 1201 265 observari
1226 233 1317 266 faeiat
1341 234 1397 267 sub
1424 234 1532 278 poenis
1565 234 1596 266 in
1629 233 1673 266 eis
1704 243 1777 274 con-

1040 285 1142 325 tentis,
1160 296 1195 318 ac
1216 286 1307 318 etiam
1324 287 1541 321 ecclesiasticis
1562 287 1702 320 censuris
1716 297 1779 320 om-

1039 337 1163 371 nimode
1189 338 1348 372 observari
1368 346 1465 381 curet,
1485 340 1626 373 mandat'
1649 345 1678 373 et
1694 351 1779 384 prae-

1039 391 1143 435 cipiat,
1161 402 1257 435 super
1276 403 1310 424 ex
1327 392 1457 426 adverso
1478 394 1651 437 praetensis
1673 403 1779 437 perpe-

1041 450 1127 477 tuum
1148 444 1306 477 silentium
1325 446 1523 489 imponendo.

1084 498 1099 541 g
1123 497 1152 530 ll.
1178 492 1245 531 Non
1281 498 1478 532 obstantibus
1514 499 1718 542 praemissis,
1744 510 1780 532 ac
1816 514 1892 533 eona-,1

1041 551 1315 585 constitutionibus
1339 558 1365 584 et
1389 552 1639 586 ordinationibus
1658 558 1780 597 aposto·
1795 543 1860 565 ΜΨ

1041 604 1118 645 licis,
1136 605 1309 648 ceterisque
1336 606 1501 638 contrariis
1519 606 1779 650 quibuscumque.

1085 658 1197 691 Datum
1218 659 1354 699 Romae,
1376 659 1458 703 apud
1485 660 1514 693 S.
1543 659 1671 692 Mariam
1691 660 1782 693 Maio-

1043 723 1121 753 rem,
1140 712 1198 745 sub
1214 713 1331 746 annulo
1349 712 1528 755 Piscator-is,
1547 713 1596 746 die
1620 723 1646 746 11
1664 713 1784 746 decem<

1043 766 1107 799 bris
1124 776 1276 808 nnchm,
1295 766 1497 810 pontificatus
1525 767 1623 800 nostri
1643 777 1724 799 anno
1743 777 1783 799 lv.

1078 829 1135 857 Dat.
1157 829 1198 856 die
1219 830 1234 856 2
1255 829 1408 856 decembris
1433 830 1508 864 1658,
1530 829 1624 865 pontif.
1646 838 1715 857 auno
1736 836 1770 856 tv.

1360 972 1470 1006 CCXX.

1046 1051 1252 1093 Confirmatio
1285 1052 1402 1085 decreti
1429 1054 1695 1096 Co›2111·69‹1t2‘0711'.<
1722 1054 1783 1086 Im-

1089 1105 1275 1145 munitutis,
1299 1105 1384 1148 qum!
1405 1117 1465 1149 pro
1490 1106 1694 1149 eleemosynis
1718 1108 1784 1149 fru-

1090 1159 1200 1199 menti,
1228 1159 1305 1196 riui,
1333 1159 1428 1192 ismae
1463 1164 1491 1192 et
1516 1160 1691 1201 similium,
1718 1164 1784 1192 tam

1089 1212 1186 1250 (latis,
1199 1223 1298 1255 quam
1315 1214 1457 1257 receptis,
1471 1224 1528 1256 pro
1545 1214 1627 1246 rictu
1642 1214 1785 1256 fratrum

1089 1265 1255 1297 Μίνωι-μω
1280 1267 1385 1298 sancti
1418 1266 1587 1298 Francisci
1611 1266 1648 1298 cle
1674 1266 1785 1299 Obser-

1090 1320 1212 1359 vantici,
1238 1330 1303 1353 non
1326 1320 1368 1352 sit
1393 1319 1546 1352 solvenda
1571 1319 1698 1363 yabella
1710 1319 1731 1353 ².

1241 1401 1408 1428 Alexander
1431 1401 1509 1434 Papa
1530 1401 1591 1435 vn,

1188 1445 1224 1471 ad
1251 1446 1384 1472 futuram
1404 1446 1447 1472 rei
1469 1446 1649 1473 memoriam.

1092 1518 1106 1560 ᾗ
1137 1517 1159 1549 l.
1186 1517 1347 1549 Emanarit
1376 1528 1478 1561 nuper
1502 1529 1519 1550 a
1544 1518 1788 1561 congregatione

1681 175 1745 208 415
1790 183 1976 210 An.c.1658

1897 518 1931 532 rus
1941 513 1976 532 de-

1830 1528 1934 1548 lterenset
1949 1527 1986 1546 ‹lv-

1802 1558 1881 1574 rremm
1899 1555 1987 1579 congre-

1049 1570 1272 1603 venerabilium
1300 1571 1430 1603 fratrum
1457 1576 1637 1603 nostrorum
1659 1571 1687 1604 S.
1703 1572 1736 1604 ll.
1755 1572 1786 1604 E.
1803 1585 1893 1606 ⁴canorus
1913 1581 1987 1601 luimu-

1804 1609 1881 1628 nitatis.

1049 1624 1253 1656 cardinalium
1290 1624 1476 1656 immunitati
1504 1624 1731 1658 ecclesiastieae
1760 1631 1790 1658 et

1049 1678 1271 1711 controversiis
1293 1678 1590 1710 iurisdietionalibus
1612 1679 1790 1722 praeposita

1048 1731 1208 1764 decretum
1238 1732 1355 1764 tenoris
1381 1731 1432 1774 qui
1459 1732 1610 1775 sequitur,
1634 1731 1789 1764 videlicet:

1055 1798 1065 1814 r·
1087 1786 1181 1817 Sacra
1200 1785 1404 1828 congregatio
1422 1784 1742 1818 eminentissimorum
1762 1791 1792 1818 et

1050 1839 1388 1872 reverendissimorum
1423 1838 1624 1871 dominorum
1651 1838 1791 1871 cardina-

1051 1893 1126 1925 lium
1153 1892 1341 1925 immunitati
1363 1893 1591 1925 ecclesiasticae
1614 1898 1643 1925 et
1669 1892 1793 1925 iurisdi-

1051 1946 1237 1979 ctionalibus
1263 1946 1487 1979 controversiis
1523 1946 1700 1990 praeposita
1725 1956 1794 1979 cen-

1051 2000 1112 2033 suit
1130 2011 1187 2043 pro
1213 2000 1420 2044 eleemosynis
1439 2000 1599 2040 frumenti,
1619 2000 1690 2040 vini,
1705 2000 1793 2033 lanae

1051 2053 1256 2093 etsiinilium,
1276 2059 1336 2085 tam
1354 2053 1443 2093 datis,
1464 2064 1557 2096 quam
1577 2053 1722 2097 receptis,
1736 2065 1794 2097 pro

1053 2106 1134 2138 rictu
1171 2110 1200 2140 et
1233 2106 1345 2138 vestitu
1379 2106 1510 2138 fratrum
1547 2106 1671 2139 tii-dinis
1696 2107 1793 2139 sancti

1053 2159 1209 2192 Francisci
1245 2159 1399 2192 Minorum
1426 2160 1463 2192 de
1494 2160 1707 2202 Observantia,
1733 2170 1794 2193 non

1053 2224 1120 2246 csse
1142 2213 1321 2245 solvendam
1344 2213 1509 2256 gabellum.
1532 2214 1585 2246 Die
1608 2224 1649 2246 xu
1671 2224 1795 2246 novem-

1054 2266 1118 2299 bris
1144 2275 1294 2299 nnumin.

1365 2311 1400 2343 Μ.
1427 2310 1509 2344 card.
1536 2311 1704 2343 (merrus.

1209 2364 1239 2396 B.
1264 2365 1411 2404 nonen-s,
1433 2375 1539 2397 sacrae
1557 2375 1665 2408 congr.
1684 2370 1791 2398 secret.

1098 2426 1154 2469 {⁹2
1169 2426 1244 2459 Cum
1264 2433 1377 2467 autem,
1393 2428 1470 2460 sicut
1487 2428 1618 2460 subinde
1636 2439 1693 2472 pro
1707 2433 1795 2472 parte
1837 2436 1896 2459 euni
1919 2437 1993 2457 confir-

1055 2481 1266 2524 praefatorum
1287 2481 1440 2514 Minorum
1452 2481 1576 2515 Ordinis
1591 2482 1688 2515 sancti
1704 2483 1796 2515 Fran-

1090 2553 1100 2578 1
1127 2552 1280 2586 [egendum
1302 2553 1420 2580 mandet
1440 2560 1489 2587 pro
1510 2554 1632 2581 mandat
1651 2554 1691 2588 (n.
1709 2555 1757 2585 12).

1090 2597 1106 2623 2
1128 2597 1163 2622 Ex
1186 2596 1291 2631 Regest.
1314 2597 1338 2623 iu
1359 2598 1462 2624 Secret.
1486 2597 1559 2625 [trev.

1810 2466 1851 2483 mat
1868 2464 1970 2483 Pontifex.
