2243 3205
260 212 306 238 An.
325 211 354 239 c.
375 212 436 239 icet
487 202 550 235 681

283 645 392 665 [lm-retum
411 644 438 665 ii·-

456 259 652 300 stratoribuS,
681 270 716 292 ac
741 260 901 303 priorissis
925 266 955 294 et
979 261 1195 305 superiorissis

456 319 485 345 et
506 313 692 346 monialibus
716 314 967 358 quibuscumque
994 314 1196 348 monasterio·

456 377 524 399 rum
551 366 741 407 huiusmodi,
759 366 817 399 sub
838 367 1066 401 inobedientiae
1083 373 1112 400 et
1130 367 1195 411 pri-

456 419 588 452 vationis
614 419 791 453 officiorum
805 421 935 464 poenis,
954 421 978 453 si
1001 421 1056 465 ipsi
1075 425 1195 454 contra-

455 473 605 513 vencrint,
628 473 745 517 absque
770 473 830 506 alia
852 473 1063 507 declaratione
1088 474 1192 507 incur-

454 526 568 567 rendis,
586 526 806 559 inviolabiliter
830 532 860 559 et
885 527 1068 565 inconcusse
1085 527 1193 560 obser-

453 578 520 612 vari
543 579 726 612 mandamus
751 585 778 612 et
804 580 1025 624 praecipimus.

497 632 557 675 §2
578 632 786 666 Decernentes
809 644 934 677 quoque
960 634 1085 666 easdem
1107 643 1193 677 prae-

452 691 555 718 sentes
573 686 690 719 litteras
709 691 739 719 et
757 686 786 719 in
808 687 852 719 eis
870 690 1013 721 contenta
1030 697 1194 730 quaecum-

453 748 513 783 que
538 739 630 771 etiam
657 749 693 772 ex
726 750 763 773 eo
791 739 874 783 quod
911 739 1039 783 praefati
1064 739 1192 772 Carolus

453 798 482 824 et
509 792 658 827 Martinus
676 803 711 825 ac
737 793 956 835 Margaritlius,
973 793 1087 836 aliique
1104 792 1192 836 quili-

450 844 512 886 bet,
531 846 624 877 etiam
646 846 771 889 speciali
797 851 826 878 et
847 845 1006 878 individua
1033 846 1190 879 mentione

450 897 546 940 digni,
572 899 796 942 cuiuscumque
821 902 935 939 status,
960 898 1087 941 graduS‚
1108 898 1190 931 ordi-

449 950 508 991 niS‚
534 951 801 994 praeeminentiae
826 957 856 984 et
880 951 1040 994 dignitatis
1064 952 1188 994 suerint,

449 1003 480 1036 in
504 1005 684 1047 praemissis
710 1005 860 1039 interesse
884 1005 1044 1047 habentes,
1065 1016 1118 1038 seu
1139 1006 1189 1038 ha-

448 1056 522 1090 bere
535 1058 773 1101 quomodolibet
787 1059 1039 1103 praetendentes,
1053 1059 1113 1093 illis
1126 1069 1188 1092 non

448 1111 672 1152 consenserint,
689 1117 741 1145 aut
757 1112 795 1145 ad
813 1123 848 1145 ea
866 1112 975 1155 vocati,
993 1112 1077 1145 citati
1092 1118 1121 1146 et
1137 1123 1188 1145 au-

447 1163 513 1205 diti,
529 1164 592 1197 sive
610 1175 731 1207 causae,
745 1170 875 1210 propter
895 1177 971 1210 quas
996 1166 1079 1210 ipsae
1100 1177 1188 1210 prac-

447 1222 549 1249 sentes
574 1219 758 1259 emanarint,
783 1218 945 1260 adductae,
963 1219 1139 1252 verisicatae
1157 1225 1187 1252 et

447 1269 630 1304 iustificatae
654 1282 717 1304 non
741 1272 867 1313 suerint,
893 1277 945 1305 aut
970 1283 1006 1305 ex
1032 1272 1091 1304 alia
1111 1283 1185 1316 qua-

447 1334 581 1367 cumque
605 1325 803 1368 quantumvis
828 1326 927 1366 iusta,
952 1325 1020 1369 pia,
1046 1325 1185 1368 legitima

446 1381 476 1408 et
499 1377 695 1420 privilegiata
719 1381 812 1411 causa
827 1405 834 1418 ,
867 1379 991 1418 colore,
1022 1383 1185 1422 praetextu

446 1435 475 1462 et
499 1430 609 1474 capite,
628 1431 720 1463 etiam
742 1431 773 1464 in
799 1442 934 1475 corpore
962 1432 1039 1465 iuris
1068 1432 1184 1473 clauso,

445 1483 531 1516 nullo
556 1494 694 1526 unquam
723 1489 867 1528 tempore
898 1484 936 1517 de
971 1485 1185 1528 subreptionis

444 1535 492 1567 vel
523 1535 716 1580 obreptionis
750 1542 802 1569 aut
826 1537 976 1570 nullitatis
1002 1536 1098 1577 vitio,
1129 1548 1185 1570 seu

444 1588 626 1622 intentionis
651 1594 777 1622 nostrae
808 1594 861 1622 aut
897 1590 1047 1624 interesse
1072 1590 1185 1623 haben-

444 1643 522 1675 tium
541 1652 723 1684 conscnSUS,
738 1643 838 1676 aliove
858 1643 1008 1686 quolibet,
1021 1649 1185 1687 quantum-

444 1696 489 1728 vis
514 1705 629 1738 magno
655 1701 684 1728 et
708 1696 925 1738 substantiali,
946 1707 981 1729 ac
1005 1696 1182 1740 specificam

445 1749 678 1791 expressionem
709 1749 889 1793 requirente
913 1749 1035 1782 defectu
1059 1750 1183 1792 notari,

444 1800 634 1844 impugnari,
659 1802 798 1844 infringi,
823 1802 973 1843 limitari,
999 1802 1184 1842 retractari,

444 1853 475 1885 in
500 1854 746 1888 controversiam
772 1855 887 1895 vocari,
907 1860 960 1887 aut
977 1855 1016 1887 ad
1034 1855 1184 1889 terminos

445 1907 521 1939 iuris
546 1907 664 1948 reduci,
684 1918 738 1940 seu
755 1907 904 1940 adversus
924 1908 976 1940 illa
1000 1907 1183 1952 aperitionis

444 1960 529 2002 oris,
555 1960 760 1994 restitutionis
794 1961 824 1993 in
849 1961 1029 2003 integrum,
1061 1961 1184 1995 aliudve

443 2013 665 2057 quodcumque
684 2014 771 2054 iuris,
785 2014 867 2054 sacti,
884 2014 932 2047 vel
949 2014 1068 2057 gratiae
1085 2025 1184 2048 reme-

444 2065 530 2098 dium
556 2067 729 2110 impctrari,
750 2067 797 2100 vel
824 2067 979 2108 intentari,
1006 2072 1059 2100 aut
1083 2068 1182 2111 impe-

444 2124 546 2160 trato,
571 2130 626 2152 seu
658 2120 748 2152 etiam
784 2126 890 2162 motu,
916 2120 1043 2154 scientia
1068 2124 1097 2154 et
1121 2131 1179 2164 po-

443 2172 562 2205 testatis
604 2172 797 2216 plenitudine
837 2173 991 2206 similibus
1024 2183 1182 2206 ‘concesso

443 2225 622 2268 quempiam
648 2225 678 2257 in
704 2225 818 2258 iudicio
850 2226 896 2258 vel
922 2231 1008 2259 extra
1033 2227 1108 2259 illud
1137 2227 1181 2259 uti

444 2288 497 2310 seu
523 2289 555 2311 se
580 2279 686 2312 iuvare
712 2289 813 2323 posse,
831 2280 884 2313 sed
902 2280 984 2324 ipsas
1001 2286 1181 2324 praesentes

443 2331 562 2364 litteras
579 2332 696 2373 firmas,
710 2332 825 2365 validas
843 2338 872 2366 et
889 2333 1031 2367 efficaces
1048 2334 1181 2367 existere

444 2389 474 2416 et
505 2385 592 2426 sore,
617 2396 652 2419 ac
686 2397 758 2419 suos
788 2386 945 2430 plenarios
981 2393 1011 2420 et
1042 2386 1181 2430 integros

444 2436 572 2470 effectus
596 2439 701 2471 sortiri
720 2445 749 2472 et
766 2440 917 2482 obtinere,
946 2440 1052 2484 sicque
1068 2445 1098 2472 et
1119 2450 1181 2473 non

444 2489 534 2522 aliter
558 2491 587 2522 in
616 2493 797 2534 praemissis
825 2493 972 2526 omnibus
996 2498 1026 2525 et
1050 2493 1181 2536 singulis

445 2553 502 2586 per
518 2553 732 2587 quoscumque
750 2545 867 2578 iudices
884 2545 1062 2579 ordinarios
1082 2549 1112 2580 et
1132 2546 1181 2578 de-

445 2597 572 2641 legatos,
587 2598 678 2632 etiam
696 2608 860 2631 causarum
884 2598 991 2642 palatii
1016 2598 1179 2642 apostolici

1039 213 1215 237 BULLARIUM
1241 211 1395 236 ROMANUM

1229 260 1398 301 auditores,
1415 270 1451 293 ac
1467 260 1496 294 S.
1515 260 1549 294 R.
1568 260 1599 293 E.
1617 260 1800 301 cardinales,
1817 261 1909 294 etiam
1927 261 1967 294 de

1229 313 1326 346 latere
1351 313 1480 356 legatos,
1506 319 1535 346 et
1559 313 1647 346 Sedis
1672 313 1867 357 Apostolicae
1890 323 1967 347 nun-

1229 366 1303 407 cios,
1324 372 1353 399 et
1375 366 1452 399 alios
1468 365 1634 410 quoslibet,
1651 366 1759 411 quavis
1783 364 1967 400 auctoritate

1228 423 1258 451 et
1282 422 1432 463 potestate
1457 419 1620 463 fungentes
1645 425 1675 452 et
1699 419 1872 459 sunctum,
1894 418 1967 452 sub-

1228 472 1287 504 lata
1313 472 1356 505 eis
1385 477 1415 505 et
1443 483 1552 506 eorum
1578 472 1706 505 cuilibet
1733 472 1841 516 quavis
1877 471 1968 505 aliter

1229 525 1385 559 iudicandi
1407 531 1437 559 et
1454 525 1678 570 interpretandi
1705 525 1849 559 facultate
1866 530 1896 558 et
1912 534 1967 558 au-

1227 579 1379 619 ctoritate,
1405 578 1536 612 iudicari
1568 584 1598 612 et
1622 577 1744 612 definiri
1766 578 1901 619 debere,
1931 588 1967 611 ac

1227 631 1351 665 irritum
1369 637 1399 664 et
1417 632 1517 673 inane,
1531 632 1555 664 si
1574 642 1663 665 secus
1680 642 1773 675 super
1794 631 1843 664 his
1859 641 1876 664 a
1892 629 1973 675 quo-⁸

1227 695 1318 728 quam
1338 713 1345 727 ,
1370 685 1478 728 quavis
1513 685 1718 727 auctoritate,
1751 684 1887 718 scienter
1917 684 1965 717 vel

1227 737 1419 780 ignoranter,
1444 737 1611 781 contigerit
1634 738 1788 770 attentari.

1270 791 1284 834 g
1315 790 1344 824 3.
1378 792 1445 825 Non
1477 791 1673 824 obstantibus
1697 791 1889 835 praemissis,
1912 800 2160 831 ac,conimi=ioiin.

1225 848 1377 887 quatenus
1399 854 1479 888 opus
1506 844 1554 885 sit,
1574 845 1683 877 nostra
1707 848 1737 876 et
1761 843 1965 877 cancellariae

1224 897 1415 941 apostolicae
1439 898 1550 940 regula
1582 898 1620 931 de
1647 904 1709 931 non
1733 897 1872 931 tollendo
1895 898 1964 930 iure

1224 950 1376 993 quaesito,
1393 950 1526 995 aliisque
1543 950 1817 984 constitutionibus
1835 955 1864 983 et
1883 950 1965 983 ordi-

1223 1004 1401 1037 nationibus
1437 1004 1635 1048 apostolicis,
1660 1013 1781 1037 necnon
1817 1003 1963 1037 omnibus

1223 1062 1252 1090 et
1278 1057 1409 1100 singulis
1435 1057 1505 1098 illis,
1525 1057 1651 1101 quaein
1677 1057 1823 1101 praefatis
1846 1057 1963 1090 nostris

1223 1109 1334 1143 litteris
1360 1110 1516 1143 voluimus
1540 1118 1602 1143 non
1623 1110 1760 1150 obstare;
1785 1109 1962 1154 ceterisque

1222 1164 1388 1197 contrariis
1412 1163 1673 1207 quibuscumque.

1265 1216 1322 1260 §4
1340 1217 1490 1250 Volumus
1504 1220 1607 1250 autem
1621 1222 1655 1249 ut
1675 1215 1855 1249 earumdem
1874 1225 1962 1260 prae-

1220 1270 1354 1302 sentium
1372 1270 1546 1303 litterarum
1566 1270 1778 1314 transumptis,
1795 1268 1888 1303 etiam
1906 1270 1962 1302 im-

1220 1324 1347 1367 pressis,
1373 1334 1466 1356 manu
1491 1324 1603 1357 notarii
1629 1323 1744 1367 publici
1766 1323 1959 1367 subscriptis,

1220 1382 1250 1409 et
1267 1377 1370 1420 sigillo
1394 1386 1548 1420 personae
1577 1377 1607 1409 in
1628 1376 1839 1409 ecelesiastica
1861 1376 1960 1419 digni-

1219 1433 1280 1462 tate
1305 1430 1491 1463 constitutae
1523 1429 1670 1470 munitis,
1695 1429 1803 1461 eadem
1827 1435 1959 1473 prorsus

1219 1481 1296 1514 sides
1319 1481 1436 1525 ubique
1461 1481 1603 1514 locorum
1624 1485 1654 1514 et
1677 1482 1817 1524 gentium
1846 1482 1957 1514 tamin

1218 1530 1335 1565 iudicio
1352 1542 1445 1576 quam
1466 1536 1553 1566 extra
1570 1531 1646 1564 illud
1663 1532 1858 1572 adhibeatur,
1878 1540 1958 1576 quae

1218 1585 1295 1629 ipsis
1319 1585 1537 1629 praesentibus
1568 1584 1781 1627 adhiberetur,
1806 1585 1830 1618 si
1856 1585 1959 1618 forent

1218 1638 1374 1671 exhibitae
1393 1639 1439 1671 vel
1461 1644 1613 1672 ostensae.

1261 1692 1373 1724 Datum
1402 1692 1529 1733 Romae,
1555 1691 1690 1735 apudS.
1711 1691 1840 1724 Mariam
1863 1691 1956 1725 Maio-

1217 1756 1295 1785 rem,
1321 1745 1379 1778 sub
1406 1745 1521 1778 annulo
1543 1745 1719 1788 Piscatoris‚
1737 1745 1787 1777 die
1800 1753 1833 1777 x1
1849 1744 1957 1788 aprilis

1217 1796 1361 1840 MDCLxl¹,
1384 1797 1586 1841 pontificatus
1606 1798 1706 1831 nostri
1730 1808 1812 1831 anno
1838 1807 1878 1831 vi.

1252 1859 1309 1886 Dat.
1328 1859 1371 1886 die
1388 1859 1415 1886 11
1435 1859 1527 1895 aprilis
1549 1859 1626 1891 1661,
1643 1859 1739 1895 pontif.
1761 1865 1832 1886 anno
1847 1863 1883 1886 vi.

1472 1984 1700 2019 CCCXXXVIII.

1216 2055 1372 2088 Facultas
1411 2065 1531 2099 mayno
1562 2055 1718 2098 maqistro
1757 2058 1785 2088 et
1820 2053 1954 2088 consilio

1261 2108 1433 2152 hospitalis
1452 2109 1482 2142 S.
1506 2108 1642 2142 Ioannis
1661 2108 1955 2151 Hierosolymilani

1259 2161 1451 2195 concedendi
1467 2161 1638 2205 prioribus
1647 2161 1780 2204 linquae
1792 2161 1955 2195 Franciae

1259 2215 1401 2248 eiusdem
1425 2215 1599 2258 hospitalis
1629 2214 1793 2248 licentiam
1817 2224 1950 2258 permn-

1260 2268 1353 2301 landi
1376 2267 1645 2302 iurisdictione-5².

1214 2348 1337 2376 Dilectis
1366 2347 1437 2376 filiis
1467 2355 1572 2383 magno
1600 2347 1744 2383 magistro
1773 2351 1803 2376 et.
1827 2346 1951 2376 consilio

1260 2393 1420 2427 hospitalis
1442 2393 1470 2421 S.
1492 2393 1610 2420 loannis
1631 2392 1905 2428 Hierosolymitaxxi,

1398 2447 1563 2475 Alexander
1592 2447 1672 2481 Papa
1702 2445 1765 2474 vn.

1250 2521 1260 2545 1
1284 2518 1370 2546 Debet
1389 2518 1440 2553 legi
1461 2518 1529 2545 1660
1549 2521 1578 2544 ut
1597 2521 1701 2545 constat
1720 2526 1751 2544 ex
1766 2499 1849 2544 *dictis
1868 2524 1949 2552 supra

1213 2563 1245 2590 ad
1266 2571 1326 2598 pag.
1347 2563 1400 2590 682
1419 2563 1444 2597 b,
1465 2566 1528 2589 uota
1549 2564 1559 2589 1
1582 2562 1619 2598 (n.
1635 2562 1683 2596 T.).

1246 2608 1263 2634 2
1283 2608 1320 2635 Ex
1341 2607 1447 2643 Regest.
1469 2607 1495 2634 in
1515 2607 1615 2635 Secret.
1637 2606 1713 2634 Brev.

1983 213 2030 239 An.
2047 211 2078 239 C.
2098 211 2160 240 16δὶ
2201 213 2205 231 ⁸

2015 1226 2158 1254 Transumptin

1975 1251 2045 1274 danda
2059 1254 2118 1275 fides.
