2185 3188
20 194 67 218 An.
88 191 116 216 ¹1.
136 189 201 217 ¹656

809 190 995 213 MENANDER
1021 191 1064 213 vu
1086 191 1132 213 PP.

214 237 274 279 dia,
291 236 491 281 pensatisque
517 237 662 271 omnibus
677 243 705 269 et
720 237 851 279 singulis
869 236 951 269 illius
967 242 970 284 ζ

213 289 364 334 partibus,
390 294 419 323 et
439 291 514 324 alias
528 290 613 324 omni
628 291 689 323 alio
709 289 830 323 meliori
846 289 951 329 modo,
968 286 970 319 ῗ

214 342 344 386 quibus*
374 343 485 376 melius
510 349 539 376 et
564 343 695 376 validius
728 353 896 386 possumus
922 332 971 387 et}

214 396 369 435 valemus,
395 401 503 429 tenore
534 396 746 440 praesentium
777 395 971 442 supplend03

214 458 322 482 omnes
347 454 377 481 et
401 448 541 492 singulos
558 449 713 490 defectus,
740 449 762 480 si
788 449 859 492 qui,
885 453 953 489 ete,

215 505 244 535 et
264 500 438 534 adiiciendo
464 502 490 534 ei
515 512 640 535 omnem
667 501 826 534 firmitatis
846 502 906 533 vim
925 507 953 534 et

214 555 314 588 robur
342 555 553 588 necessarium
580 559 609 589 et
634 560 869 599 opportunum,
902 555 973 595 di-}

215 609 377 652 ctamque⁹
398 609 598 642 concordiam
624 615 782 652 tamquam
805 609 896 641 talem
916 609 954 641 ab

216 661 362 694 omnibus
387 667 416 694 et
441 662 572 705 singulis
589 661 779 705 supradictis
796 661 955 701 fratribus,
972 639 973 677 l

1643 181 1697 213 llll

985 247 1039 270 nes
1064 248 1079 269 a
1104 237 1195 270 nobis
1229 240 1323 271 factas
1355 240 1558 283 provincialis
1590 239 1729 271 defuncti

986 290 1090 322 fratris
1116 290 1298 334 Hieronymi
1324 292 1361 324 de
1386 292 1513 325 Sardoal
1536 292 1676 325 custodis
1701 296 1731 323 et

987 343 1200 384 definitorum,
1226 350 1255 376 et
1281 346 1555 379 confirmationem
1583 345 1730 383 illorum;

987 396 1196 429 revalidamus
1222 403 1324 430 tamen
1344 399 1450 431 omnia
1469 406 1534 431 acta
1553 398 1731 442 spiritualia

988 449 1065 491 sacta
1090 449 1128 481 ab
1147 450 1220 492 ipsis
1238 450 1357 489 electis,
1379 457 1407 483 et
1425 451 1464 484 al)
1485 452 1552 495 ipso
1571 452 1732 484 nominato

989 508 1018 535 et
1043 503 1209 539 defuncto:
1241 505 1503 548 annullamusque
1527 516 1637 538 omues
1662 515 1731 538 sen-

989 556 1100 588 tentias
1126 561 1155 589 et
1179 567 1347 600 processus
1373 558 1410 590 ab
1433 558 1507 601 ipsis
1541 559 1586 590 vel
1613 569 1629 590 a
1654 569 1732 601 quo-

989 608 1065 642 libet
1096 608 1223 641 illorum
1257 610 1344 642 datas
1378 621 1431 642 seu
1470 611 1649 643 fulminatas
1686 612 1731 643 vel

989 668 1195 705 processatas‚
1221 662 1338 696 (landas
1365 665 1411 696 vel
1438 664 1646 696 fulminandus
1678 675 1733 697 seu

1753 191 1785 214 λη
1817 192 1844 216 (2.
1866 191 1930 216 16³1»ss

216 714 415 756 monialibus,
439 720 495 747 etc.
522 714 651 747 omnino
669 714 789 747 servari
813 715 956 747 volumus
972 722 974 751 ζ
990 715 1216 759 processandas
1241 716 1405 760 (usquead
1423 717 1668 760 publicationem
1684 718 1734 749 lia-

215 772 244 800 et
277 767 461 800 mandamus
494 768 684 810 generaliter
713 767 816 811 quoad
848 777 956 801 omnes
973 775 974 815 ζ
991 779 1059 801 rum
1079 769 1254 801 litterarum
1278 770 1309 802 in
1330 770 1412 802 dicta
1431 770 1607 814 provincia)
1626 775 1734 803 contra

215 821 261 854 sui
286 826 390 865 partes
412 825 441 855 et
465 821 653 865 specialiter,
672 822 712 854 ita
732 826 764 853 ut
781 821 957 865 specialitas
973 820 975 861 ξ
990 832 1207 865 quoscumque
1240 823 1352 855 fratres
1381 829 1410 855 et
1445 823 1598 856 moniales
1631 823 1734 864 illius,

216 874 411 917 generalitati
437 885 501 908 non
526 875 677 917 deroget,
707 885 764 907 nec
789 886 804 906 e
831 880 956 909 contra:
973 869 1231 923 {qualiscumque
1250 876 1408 919 qualitatis
1434 882 1463 909 et
1488 876 1688 915 conditionis;
1706 882 1735 909 et

215 928 266 960 8in
285 927 430 961 omnibus
456 933 484 960 et
510 939 568 971 per
586 928 700 969 omnia,
718 928 816 960 nihilo
835 928 957 971 penitus
993 928 1178 961 mandamus
1208 940 1327 972 ponere
1356 936 1544 973 perpetuum
1576 930 1734 962 silentium

218 982 355 1022 excluso,
373 988 467 1025 prout
492 981 621 1022 iacent&
647 987 806 1026 tamquam
832 982 957 1019 bonam,
974 975 975 994 ¹
993 981 1021 1013 iu
1043 981 1223 1015 excessibus
1242 983 1405 1016 transactis
1424 983 1506 1016 circa
1525 983 1734 1016 obedientiam

219 1034 329 1067 iustam
352 1040 382 1067 et
406 1035 573 1078 perutilem
599 1035 810 1079 approbamus
831 1040 860 1067 et
886 1045 958 1068 con·
975 1061 976 1074 ἢ
992 1035 1149 1069 dictorum
1176 1036 1389 1079 praelatorum
1406 1042 1435 1069 et
1449 1037 1546 1080 patris
1567 1037 1736 1071 visitatoris

217 1088 398 1128 tii-mamus,
423 1088 516 1121 etiam
543 1092 687 1133 respectu
713 1088 958 1122 renunciationis
975 1122 977 1134 s
993 1088 1098 1121 fratris
1116 1089 1240 1121 Antonii
1260 1099 1276 1121 a
1294 1089 1462 1127 Trinitate;
1481 1096 1509 1122 et
1527 1091 1657 1131 eisdem,
1671 1091 1737 1134 qui-

219 1152 312 1187 quam
334 1142 375 1175 ibi
403 1142 543 1175 fecerunt
567 1142 638 1176 dicti
654 1143 811 1187 patres'de
825 1143 959 1176 decretis
975 1141 977 1186 ᾗ
993 1141 1050 1173 bus
1068 1152 1172 1185 supra,
1193 1142 1432 1176 auctoritatibus
1445 1143 1536 1176 nobis
1557 1144 1735 1176 commissis

218 1206 325 1229 sacrae
357 1196 611 1239 congregationis
639 1201 670 1229 et
694 1197 827 1237 nostris,
848 1203 877 1230 et
910 1187 1201 1238 iii³3uli1nitliantto
1222 1206 1362 1228 mensam
1383 1196 1589 1240 capitularem
1604 1197 1641 1229 ad
1656 1208 1737 1231 coni·

219 1250 512 1284 confirmationibus
532 1250 659 1283 illorum
685 1261 701 1283 a
726 1251 826 1284 bonae
845 1262 959 1284 memo·
975 1231 977 1282 l
993 1249 1181 1292 positionem
1208 1249 1404 1293 provinciae)
1424 1251 1637 1291 nominamus,
1652 1252 1737 1294 eligi·

218 1303 283 1338 riae
293 1304 490 1337 sanctissimo
504 1304 632 1337 domino
646 1304 828 1338 lnnocentio
842 1306 865 1338 X
880 1305 959 1338 datis
976 1304 978 1346 l
995 1312 1073 1343 muS,
1100 1303 1291 1335 instituimus
1312 1307 1342 1335 et
1364 1303 1562 1337 declaramus
1589 1304 1619 1337 iu
1644 1305 1736 1337 mini-

218 1369 277 1402 pro
314 1359 447 1402 utraque
482 1363 571 1402 parte
606 1369 623 1390 a
659 1358 708 1391 die
739 1352 1092 1403 completionis}sti*tiiii
1118 1356 1345 1399 provincialem
1368 1357 1531 1400 ipsiusmet
1554 1358 1737 1402 provinciae

220 1411 346 1447 triennii
371 1411 468 1456 patris
492 1412 629 1445 Simonis
647 1423 663 1445 a
680 1412 708 1446 S.
728 1411 894 1446 Catliarina
912 1423 960 1445 us-
977 1407 978 1435 l
996 1411 1097 1454 ipsum
1113 1417 1272 1445 oratorem
1287 1418 1407 1456 patrem
1424 1414 1552 1447 fratrmn
1569 1415 1736 1448 Antonium

220 1476 280 1510 que
294 1465 332 1498 ad
346 1469 541 1509 praesentem
556 1466 649 1505 dienu
664 1471 702 1508 et,
714 1472 867 1510 quatenus
882 1477 960 1510 opus
977 1486 979 1498 i
994 1476 1010 1497 a
1035 1465 1140 1498 Gratia
1167 1467 1429 1510 praedicatorem,
1452 1478 1522 1500 cum
1542 1469 1689 1501 omnibus
1707 1475 1735 1502 et

220 1520 270 1560 sit,
296 1520 347 1552 illa
372 1525 402 1552 et
422 1520 490 1553 illas
508 1520 698 1553 annullando
716 1525 743 1553 et
762 1520 960 1553 invalidando
976 1505 979 1542 l
995 1518 1128 1561 siugulis
1142 1520 1357 1562 potestatibus,
1371 1521 1609 1554 auctoritatibus
1628 1528 1655 1554 et
1670 1523 1737 1566 pri-

220 1579 250 1607 et
282 1566 453 1613 cassando,
491 1578 649 1617 tamquam
681 1574 704 1606 si
737 1584 799 1607 nou
832 1573 959 1607 fuissent
977 1561 979 1591 l
995 1572 1126 1614 vilegiis‚
1151 1573 1264 1616 quibus
1279 1573 1415 1616 gaudent
1433 1580 1463 1606 et
1480 1574 1618 1617 gaudere
1637 1577 1735 1609 solent

221 1637 386 1666 concessag
413 1626 618 1670 iubemusque
636 1627 665 1659 in
687 1627 746 1659 illis
772 1633 959 1671 perpetuum
978 1657 979 1669 ¹
997 1628 1059 1660 veri
1073 1632 1102 1661 et
1115 1627 1246 1670 legitimi
1274 1629 1482 1671 provinciales
1497 1629 1597 1662 dictae
1612 1635 1737 1662 nostrae

222 1680 380 1713 silentium
407 1680 586 1723 imponere,
613 1680 675 1713 sive
709 1681 817 1713 Brevia
847 1682 960 1713 conlir·
997 1681 1170 1723 religionis,
1196 1686 1224 1714 et
1246 1692 1282 1713 ex
1309 1684 1365 1714 sua
1391 1683 1531 1726 partein
1558 1683 1739 1716 definitores

224 1733 379 1774 madonis,
400 1734 524 1767 decreta
543 1739 571 1766 et
594 1734 714 1767 litterae
734 1739 874 1778 patentes
892 1746 962 1778 per·
978 1759 980 1778 ÷

222 1788 340 1820 tineant
365 1787 403 1820 ad
428 1787 607 1827 electiones,
626 1788 865 1829 nominationes,
889 1782 981 1831 pro-i

223 1841 403 1884 rogationes
420 1846 449 1873 et
466 1840 723 1874 confirmationes
749 1842 961 1884 praelatorum

224 1895 321 1940 ipsius
356 1894 558 1939 provinciae,
590 1894 655 1927 sive
687 1894 724 1927 ad
750 1905 963 1938 quascumque

224 1947 435 1993 privationes,
468 1948 657 1989 sententias⁷
689 1949 910 1992 suspensiones
935 1954 965 1981 et

224 2002 436 2046 exemptiones
461 2003 602 2035 omnium
629 2003 761 2036 fratrum
784 2003 875 2043 illius,
902 2008 963 2034 tam

225 2055 255 2088 in
281 2055 441 2088 communi
474 2066 567 2099 quarn
595 2055 625 2088 in
650 2056 850 2100 particulari;
876 2060 905 2089 et
929 2066 963 2088 ex

225 2108 430 2152 consequenti
455 2109 655 2142 annullamus
683 2120 792 2142 omnes
817 2114 880 2143 tres
904 2110 966 2142 ele-

226 2161 344 2195 ctiones
369 2162 464 2194 factas
489 2161 519 2194 in
545 2161 597 2194 illa
628 2174 644 2195 a
676 2162 725 2195 die
751 2163 870 2206 primae
895 2173 966 2196 con-

228 2215 400 2249 vocationis
424 2216 520 2258 patris
544 2215 651 2249 Didaei
685 2227 702 2249 a
733 2216 835 2259 Plagis
868 2227 967 2260 usque

227 2269 349 2308 adbuc,
375 2274 405 2301 et
429 2279 539 2302 omncs
564 2270 656 2309 alias,
683 2270 706 2302 si
732 2275 840 2314 postea
870 2271 967 2303 factae

228 2323 367 2361 fuissent3
393 2326 421 2356 et
446 2322 538 2355 etiam
561 2322 766 2356 invalidamus
786 2323 968 2357 nominatio-

268 2421 276 2447 1
301 2420 412 2447 Videtur
431 2419 574 2453 legendum
596 2429 650 2455 quo
671 2428 719 2455 pro
740 2421 842 2455 quibua
862 2425 898 2456 (a.
920 2422 967 2456 τ.).

264 2467 279 2490 ⁴2
301 2465 434 2500 Legerem
454 2465 562 2492 dictam
581 2466 621 2499 (n.
639 2467 687 2498 τ.).

265 2509 281 2536 3
301 2509 366 2536 lleic
385 2508 511 2536 adderem
531 2517 652 2543 eamque
671 2511 709 2543 (n.
726 2509 773 2543 τ.).

266 2554 281 2580 t
302 2553 394 2588 Aptius
413 2552 502 2580 forsan
523 2552 657 2588 legeretur
676 2553 750 2580 iacet
769 2554 807 2588 (n.
823 2555 871 2588 τ.).

267 2598 283 2626 5
302 2597 484 2626 Cohaerenter
503 2597 618 2634 tegerem
640 2599 672 2623 th·
694 2605 741 2633 pro
762 2598 792 2626 in
812 2599 852 2634 (u.
871 2600 918 2633 T.).

996 1740 1116 1778 patrem
1142 1735 1270 1767 fratrem
1292 1736 1460 1768 Antonium
1488 1746 1504 1768 a
1529 1736 1688 1770 Salvatore
1711 1742 1740 1769 et

996 1793 1118 1831 patrem
1136 1788 1265 1820 fratrem
1280 1789 1447 1822 Antonium
1471 1790 1508 1821 (le
1525 1790 1625 1822 Padua
1650 1801 1738 1834 prac-

997 1841 1168 1879 dicatores3
1188 1847 1265 1874 etex
1282 1842 1342 1874 alia
1362 1848 1450 1886 parte
1466 1843 1495 1875 in
1510 1843 1671 1876 custodem
1691 1855 1741 1887 pa-

999 1900 1077 1928 trem
1096 1896 1223 1928 fratrem
1243 1896 1474 1929 Ferdiuanduui
1490 1909 1505 1929 a
1518 1897 1740 1941 Conceptione‚

999 1949 1150 1983 lectorem
1176 1949 1352 1990 iubilatum,
1378 1956 1407 1983 et
1433 1951 1463 1983 in
1484 1951 1670 1984 diffinitores
1693 1962 1741 1995 pa-

1000 2007 1079 2035 trem
1105 2003 1234 2035 fratrem
1260 2003 1462 2037 Franciscum
1487 2014 1504 2036 a
1530 2004 1632 2047 Plagis
1655 2016 1742 2048 prac-

999 2056 1183 2097 dicatorem‚
1209 2062 1238 2088 et
1263 2062 1383 2100 patrem
1409 2057 1539 2090 fratrem
1558 2059 1684 2090 Petrum
1704 2058 1741 2090 ab

1000 2110 1248 2144 Annunciatioue
1273 2111 1485 2143 confessorem
1514 2121 1574 2154 pro
1606 2112 1742 2145 Recolle-

1001 2164 1072 2203 ctis,
1098 2164 1343 2208 supplemusque
1359 2164 1389 2197 in
1407 2164 1553 2198 omnibus
1567 2170 1597 2197 et
1610 2165 1742 2208 singulis

1000 2217 1181 2261 praemissis
1206 2227 1425 2261 quoscumque
1449 2217 1598 2257 desectus,
1619 2222 1681 2252 tam
1702 2219 1743 2251 iu-

1002 2270 1044 2303 ris
1054 2281 1147 2313 quani
1159 2270 1228 2303 facti
1239 2281 1293 2303 seu
1304 2280 1468 2314 personae,
1479 2270 1502 2303 si
1518 2270 1662 2314 quisunt,
1674 2276 1742 2306 elc.;

1002 2324 1136 2367 illosque
1161 2323 1354 2356 absolvimus
1371 2335 1388 2356 a
1405 2335 1605 2368 quacumque
1625 2329 1744 2359 senten-

1002 2377 1058 2418 tia,
1085 2378 1219 2410 censura
1245 2378 1291 2410 vel
1317 2380 1419 2421 poena
1444 2379 1554 2421 quavis
1579 2379 1744 2413 occasione

1003 2436 1033 2463 et
1058 2432 1151 2464 causa
1173 2431 1234 2463 lata
1259 2441 1313 2464 seu
1339 2431 1502 2464 fulminata
1524 2437 1632 2465 contra
1650 2433 1743 2476 ipsos,

1003 2485 1137 2528 illosque
1162 2484 1363 2517 habilitamus
1389 2484 1426 2517 ad
1458 2485 1529 2518 talia
1560 2486 1662 2519 officia
1686 2486 1743 2519 ob-

1004 2538 1150 2578 tinenda,
1183 2541 1211 2571 et
1245 2537 1355 2570 eodem
1382 2538 1476 2571 modo
1501 2538 1744 2582 dispensamus,

1004 2591 1195 2626 absolvimus
1213 2596 1243 2625 et
1256 2591 1458 2626 habilitamus
1472 2591 1510 2627 ad
1524 2592 1629 2626 omnia
1642 2593 1744 2628 officia
