<?xml version="1.0" encoding="UTF-8"?>
<!DOCTYPE html PUBLIC "-//W3C//DTD XHTML 1.0 Transitional//EN"
    "http://www.w3.org/TR/xhtml1/DTD/xhtml1-transitional.dtd">
<html xmlns="http://www.w3.org/1999/xhtml" xml:lang="en" lang="en">
 <head>
  <title>
</title>
<meta http-equiv="Content-Type" content="text/html;charset=utf-8" />
  <meta name='ocr-system' content='tesseract 3.04.00' />
  <meta name='ocr-capabilities' content='ocr_page ocr_carea ocr_par ocr_line ocrx_word'/>
</head>
<body>
  <div class='ocr_page' id='page_1' title='image "./bullarumdiplomat16cath_0689.png"; bbox 0 0 2243 3205; ppageno 0'>
   <div class='ocr_carea' id='block_1_1' title="bbox 45 242 221 274">
    <p class='ocr_par' dir='ltr' id='par_1_1' title="bbox 45 242 221 274">
     <span class='ocr_line' id='line_1_1' title="bbox 45 242 221 274; baseline -0.028 0"><span class='ocrx_word' id='word_1_1' title='bbox 45 247 90 274; x_wconf 77' lang='lat' dir='ltr'><strong>An.</strong></span> <span class='ocrx_word' id='word_1_2' title='bbox 106 244 134 271; x_wconf 88' lang='lat' dir='ltr'><strong>C.</strong></span> <span class='ocrx_word' id='word_1_3' title='bbox 157 242 221 270; x_wconf 83' lang='lat'>¹661</span> 
     </span>
    </p>
   </div>
   <div class='ocr_carea' id='block_1_2' title="bbox 43 289 979 355">
    <p class='ocr_par' dir='ltr' id='par_1_2' title="bbox 43 289 979 355">
     <span class='ocr_line' id='line_1_2' title="bbox 43 289 979 355; baseline -0.003 -31"><span class='ocrx_word' id='word_1_4' title='bbox 43 335 64 355; x_wconf 58' lang='lat' dir='ltr'><strong>in</strong></span> <span class='ocrx_word' id='word_1_5' title='bbox 75 304 172 354; x_wconf 45' lang='lat'><strong>3335?</strong></span> <span class='ocrx_word' id='word_1_6' title='bbox 199 305 222 324; x_wconf 68' lang='lat' dir='ltr'><strong>ui</strong></span> <span class='ocrx_word' id='word_1_7' title='bbox 235 294 346 323; x_wconf 88' lang='lat' dir='ltr'><strong>tenore</strong></span> <span class='ocrx_word' id='word_1_8' title='bbox 360 290 584 333; x_wconf 85' lang='lat' dir='ltr'><strong>praesentium,</strong></span> <span class='ocrx_word' id='word_1_9' title='bbox 605 290 804 323; x_wconf 85' lang='lat' dir='ltr'><strong>decernimus</strong></span> <span class='ocrx_word' id='word_1_10' title='bbox 827 294 858 322; x_wconf 85' lang='lat' dir='ltr'><strong>et</strong></span> <span class='ocrx_word' id='word_1_11' title='bbox 881 289 979 322; x_wconf 89' lang='lat' dir='ltr'><strong>decla-</strong></span> 
     </span>
    </p>
   </div>
   <div class='ocr_carea' id='block_1_3' title="bbox 84 2162 200 2185">
    <p class='ocr_par' dir='ltr' id='par_1_3' title="bbox 84 2162 200 2185">
     <span class='ocr_line' id='line_1_3' title="bbox 84 2162 200 2185; baseline 0 -1"><span class='ocrx_word' id='word_1_12' title='bbox 84 2162 200 2185; x_wconf 71' lang='lat' dir='ltr'><strong>clausulae.</strong></span> 
     </span>
    </p>
   </div>
   <div class='ocr_carea' id='block_1_4' title="bbox 837 240 1157 265">
    <p class='ocr_par' dir='ltr' id='par_1_4' title="bbox 837 240 1157 265">
     <span class='ocr_line' id='line_1_4' title="bbox 837 240 1157 265; baseline -0.003 0"><span class='ocrx_word' id='word_1_13' title='bbox 837 241 1022 265; x_wconf 77' lang='lat' dir='ltr'><strong>ALEXANDER</strong></span> <span class='ocrx_word' id='word_1_14' title='bbox 1046 241 1090 264; x_wconf 89' lang='lat' dir='ltr'><strong>VII</strong></span> <span class='ocrx_word' id='word_1_15' title='bbox 1110 240 1157 264; x_wconf 77' lang='lat' dir='ltr'><strong>PP.</strong></span> 
     </span>
    </p>
   </div>
   <div class='ocr_carea' id='block_1_5' title="bbox 236 342 1003 2360">
    <p class='ocr_par' dir='ltr' id='par_1_5' title="bbox 236 342 1003 1386">
     <span class='ocr_line' id='line_1_5' title="bbox 236 342 995 388; baseline -0.001 -13"><span class='ocrx_word' id='word_1_16' title='bbox 236 352 354 385; x_wconf 90' lang='lat' dir='ltr'><strong>ramus,</strong></span> <span class='ocrx_word' id='word_1_17' title='bbox 380 343 475 386; x_wconf 91' lang='lat' dir='ltr'><strong>quod,</strong></span> <span class='ocrx_word' id='word_1_18' title='bbox 500 354 559 387; x_wconf 91' lang='lat' dir='ltr'><strong>pro</strong></span> <span class='ocrx_word' id='word_1_19' title='bbox 583 342 829 376; x_wconf 78' lang='lat' dir='ltr'>haereditatibus</span> <span class='ocrx_word' id='word_1_20' title='bbox 854 348 884 374; x_wconf 87' lang='lat' dir='ltr'><strong>et</strong></span> <span class='ocrx_word' id='word_1_21' title='bbox 909 353 995 388; x_wconf 50' lang='lat' dir='ltr'><strong>suc-3</strong></span> 
     </span>
     <span class='ocr_line' id='line_1_6' title="bbox 237 395 996 439; baseline 0 -11"><span class='ocrx_word' id='word_1_22' title='bbox 237 395 433 429; x_wconf 84' lang='lat' dir='ltr'><strong>cessionibus</strong></span> <span class='ocrx_word' id='word_1_23' title='bbox 462 396 523 429; x_wconf 90' lang='lat' dir='ltr'><strong>iam</strong></span> <span class='ocrx_word' id='word_1_24' title='bbox 548 396 658 429; x_wconf 75' lang='lat' dir='ltr'><strong>delatis</strong></span> <span class='ocrx_word' id='word_1_25' title='bbox 689 406 788 439; x_wconf 87' lang='lat' dir='ltr'><strong>usque</strong></span> <span class='ocrx_word' id='word_1_26' title='bbox 820 395 851 428; x_wconf 91' lang='lat' dir='ltr'><strong>in</strong></span> <span class='ocrx_word' id='word_1_27' title='bbox 882 406 996 439; x_wconf 50' lang='lat' dir='ltr'><strong>prae-¹</strong></span> 
     </span>
     <span class='ocr_line' id='line_1_7' title="bbox 237 448 996 492; baseline -0.001 -11"><span class='ocrx_word' id='word_1_28' title='bbox 237 453 358 481; x_wconf 90' lang='lat' dir='ltr'><strong>sentem</strong></span> <span class='ocrx_word' id='word_1_29' title='bbox 383 448 466 481; x_wconf 90' lang='lat' dir='ltr'><strong>diem</strong></span> <span class='ocrx_word' id='word_1_30' title='bbox 481 475 488 488; x_wconf 95' lang='lat'><strong>,</strong></span> <span class='ocrx_word' id='word_1_31' title='bbox 512 459 614 492; x_wconf 91' lang='lat' dir='ltr'><strong>neque</strong></span> <span class='ocrx_word' id='word_1_32' title='bbox 639 449 773 481; x_wconf 83' lang='lat' dir='ltr'><strong>feminae</strong></span> <span class='ocrx_word' id='word_1_33' title='bbox 799 448 996 490; x_wconf 67' lang='lat' dir='ltr'><strong>1·egulares,=</strong></span> 
     </span>
     <span class='ocr_line' id='line_1_8' title="bbox 237 501 997 545; baseline 0 -11"><span class='ocrx_word' id='word_1_34' title='bbox 237 510 340 545; x_wconf 87' lang='lat' dir='ltr'><strong>neque</strong></span> <span class='ocrx_word' id='word_1_35' title='bbox 374 511 411 534; x_wconf 81' lang='lat' dir='ltr'><strong>ex</strong></span> <span class='ocrx_word' id='word_1_36' title='bbox 443 511 552 534; x_wconf 85' lang='lat' dir='ltr'><strong>earum</strong></span> <span class='ocrx_word' id='word_1_37' title='bbox 586 502 730 545; x_wconf 90' lang='lat' dir='ltr'><strong>personis</strong></span> <span class='ocrx_word' id='word_1_38' title='bbox 767 501 997 541; x_wconf 70' lang='lat' dir='ltr'><strong>n1011aste1·ia,=</strong></span> 
     </span>
     <span class='ocr_line' id='line_1_9' title="bbox 239 554 998 597; baseline 0 -11"><span class='ocrx_word' id='word_1_39' title='bbox 239 557 431 594; x_wconf 89' lang='lat' dir='ltr'><strong>conventus,</strong></span> <span class='ocrx_word' id='word_1_40' title='bbox 456 564 492 587; x_wconf 91' lang='lat' dir='ltr'><strong>ac</strong></span> <span class='ocrx_word' id='word_1_41' title='bbox 516 554 628 587; x_wconf 88' lang='lat' dir='ltr'><strong>domus</strong></span> <span class='ocrx_word' id='word_1_42' title='bbox 653 554 819 596; x_wconf 78' lang='lat' dir='ltr'><strong>religiosae</strong></span> <span class='ocrx_word' id='word_1_43' title='bbox 844 554 998 597; x_wconf 64' lang='lat' dir='ltr'><strong>cuiusvis÷⁴</strong></span> 
     </span>
     <span class='ocr_line' id='line_1_10' title="bbox 239 599 998 650; baseline 0.003 -12"><span class='ocrx_word' id='word_1_44' title='bbox 239 605 364 639; x_wconf 82' lang='lat' dir='ltr'><strong>Ordinis</strong></span> <span class='ocrx_word' id='word_1_45' title='bbox 388 606 437 639; x_wconf 87' lang='lat' dir='ltr'><strong>vel</strong></span> <span class='ocrx_word' id='word_1_46' title='bbox 460 606 605 649; x_wconf 88' lang='lat' dir='ltr'><strong>instituti,</strong></span> <span class='ocrx_word' id='word_1_47' title='bbox 630 607 662 639; x_wconf 91' lang='lat' dir='ltr'><strong>in</strong></span> <span class='ocrx_word' id='word_1_48' title='bbox 686 607 800 650; x_wconf 88' lang='lat' dir='ltr'><strong>quibus</strong></span> <span class='ocrx_word' id='word_1_49' title='bbox 827 607 913 650; x_wconf 86' lang='lat' dir='ltr'><strong>ipsae</strong></span> <span class='ocrx_word' id='word_1_50' title='bbox 941 599 998 640; x_wconf 53' lang='lat' dir='ltr'><strong>fe!</strong></span> 
     </span>
     <span class='ocr_line' id='line_1_11' title="bbox 240 659 999 703; baseline -0.001 -12"><span class='ocrx_word' id='word_1_51' title='bbox 240 659 343 692; x_wconf 88' lang='lat' dir='ltr'><strong>minae</strong></span> <span class='ocrx_word' id='word_1_52' title='bbox 367 659 519 693; x_wconf 91' lang='lat' dir='ltr'><strong>hactenus</strong></span> <span class='ocrx_word' id='word_1_53' title='bbox 543 665 689 703; x_wconf 77' lang='lat' dir='ltr'><strong>receptae</strong></span> <span class='ocrx_word' id='word_1_54' title='bbox 713 660 829 693; x_wconf 81' lang='lat' dir='ltr'><strong>suerint</strong></span> <span class='ocrx_word' id='word_1_55' title='bbox 854 666 882 692; x_wconf 90' lang='lat' dir='ltr'><strong>et</strong></span> <span class='ocrx_word' id='word_1_56' title='bbox 907 669 999 703; x_wconf 67' lang='lat' dir='ltr'><strong>pro-1</strong></span> 
     </span>
     <span class='ocr_line' id='line_1_12' title="bbox 239 711 982 757; baseline 0.001 -12"><span class='ocrx_word' id='word_1_57' title='bbox 239 711 407 746; x_wconf 88' lang='lat' dir='ltr'><strong>sessionem</strong></span> <span class='ocrx_word' id='word_1_58' title='bbox 433 713 606 755; x_wconf 84' lang='lat' dir='ltr'><strong>emiserint,</strong></span> <span class='ocrx_word' id='word_1_59' title='bbox 628 713 686 746; x_wconf 92' lang='lat' dir='ltr'><strong>sub</strong></span> <span class='ocrx_word' id='word_1_60' title='bbox 712 718 875 757; x_wconf 87' lang='lat' dir='ltr'><strong>praetextu</strong></span> <span class='ocrx_word' id='word_1_61' title='bbox 900 713 982 746; x_wconf 92' lang='lat' dir='ltr'><strong>inva-</strong></span> 
     </span>
     <span class='ocr_line' id='line_1_13' title="bbox 240 765 1000 810; baseline 0.003 -12"><span class='ocrx_word' id='word_1_62' title='bbox 240 765 369 799; x_wconf 88' lang='lat' dir='ltr'><strong>liditatis</strong></span> <span class='ocrx_word' id='word_1_63' title='bbox 392 765 467 799; x_wconf 91' lang='lat' dir='ltr'><strong>dicti</strong></span> <span class='ocrx_word' id='word_1_64' title='bbox 492 766 610 807; x_wconf 88' lang='lat' dir='ltr'><strong>statuti,</strong></span> <span class='ocrx_word' id='word_1_65' title='bbox 625 766 672 799; x_wconf 66' lang='lat' dir='ltr'><strong>i’el</strong></span> <span class='ocrx_word' id='word_1_66' title='bbox 689 777 752 800; x_wconf 90' lang='lat' dir='ltr'><strong>non</strong></span> <span class='ocrx_word' id='word_1_67' title='bbox 778 767 1000 810; x_wconf 69' lang='lat' dir='ltr'><strong>comp1·elien-i</strong></span> 
     </span>
     <span class='ocr_line' id='line_1_14' title="bbox 240 818 984 862; baseline 0.001 -11"><span class='ocrx_word' id='word_1_68' title='bbox 240 818 338 851; x_wconf 88' lang='lat' dir='ltr'><strong>sionis</strong></span> <span class='ocrx_word' id='word_1_69' title='bbox 362 818 394 851; x_wconf 94' lang='lat' dir='ltr'><strong>in</strong></span> <span class='ocrx_word' id='word_1_70' title='bbox 418 829 454 852; x_wconf 92' lang='lat' dir='ltr'><strong>eo</strong></span> <span class='ocrx_word' id='word_1_71' title='bbox 486 819 641 852; x_wconf 89' lang='lat' dir='ltr'><strong>dictarum</strong></span> <span class='ocrx_word' id='word_1_72' title='bbox 674 819 862 852; x_wconf 85' lang='lat' dir='ltr'><strong>seminarum</strong></span> <span class='ocrx_word' id='word_1_73' title='bbox 894 830 984 862; x_wconf 77' lang='lat' dir='ltr'><strong>regu-</strong></span> 
     </span>
     <span class='ocr_line' id='line_1_15' title="bbox 241 871 984 915; baseline 0.001 -11"><span class='ocrx_word' id='word_1_74' title='bbox 241 871 374 913; x_wconf 84' lang='lat' dir='ltr'><strong>larium,</strong></span> <span class='ocrx_word' id='word_1_75' title='bbox 399 873 650 915; x_wconf 80' lang='lat' dir='ltr'><strong>consanguineos</strong></span> <span class='ocrx_word' id='word_1_76' title='bbox 676 878 706 905; x_wconf 90' lang='lat' dir='ltr'><strong>et</strong></span> <span class='ocrx_word' id='word_1_77' title='bbox 736 873 920 915; x_wconf 79' lang='lat' dir='ltr'><strong>attinentes,</strong></span> <span class='ocrx_word' id='word_1_78' title='bbox 945 872 984 905; x_wconf 88' lang='lat' dir='ltr'><strong>ad</strong></span> 
     </span>
     <span class='ocr_line' id='line_1_16' title="bbox 241 925 984 970; baseline 0 -12"><span class='ocrx_word' id='word_1_79' title='bbox 241 935 321 969; x_wconf 87' lang='lat' dir='ltr'><strong>quos</strong></span> <span class='ocrx_word' id='word_1_80' title='bbox 344 925 453 968; x_wconf 83' lang='lat' dir='ltr'><strong>vigore</strong></span> <span class='ocrx_word' id='word_1_81' title='bbox 477 926 551 959; x_wconf 91' lang='lat' dir='ltr'><strong>dicti</strong></span> <span class='ocrx_word' id='word_1_82' title='bbox 576 926 681 958; x_wconf 86' lang='lat' dir='ltr'><strong>statuti</strong></span> <span class='ocrx_word' id='word_1_83' title='bbox 695 937 751 970; x_wconf 90' lang='lat' dir='ltr'><strong>per</strong></span> <span class='ocrx_word' id='word_1_84' title='bbox 765 926 984 969; x_wconf 79' lang='lat' dir='ltr'><strong>longissimum</strong></span> 
     </span>
     <span class='ocr_line' id='line_1_17' title="bbox 243 979 982 1023; baseline -0.001 -10"><span class='ocrx_word' id='word_1_85' title='bbox 243 982 366 1023; x_wconf 81' lang='lat' dir='ltr'><strong>tempus</strong></span> <span class='ocrx_word' id='word_1_86' title='bbox 390 979 509 1023; x_wconf 85' lang='lat' dir='ltr'><strong>absque</strong></span> <span class='ocrx_word' id='word_1_87' title='bbox 534 979 749 1013; x_wconf 75' lang='lat' dir='ltr'><strong>controversia</strong></span> <span class='ocrx_word' id='word_1_88' title='bbox 775 985 808 1012; x_wconf 86' lang='lat' dir='ltr'><strong>ut</strong></span> <span class='ocrx_word' id='word_1_89' title='bbox 839 981 982 1023; x_wconf 84' lang='lat' dir='ltr'><strong>praeser-</strong></span> 
     </span>
     <span class='ocr_line' id='line_1_18' title="bbox 243 1031 984 1076; baseline -0.001 -11"><span class='ocrx_word' id='word_1_90' title='bbox 243 1037 294 1065; x_wconf 89' lang='lat' dir='ltr'><strong>tur</strong></span> <span class='ocrx_word' id='word_1_91' title='bbox 318 1031 501 1073; x_wconf 86' lang='lat' dir='ltr'><strong>observati¹,</strong></span> <span class='ocrx_word' id='word_1_92' title='bbox 526 1032 619 1073; x_wconf 91' lang='lat' dir='ltr'><strong>bona,</strong></span> <span class='ocrx_word' id='word_1_93' title='bbox 644 1043 724 1076; x_wconf 91' lang='lat' dir='ltr'><strong>quae</strong></span> <span class='ocrx_word' id='word_1_94' title='bbox 748 1033 824 1065; x_wconf 78' lang='lat' dir='ltr'><strong>alias</strong></span> <span class='ocrx_word' id='word_1_95' title='bbox 845 1032 884 1065; x_wconf 92' lang='lat' dir='ltr'><strong>ad</strong></span> <span class='ocrx_word' id='word_1_96' title='bbox 902 1033 984 1076; x_wconf 85' lang='lat' dir='ltr'><strong>ipsas</strong></span> 
     </span>
     <span class='ocr_line' id='line_1_19' title="bbox 243 1085 1003 1135; baseline 0 -17"><span class='ocrx_word' id='word_1_97' title='bbox 243 1085 405 1129; x_wconf 82' lang='lat' dir='ltr'><strong>regulares</strong></span> <span class='ocrx_word' id='word_1_98' title='bbox 422 1089 626 1129; x_wconf 90' lang='lat' dir='ltr'><strong>spectassent,</strong></span> <span class='ocrx_word' id='word_1_99' title='bbox 644 1086 847 1126; x_wconf 76' lang='lat' dir='ltr'><strong>devenerunt,</strong></span> <span class='ocrx_word' id='word_1_100' title='bbox 866 1087 913 1118; x_wconf 76' lang='lat' dir='ltr'><strong>vel</strong></span> <span class='ocrx_word' id='word_1_101' title='bbox 938 1097 986 1119; x_wconf 91' lang='lat' dir='ltr'><strong>eo·</strong></span> <span class='ocrx_word' id='word_1_102' title='bbox 1001 1122 1003 1135; x_wconf 45' lang='grc' dir='ltr'>Ι</span> 
     </span>
     <span class='ocr_line' id='line_1_20' title="bbox 243 1138 986 1183; baseline 0 -11"><span class='ocrx_word' id='word_1_103' title='bbox 243 1149 315 1172; x_wconf 91' lang='lat' dir='ltr'><strong>rum</strong></span> <span class='ocrx_word' id='word_1_104' title='bbox 333 1138 484 1172; x_wconf 88' lang='lat' dir='ltr'><strong>haeredes</strong></span> <span class='ocrx_word' id='word_1_105' title='bbox 502 1144 532 1172; x_wconf 91' lang='lat' dir='ltr'><strong>et</strong></span> <span class='ocrx_word' id='word_1_106' title='bbox 549 1149 747 1172; x_wconf 88' lang='lat' dir='ltr'><strong>successores</strong></span> <span class='ocrx_word' id='word_1_107' title='bbox 767 1139 873 1183; x_wconf 92' lang='lat' dir='ltr'><strong>aliquo</strong></span> <span class='ocrx_word' id='word_1_108' title='bbox 892 1140 986 1172; x_wconf 91' lang='lat' dir='ltr'><strong>modo</strong></span> 
     </span>
     <span class='ocr_line' id='line_1_21' title="bbox 244 1192 987 1236; baseline 0 -11"><span class='ocrx_word' id='word_1_109' title='bbox 244 1203 340 1236; x_wconf 89' lang='lat' dir='ltr'><strong>super</strong></span> <span class='ocrx_word' id='word_1_110' title='bbox 364 1193 438 1236; x_wconf 86' lang='lat' dir='ltr'><strong>ipsis</strong></span> <span class='ocrx_word' id='word_1_111' title='bbox 461 1192 552 1226; x_wconf 90' lang='lat' dir='ltr'><strong>bonis</strong></span> <span class='ocrx_word' id='word_1_112' title='bbox 585 1193 773 1233; x_wconf 78' lang='lat' dir='ltr'><strong>molestare,</strong></span> <span class='ocrx_word' id='word_1_113' title='bbox 799 1193 987 1236; x_wconf 88' lang='lat' dir='ltr'><strong>perturbare</strong></span> 
     </span>
     <span class='ocr_line' id='line_1_22' title="bbox 244 1245 986 1289; baseline 0 -11"><span class='ocrx_word' id='word_1_114' title='bbox 244 1245 293 1278; x_wconf 83' lang='lat' dir='ltr'><strong>vel</strong></span> <span class='ocrx_word' id='word_1_115' title='bbox 317 1245 555 1289; x_wconf 89' lang='lat' dir='ltr'><strong>quomodolibet</strong></span> <span class='ocrx_word' id='word_1_116' title='bbox 591 1245 788 1289; x_wconf 87' lang='lat' dir='ltr'><strong>inquietare,</strong></span> <span class='ocrx_word' id='word_1_117' title='bbox 813 1256 867 1278; x_wconf 89' lang='lat' dir='ltr'><strong>seu</strong></span> <span class='ocrx_word' id='word_1_118' title='bbox 893 1246 986 1278; x_wconf 91' lang='lat' dir='ltr'><strong>etiam</strong></span> 
     </span>
     <span class='ocr_line' id='line_1_23' title="bbox 245 1299 987 1341; baseline -0.001 -8"><span class='ocrx_word' id='word_1_119' title='bbox 245 1303 356 1333; x_wconf 87' lang='lat' dir='ltr'><strong>contra</strong></span> <span class='ocrx_word' id='word_1_120' title='bbox 379 1309 433 1333; x_wconf 92' lang='lat' dir='ltr'><strong>eos</strong></span> <span class='ocrx_word' id='word_1_121' title='bbox 459 1299 508 1332; x_wconf 79' lang='lat' dir='ltr'><strong>via</strong></span> <span class='ocrx_word' id='word_1_122' title='bbox 533 1299 611 1332; x_wconf 88' lang='lat' dir='ltr'><strong>iuris</strong></span> <span class='ocrx_word' id='word_1_123' title='bbox 635 1309 730 1341; x_wconf 82' lang='lat' dir='ltr'><strong>agere</strong></span> <span class='ocrx_word' id='word_1_124' title='bbox 755 1299 876 1331; x_wconf 75' lang='lat' dir='ltr'><strong>valeant</strong></span> <span class='ocrx_word' id='word_1_125' title='bbox 892 1299 923 1331; x_wconf 90' lang='lat' dir='ltr'><strong>in</strong></span> <span class='ocrx_word' id='word_1_126' title='bbox 940 1299 987 1332; x_wconf 86' lang='lat' dir='ltr'><strong>fu-</strong></span> 
     </span>
     <span class='ocr_line' id='line_1_24' title="bbox 246 1358 362 1386; baseline -0.009 0"><span class='ocrx_word' id='word_1_127' title='bbox 246 1358 362 1386; x_wconf 86' lang='lat' dir='ltr'><strong>turum.</strong></span> 
     </span>
    </p>

    <p class='ocr_par' dir='ltr' id='par_1_6' title="bbox 246 1405 991 1825">
     <span class='ocr_line' id='line_1_25' title="bbox 290 1405 988 1450; baseline 0 -11"><span class='ocrx_word' id='word_1_128' title='bbox 290 1405 359 1450; x_wconf 63' lang='lat'><strong>5⁶2.</strong></span> <span class='ocrx_word' id='word_1_129' title='bbox 391 1406 600 1439; x_wconf 88' lang='lat' dir='ltr'><strong>Decernentes</strong></span> <span class='ocrx_word' id='word_1_130' title='bbox 635 1406 754 1449; x_wconf 86' lang='lat' dir='ltr'><strong>pariter</strong></span> <span class='ocrx_word' id='word_1_131' title='bbox 786 1406 907 1438; x_wconf 90' lang='lat' dir='ltr'><strong>nullum</strong></span> <span class='ocrx_word' id='word_1_132' title='bbox 940 1405 988 1439; x_wconf 88' lang='lat' dir='ltr'><strong>ius</strong></span> 
     </span>
     <span class='ocr_line' id='line_1_26' title="bbox 247 1459 989 1503; baseline -0.001 -11"><span class='ocrx_word' id='word_1_133' title='bbox 247 1459 430 1503; x_wconf 83' lang='lat' dir='ltr'><strong>nullamque</strong></span> <span class='ocrx_word' id='word_1_134' title='bbox 453 1459 609 1493; x_wconf 81' lang='lat' dir='ltr'><strong>actionem</strong></span> <span class='ocrx_word' id='word_1_135' title='bbox 630 1459 674 1492; x_wconf 90' lang='lat' dir='ltr'><strong>eis</strong></span> <span class='ocrx_word' id='word_1_136' title='bbox 694 1464 874 1502; x_wconf 82' lang='lat' dir='ltr'><strong>competere</strong></span> <span class='ocrx_word' id='word_1_137' title='bbox 894 1469 989 1502; x_wconf 89' lang='lat' dir='ltr'><strong>super</strong></span> 
     </span>
     <span class='ocr_line' id='line_1_27' title="bbox 246 1513 988 1558; baseline -0.001 -11"><span class='ocrx_word' id='word_1_138' title='bbox 246 1513 338 1547; x_wconf 87' lang='lat' dir='ltr'><strong>honis</strong></span> <span class='ocrx_word' id='word_1_139' title='bbox 371 1513 539 1558; x_wconf 84' lang='lat' dir='ltr'><strong>praefatis,</strong></span> <span class='ocrx_word' id='word_1_140' title='bbox 565 1513 631 1546; x_wconf 90' lang='lat' dir='ltr'><strong>sine</strong></span> <span class='ocrx_word' id='word_1_141' title='bbox 664 1518 770 1545; x_wconf 88' lang='lat' dir='ltr'><strong>tamen</strong></span> <span class='ocrx_word' id='word_1_142' title='bbox 794 1513 988 1556; x_wconf 87' lang='lat' dir='ltr'><strong>praeiudicio</strong></span> 
     </span>
     <span class='ocr_line' id='line_1_28' title="bbox 248 1566 988 1611; baseline -0.001 -10"><span class='ocrx_word' id='word_1_143' title='bbox 248 1567 326 1601; x_wconf 87' lang='lat' dir='ltr'><strong>iuris</strong></span> <span class='ocrx_word' id='word_1_144' title='bbox 343 1567 427 1611; x_wconf 90' lang='lat' dir='ltr'><strong>quod</strong></span> <span class='ocrx_word' id='word_1_145' title='bbox 444 1578 481 1601; x_wconf 79' lang='lat' dir='ltr'><strong>ex</strong></span> <span class='ocrx_word' id='word_1_146' title='bbox 497 1569 591 1600; x_wconf 78' lang='lat' dir='ltr'><strong>causa</strong></span> <span class='ocrx_word' id='word_1_147' title='bbox 612 1566 845 1600; x_wconf 84' lang='lat' dir='ltr'><strong>successionum</strong></span> <span class='ocrx_word' id='word_1_148' title='bbox 864 1572 894 1599; x_wconf 89' lang='lat' dir='ltr'><strong>ct</strong></span> <span class='ocrx_word' id='word_1_149' title='bbox 915 1567 988 1600; x_wconf 87' lang='lat' dir='ltr'><strong>hae-</strong></span> 
     </span>
     <span class='ocr_line' id='line_1_29' title="bbox 248 1620 990 1665; baseline -0.003 -10"><span class='ocrx_word' id='word_1_150' title='bbox 248 1621 418 1655; x_wconf 84' lang='lat' dir='ltr'><strong>reditatum</strong></span> <span class='ocrx_word' id='word_1_151' title='bbox 453 1621 486 1653; x_wconf 91' lang='lat' dir='ltr'><strong>in</strong></span> <span class='ocrx_word' id='word_1_152' title='bbox 521 1620 728 1665; x_wconf 84' lang='lat' dir='ltr'><strong>praeteritum</strong></span> <span class='ocrx_word' id='word_1_153' title='bbox 761 1626 791 1653; x_wconf 89' lang='lat' dir='ltr'><strong>et</strong></span> <span class='ocrx_word' id='word_1_154' title='bbox 827 1631 927 1664; x_wconf 86' lang='lat' dir='ltr'><strong>usque</strong></span> <span class='ocrx_word' id='word_1_155' title='bbox 960 1621 990 1653; x_wconf 93' lang='lat' dir='ltr'><strong>in</strong></span> 
     </span>
     <span class='ocr_line' id='line_1_30' title="bbox 250 1673 989 1719; baseline -0.003 -12"><span class='ocrx_word' id='word_1_156' title='bbox 250 1679 447 1719; x_wconf 86' lang='lat' dir='ltr'><strong>praesentem</strong></span> <span class='ocrx_word' id='word_1_157' title='bbox 473 1673 555 1706; x_wconf 90' lang='lat' dir='ltr'><strong>diem</strong></span> <span class='ocrx_word' id='word_1_158' title='bbox 581 1673 619 1706; x_wconf 90' lang='lat' dir='ltr'><strong>ab</strong></span> <span class='ocrx_word' id='word_1_159' title='bbox 644 1673 761 1706; x_wconf 86' lang='lat' dir='ltr'><strong>eisdem</strong></span> <span class='ocrx_word' id='word_1_160' title='bbox 791 1673 914 1706; x_wconf 86' lang='lat' dir='ltr'><strong>seminis</strong></span> <span class='ocrx_word' id='word_1_161' title='bbox 942 1684 989 1706; x_wconf 81' lang='lat' dir='ltr'><strong>re-</strong></span> 
     </span>
     <span class='ocr_line' id='line_1_31' title="bbox 249 1727 991 1772; baseline -0.001 -12"><span class='ocrx_word' id='word_1_162' title='bbox 249 1727 413 1772; x_wconf 84' lang='lat' dir='ltr'><strong>gularibus</strong></span> <span class='ocrx_word' id='word_1_163' title='bbox 438 1727 636 1760; x_wconf 86' lang='lat' dir='ltr'><strong>monasteriis</strong></span> <span class='ocrx_word' id='word_1_164' title='bbox 661 1727 793 1769; x_wconf 88' lang='lat' dir='ltr'><strong>aliisque</strong></span> <span class='ocrx_word' id='word_1_165' title='bbox 818 1727 895 1759; x_wconf 88' lang='lat' dir='ltr'><strong>loeis</strong></span> <span class='ocrx_word' id='word_1_166' title='bbox 920 1727 991 1759; x_wconf 89' lang='lat' dir='ltr'><strong>reli-</strong></span> 
     </span>
     <span class='ocr_line' id='line_1_32' title="bbox 250 1780 895 1825; baseline -0.003 -11"><span class='ocrx_word' id='word_1_167' title='bbox 250 1781 347 1825; x_wconf 84' lang='lat' dir='ltr'><strong>giosis</strong></span> <span class='ocrx_word' id='word_1_168' title='bbox 371 1780 549 1824; x_wconf 71' lang='lat' dir='ltr'><strong>agniturum</strong></span> <span class='ocrx_word' id='word_1_169' title='bbox 574 1785 754 1824; x_wconf 86' lang='lat' dir='ltr'><strong>competere</strong></span> <span class='ocrx_word' id='word_1_170' title='bbox 778 1785 895 1823; x_wconf 90' lang='lat' dir='ltr'><strong>posset.</strong></span> 
     </span>
    </p>

    <p class='ocr_par' dir='ltr' id='par_1_7' title="bbox 250 1832 995 2146">
     <span class='ocr_line' id='line_1_33' title="bbox 295 1832 993 1878; baseline -0.003 -10"><span class='ocrx_word' id='word_1_171' title='bbox 295 1835 310 1878; x_wconf 63' lang='lat' dir='ltr'>g</span> <span class='ocrx_word' id='word_1_172' title='bbox 333 1833 363 1868; x_wconf 83' lang='lat'><strong>3.</strong></span> <span class='ocrx_word' id='word_1_173' title='bbox 399 1834 543 1868; x_wconf 90' lang='lat' dir='ltr'><strong>Ceterum</strong></span> <span class='ocrx_word' id='word_1_174' title='bbox 572 1843 635 1866; x_wconf 90' lang='lat' dir='ltr'><strong>non</strong></span> <span class='ocrx_word' id='word_1_175' title='bbox 659 1832 851 1866; x_wconf 83' lang='lat' dir='ltr'><strong>intendimus</strong></span> <span class='ocrx_word' id='word_1_176' title='bbox 875 1833 993 1877; x_wconf 86' lang='lat' dir='ltr'><strong>aliquid</strong></span> 
     </span>
     <span class='ocr_line' id='line_1_34' title="bbox 250 1887 993 1934; baseline -0.004 -12"><span class='ocrx_word' id='word_1_177' title='bbox 250 1899 309 1934; x_wconf 90' lang='lat' dir='ltr'><strong>pro</strong></span> <span class='ocrx_word' id='word_1_178' title='bbox 333 1899 416 1922; x_wconf 91' lang='lat' dir='ltr'><strong>nunc</strong></span> <span class='ocrx_word' id='word_1_179' title='bbox 440 1888 601 1922; x_wconf 86' lang='lat' dir='ltr'><strong>declarare</strong></span> <span class='ocrx_word' id='word_1_180' title='bbox 626 1887 712 1920; x_wconf 88' lang='lat' dir='ltr'><strong>circa</strong></span> <span class='ocrx_word' id='word_1_181' title='bbox 736 1887 925 1920; x_wconf 72' lang='lat' dir='ltr'><strong>validitatem</strong></span> <span class='ocrx_word' id='word_1_182' title='bbox 946 1889 993 1920; x_wconf 70' lang='lat' dir='ltr'><strong>vel</strong></span> 
     </span>
     <span class='ocr_line' id='line_1_35' title="bbox 252 1941 995 1986; baseline -0.001 -10"><span class='ocrx_word' id='word_1_183' title='bbox 252 1943 476 1976; x_wconf 88' lang='lat' dir='ltr'><strong>invaliditatem</strong></span> <span class='ocrx_word' id='word_1_184' title='bbox 498 1942 650 1986; x_wconf 85' lang='lat' dir='ltr'><strong>praedicti</strong></span> <span class='ocrx_word' id='word_1_185' title='bbox 668 1942 773 1974; x_wconf 89' lang='lat' dir='ltr'><strong>statuti</strong></span> <span class='ocrx_word' id='word_1_186' title='bbox 792 1941 896 1984; x_wconf 85' lang='lat' dir='ltr'><strong>quoad</strong></span> <span class='ocrx_word' id='word_1_187' title='bbox 924 1942 995 1975; x_wconf 88' lang='lat' dir='ltr'><strong>hae-</strong></span> 
     </span>
     <span class='ocr_line' id='line_1_36' title="bbox 252 1995 994 2036; baseline -0.004 -6"><span class='ocrx_word' id='word_1_188' title='bbox 252 1997 400 2030; x_wconf 88' lang='lat' dir='ltr'><strong>reditates</strong></span> <span class='ocrx_word' id='word_1_189' title='bbox 413 2002 442 2029; x_wconf 90' lang='lat' dir='ltr'><strong>et</strong></span> <span class='ocrx_word' id='word_1_190' title='bbox 456 1995 681 2036; x_wconf 88' lang='lat' dir='ltr'><strong>successiones,</strong></span> <span class='ocrx_word' id='word_1_191' title='bbox 706 2000 769 2027; x_wconf 85' lang='lat' dir='ltr'><strong>tam</strong></span> <span class='ocrx_word' id='word_1_192' title='bbox 787 1995 994 2028; x_wconf 69' lang='lat' dir='ltr'><strong>devolvendus</strong></span> 
     </span>
     <span class='ocr_line' id='line_1_37' title="bbox 252 2049 995 2093; baseline -0.003 -9"><span class='ocrx_word' id='word_1_193' title='bbox 252 2051 284 2084; x_wconf 90' lang='lat' dir='ltr'><strong>in</strong></span> <span class='ocrx_word' id='word_1_194' title='bbox 307 2051 469 2090; x_wconf 85' lang='lat' dir='ltr'><strong>futurum,</strong></span> <span class='ocrx_word' id='word_1_195' title='bbox 494 2060 588 2093; x_wconf 88' lang='lat' dir='ltr'><strong>quam</strong></span> <span class='ocrx_word' id='word_1_196' title='bbox 613 2050 763 2082; x_wconf 86' lang='lat' dir='ltr'><strong>hactenus</strong></span> <span class='ocrx_word' id='word_1_197' title='bbox 788 2049 916 2090; x_wconf 90' lang='lat' dir='ltr'><strong>delatas,</strong></span> <span class='ocrx_word' id='word_1_198' title='bbox 932 2060 995 2083; x_wconf 90' lang='lat' dir='ltr'><strong>non</strong></span> 
     </span>
     <span class='ocr_line' id='line_1_38' title="bbox 251 2102 769 2146; baseline -0.006 -9"><span class='ocrx_word' id='word_1_199' title='bbox 251 2113 316 2137; x_wconf 88' lang='lat' dir='ltr'><strong>non</strong></span> <span class='ocrx_word' id='word_1_200' title='bbox 340 2108 446 2136; x_wconf 90' lang='lat' dir='ltr'><strong>tamen</strong></span> <span class='ocrx_word' id='word_1_201' title='bbox 466 2102 596 2145; x_wconf 81' lang='lat' dir='ltr'><strong>agnitas,</strong></span> <span class='ocrx_word' id='word_1_202' title='bbox 614 2107 648 2134; x_wconf 90' lang='lat' dir='ltr'><strong>ut</strong></span> <span class='ocrx_word' id='word_1_203' title='bbox 665 2112 769 2146; x_wconf 87' lang='lat' dir='ltr'><strong>supra.</strong></span> 
     </span>
    </p>

    <p class='ocr_par' dir='ltr' id='par_1_8' title="bbox 253 2154 995 2360">
     <span class='ocr_line' id='line_1_39' title="bbox 297 2154 992 2201; baseline -0.003 -12"><span class='ocrx_word' id='word_1_204' title='bbox 297 2157 313 2201; x_wconf 62' lang='grc' dir='ltr'><strong>ἓ</strong></span> <span class='ocrx_word' id='word_1_205' title='bbox 336 2156 366 2189; x_wconf 80' lang='grc'><strong>4.</strong></span> <span class='ocrx_word' id='word_1_206' title='bbox 388 2156 596 2189; x_wconf 88' lang='lat' dir='ltr'><strong>Decernentes</strong></span> <span class='ocrx_word' id='word_1_207' title='bbox 622 2155 715 2188; x_wconf 89' lang='lat' dir='ltr'><strong>etiam</strong></span> <span class='ocrx_word' id='word_1_208' title='bbox 746 2154 870 2188; x_wconf 91' lang='lat' dir='ltr'><strong>easdem</strong></span> <span class='ocrx_word' id='word_1_209' title='bbox 897 2165 992 2199; x_wconf 87' lang='lat' dir='ltr'><strong>prae-</strong></span> 
     </span>
     <span class='ocr_line' id='line_1_40' title="bbox 253 2209 995 2249; baseline -0.004 -5"><span class='ocrx_word' id='word_1_210' title='bbox 253 2215 356 2244; x_wconf 87' lang='lat' dir='ltr'><strong>sentes</strong></span> <span class='ocrx_word' id='word_1_211' title='bbox 380 2210 500 2243; x_wconf 87' lang='lat' dir='ltr'><strong>litteras</strong></span> <span class='ocrx_word' id='word_1_212' title='bbox 524 2210 642 2249; x_wconf 83' lang='lat' dir='ltr'><strong>firmas,</strong></span> <span class='ocrx_word' id='word_1_213' title='bbox 668 2209 787 2242; x_wconf 85' lang='lat' dir='ltr'><strong>validas</strong></span> <span class='ocrx_word' id='word_1_214' title='bbox 805 2214 835 2241; x_wconf 89' lang='lat' dir='ltr'><strong>et</strong></span> <span class='ocrx_word' id='word_1_215' title='bbox 853 2209 995 2241; x_wconf 81' lang='lat' dir='ltr'><strong>efficaces</strong></span> 
     </span>
     <span class='ocr_line' id='line_1_41' title="bbox 254 2262 995 2306; baseline -0.004 -9"><span class='ocrx_word' id='word_1_216' title='bbox 254 2263 387 2297; x_wconf 83' lang='lat' dir='ltr'><strong>existere</strong></span> <span class='ocrx_word' id='word_1_217' title='bbox 411 2268 442 2296; x_wconf 85' lang='lat' dir='ltr'><strong>et</strong></span> <span class='ocrx_word' id='word_1_218' title='bbox 466 2262 544 2303; x_wconf 75' lang='lat' dir='ltr'><strong>fore,</strong></span> <span class='ocrx_word' id='word_1_219' title='bbox 569 2273 706 2306; x_wconf 89' lang='lat' dir='ltr'><strong>suosque</strong></span> <span class='ocrx_word' id='word_1_220' title='bbox 730 2262 889 2306; x_wconf 89' lang='lat' dir='ltr'><strong>plenarios</strong></span> <span class='ocrx_word' id='word_1_221' title='bbox 906 2268 935 2294; x_wconf 90' lang='lat' dir='ltr'><strong>et</strong></span> <span class='ocrx_word' id='word_1_222' title='bbox 953 2262 995 2294; x_wconf 91' lang='lat' dir='ltr'><strong>in-</strong></span> 
     </span>
     <span class='ocr_line' id='line_1_42' title="bbox 253 2315 995 2360; baseline -0.004 -10"><span class='ocrx_word' id='word_1_223' title='bbox 253 2322 359 2360; x_wconf 81' lang='lat' dir='ltr'><strong>tegros</strong></span> <span class='ocrx_word' id='word_1_224' title='bbox 384 2316 513 2351; x_wconf 82' lang='lat' dir='ltr'><strong>effectus</strong></span> <span class='ocrx_word' id='word_1_225' title='bbox 530 2316 636 2349; x_wconf 90' lang='lat' dir='ltr'><strong>sortiri</strong></span> <span class='ocrx_word' id='word_1_226' title='bbox 654 2321 683 2348; x_wconf 92' lang='lat' dir='ltr'><strong>et</strong></span> <span class='ocrx_word' id='word_1_227' title='bbox 701 2315 853 2355; x_wconf 86' lang='lat' dir='ltr'><strong>obtinere,</strong></span> <span class='ocrx_word' id='word_1_228' title='bbox 872 2326 907 2348; x_wconf 87' lang='lat' dir='ltr'><strong>ac</strong></span> <span class='ocrx_word' id='word_1_229' title='bbox 924 2315 995 2356; x_wconf 88' lang='lat' dir='ltr'><strong>illis,</strong></span> 
     </span>
    </p>
   </div>
   <div class='ocr_carea' id='block_1_6' title="bbox 995 290 1015 2403">
    <p class='ocr_par' dir='ltr' id='par_1_9' title="bbox 995 290 1015 2403">
     <span class='ocr_line' id='line_1_43' title="bbox 995 290 1015 2403; baseline 0 0"><span class='ocrx_word' id='word_1_230' title='bbox 995 290 1015 2403; x_wconf 95' lang='lat' dir='ltr'><strong> </strong></span> 
     </span>
    </p>
   </div>
   <div class='ocr_carea' id='block_1_7' title="bbox 252 2368 996 2573">
    <p class='ocr_par' dir='ltr' id='par_1_10' title="bbox 252 2368 996 2573">
     <span class='ocr_line' id='line_1_44' title="bbox 252 2368 995 2414; baseline -0.004 -11"><span class='ocrx_word' id='word_1_231' title='bbox 252 2369 292 2403; x_wconf 86' lang='lat' dir='ltr'><strong>ad</strong></span> <span class='ocrx_word' id='word_1_232' title='bbox 311 2380 390 2414; x_wconf 88' lang='lat' dir='ltr'><strong>quos</strong></span> <span class='ocrx_word' id='word_1_233' title='bbox 409 2375 529 2414; x_wconf 88' lang='lat' dir='ltr'><strong>spectat</strong></span> <span class='ocrx_word' id='word_1_234' title='bbox 545 2375 575 2402; x_wconf 87' lang='lat' dir='ltr'><strong>et</strong></span> <span class='ocrx_word' id='word_1_235' title='bbox 596 2379 655 2413; x_wconf 86' lang='lat' dir='ltr'><strong>pro</strong></span> <span class='ocrx_word' id='word_1_236' title='bbox 673 2374 815 2412; x_wconf 89' lang='lat' dir='ltr'><strong>tempore</strong></span> <span class='ocrx_word' id='word_1_237' title='bbox 833 2368 995 2412; x_wconf 84' lang='lat' dir='ltr'><strong>spectabit,</strong></span> 
     </span>
     <span class='ocr_line' id='line_1_45' title="bbox 252 2422 996 2468; baseline -0.004 -11"><span class='ocrx_word' id='word_1_238' title='bbox 252 2423 434 2468; x_wconf 89' lang='lat' dir='ltr'><strong>plenissime</strong></span> <span class='ocrx_word' id='word_1_239' title='bbox 458 2422 645 2465; x_wconf 79' lang='lat' dir='ltr'><strong>suffragari,</strong></span> <span class='ocrx_word' id='word_1_240' title='bbox 669 2422 776 2465; x_wconf 85' lang='lat' dir='ltr'><strong>sicque</strong></span> <span class='ocrx_word' id='word_1_241' title='bbox 794 2422 825 2454; x_wconf 90' lang='lat' dir='ltr'><strong>in</strong></span> <span class='ocrx_word' id='word_1_242' title='bbox 848 2422 996 2465; x_wconf 85' lang='lat' dir='ltr'><strong>praeniis-</strong></span> 
     </span>
     <span class='ocr_line' id='line_1_46' title="bbox 253 2475 996 2521; baseline -0.003 -11"><span class='ocrx_word' id='word_1_243' title='bbox 253 2476 294 2510; x_wconf 89' lang='lat' dir='ltr'><strong>sis</strong></span> <span class='ocrx_word' id='word_1_244' title='bbox 327 2486 385 2521; x_wconf 87' lang='lat' dir='ltr'><strong>per</strong></span> <span class='ocrx_word' id='word_1_245' title='bbox 416 2486 634 2520; x_wconf 89' lang='lat' dir='ltr'><strong>quoscumque</strong></span> <span class='ocrx_word' id='word_1_246' title='bbox 671 2475 788 2508; x_wconf 86' lang='lat' dir='ltr'><strong>iudices</strong></span> <span class='ocrx_word' id='word_1_247' title='bbox 819 2475 996 2508; x_wconf 84' lang='lat' dir='ltr'><strong>ordinarios</strong></span> 
     </span>
     <span class='ocr_line' id='line_1_47' title="bbox 253 2528 996 2573; baseline -0.003 -9"><span class='ocrx_word' id='word_1_248' title='bbox 253 2535 284 2564; x_wconf 89' lang='lat' dir='ltr'><strong>et</strong></span> <span class='ocrx_word' id='word_1_249' title='bbox 308 2530 467 2573; x_wconf 85' lang='lat' dir='ltr'><strong>delegatos</strong></span> <span class='ocrx_word' id='word_1_250' title='bbox 492 2529 585 2563; x_wconf 87' lang='lat' dir='ltr'><strong>etiam</strong></span> <span class='ocrx_word' id='word_1_251' title='bbox 611 2538 777 2562; x_wconf 86' lang='lat' dir='ltr'><strong>causarum</strong></span> <span class='ocrx_word' id='word_1_252' title='bbox 802 2528 907 2572; x_wconf 87' lang='lat' dir='ltr'><strong>palatii</strong></span> <span class='ocrx_word' id='word_1_253' title='bbox 925 2539 996 2572; x_wconf 88' lang='lat' dir='ltr'><strong>apo-</strong></span> 
     </span>
    </p>
   </div>
   <div class='ocr_carea' id='block_1_8' title="bbox 254 2600 995 2680">
    <p class='ocr_par' dir='ltr' id='par_1_11' title="bbox 254 2600 995 2680">
     <span class='ocr_line' id='line_1_48' title="bbox 290 2600 995 2635; baseline 0 -7"><span class='ocrx_word' id='word_1_254' title='bbox 290 2602 301 2628; x_wconf 84' lang='lat'>1</span> <span class='ocrx_word' id='word_1_255' title='bbox 321 2600 388 2628; x_wconf 86' lang='lat' dir='ltr'><strong>Male</strong></span> <span class='ocrx_word' id='word_1_256' title='bbox 402 2601 467 2628; x_wconf 83' lang='lat' dir='ltr'><strong>edit.</strong></span> <span class='ocrx_word' id='word_1_257' title='bbox 484 2600 562 2628; x_wconf 85' lang='lat' dir='ltr'><strong>Main.</strong></span> <span class='ocrx_word' id='word_1_258' title='bbox 580 2600 643 2634; x_wconf 87' lang='lat' dir='ltr'><strong>legit</strong></span> <span class='ocrx_word' id='word_1_259' title='bbox 662 2600 810 2628; x_wconf 78' lang='lat' dir='ltr'><strong>observari</strong></span> <span class='ocrx_word' id='word_1_260' title='bbox 830 2608 877 2635; x_wconf 83' lang='lat' dir='ltr'><strong>pro</strong></span> <span class='ocrx_word' id='word_1_261' title='bbox 901 2600 995 2628; x_wconf 79' lang='lat' dir='ltr'><strong>obser-</strong></span> 
     </span>
     <span class='ocr_line' id='line_1_49' title="bbox 254 2645 431 2680; baseline -0.006 -7"><span class='ocrx_word' id='word_1_262' title='bbox 254 2645 314 2674; x_wconf 75' lang='lat' dir='ltr'><strong>vati</strong></span> <span class='ocrx_word' id='word_1_263' title='bbox 328 2648 366 2680; x_wconf 74' lang='lat' dir='ltr'><strong>(n.</strong></span> <span class='ocrx_word' id='word_1_264' title='bbox 382 2650 431 2679; x_wconf 84' lang='lat' dir='ltr'>T.).</span> 
     </span>
    </p>
   </div>
   <div class='ocr_carea' id='block_1_9' title="bbox 1012 287 1771 2518">
    <p class='ocr_par' dir='ltr' id='par_1_12' title="bbox 1012 287 1754 586">
     <span class='ocr_line' id='line_1_50' title="bbox 1012 287 1751 331; baseline -0.001 -10"><span class='ocrx_word' id='word_1_265' title='bbox 1012 288 1115 322; x_wconf 92' lang='lat' dir='ltr'><strong>stolici</strong></span> <span class='ocrx_word' id='word_1_266' title='bbox 1140 287 1309 331; x_wconf 85' lang='lat' dir='ltr'><strong>auditores,</strong></span> <span class='ocrx_word' id='word_1_267' title='bbox 1335 300 1370 322; x_wconf 91' lang='lat' dir='ltr'><strong>ac</strong></span> <span class='ocrx_word' id='word_1_268' title='bbox 1396 290 1425 323; x_wconf 82' lang='lat' dir='ltr'><strong>S.</strong></span> <span class='ocrx_word' id='word_1_269' title='bbox 1448 290 1482 322; x_wconf 88' lang='lat' dir='ltr'><strong>R.</strong></span> <span class='ocrx_word' id='word_1_270' title='bbox 1503 289 1535 322; x_wconf 86' lang='lat' dir='ltr'><strong>E.</strong></span> <span class='ocrx_word' id='word_1_271' title='bbox 1555 288 1751 330; x_wconf 89' lang='lat' dir='ltr'><strong>cardinales,</strong></span> 
     </span>
     <span class='ocr_line' id='line_1_51' title="bbox 1012 341 1754 384; baseline -0.001 -10"><span class='ocrx_word' id='word_1_272' title='bbox 1012 342 1105 374; x_wconf 89' lang='lat' dir='ltr'><strong>etiam</strong></span> <span class='ocrx_word' id='word_1_273' title='bbox 1130 341 1168 373; x_wconf 92' lang='lat' dir='ltr'><strong>de</strong></span> <span class='ocrx_word' id='word_1_274' title='bbox 1194 342 1290 375; x_wconf 89' lang='lat' dir='ltr'><strong>latere</strong></span> <span class='ocrx_word' id='word_1_275' title='bbox 1316 343 1444 384; x_wconf 76' lang='lat' dir='ltr'><strong>legatos,</strong></span> <span class='ocrx_word' id='word_1_276' title='bbox 1471 341 1602 374; x_wconf 90' lang='lat' dir='ltr'><strong>iudicari</strong></span> <span class='ocrx_word' id='word_1_277' title='bbox 1627 347 1657 373; x_wconf 93' lang='lat' dir='ltr'><strong>et</strong></span> <span class='ocrx_word' id='word_1_278' title='bbox 1681 341 1754 373; x_wconf 75' lang='lat' dir='ltr'><strong>defi-</strong></span> 
     </span>
     <span class='ocr_line' id='line_1_52' title="bbox 1012 393 1753 435; baseline 0 -9"><span class='ocrx_word' id='word_1_279' title='bbox 1012 394 1073 426; x_wconf 88' lang='lat' dir='ltr'><strong>niri</strong></span> <span class='ocrx_word' id='word_1_280' title='bbox 1099 393 1223 435; x_wconf 88' lang='lat' dir='ltr'><strong>debere,</strong></span> <span class='ocrx_word' id='word_1_281' title='bbox 1249 405 1285 427; x_wconf 93' lang='lat' dir='ltr'><strong>ac</strong></span> <span class='ocrx_word' id='word_1_282' title='bbox 1310 395 1435 427; x_wconf 88' lang='lat' dir='ltr'><strong>irritum</strong></span> <span class='ocrx_word' id='word_1_283' title='bbox 1454 400 1483 427; x_wconf 86' lang='lat' dir='ltr'><strong>et</strong></span> <span class='ocrx_word' id='word_1_284' title='bbox 1502 395 1603 434; x_wconf 88' lang='lat' dir='ltr'><strong>inane,</strong></span> <span class='ocrx_word' id='word_1_285' title='bbox 1621 394 1646 426; x_wconf 89' lang='lat' dir='ltr'><strong>si</strong></span> <span class='ocrx_word' id='word_1_286' title='bbox 1664 404 1753 426; x_wconf 92' lang='lat' dir='ltr'><strong>secus</strong></span> 
     </span>
     <span class='ocr_line' id='line_1_53' title="bbox 1013 446 1753 490; baseline -0.003 -10"><span class='ocrx_word' id='word_1_287' title='bbox 1013 457 1108 490; x_wconf 88' lang='lat' dir='ltr'><strong>super</strong></span> <span class='ocrx_word' id='word_1_288' title='bbox 1132 447 1181 479; x_wconf 88' lang='lat' dir='ltr'><strong>his</strong></span> <span class='ocrx_word' id='word_1_289' title='bbox 1205 457 1407 490; x_wconf 86' lang='lat' dir='ltr'><strong>aquoquam,</strong></span> <span class='ocrx_word' id='word_1_290' title='bbox 1426 447 1533 490; x_wconf 65' lang='lat' dir='ltr'><strong>quavis</strong></span> <span class='ocrx_word' id='word_1_291' title='bbox 1558 446 1753 487; x_wconf 87' lang='lat' dir='ltr'><strong>auctoritate,</strong></span> 
     </span>
     <span class='ocr_line' id='line_1_54' title="bbox 1014 500 1754 543; baseline -0.003 -9"><span class='ocrx_word' id='word_1_292' title='bbox 1014 501 1148 534; x_wconf 88' lang='lat' dir='ltr'><strong>scienter</strong></span> <span class='ocrx_word' id='word_1_293' title='bbox 1173 500 1221 533; x_wconf 79' lang='lat' dir='ltr'><strong>vel</strong></span> <span class='ocrx_word' id='word_1_294' title='bbox 1247 501 1439 543; x_wconf 81' lang='lat' dir='ltr'><strong>ignoranter,</strong></span> <span class='ocrx_word' id='word_1_295' title='bbox 1466 500 1634 543; x_wconf 75' lang='lat' dir='ltr'><strong>contigerit</strong></span> <span class='ocrx_word' id='word_1_296' title='bbox 1654 505 1754 533; x_wconf 90' lang='lat' dir='ltr'><strong>atten-</strong></span> 
     </span>
     <span class='ocr_line' id='line_1_55' title="bbox 1015 553 1083 586; baseline 0 0"><span class='ocrx_word' id='word_1_297' title='bbox 1015 553 1083 586; x_wconf 88' lang='lat' dir='ltr'><strong>tari.</strong></span> 
     </span>
    </p>

    <p class='ocr_par' dir='ltr' id='par_1_13' title="bbox 1015 605 1766 1824">
     <span class='ocr_line' id='line_1_56' title="bbox 1059 605 1754 649; baseline -0.003 -10"><span class='ocrx_word' id='word_1_298' title='bbox 1059 606 1073 649; x_wconf 73' lang='grc' dir='ltr'>ξ</span> <span class='ocrx_word' id='word_1_299' title='bbox 1087 606 1116 639; x_wconf 82' lang='grc'><strong>5.</strong></span> <span class='ocrx_word' id='word_1_300' title='bbox 1130 607 1199 639; x_wconf 82' lang='lat' dir='ltr'><strong>Non</strong></span> <span class='ocrx_word' id='word_1_301' title='bbox 1216 605 1422 648; x_wconf 84' lang='lat' dir='ltr'><strong>obstantibus,</strong></span> <span class='ocrx_word' id='word_1_302' title='bbox 1442 611 1595 649; x_wconf 86' lang='lat' dir='ltr'><strong>quatenus</strong></span> <span class='ocrx_word' id='word_1_303' title='bbox 1613 616 1691 649; x_wconf 92' lang='lat' dir='ltr'><strong>opus</strong></span> <span class='ocrx_word' id='word_1_304' title='bbox 1705 606 1754 646; x_wconf 89' lang='lat' dir='ltr'><strong>sit,</strong></span> 
     </span>
     <span class='ocr_line' id='line_1_57' title="bbox 1015 659 1755 702; baseline -0.001 -10"><span class='ocrx_word' id='word_1_305' title='bbox 1015 661 1123 692; x_wconf 76' lang='lat' dir='ltr'><strong>nostra</strong></span> <span class='ocrx_word' id='word_1_306' title='bbox 1147 665 1176 692; x_wconf 92' lang='lat' dir='ltr'><strong>et</strong></span> <span class='ocrx_word' id='word_1_307' title='bbox 1201 659 1405 692; x_wconf 84' lang='lat' dir='ltr'><strong>cancellariae</strong></span> <span class='ocrx_word' id='word_1_308' title='bbox 1430 659 1619 702; x_wconf 87' lang='lat' dir='ltr'><strong>apostolicae</strong></span> <span class='ocrx_word' id='word_1_309' title='bbox 1644 659 1755 701; x_wconf 76' lang='lat' dir='ltr'><strong>regula</strong></span> 
     </span>
     <span class='ocr_line' id='line_1_58' title="bbox 1016 712 1756 755; baseline 0.001 -11"><span class='ocrx_word' id='word_1_310' title='bbox 1016 712 1054 745; x_wconf 91' lang='lat' dir='ltr'><strong>de</strong></span> <span class='ocrx_word' id='word_1_311' title='bbox 1075 722 1140 744; x_wconf 91' lang='lat' dir='ltr'><strong>non</strong></span> <span class='ocrx_word' id='word_1_312' title='bbox 1164 712 1302 745; x_wconf 86' lang='lat' dir='ltr'><strong>tollendo</strong></span> <span class='ocrx_word' id='word_1_313' title='bbox 1336 712 1405 744; x_wconf 88' lang='lat' dir='ltr'><strong>iure</strong></span> <span class='ocrx_word' id='word_1_314' title='bbox 1436 712 1578 755; x_wconf 82' lang='lat' dir='ltr'><strong>quaesito</strong></span> <span class='ocrx_word' id='word_1_315' title='bbox 1593 738 1600 751; x_wconf 94' lang='lat'><strong>,</strong></span> <span class='ocrx_word' id='word_1_316' title='bbox 1626 712 1756 755; x_wconf 83' lang='lat' dir='ltr'><strong>aliisque</strong></span> 
     </span>
     <span class='ocr_line' id='line_1_59' title="bbox 1017 765 1758 809; baseline -0.001 -11"><span class='ocrx_word' id='word_1_317' title='bbox 1017 766 1213 809; x_wconf 88' lang='lat' dir='ltr'><strong>apostolicis,</strong></span> <span class='ocrx_word' id='word_1_318' title='bbox 1239 777 1275 799; x_wconf 91' lang='lat' dir='ltr'><strong>ac</strong></span> <span class='ocrx_word' id='word_1_319' title='bbox 1309 767 1340 798; x_wconf 92' lang='lat' dir='ltr'><strong>in</strong></span> <span class='ocrx_word' id='word_1_320' title='bbox 1371 765 1600 798; x_wconf 66' lang='lat' dir='ltr'><strong>universalibus</strong></span> <span class='ocrx_word' id='word_1_321' title='bbox 1631 765 1758 808; x_wconf 72' lang='lat' dir='ltr'><strong>provin-</strong></span> 
     </span>
     <span class='ocr_line' id='line_1_60' title="bbox 1018 817 1758 863; baseline -0.003 -12"><span class='ocrx_word' id='word_1_322' title='bbox 1018 819 1212 862; x_wconf 88' lang='lat' dir='ltr'><strong>cialibusque</strong></span> <span class='ocrx_word' id='word_1_323' title='bbox 1233 825 1262 852; x_wconf 89' lang='lat' dir='ltr'><strong>et</strong></span> <span class='ocrx_word' id='word_1_324' title='bbox 1291 818 1492 863; x_wconf 61' lang='lat' dir='ltr'><strong>synodalibus</strong></span> <span class='ocrx_word' id='word_1_325' title='bbox 1520 818 1661 851; x_wconf 90' lang='lat' dir='ltr'><strong>conciliis</strong></span> <span class='ocrx_word' id='word_1_326' title='bbox 1693 817 1758 851; x_wconf 84' lang='lat' dir='ltr'><strong>edi-</strong></span> 
     </span>
     <span class='ocr_line' id='line_1_61' title="bbox 1018 871 1760 915; baseline -0.001 -10"><span class='ocrx_word' id='word_1_327' title='bbox 1018 872 1065 915; x_wconf 87' lang='lat' dir='ltr'><strong>tis,</strong></span> <span class='ocrx_word' id='word_1_328' title='bbox 1084 872 1284 915; x_wconf 81' lang='lat' dir='ltr'><strong>generalibus</strong></span> <span class='ocrx_word' id='word_1_329' title='bbox 1309 873 1355 905; x_wconf 79' lang='lat' dir='ltr'><strong>vel</strong></span> <span class='ocrx_word' id='word_1_330' title='bbox 1381 871 1579 915; x_wconf 81' lang='lat' dir='ltr'><strong>specialibus,</strong></span> <span class='ocrx_word' id='word_1_331' title='bbox 1609 871 1760 904; x_wconf 91' lang='lat' dir='ltr'><strong>constitu-</strong></span> 
     </span>
     <span class='ocr_line' id='line_1_62' title="bbox 1019 925 1756 967; baseline -0.003 -9"><span class='ocrx_word' id='word_1_332' title='bbox 1019 925 1156 959; x_wconf 88' lang='lat' dir='ltr'><strong>tionibus</strong></span> <span class='ocrx_word' id='word_1_333' title='bbox 1188 930 1218 958; x_wconf 92' lang='lat' dir='ltr'><strong>et</strong></span> <span class='ocrx_word' id='word_1_334' title='bbox 1252 925 1512 967; x_wconf 86' lang='lat' dir='ltr'><strong>ordinationibus,</strong></span> <span class='ocrx_word' id='word_1_335' title='bbox 1530 935 1652 957; x_wconf 90' lang='lat' dir='ltr'><strong>necnon</strong></span> <span class='ocrx_word' id='word_1_336' title='bbox 1675 935 1756 967; x_wconf 86' lang='lat' dir='ltr'><strong>quo-</strong></span> 
     </span>
     <span class='ocr_line' id='line_1_63' title="bbox 1019 978 1760 1021; baseline -0.003 -9"><span class='ocrx_word' id='word_1_337' title='bbox 1019 978 1138 1012; x_wconf 86' lang='lat' dir='ltr'><strong>rumvis</strong></span> <span class='ocrx_word' id='word_1_338' title='bbox 1162 978 1321 1019; x_wconf 86' lang='lat' dir='ltr'><strong>ordinum,</strong></span> <span class='ocrx_word' id='word_1_339' title='bbox 1348 978 1650 1021; x_wconf 76' lang='lat' dir='ltr'><strong>congregationum,</strong></span> <span class='ocrx_word' id='word_1_340' title='bbox 1675 978 1760 1011; x_wconf 90' lang='lat' dir='ltr'><strong>insti-</strong></span> 
     </span>
     <span class='ocr_line' id='line_1_64' title="bbox 1020 1032 1761 1073; baseline -0.001 -9"><span class='ocrx_word' id='word_1_341' title='bbox 1020 1037 1169 1072; x_wconf 86' lang='lat' dir='ltr'><strong>tutorum,</strong></span> <span class='ocrx_word' id='word_1_342' title='bbox 1195 1032 1470 1073; x_wconf 83' lang='lat' dir='ltr'><strong>monasteriorum,</strong></span> <span class='ocrx_word' id='word_1_343' title='bbox 1496 1037 1707 1065; x_wconf 74' lang='lat' dir='ltr'><strong>conventuum</strong></span> <span class='ocrx_word' id='word_1_344' title='bbox 1731 1036 1761 1064; x_wconf 90' lang='lat' dir='ltr'><strong>et</strong></span> 
     </span>
     <span class='ocr_line' id='line_1_65' title="bbox 1020 1085 1761 1128; baseline 0.001 -11"><span class='ocrx_word' id='word_1_345' title='bbox 1020 1086 1163 1118; x_wconf 90' lang='lat' dir='ltr'><strong>locorum</strong></span> <span class='ocrx_word' id='word_1_346' title='bbox 1201 1086 1395 1128; x_wconf 78' lang='lat' dir='ltr'><strong>regularium</strong></span> <span class='ocrx_word' id='word_1_347' title='bbox 1411 1112 1418 1126; x_wconf 92' lang='lat'><strong>,</strong></span> <span class='ocrx_word' id='word_1_348' title='bbox 1443 1085 1536 1118; x_wconf 88' lang='lat' dir='ltr'><strong>etiam</strong></span> <span class='ocrx_word' id='word_1_349' title='bbox 1561 1085 1761 1125; x_wconf 88' lang='lat' dir='ltr'><strong>iuramento,</strong></span> 
     </span>
     <span class='ocr_line' id='line_1_66' title="bbox 1020 1137 1762 1182; baseline -0.001 -12"><span class='ocrx_word' id='word_1_350' title='bbox 1020 1138 1259 1171; x_wconf 80' lang='lat' dir='ltr'><strong>confirmatione</strong></span> <span class='ocrx_word' id='word_1_351' title='bbox 1286 1138 1476 1182; x_wconf 76' lang='lat' dir='ltr'><strong>apostolica,</strong></span> <span class='ocrx_word' id='word_1_352' title='bbox 1501 1138 1548 1170; x_wconf 68' lang='lat' dir='ltr'><strong>rel</strong></span> <span class='ocrx_word' id='word_1_353' title='bbox 1574 1137 1683 1181; x_wconf 69' lang='lat' dir='ltr'><strong>quavis</strong></span> <span class='ocrx_word' id='word_1_354' title='bbox 1707 1137 1762 1169; x_wconf 88' lang='lat' dir='ltr'><strong>sir-</strong></span> 
     </span>
     <span class='ocr_line' id='line_1_67' title="bbox 1021 1191 1762 1232; baseline 0 -9"><span class='ocrx_word' id='word_1_355' title='bbox 1021 1191 1127 1224; x_wconf 84' lang='lat' dir='ltr'><strong>mitate</strong></span> <span class='ocrx_word' id='word_1_356' title='bbox 1152 1192 1213 1224; x_wconf 69' lang='lat' dir='ltr'><strong>alia</strong></span> <span class='ocrx_word' id='word_1_357' title='bbox 1238 1192 1405 1232; x_wconf 87' lang='lat' dir='ltr'><strong>roboratis,</strong></span> <span class='ocrx_word' id='word_1_358' title='bbox 1420 1191 1542 1224; x_wconf 85' lang='lat' dir='ltr'><strong>statutis</strong></span> <span class='ocrx_word' id='word_1_359' title='bbox 1568 1197 1598 1223; x_wconf 88' lang='lat' dir='ltr'><strong>et</strong></span> <span class='ocrx_word' id='word_1_360' title='bbox 1631 1201 1762 1223; x_wconf 87' lang='lat' dir='ltr'><strong>consue-</strong></span> 
     </span>
     <span class='ocr_line' id='line_1_68' title="bbox 1021 1245 1764 1289; baseline 0 -12"><span class='ocrx_word' id='word_1_361' title='bbox 1021 1245 1191 1287; x_wconf 86' lang='lat' dir='ltr'><strong>tudinibus,</strong></span> <span class='ocrx_word' id='word_1_362' title='bbox 1218 1245 1393 1289; x_wconf 65' lang='lat' dir='ltr'><strong>privilegiis</strong></span> <span class='ocrx_word' id='word_1_363' title='bbox 1418 1256 1554 1288; x_wconf 83' lang='lat' dir='ltr'><strong>quoque,</strong></span> <span class='ocrx_word' id='word_1_364' title='bbox 1580 1245 1708 1278; x_wconf 87' lang='lat' dir='ltr'><strong>indultis</strong></span> <span class='ocrx_word' id='word_1_365' title='bbox 1733 1250 1764 1278; x_wconf 92' lang='lat' dir='ltr'><strong>et</strong></span> 
     </span>
     <span class='ocr_line' id='line_1_69' title="bbox 1021 1298 1765 1342; baseline 0.001 -12"><span class='ocrx_word' id='word_1_366' title='bbox 1021 1298 1132 1331; x_wconf 90' lang='lat' dir='ltr'><strong>litteris</strong></span> <span class='ocrx_word' id='word_1_367' title='bbox 1157 1299 1337 1342; x_wconf 89' lang='lat' dir='ltr'><strong>apostolicis</strong></span> <span class='ocrx_word' id='word_1_368' title='bbox 1364 1299 1393 1331; x_wconf 95' lang='lat' dir='ltr'><strong>in</strong></span> <span class='ocrx_word' id='word_1_369' title='bbox 1409 1299 1602 1332; x_wconf 84' lang='lat' dir='ltr'><strong>contrarium</strong></span> <span class='ocrx_word' id='word_1_370' title='bbox 1617 1298 1765 1342; x_wconf 89' lang='lat' dir='ltr'><strong>praemis-</strong></span> 
     </span>
     <span class='ocr_line' id='line_1_70' title="bbox 1021 1352 1764 1396; baseline 0.001 -12"><span class='ocrx_word' id='word_1_371' title='bbox 1021 1362 1129 1385; x_wconf 90' lang='lat' dir='ltr'><strong>sorum</strong></span> <span class='ocrx_word' id='word_1_372' title='bbox 1143 1353 1380 1396; x_wconf 88' lang='lat' dir='ltr'><strong>quomodolibet</strong></span> <span class='ocrx_word' id='word_1_373' title='bbox 1394 1353 1558 1393; x_wconf 84' lang='lat' dir='ltr'><strong>concessis,</strong></span> <span class='ocrx_word' id='word_1_374' title='bbox 1570 1352 1764 1386; x_wconf 89' lang='lat' dir='ltr'><strong>confirmatis</strong></span> 
     </span>
     <span class='ocr_line' id='line_1_71' title="bbox 1022 1405 1764 1450; baseline 0 -12"><span class='ocrx_word' id='word_1_375' title='bbox 1022 1410 1052 1438; x_wconf 88' lang='lat' dir='ltr'><strong>et</strong></span> <span class='ocrx_word' id='word_1_376' title='bbox 1076 1405 1241 1446; x_wconf 78' lang='lat' dir='ltr'><strong>innovatis3</strong></span> <span class='ocrx_word' id='word_1_377' title='bbox 1267 1407 1381 1450; x_wconf 89' lang='lat' dir='ltr'><strong>quibus</strong></span> <span class='ocrx_word' id='word_1_378' title='bbox 1398 1406 1544 1439; x_wconf 88' lang='lat' dir='ltr'><strong>omnibus</strong></span> <span class='ocrx_word' id='word_1_379' title='bbox 1569 1410 1599 1440; x_wconf 91' lang='lat' dir='ltr'><strong>et</strong></span> <span class='ocrx_word' id='word_1_380' title='bbox 1622 1405 1764 1449; x_wconf 80' lang='lat' dir='ltr'><strong>singulis,</strong></span> 
     </span>
     <span class='ocr_line' id='line_1_72' title="bbox 1023 1459 1765 1503; baseline -0.001 -11"><span class='ocrx_word' id='word_1_381' title='bbox 1023 1459 1150 1492; x_wconf 83' lang='lat' dir='ltr'><strong>illorum</strong></span> <span class='ocrx_word' id='word_1_382' title='bbox 1176 1464 1301 1492; x_wconf 81' lang='lat' dir='ltr'><strong>tenores</strong></span> <span class='ocrx_word' id='word_1_383' title='bbox 1329 1459 1547 1503; x_wconf 86' lang='lat' dir='ltr'><strong>praesentibus</strong></span> <span class='ocrx_word' id='word_1_384' title='bbox 1580 1470 1637 1502; x_wconf 93' lang='lat' dir='ltr'><strong>pro</strong></span> <span class='ocrx_word' id='word_1_385' title='bbox 1674 1459 1765 1502; x_wconf 84' lang='lat' dir='ltr'><strong>plene</strong></span> 
     </span>
     <span class='ocr_line' id='line_1_73' title="bbox 1024 1512 1766 1556; baseline -0.001 -11"><span class='ocrx_word' id='word_1_386' title='bbox 1024 1517 1053 1545; x_wconf 88' lang='lat' dir='ltr'><strong>et</strong></span> <span class='ocrx_word' id='word_1_387' title='bbox 1078 1513 1268 1546; x_wconf 84' lang='lat' dir='ltr'><strong>sufficienter</strong></span> <span class='ocrx_word' id='word_1_388' title='bbox 1293 1513 1448 1556; x_wconf 82' lang='lat' dir='ltr'><strong>expressis</strong></span> <span class='ocrx_word' id='word_1_389' title='bbox 1480 1524 1516 1546; x_wconf 91' lang='lat' dir='ltr'><strong>ac</strong></span> <span class='ocrx_word' id='word_1_390' title='bbox 1543 1512 1581 1545; x_wconf 89' lang='lat' dir='ltr'><strong>dc</strong></span> <span class='ocrx_word' id='word_1_391' title='bbox 1606 1512 1702 1545; x_wconf 79' lang='lat' dir='ltr'><strong>verbo</strong></span> <span class='ocrx_word' id='word_1_392' title='bbox 1727 1512 1766 1545; x_wconf 86' lang='lat' dir='ltr'><strong>ad</strong></span> 
     </span>
     <span class='ocr_line' id='line_1_74' title="bbox 1024 1566 1766 1607; baseline 0 -8"><span class='ocrx_word' id='word_1_393' title='bbox 1024 1567 1156 1600; x_wconf 86' lang='lat' dir='ltr'><strong>verbum</strong></span> <span class='ocrx_word' id='word_1_394' title='bbox 1182 1567 1306 1600; x_wconf 92' lang='lat' dir='ltr'><strong>insertis</strong></span> <span class='ocrx_word' id='word_1_395' title='bbox 1331 1567 1505 1607; x_wconf 86' lang='lat' dir='ltr'><strong>habentes,</strong></span> <span class='ocrx_word' id='word_1_396' title='bbox 1531 1566 1591 1599; x_wconf 85' lang='lat' dir='ltr'><strong>illis</strong></span> <span class='ocrx_word' id='word_1_397' title='bbox 1628 1566 1703 1599; x_wconf 77' lang='lat' dir='ltr'><strong>alias</strong></span> <span class='ocrx_word' id='word_1_398' title='bbox 1735 1567 1766 1599; x_wconf 91' lang='lat' dir='ltr'><strong>in</strong></span> 
     </span>
     <span class='ocr_line' id='line_1_75' title="bbox 1025 1620 1766 1664; baseline -0.003 -10"><span class='ocrx_word' id='word_1_399' title='bbox 1025 1631 1082 1654; x_wconf 87' lang='lat' dir='ltr'><strong>suo</strong></span> <span class='ocrx_word' id='word_1_400' title='bbox 1099 1621 1214 1654; x_wconf 91' lang='lat' dir='ltr'><strong>robore</strong></span> <span class='ocrx_word' id='word_1_401' title='bbox 1228 1621 1454 1664; x_wconf 87' lang='lat' dir='ltr'><strong>permansuris,</strong></span> <span class='ocrx_word' id='word_1_402' title='bbox 1465 1621 1503 1652; x_wconf 87' lang='lat' dir='ltr'><strong>ad</strong></span> <span class='ocrx_word' id='word_1_403' title='bbox 1519 1620 1766 1664; x_wconf 88' lang='lat' dir='ltr'><strong>praemissorum</strong></span> 
     </span>
     <span class='ocr_line' id='line_1_76' title="bbox 1025 1673 1766 1717; baseline -0.001 -10"><span class='ocrx_word' id='word_1_404' title='bbox 1025 1674 1192 1716; x_wconf 80' lang='lat' dir='ltr'><strong>effectum,</strong></span> <span class='ocrx_word' id='word_1_405' title='bbox 1218 1675 1277 1707; x_wconf 88' lang='lat' dir='ltr'><strong>hac</strong></span> <span class='ocrx_word' id='word_1_406' title='bbox 1301 1675 1367 1707; x_wconf 84' lang='lat' dir='ltr'><strong>vice</strong></span> <span class='ocrx_word' id='word_1_407' title='bbox 1392 1674 1563 1713; x_wconf 79' lang='lat' dir='ltr'><strong>dumtaxat,</strong></span> <span class='ocrx_word' id='word_1_408' title='bbox 1589 1673 1766 1717; x_wconf 83' lang='lat' dir='ltr'><strong>specialiter</strong></span> 
     </span>
     <span class='ocr_line' id='line_1_77' title="bbox 1026 1728 1766 1772; baseline -0.001 -11"><span class='ocrx_word' id='word_1_409' title='bbox 1026 1733 1056 1761; x_wconf 84' lang='lat' dir='ltr'><strong>ct</strong></span> <span class='ocrx_word' id='word_1_410' title='bbox 1073 1738 1219 1772; x_wconf 82' lang='lat' dir='ltr'><strong>expresse</strong></span> <span class='ocrx_word' id='word_1_411' title='bbox 1232 1728 1433 1771; x_wconf 72' lang='lat' dir='ltr'><strong>derogamus,</strong></span> <span class='ocrx_word' id='word_1_412' title='bbox 1450 1728 1626 1771; x_wconf 83' lang='lat' dir='ltr'><strong>ceterisque</strong></span> <span class='ocrx_word' id='word_1_413' title='bbox 1643 1733 1766 1761; x_wconf 85' lang='lat' dir='ltr'><strong>contra-</strong></span> 
     </span>
     <span class='ocr_line' id='line_1_78' title="bbox 1026 1781 1365 1824; baseline 0 -10"><span class='ocrx_word' id='word_1_414' title='bbox 1026 1781 1081 1814; x_wconf 87' lang='lat' dir='ltr'><strong>riis</strong></span> <span class='ocrx_word' id='word_1_415' title='bbox 1106 1781 1365 1824; x_wconf 87' lang='lat' dir='ltr'><strong>quibuscumque.</strong></span> 
     </span>
    </p>

    <p class='ocr_par' dir='ltr' id='par_1_14' title="bbox 1027 1833 1770 2295">
     <span class='ocr_line' id='line_1_79' title="bbox 1072 1833 1766 1879; baseline 0 -12"><span class='ocrx_word' id='word_1_416' title='bbox 1072 1835 1087 1878; x_wconf 66' lang='lat' dir='ltr'>g</span> <span class='ocrx_word' id='word_1_417' title='bbox 1111 1833 1140 1867; x_wconf 76' lang='lat' dir='ltr'><strong>G.</strong></span> <span class='ocrx_word' id='word_1_418' title='bbox 1167 1835 1318 1879; x_wconf 79' lang='lat' dir='ltr'><strong>Volumus</strong></span> <span class='ocrx_word' id='word_1_419' title='bbox 1351 1840 1456 1867; x_wconf 90' lang='lat' dir='ltr'><strong>autem</strong></span> <span class='ocrx_word' id='word_1_420' title='bbox 1486 1839 1521 1867; x_wconf 93' lang='lat' dir='ltr'><strong>ut</strong></span> <span class='ocrx_word' id='word_1_421' title='bbox 1553 1834 1766 1877; x_wconf 90' lang='lat' dir='ltr'><strong>praesentium</strong></span> 
     </span>
     <span class='ocr_line' id='line_1_80' title="bbox 1027 1887 1766 1931; baseline 0 -11"><span class='ocrx_word' id='word_1_422' title='bbox 1027 1888 1203 1920; x_wconf 88' lang='lat' dir='ltr'><strong>litterarum</strong></span> <span class='ocrx_word' id='word_1_423' title='bbox 1229 1888 1453 1931; x_wconf 88' lang='lat' dir='ltr'><strong>transumptis,</strong></span> <span class='ocrx_word' id='word_1_424' title='bbox 1480 1888 1572 1920; x_wconf 88' lang='lat' dir='ltr'><strong>etiam</strong></span> <span class='ocrx_word' id='word_1_425' title='bbox 1595 1887 1766 1931; x_wconf 86' lang='lat' dir='ltr'><strong>impressis,</strong></span> 
     </span>
     <span class='ocr_line' id='line_1_81' title="bbox 1029 1940 1768 1984; baseline -0.001 -11"><span class='ocrx_word' id='word_1_426' title='bbox 1029 1951 1123 1973; x_wconf 87' lang='lat' dir='ltr'><strong>manu</strong></span> <span class='ocrx_word' id='word_1_427' title='bbox 1148 1940 1279 1973; x_wconf 89' lang='lat' dir='ltr'><strong>alicuius</strong></span> <span class='ocrx_word' id='word_1_428' title='bbox 1303 1941 1418 1973; x_wconf 88' lang='lat' dir='ltr'><strong>notarii</strong></span> <span class='ocrx_word' id='word_1_429' title='bbox 1437 1940 1555 1984; x_wconf 87' lang='lat' dir='ltr'><strong>publici</strong></span> <span class='ocrx_word' id='word_1_430' title='bbox 1573 1940 1768 1983; x_wconf 86' lang='lat' dir='ltr'><strong>subscriptis,</strong></span> 
     </span>
     <span class='ocr_line' id='line_1_82' title="bbox 1029 1994 1769 2038; baseline -0.001 -11"><span class='ocrx_word' id='word_1_431' title='bbox 1029 2000 1058 2027; x_wconf 92' lang='lat' dir='ltr'><strong>et</strong></span> <span class='ocrx_word' id='word_1_432' title='bbox 1082 1995 1185 2038; x_wconf 79' lang='lat' dir='ltr'><strong>sigillo</strong></span> <span class='ocrx_word' id='word_1_433' title='bbox 1211 2005 1365 2038; x_wconf 85' lang='lat' dir='ltr'><strong>personae</strong></span> <span class='ocrx_word' id='word_1_434' title='bbox 1386 1995 1417 2027; x_wconf 93' lang='lat' dir='ltr'><strong>in</strong></span> <span class='ocrx_word' id='word_1_435' title='bbox 1435 1994 1645 2027; x_wconf 76' lang='lat' dir='ltr'><strong>ecclesiastica</strong></span> <span class='ocrx_word' id='word_1_436' title='bbox 1669 1994 1769 2036; x_wconf 83' lang='lat' dir='ltr'><strong>digni-</strong></span> 
     </span>
     <span class='ocr_line' id='line_1_83' title="bbox 1029 2047 1769 2091; baseline -0.003 -10"><span class='ocrx_word' id='word_1_437' title='bbox 1029 2054 1090 2081; x_wconf 91' lang='lat' dir='ltr'><strong>tate</strong></span> <span class='ocrx_word' id='word_1_438' title='bbox 1115 2049 1301 2081; x_wconf 88' lang='lat' dir='ltr'><strong>constitutae</strong></span> <span class='ocrx_word' id='word_1_439' title='bbox 1332 2048 1479 2088; x_wconf 88' lang='lat' dir='ltr'><strong>munitis,</strong></span> <span class='ocrx_word' id='word_1_440' title='bbox 1505 2047 1614 2080; x_wconf 86' lang='lat' dir='ltr'><strong>eadem</strong></span> <span class='ocrx_word' id='word_1_441' title='bbox 1639 2058 1769 2091; x_wconf 91' lang='lat' dir='ltr'><strong>prorsus</strong></span> 
     </span>
     <span class='ocr_line' id='line_1_84' title="bbox 1029 2101 1768 2145; baseline -0.004 -10"><span class='ocrx_word' id='word_1_442' title='bbox 1029 2102 1106 2135; x_wconf 86' lang='lat' dir='ltr'><strong>sides</strong></span> <span class='ocrx_word' id='word_1_443' title='bbox 1120 2102 1236 2145; x_wconf 85' lang='lat' dir='ltr'><strong>ubique</strong></span> <span class='ocrx_word' id='word_1_444' title='bbox 1253 2102 1396 2135; x_wconf 84' lang='lat' dir='ltr'><strong>locorum</strong></span> <span class='ocrx_word' id='word_1_445' title='bbox 1415 2107 1477 2134; x_wconf 91' lang='lat' dir='ltr'><strong>tam</strong></span> <span class='ocrx_word' id='word_1_446' title='bbox 1496 2101 1528 2133; x_wconf 94' lang='lat' dir='ltr'><strong>in</strong></span> <span class='ocrx_word' id='word_1_447' title='bbox 1546 2101 1660 2134; x_wconf 88' lang='lat' dir='ltr'><strong>iudicio</strong></span> <span class='ocrx_word' id='word_1_448' title='bbox 1675 2111 1768 2143; x_wconf 83' lang='lat' dir='ltr'><strong>quam</strong></span> 
     </span>
     <span class='ocr_line' id='line_1_85' title="bbox 1029 2154 1768 2198; baseline -0.003 -10"><span class='ocrx_word' id='word_1_449' title='bbox 1029 2159 1115 2189; x_wconf 85' lang='lat' dir='ltr'><strong>extra</strong></span> <span class='ocrx_word' id='word_1_450' title='bbox 1137 2155 1212 2187; x_wconf 90' lang='lat' dir='ltr'><strong>illud</strong></span> <span class='ocrx_word' id='word_1_451' title='bbox 1237 2155 1443 2197; x_wconf 81' lang='lat' dir='ltr'><strong>adhibeatur,</strong></span> <span class='ocrx_word' id='word_1_452' title='bbox 1469 2165 1548 2198; x_wconf 87' lang='lat' dir='ltr'><strong>quae</strong></span> <span class='ocrx_word' id='word_1_453' title='bbox 1577 2154 1653 2197; x_wconf 88' lang='lat' dir='ltr'><strong>ipsis</strong></span> <span class='ocrx_word' id='word_1_454' title='bbox 1677 2164 1768 2197; x_wconf 86' lang='lat' dir='ltr'><strong>prae-</strong></span> 
     </span>
     <span class='ocr_line' id='line_1_86' title="bbox 1029 2207 1770 2248; baseline -0.004 -7"><span class='ocrx_word' id='word_1_455' title='bbox 1029 2208 1168 2241; x_wconf 88' lang='lat' dir='ltr'><strong>sentibus</strong></span> <span class='ocrx_word' id='word_1_456' title='bbox 1193 2207 1407 2248; x_wconf 85' lang='lat' dir='ltr'><strong>adhiberetur,</strong></span> <span class='ocrx_word' id='word_1_457' title='bbox 1437 2208 1462 2240; x_wconf 91' lang='lat' dir='ltr'><strong>si</strong></span> <span class='ocrx_word' id='word_1_458' title='bbox 1486 2208 1589 2241; x_wconf 82' lang='lat' dir='ltr'><strong>forent</strong></span> <span class='ocrx_word' id='word_1_459' title='bbox 1614 2207 1770 2240; x_wconf 82' lang='lat' dir='ltr'><strong>exhibitae</strong></span> 
     </span>
     <span class='ocr_line' id='line_1_87' title="bbox 1031 2262 1254 2295; baseline -0.004 -1"><span class='ocrx_word' id='word_1_460' title='bbox 1031 2262 1077 2294; x_wconf 88' lang='lat' dir='ltr'><strong>vel</strong></span> <span class='ocrx_word' id='word_1_461' title='bbox 1102 2265 1254 2295; x_wconf 85' lang='lat' dir='ltr'><strong>ostensae.</strong></span> 
     </span>
    </p>

    <p class='ocr_par' dir='ltr' id='par_1_15' title="bbox 1029 2313 1771 2466">
     <span class='ocr_line' id='line_1_88' title="bbox 1074 2313 1769 2358; baseline -0.004 -10"><span class='ocrx_word' id='word_1_462' title='bbox 1074 2315 1185 2349; x_wconf 88' lang='lat' dir='ltr'><strong>Datum</strong></span> <span class='ocrx_word' id='word_1_463' title='bbox 1195 2315 1323 2355; x_wconf 86' lang='lat' dir='ltr'><strong>Romae,</strong></span> <span class='ocrx_word' id='word_1_464' title='bbox 1333 2314 1418 2358; x_wconf 90' lang='lat' dir='ltr'><strong>apud</strong></span> <span class='ocrx_word' id='word_1_465' title='bbox 1431 2315 1460 2347; x_wconf 80' lang='lat' dir='ltr'><strong>S.</strong></span> <span class='ocrx_word' id='word_1_466' title='bbox 1470 2314 1599 2347; x_wconf 75' lang='lat' dir='ltr'><strong>Mariam</strong></span> <span class='ocrx_word' id='word_1_467' title='bbox 1610 2313 1769 2355; x_wconf 86' lang='lat' dir='ltr'><strong>Maiorem,</strong></span> 
     </span>
     <span class='ocr_line' id='line_1_89' title="bbox 1029 2366 1771 2408; baseline -0.003 -7"><span class='ocrx_word' id='word_1_468' title='bbox 1029 2368 1086 2401; x_wconf 88' lang='lat' dir='ltr'><strong>sub</strong></span> <span class='ocrx_word' id='word_1_469' title='bbox 1112 2368 1227 2401; x_wconf 91' lang='lat' dir='ltr'><strong>annulo</strong></span> <span class='ocrx_word' id='word_1_470' title='bbox 1254 2368 1438 2408; x_wconf 79' lang='lat' dir='ltr'><strong>piscatoris,</strong></span> <span class='ocrx_word' id='word_1_471' title='bbox 1466 2367 1516 2400; x_wconf 86' lang='lat' dir='ltr'><strong>dic</strong></span> <span class='ocrx_word' id='word_1_472' title='bbox 1531 2377 1608 2401; x_wconf 79' lang='lat' dir='ltr'><strong>xxix</strong></span> <span class='ocrx_word' id='word_1_473' title='bbox 1638 2366 1771 2400; x_wconf 89' lang='lat' dir='ltr'><strong>ianuarii</strong></span> 
     </span>
     <span class='ocr_line' id='line_1_90' title="bbox 1029 2421 1670 2466; baseline -0.003 -11"><span class='ocrx_word' id='word_1_474' title='bbox 1029 2431 1156 2464; x_wconf 76' lang='lat' dir='ltr'><strong>MDCLXI,</strong></span> <span class='ocrx_word' id='word_1_475' title='bbox 1174 2422 1373 2466; x_wconf 82' lang='lat' dir='ltr'><strong>pontificatus</strong></span> <span class='ocrx_word' id='word_1_476' title='bbox 1397 2421 1497 2454; x_wconf 87' lang='lat' dir='ltr'><strong>nostri</strong></span> <span class='ocrx_word' id='word_1_477' title='bbox 1522 2431 1604 2454; x_wconf 84' lang='lat' dir='ltr'><strong>anno</strong></span> <span class='ocrx_word' id='word_1_478' title='bbox 1630 2430 1670 2454; x_wconf 80' lang='lat' dir='ltr'><strong>vt.</strong></span> 
     </span>
    </p>

    <p class='ocr_par' dir='ltr' id='par_1_16' title="bbox 1065 2482 1716 2518">
     <span class='ocr_line' id='line_1_91' title="bbox 1065 2482 1716 2518; baseline -0.002 -7"><span class='ocrx_word' id='word_1_479' title='bbox 1065 2483 1123 2511; x_wconf 79' lang='lat' dir='ltr'><strong>Dat.</strong></span> <span class='ocrx_word' id='word_1_480' title='bbox 1140 2483 1183 2511; x_wconf 88' lang='lat' dir='ltr'><strong>die</strong></span> <span class='ocrx_word' id='word_1_481' title='bbox 1199 2484 1232 2511; x_wconf 70' lang='lat'><strong>29</strong></span> <span class='ocrx_word' id='word_1_482' title='bbox 1247 2483 1363 2511; x_wconf 86' lang='lat' dir='ltr'><strong>ianuarii</strong></span> <span class='ocrx_word' id='word_1_483' title='bbox 1383 2484 1462 2518; x_wconf 61' lang='lat' dir='ltr'><strong>infit,</strong></span> <span class='ocrx_word' id='word_1_484' title='bbox 1482 2482 1578 2518; x_wconf 76' lang='lat' dir='ltr'><strong>pontif.</strong></span> <span class='ocrx_word' id='word_1_485' title='bbox 1595 2491 1664 2511; x_wconf 90' lang='lat' dir='ltr'><strong>anno</strong></span> <span class='ocrx_word' id='word_1_486' title='bbox 1681 2489 1716 2510; x_wconf 88' lang='lat' dir='ltr'><strong>vt.</strong></span> 
     </span>
    </p>
   </div>
   <div class='ocr_carea' id='block_1_10' title="bbox 1656 231 1948 266">
    <p class='ocr_par' dir='ltr' id='par_1_17' title="bbox 1656 231 1948 266">
     <span class='ocr_line' id='line_1_92' title="bbox 1656 231 1948 266; baseline 0 -1"><span class='ocrx_word' id='word_1_487' title='bbox 1656 231 1720 265; x_wconf 77' lang='lat'><strong>655</strong></span> <span class='ocrx_word' id='word_1_488' title='bbox 1766 241 1817 266; x_wconf 68' lang='lat' dir='ltr'><strong>An.</strong></span> <span class='ocrx_word' id='word_1_489' title='bbox 1833 239 1861 266; x_wconf 85' lang='lat' dir='ltr'><strong>c.</strong></span> <span class='ocrx_word' id='word_1_490' title='bbox 1886 239 1948 266; x_wconf 78' lang='lat' dir='ltr'><strong>ieet</strong></span> 
     </span>
    </p>
   </div>
   <div class='ocr_carea' id='block_1_11' title="bbox 1770 620 1953 641">
    <p class='ocr_par' dir='ltr' id='par_1_18' title="bbox 1770 620 1953 641">
     <span class='ocr_line' id='line_1_93' title="bbox 1770 620 1953 641; baseline 0 -1"><span class='ocrx_word' id='word_1_491' title='bbox 1770 620 1880 641; x_wconf 76' lang='lat' dir='ltr'><strong>Contraria</strong></span> <span class='ocrx_word' id='word_1_492' title='bbox 1893 620 1953 640; x_wconf 76' lang='lat' dir='ltr'><strong>tollit.</strong></span> 
     </span>
    </p>
   </div>
   <div class='ocr_carea' id='block_1_12' title="bbox 1783 1843 1966 1897">
    <p class='ocr_par' dir='ltr' id='par_1_19' title="bbox 1783 1843 1966 1897">
     <span class='ocr_line' id='line_1_94' title="bbox 1818 1843 1966 1865; baseline 0.014 -2"><span class='ocrx_word' id='word_1_493' title='bbox 1818 1844 1880 1864; x_wconf 66' lang='lat' dir='ltr'><strong>Fides</strong></span> <span class='ocrx_word' id='word_1_494' title='bbox 1895 1843 1966 1865; x_wconf 77' lang='lat' dir='ltr'><strong>danda</strong></span> 
     </span>
     <span class='ocr_line' id='line_1_95' title="bbox 1783 1871 1924 1897; baseline 0 -6"><span class='ocrx_word' id='word_1_495' title='bbox 1783 1874 1882 1897; x_wconf 56' lang='lat' dir='ltr'><strong>{rausum}</strong></span> <span class='ocrx_word' id='word_1_496' title='bbox 1890 1871 1924 1891; x_wconf 75' lang='lat' dir='ltr'><strong>tis.</strong></span> 
     </span>
    </p>
   </div>
  </div>
 </body>
</html>
