<?xml version="1.0" encoding="UTF-8"?>
<!DOCTYPE html PUBLIC "-//W3C//DTD XHTML 1.0 Transitional//EN"
    "http://www.w3.org/TR/xhtml1/DTD/xhtml1-transitional.dtd">
<html xmlns="http://www.w3.org/1999/xhtml" xml:lang="en" lang="en">
 <head>
  <title>
</title>
<meta http-equiv="Content-Type" content="text/html;charset=utf-8" />
  <meta name='ocr-system' content='tesseract 3.04.00' />
  <meta name='ocr-capabilities' content='ocr_page ocr_carea ocr_par ocr_line ocrx_word'/>
</head>
<body>
  <div class='ocr_page' id='page_1' title='image "./bullarumdiplomat16cath_0817.png"; bbox 0 0 2243 3205; ppageno 0'>
   <div class='ocr_carea' id='block_1_1' title="bbox 53 195 236 226">
    <p class='ocr_par' dir='ltr' id='par_1_1' title="bbox 53 195 236 226">
     <span class='ocr_line' id='line_1_1' title="bbox 53 195 236 226; baseline -0.016 0"><span class='ocrx_word' id='word_1_1' title='bbox 53 198 103 226; x_wconf 76' lang='lat' dir='ltr'>An.</span> <span class='ocrx_word' id='word_1_2' title='bbox 118 196 146 225; x_wconf 91' lang='lat' dir='ltr'>C.</span> <span class='ocrx_word' id='word_1_3' title='bbox 168 195 236 223; x_wconf 72' lang='lat'>¹662</span> 
     </span>
    </p>
   </div>
   <div class='ocr_carea' id='block_1_2' title="bbox 70 1481 254 1532">
    <p class='ocr_par' dir='ltr' id='par_1_2' title="bbox 70 1481 254 1532">
     <span class='ocr_line' id='line_1_2' title="bbox 96 1481 254 1504; baseline -0.013 0"><span class='ocrx_word' id='word_1_4' title='bbox 96 1483 212 1504; x_wconf 76' lang='lat' dir='ltr'>Nonnullae</span> <span class='ocrx_word' id='word_1_5' title='bbox 225 1481 254 1502; x_wconf 84' lang='lat' dir='ltr'>sa·</span> 
     </span>
     <span class='ocr_line' id='line_1_3' title="bbox 70 1512 168 1532; baseline -0.01 0"><span class='ocrx_word' id='word_1_6' title='bbox 70 1512 168 1532; x_wconf 71' lang='lat' dir='ltr'>cultates.</span> 
     </span>
    </p>
   </div>
   <div class='ocr_carea' id='block_1_3' title="bbox 849 197 1172 222">
    <p class='ocr_par' dir='ltr' id='par_1_3' title="bbox 849 197 1172 222">
     <span class='ocr_line' id='line_1_4' title="bbox 849 197 1172 222; baseline -0.006 0"><span class='ocrx_word' id='word_1_7' title='bbox 849 197 1036 222; x_wconf 76' lang='lat' dir='ltr'>ALEXANDER</span> <span class='ocrx_word' id='word_1_8' title='bbox 1061 197 1105 220; x_wconf 84' lang='lat' dir='ltr'>vn</span> <span class='ocrx_word' id='word_1_9' title='bbox 1124 197 1172 221; x_wconf 74' lang='lat'>1³1¹.</span> 
     </span>
    </p>
   </div>
   <div class='ocr_carea' id='block_1_4' title="bbox 252 242 1770 343">
    <p class='ocr_par' dir='ltr' id='par_1_4' title="bbox 252 242 1770 343">
     <span class='ocr_line' id='line_1_5' title="bbox 252 242 1770 287; baseline 0.001 -11"><span class='ocrx_word' id='word_1_10' title='bbox 252 242 371 277; x_wconf 87' lang='lat' dir='ltr'>delibet</span> <span class='ocrx_word' id='word_1_11' title='bbox 404 244 572 278; x_wconf 88' lang='lat' dir='ltr'>innodatus</span> <span class='ocrx_word' id='word_1_12' title='bbox 607 245 739 287; x_wconf 77' lang='lat' dir='ltr'>existis,</span> <span class='ocrx_word' id='word_1_13' title='bbox 776 245 814 278; x_wconf 88' lang='lat' dir='ltr'>ad</span> <span class='ocrx_word' id='word_1_14' title='bbox 852 245 995 278; x_wconf 80' lang='lat' dir='ltr'>effectum</span> <span class='ocrx_word' id='word_1_15' title='bbox 1029 245 1087 278; x_wconf 89' lang='lat' dir='ltr'>bus</span> <span class='ocrx_word' id='word_1_16' title='bbox 1122 250 1319 287; x_wconf 71' lang='lat' dir='ltr'>censeantur,</span> <span class='ocrx_word' id='word_1_17' title='bbox 1353 246 1383 278; x_wconf 92' lang='lat' dir='ltr'>in</span> <span class='ocrx_word' id='word_1_18' title='bbox 1416 245 1538 278; x_wconf 86' lang='lat' dir='ltr'>civitate</span> <span class='ocrx_word' id='word_1_19' title='bbox 1571 250 1601 278; x_wconf 87' lang='lat' dir='ltr'>et</span> <span class='ocrx_word' id='word_1_20' title='bbox 1634 244 1770 278; x_wconf 89' lang='lat' dir='ltr'>dioecesi</span> 
     </span>
     <span class='ocr_line' id='line_1_6' title="bbox 252 297 1770 343; baseline 0.001 -14"><span class='ocrx_word' id='word_1_21' title='bbox 252 297 466 340; x_wconf 86' lang='lat' dir='ltr'>praesentium</span> <span class='ocrx_word' id='word_1_22' title='bbox 491 297 652 331; x_wconf 80' lang='lat' dir='ltr'>dumtaxat</span> <span class='ocrx_word' id='word_1_23' title='bbox 666 298 933 342; x_wconf 88' lang='lat' dir='ltr'>consequendum,</span> <span class='ocrx_word' id='word_1_24' title='bbox 946 298 998 331; x_wconf 87' lang='lat' dir='ltr'>ha-</span> <span class='ocrx_word' id='word_1_25' title='bbox 1030 299 1208 343; x_wconf 87' lang='lat' dir='ltr'>praedictis,</span> <span class='ocrx_word' id='word_1_26' title='bbox 1230 300 1352 342; x_wconf 90' lang='lat' dir='ltr'>quoties</span> <span class='ocrx_word' id='word_1_27' title='bbox 1371 304 1587 343; x_wconf 89' lang='lat' dir='ltr'>opportunum</span> <span class='ocrx_word' id='word_1_28' title='bbox 1607 299 1672 332; x_wconf 91' lang='lat' dir='ltr'>sore</span> <span class='ocrx_word' id='word_1_29' title='bbox 1691 298 1770 330; x_wconf 91' lang='lat' dir='ltr'>iudi-</span> 
     </span>
    </p>
   </div>
   <div class='ocr_carea' id='block_1_5' title="bbox 253 350 1020 2642">
    <p class='ocr_par' dir='ltr' id='par_1_5' title="bbox 253 350 1020 2642">
     <span class='ocr_line' id='line_1_7' title="bbox 253 350 997 385; baseline 0.003 -3"><span class='ocrx_word' id='word_1_30' title='bbox 253 359 325 382; x_wconf 87' lang='lat' dir='ltr'>rum</span> <span class='ocrx_word' id='word_1_31' title='bbox 350 350 431 383; x_wconf 91' lang='lat' dir='ltr'>serie</span> <span class='ocrx_word' id='word_1_32' title='bbox 455 351 652 384; x_wconf 76' lang='lat' dir='ltr'>absolventes</span> <span class='ocrx_word' id='word_1_33' title='bbox 677 356 705 385; x_wconf 91' lang='lat' dir='ltr'>et</span> <span class='ocrx_word' id='word_1_34' title='bbox 730 352 908 385; x_wconf 87' lang='lat' dir='ltr'>absolutum</span> <span class='ocrx_word' id='word_1_35' title='bbox 931 352 997 385; x_wconf 85' lang='lat' dir='ltr'>sore</span> 
     </span>
     <span class='ocr_line' id='line_1_8' title="bbox 255 406 997 449; baseline 0.003 -13"><span class='ocrx_word' id='word_1_36' title='bbox 255 409 438 446; x_wconf 81' lang='lat' dir='ltr'>censentes,</span> <span class='ocrx_word' id='word_1_37' title='bbox 478 409 564 439; x_wconf 90' lang='lat' dir='ltr'>motu</span> <span class='ocrx_word' id='word_1_38' title='bbox 588 406 741 449; x_wconf 90' lang='lat' dir='ltr'>proprio,</span> <span class='ocrx_word' id='word_1_39' title='bbox 776 416 811 439; x_wconf 90' lang='lat' dir='ltr'>ac</span> <span class='ocrx_word' id='word_1_40' title='bbox 845 417 879 439; x_wconf 79' lang='lat' dir='ltr'>ex</span> <span class='ocrx_word' id='word_1_41' title='bbox 913 407 997 439; x_wconf 80' lang='lat' dir='ltr'>certa</span> 
     </span>
     <span class='ocr_line' id='line_1_9' title="bbox 256 456 998 499; baseline 0.004 -10"><span class='ocrx_word' id='word_1_42' title='bbox 256 456 385 490; x_wconf 78' lang='lat' dir='ltr'>scientia</span> <span class='ocrx_word' id='word_1_43' title='bbox 411 463 440 491; x_wconf 89' lang='lat' dir='ltr'>et</span> <span class='ocrx_word' id='word_1_44' title='bbox 465 461 589 492; x_wconf 78' lang='lat' dir='ltr'>matura</span> <span class='ocrx_word' id='word_1_45' title='bbox 614 459 842 493; x_wconf 79' lang='lat' dir='ltr'>deliberatione</span> <span class='ocrx_word' id='word_1_46' title='bbox 872 459 998 499; x_wconf 87' lang='lat' dir='ltr'>nostris,</span> 
     </span>
     <span class='ocr_line' id='line_1_10' title="bbox 256 510 996 557; baseline 0.003 -14"><span class='ocrx_word' id='word_1_47' title='bbox 256 510 358 554; x_wconf 82' lang='lat' dir='ltr'>deque</span> <span class='ocrx_word' id='word_1_48' title='bbox 381 512 571 556; x_wconf 86' lang='lat' dir='ltr'>apostolieae</span> <span class='ocrx_word' id='word_1_49' title='bbox 595 514 757 557; x_wconf 90' lang='lat' dir='ltr'>potestatis</span> <span class='ocrx_word' id='word_1_50' title='bbox 790 513 996 557; x_wconf 82' lang='lat' dir='ltr'>plenitudine,</span> 
     </span>
     <span class='ocr_line' id='line_1_11' title="bbox 256 563 996 609; baseline 0.004 -14"><span class='ocrx_word' id='word_1_51' title='bbox 256 563 384 606; x_wconf 70' lang='lat' dir='ltr'>praevia</span> <span class='ocrx_word' id='word_1_52' title='bbox 414 565 576 597; x_wconf 80' lang='lat' dir='ltr'>electionis</span> <span class='ocrx_word' id='word_1_53' title='bbox 608 576 662 598; x_wconf 85' lang='lat' dir='ltr'>scu</span> <span class='ocrx_word' id='word_1_54' title='bbox 692 565 905 609; x_wconf 89' lang='lat' dir='ltr'>deputationis</span> <span class='ocrx_word' id='word_1_55' title='bbox 934 565 996 598; x_wconf 90' lang='lat' dir='ltr'>hu-</span> 
     </span>
     <span class='ocr_line' id='line_1_12' title="bbox 258 616 1000 652; baseline 0.003 -3"><span class='ocrx_word' id='word_1_56' title='bbox 258 616 354 650; x_wconf 91' lang='lat' dir='ltr'>iusvis</span> <span class='ocrx_word' id='word_1_57' title='bbox 389 616 517 650; x_wconf 84' lang='lat' dir='ltr'>alterius</span> <span class='ocrx_word' id='word_1_58' title='bbox 551 618 658 651; x_wconf 85' lang='lat' dir='ltr'>vicarii</span> <span class='ocrx_word' id='word_1_59' title='bbox 693 624 723 651; x_wconf 87' lang='lat' dir='ltr'>et</span> <span class='ocrx_word' id='word_1_60' title='bbox 760 619 950 652; x_wconf 80' lang='lat' dir='ltr'>vicariorum</span> <span class='ocrx_word' id='word_1_61' title='bbox 984 630 1000 651; x_wconf 91' lang='lat' dir='ltr'>a</span> 
     </span>
     <span class='ocr_line' id='line_1_13' title="bbox 258 670 1000 715; baseline 0.004 -13"><span class='ocrx_word' id='word_1_62' title='bbox 258 670 421 714; x_wconf 85' lang='lat' dir='ltr'>praedicto</span> <span class='ocrx_word' id='word_1_63' title='bbox 445 671 583 715; x_wconf 87' lang='lat' dir='ltr'>capitulo</span> <span class='ocrx_word' id='word_1_64' title='bbox 604 672 756 705; x_wconf 84' lang='lat' dir='ltr'>hactenus</span> <span class='ocrx_word' id='word_1_65' title='bbox 781 673 886 706; x_wconf 86' lang='lat' dir='ltr'>forsan</span> <span class='ocrx_word' id='word_1_66' title='bbox 911 672 1000 705; x_wconf 87' lang='lat' dir='ltr'>electi</span> 
     </span>
     <span class='ocr_line' id='line_1_14' title="bbox 259 723 998 769; baseline 0.003 -13"><span class='ocrx_word' id='word_1_67' title='bbox 259 728 289 756; x_wconf 88' lang='lat' dir='ltr'>et</span> <span class='ocrx_word' id='word_1_68' title='bbox 313 723 474 768; x_wconf 88' lang='lat' dir='ltr'>deputati,</span> <span class='ocrx_word' id='word_1_69' title='bbox 499 729 552 757; x_wconf 86' lang='lat' dir='ltr'>aut</span> <span class='ocrx_word' id='word_1_70' title='bbox 577 725 750 758; x_wconf 88' lang='lat' dir='ltr'>electorum</span> <span class='ocrx_word' id='word_1_71' title='bbox 776 731 805 758; x_wconf 88' lang='lat' dir='ltr'>et</span> <span class='ocrx_word' id='word_1_72' title='bbox 832 725 998 769; x_wconf 89' lang='lat' dir='ltr'>deputato-</span> 
     </span>
     <span class='ocr_line' id='line_1_15' title="bbox 261 777 1003 822; baseline 0.004 -14"><span class='ocrx_word' id='word_1_73' title='bbox 261 787 330 809; x_wconf 86' lang='lat' dir='ltr'>rum</span> <span class='ocrx_word' id='word_1_74' title='bbox 356 777 557 810; x_wconf 77' lang='lat' dir='ltr'>revocatione</span> <span class='ocrx_word' id='word_1_75' title='bbox 581 783 611 810; x_wconf 87' lang='lat' dir='ltr'>et</span> <span class='ocrx_word' id='word_1_76' title='bbox 636 778 819 819; x_wconf 79' lang='lat' dir='ltr'>cassatione,</span> <span class='ocrx_word' id='word_1_77' title='bbox 850 784 943 822; x_wconf 89' lang='lat' dir='ltr'>prout</span> <span class='ocrx_word' id='word_1_78' title='bbox 967 779 1003 811; x_wconf 89' lang='lat' dir='ltr'>il-</span> 
     </span>
     <span class='ocr_line' id='line_1_16' title="bbox 261 830 1002 875; baseline 0.003 -12"><span class='ocrx_word' id='word_1_79' title='bbox 261 830 333 872; x_wconf 85' lang='lat' dir='ltr'>lam,</span> <span class='ocrx_word' id='word_1_80' title='bbox 358 835 511 875; x_wconf 86' lang='lat' dir='ltr'>quatenus</span> <span class='ocrx_word' id='word_1_81' title='bbox 536 837 566 865; x_wconf 91' lang='lat' dir='ltr'>et</span> <span class='ocrx_word' id='word_1_82' title='bbox 590 837 686 875; x_wconf 90' lang='lat' dir='ltr'>prout</span> <span class='ocrx_word' id='word_1_83' title='bbox 710 833 790 865; x_wconf 87' lang='lat' dir='ltr'>sacta</span> <span class='ocrx_word' id='word_1_84' title='bbox 814 832 918 873; x_wconf 83' lang='lat' dir='ltr'>suerit,</span> <span class='ocrx_word' id='word_1_85' title='bbox 935 843 1002 865; x_wconf 90' lang='lat' dir='ltr'>cas-</span> 
     </span>
     <span class='ocr_line' id='line_1_17' title="bbox 261 885 1003 927; baseline 0 -10"><span class='ocrx_word' id='word_1_86' title='bbox 261 894 386 927; x_wconf 87' lang='lat' dir='ltr'>samus,</span> <span class='ocrx_word' id='word_1_87' title='bbox 411 885 611 918; x_wconf 84' lang='lat' dir='ltr'>annullamus</span> <span class='ocrx_word' id='word_1_88' title='bbox 637 891 667 918; x_wconf 91' lang='lat' dir='ltr'>et</span> <span class='ocrx_word' id='word_1_89' title='bbox 691 896 894 926; x_wconf 76' lang='lat' dir='ltr'>revocamus,</span> <span class='ocrx_word' id='word_1_90' title='bbox 920 891 948 918; x_wconf 91' lang='lat' dir='ltr'>te</span> <span class='ocrx_word' id='word_1_91' title='bbox 974 885 1003 917; x_wconf 92' lang='lat' dir='ltr'>in</span> 
     </span>
     <span class='ocr_line' id='line_1_18' title="bbox 262 938 1005 972; baseline 0 -1"><span class='ocrx_word' id='word_1_92' title='bbox 262 938 385 972; x_wconf 86' lang='lat' dir='ltr'>civitate</span> <span class='ocrx_word' id='word_1_93' title='bbox 409 943 439 971; x_wconf 88' lang='lat' dir='ltr'>et</span> <span class='ocrx_word' id='word_1_94' title='bbox 463 939 600 972; x_wconf 89' lang='lat' dir='ltr'>dioecesi</span> <span class='ocrx_word' id='word_1_95' title='bbox 624 938 785 972; x_wconf 72' lang='lat' dir='ltr'>Bisuntina</span> <span class='ocrx_word' id='word_1_96' title='bbox 806 939 957 972; x_wconf 85' lang='lat' dir='ltr'>vicarium</span> <span class='ocrx_word' id='word_1_97' title='bbox 976 945 1005 972; x_wconf 85' lang='lat' dir='ltr'>et</span> 
     </span>
     <span class='ocr_line' id='line_1_19' title="bbox 262 991 1006 1036; baseline 0 -12"><span class='ocrx_word' id='word_1_98' title='bbox 262 991 439 1033; x_wconf 86' lang='lat' dir='ltr'>officialem,</span> <span class='ocrx_word' id='word_1_99' title='bbox 465 1003 501 1025; x_wconf 87' lang='lat' dir='ltr'>ac</span> <span class='ocrx_word' id='word_1_100' title='bbox 524 998 668 1033; x_wconf 76' lang='lat' dir='ltr'>nostrum</span> <span class='ocrx_word' id='word_1_101' title='bbox 693 998 724 1025; x_wconf 87' lang='lat' dir='ltr'>et</span> <span class='ocrx_word' id='word_1_102' title='bbox 749 992 836 1025; x_wconf 83' lang='lat' dir='ltr'>Sedis</span> <span class='ocrx_word' id='word_1_103' title='bbox 854 993 1006 1036; x_wconf 82' lang='lat' dir='ltr'>Apostoli-</span> 
     </span>
     <span class='ocr_line' id='line_1_20' title="bbox 264 1046 1005 1090; baseline 0 -12"><span class='ocrx_word' id='word_1_104' title='bbox 264 1056 319 1079; x_wconf 89' lang='lat' dir='ltr'>cae</span> <span class='ocrx_word' id='word_1_105' title='bbox 341 1046 520 1090; x_wconf 84' lang='lat' dir='ltr'>praedictae</span> <span class='ocrx_word' id='word_1_106' title='bbox 539 1046 791 1080; x_wconf 86' lang='lat' dir='ltr'>commissarium</span> <span class='ocrx_word' id='word_1_107' title='bbox 810 1046 842 1078; x_wconf 90' lang='lat' dir='ltr'>in</span> <span class='ocrx_word' id='word_1_108' title='bbox 858 1046 1005 1089; x_wconf 88' lang='lat' dir='ltr'>spiritua-</span> 
     </span>
     <span class='ocr_line' id='line_1_21' title="bbox 264 1098 1006 1143; baseline 0 -12"><span class='ocrx_word' id='word_1_109' title='bbox 264 1098 346 1131; x_wconf 90' lang='lat' dir='ltr'>libus</span> <span class='ocrx_word' id='word_1_110' title='bbox 360 1104 390 1132; x_wconf 91' lang='lat' dir='ltr'>et</span> <span class='ocrx_word' id='word_1_111' title='bbox 406 1100 644 1143; x_wconf 85' lang='lat' dir='ltr'>temporalibus,</span> <span class='ocrx_word' id='word_1_112' title='bbox 658 1104 767 1133; x_wconf 88' lang='lat' dir='ltr'>tenore</span> <span class='ocrx_word' id='word_1_113' title='bbox 781 1099 1006 1142; x_wconf 86' lang='lat' dir='ltr'>praesentium,</span> 
     </span>
     <span class='ocr_line' id='line_1_22' title="bbox 266 1152 1007 1196; baseline 0.001 -12"><span class='ocrx_word' id='word_1_114' title='bbox 266 1152 416 1195; x_wconf 88' lang='lat' dir='ltr'>quamdiu</span> <span class='ocrx_word' id='word_1_115' title='bbox 441 1153 590 1186; x_wconf 88' lang='lat' dir='ltr'>ecclesiae</span> <span class='ocrx_word' id='word_1_116' title='bbox 615 1152 793 1196; x_wconf 85' lang='lat' dir='ltr'>praedictae</span> <span class='ocrx_word' id='word_1_117' title='bbox 812 1153 933 1185; x_wconf 77' lang='lat' dir='ltr'>vacatio</span> <span class='ocrx_word' id='word_1_118' title='bbox 954 1153 1007 1185; x_wconf 84' lang='lat' dir='ltr'>du-</span> 
     </span>
     <span class='ocr_line' id='line_1_23' title="bbox 267 1207 1008 1250; baseline 0.003 -12"><span class='ocrx_word' id='word_1_119' title='bbox 267 1207 384 1239; x_wconf 80' lang='lat' dir='ltr'>raverit</span> <span class='ocrx_word' id='word_1_120' title='bbox 408 1212 438 1239; x_wconf 89' lang='lat' dir='ltr'>et</span> <span class='ocrx_word' id='word_1_121' title='bbox 462 1217 479 1239; x_wconf 88' lang='lat' dir='ltr'>a</span> <span class='ocrx_word' id='word_1_122' title='bbox 504 1207 595 1240; x_wconf 90' lang='lat' dir='ltr'>nobis</span> <span class='ocrx_word' id='word_1_123' title='bbox 620 1207 657 1240; x_wconf 89' lang='lat' dir='ltr'>de</span> <span class='ocrx_word' id='word_1_124' title='bbox 682 1207 742 1240; x_wconf 81' lang='lat' dir='ltr'>alio</span> <span class='ocrx_word' id='word_1_125' title='bbox 768 1207 1008 1250; x_wconf 81' lang='lat' dir='ltr'>archiepiscopo</span> 
     </span>
     <span class='ocr_line' id='line_1_24' title="bbox 266 1260 1006 1304; baseline 0 -12"><span class='ocrx_word' id='word_1_126' title='bbox 266 1263 296 1293; x_wconf 87' lang='lat' dir='ltr'>et</span> <span class='ocrx_word' id='word_1_127' title='bbox 319 1264 445 1303; x_wconf 87' lang='lat' dir='ltr'>pastore</span> <span class='ocrx_word' id='word_1_128' title='bbox 466 1260 509 1292; x_wconf 92' lang='lat' dir='ltr'>illi</span> <span class='ocrx_word' id='word_1_129' title='bbox 528 1260 689 1304; x_wconf 84' lang='lat' dir='ltr'>provisum</span> <span class='ocrx_word' id='word_1_130' title='bbox 708 1260 812 1301; x_wconf 87' lang='lat' dir='ltr'>suerit,</span> <span class='ocrx_word' id='word_1_131' title='bbox 829 1270 864 1293; x_wconf 92' lang='lat' dir='ltr'>ac</span> <span class='ocrx_word' id='word_1_132' title='bbox 882 1260 1006 1292; x_wconf 86' lang='lat' dir='ltr'>interim</span> 
     </span>
     <span class='ocr_line' id='line_1_25' title="bbox 267 1312 1009 1358; baseline 0 -13"><span class='ocrx_word' id='word_1_133' title='bbox 267 1312 305 1345; x_wconf 90' lang='lat' dir='ltr'>ad</span> <span class='ocrx_word' id='word_1_134' title='bbox 329 1318 473 1346; x_wconf 88' lang='lat' dir='ltr'>nostrum</span> <span class='ocrx_word' id='word_1_135' title='bbox 493 1318 523 1346; x_wconf 90' lang='lat' dir='ltr'>et</span> <span class='ocrx_word' id='word_1_136' title='bbox 547 1313 687 1347; x_wconf 90' lang='lat' dir='ltr'>eiusdem</span> <span class='ocrx_word' id='word_1_137' title='bbox 705 1314 793 1347; x_wconf 83' lang='lat' dir='ltr'>Sedis</span> <span class='ocrx_word' id='word_1_138' title='bbox 809 1314 1009 1358; x_wconf 86' lang='lat' dir='ltr'>Apostolicae</span> 
     </span>
     <span class='ocr_line' id='line_1_26' title="bbox 268 1359 1007 1411; baseline 0 -12"><span class='ocrx_word' id='word_1_139' title='bbox 268 1366 510 1411; x_wconf 84' lang='lat' dir='ltr'>beneplacitum,</span> <span class='ocrx_word' id='word_1_140' title='bbox 531 1367 679 1408; x_wconf 80' lang='lat' dir='ltr'>facimus,</span> <span class='ocrx_word' id='word_1_141' title='bbox 698 1359 928 1408; x_wconf 86' lang='lat' dir='ltr'>constituimus,</span> <span class='ocrx_word' id='word_1_142' title='bbox 954 1368 1007 1400; x_wconf 89' lang='lat' dir='ltr'>eli-</span> 
     </span>
     <span class='ocr_line' id='line_1_27' title="bbox 269 1419 1010 1464; baseline 0.001 -12"><span class='ocrx_word' id='word_1_143' title='bbox 269 1419 372 1463; x_wconf 82' lang='lat' dir='ltr'>gimus</span> <span class='ocrx_word' id='word_1_144' title='bbox 397 1424 427 1453; x_wconf 88' lang='lat' dir='ltr'>et</span> <span class='ocrx_word' id='word_1_145' title='bbox 450 1420 639 1464; x_wconf 85' lang='lat' dir='ltr'>deputamus</span> <span class='ocrx_word' id='word_1_146' title='bbox 664 1431 735 1453; x_wconf 88' lang='lat' dir='ltr'>eum</span> <span class='ocrx_word' id='word_1_147' title='bbox 768 1421 884 1453; x_wconf 88' lang='lat' dir='ltr'>eisdem</span> <span class='ocrx_word' id='word_1_148' title='bbox 916 1420 1010 1453; x_wconf 82' lang='lat' dir='ltr'>sacul-</span> 
     </span>
     <span class='ocr_line' id='line_1_28' title="bbox 270 1473 1009 1518; baseline 0.001 -13"><span class='ocrx_word' id='word_1_149' title='bbox 270 1477 341 1515; x_wconf 90' lang='lat' dir='ltr'>tate,</span> <span class='ocrx_word' id='word_1_150' title='bbox 368 1473 553 1507; x_wconf 86' lang='lat' dir='ltr'>auctoritate</span> <span class='ocrx_word' id='word_1_151' title='bbox 572 1478 601 1508; x_wconf 83' lang='lat' dir='ltr'>et</span> <span class='ocrx_word' id='word_1_152' title='bbox 617 1478 779 1518; x_wconf 82' lang='lat' dir='ltr'>potestate,</span> <span class='ocrx_word' id='word_1_153' title='bbox 797 1474 900 1517; x_wconf 89' lang='lat' dir='ltr'>quoad</span> <span class='ocrx_word' id='word_1_154' title='bbox 925 1485 1009 1507; x_wconf 82' lang='lat' dir='ltr'>exer-</span> 
     </span>
     <span class='ocr_line' id='line_1_29' title="bbox 271 1527 1011 1571; baseline 0 -11"><span class='ocrx_word' id='word_1_155' title='bbox 271 1527 405 1561; x_wconf 89' lang='lat' dir='ltr'>cendum</span> <span class='ocrx_word' id='word_1_156' title='bbox 431 1538 467 1560; x_wconf 90' lang='lat' dir='ltr'>ea</span> <span class='ocrx_word' id='word_1_157' title='bbox 492 1538 572 1571; x_wconf 90' lang='lat' dir='ltr'>quae</span> <span class='ocrx_word' id='word_1_158' title='bbox 596 1528 820 1562; x_wconf 80' lang='lat' dir='ltr'>iurisdictionis</span> <span class='ocrx_word' id='word_1_159' title='bbox 846 1534 874 1561; x_wconf 87' lang='lat' dir='ltr'>et</span> <span class='ocrx_word' id='word_1_160' title='bbox 906 1528 1011 1561; x_wconf 87' lang='lat' dir='ltr'>volun-</span> 
     </span>
     <span class='ocr_line' id='line_1_30' title="bbox 272 1580 1010 1625; baseline 0 -12"><span class='ocrx_word' id='word_1_161' title='bbox 272 1580 368 1614; x_wconf 88' lang='lat' dir='ltr'>tariae</span> <span class='ocrx_word' id='word_1_162' title='bbox 392 1581 528 1614; x_wconf 84' lang='lat' dir='ltr'>existunt</span> <span class='ocrx_word' id='word_1_163' title='bbox 559 1582 700 1625; x_wconf 76' lang='lat' dir='ltr'>(excepta</span> <span class='ocrx_word' id='word_1_164' title='bbox 736 1587 841 1614; x_wconf 85' lang='lat' dir='ltr'>tamen</span> <span class='ocrx_word' id='word_1_165' title='bbox 865 1581 1010 1614; x_wconf 82' lang='lat' dir='ltr'>facultate</span> 
     </span>
     <span class='ocr_line' id='line_1_31' title="bbox 272 1634 1007 1675; baseline 0 -8"><span class='ocrx_word' id='word_1_166' title='bbox 272 1634 424 1667; x_wconf 86' lang='lat' dir='ltr'>beneficia</span> <span class='ocrx_word' id='word_1_167' title='bbox 449 1634 659 1668; x_wconf 86' lang='lat' dir='ltr'>ecclesiastica</span> <span class='ocrx_word' id='word_1_168' title='bbox 684 1634 876 1675; x_wconf 82' lang='lat' dir='ltr'>conserendi,</span> <span class='ocrx_word' id='word_1_169' title='bbox 902 1646 937 1667; x_wconf 89' lang='lat' dir='ltr'>ac.</span> <span class='ocrx_word' id='word_1_170' title='bbox 961 1635 1007 1667; x_wconf 88' lang='lat' dir='ltr'>lit-</span> 
     </span>
     <span class='ocr_line' id='line_1_32' title="bbox 272 1688 1011 1721; baseline 0.001 -1"><span class='ocrx_word' id='word_1_171' title='bbox 272 1692 354 1720; x_wconf 82' lang='lat' dir='ltr'>teras</span> <span class='ocrx_word' id='word_1_172' title='bbox 386 1688 656 1721; x_wconf 87' lang='lat' dir='ltr'>commendatitias</span> <span class='ocrx_word' id='word_1_173' title='bbox 687 1693 716 1721; x_wconf 85' lang='lat' dir='ltr'>et</span> <span class='ocrx_word' id='word_1_174' title='bbox 747 1688 941 1721; x_wconf 75' lang='lat' dir='ltr'>dimissorias</span> <span class='ocrx_word' id='word_1_175' title='bbox 974 1688 1011 1721; x_wconf 85' lang='lat' dir='ltr'>ad</span> 
     </span>
     <span class='ocr_line' id='line_1_33' title="bbox 273 1741 1013 1785; baseline 0 -11"><span class='ocrx_word' id='word_1_176' title='bbox 273 1751 379 1775; x_wconf 91' lang='lat' dir='ltr'>sacros</span> <span class='ocrx_word' id='word_1_177' title='bbox 404 1741 531 1775; x_wconf 87' lang='lat' dir='ltr'>ordines</span> <span class='ocrx_word' id='word_1_178' title='bbox 549 1741 754 1785; x_wconf 86' lang='lat' dir='ltr'>concedendi)</span> <span class='ocrx_word' id='word_1_179' title='bbox 773 1752 866 1784; x_wconf 89' lang='lat' dir='ltr'>quam</span> <span class='ocrx_word' id='word_1_180' title='bbox 892 1741 1013 1774; x_wconf 82' lang='lat' dir='ltr'>areliie-</span> 
     </span>
     <span class='ocr_line' id='line_1_34' title="bbox 272 1794 1013 1838; baseline 0 -11"><span class='ocrx_word' id='word_1_181' title='bbox 272 1795 421 1838; x_wconf 90' lang='lat' dir='ltr'>piscopus</span> <span class='ocrx_word' id='word_1_182' title='bbox 441 1794 622 1827; x_wconf 91' lang='lat' dir='ltr'>Bisuntinus</span> <span class='ocrx_word' id='word_1_183' title='bbox 642 1805 700 1838; x_wconf 88' lang='lat' dir='ltr'>pro</span> <span class='ocrx_word' id='word_1_184' title='bbox 721 1799 863 1838; x_wconf 90' lang='lat' dir='ltr'>tempore</span> <span class='ocrx_word' id='word_1_185' title='bbox 880 1795 1013 1827; x_wconf 80' lang='lat' dir='ltr'>existens</span> 
     </span>
     <span class='ocr_line' id='line_1_35' title="bbox 273 1848 1014 1882; baseline 0.003 -2"><span class='ocrx_word' id='word_1_186' title='bbox 273 1848 389 1881; x_wconf 89' lang='lat' dir='ltr'>habere</span> <span class='ocrx_word' id='word_1_187' title='bbox 406 1853 436 1881; x_wconf 91' lang='lat' dir='ltr'>et</span> <span class='ocrx_word' id='word_1_188' title='bbox 453 1859 599 1882; x_wconf 83' lang='lat' dir='ltr'>exercere</span> <span class='ocrx_word' id='word_1_189' title='bbox 623 1849 702 1881; x_wconf 90' lang='lat' dir='ltr'>solet</span> <span class='ocrx_word' id='word_1_190' title='bbox 720 1848 750 1880; x_wconf 93' lang='lat' dir='ltr'>in</span> <span class='ocrx_word' id='word_1_191' title='bbox 769 1848 914 1881; x_wconf 77' lang='lat' dir='ltr'>universa</span> <span class='ocrx_word' id='word_1_192' title='bbox 932 1849 1014 1882; x_wconf 88' lang='lat' dir='ltr'>dioe-</span> 
     </span>
     <span class='ocr_line' id='line_1_36' title="bbox 274 1901 1013 1942; baseline 0.001 -7"><span class='ocrx_word' id='word_1_193' title='bbox 274 1901 336 1935; x_wconf 88' lang='lat' dir='ltr'>cesi</span> <span class='ocrx_word' id='word_1_194' title='bbox 363 1901 395 1934; x_wconf 92' lang='lat' dir='ltr'>in</span> <span class='ocrx_word' id='word_1_195' title='bbox 419 1902 487 1935; x_wconf 82' lang='lat' dir='ltr'>soro</span> <span class='ocrx_word' id='word_1_196' title='bbox 512 1902 722 1935; x_wconf 85' lang='lat' dir='ltr'>conscientiae</span> <span class='ocrx_word' id='word_1_197' title='bbox 747 1907 777 1935; x_wconf 88' lang='lat' dir='ltr'>et</span> <span class='ocrx_word' id='word_1_198' title='bbox 801 1903 1013 1942; x_wconf 87' lang='lat' dir='ltr'>contentioso,</span> 
     </span>
     <span class='ocr_line' id='line_1_37' title="bbox 275 1955 1014 2000; baseline 0.001 -12"><span class='ocrx_word' id='word_1_199' title='bbox 275 1960 305 1988; x_wconf 90' lang='lat' dir='ltr'>et</span> <span class='ocrx_word' id='word_1_200' title='bbox 328 1955 405 1988; x_wconf 78' lang='lat' dir='ltr'>alias</span> <span class='ocrx_word' id='word_1_201' title='bbox 429 1956 725 2000; x_wconf 83' lang='lat' dir='ltr'>quomodocumque</span> <span class='ocrx_word' id='word_1_202' title='bbox 744 1961 773 1989; x_wconf 90' lang='lat' dir='ltr'>et</span> <span class='ocrx_word' id='word_1_203' title='bbox 789 1957 1014 2000; x_wconf 85' lang='lat' dir='ltr'>qualitercum-</span> 
     </span>
     <span class='ocr_line' id='line_1_38' title="bbox 275 2009 1014 2054; baseline 0 -12"><span class='ocrx_word' id='word_1_204' title='bbox 275 2019 346 2053; x_wconf 85' lang='lat' dir='ltr'>que,-</span> <span class='ocrx_word' id='word_1_205' title='bbox 371 2019 493 2042; x_wconf 85' lang='lat' dir='ltr'>necnon</span> <span class='ocrx_word' id='word_1_206' title='bbox 518 2009 665 2042; x_wconf 89' lang='lat' dir='ltr'>ccclesias</span> <span class='ocrx_word' id='word_1_207' title='bbox 690 2015 720 2042; x_wconf 88' lang='lat' dir='ltr'>et</span> <span class='ocrx_word' id='word_1_208' title='bbox 743 2010 813 2043; x_wconf 90' lang='lat' dir='ltr'>loca</span> <span class='ocrx_word' id='word_1_209' title='bbox 831 2011 882 2054; x_wconf 89' lang='lat' dir='ltr'>pia</span> <span class='ocrx_word' id='word_1_210' title='bbox 900 2010 1014 2050; x_wconf 84' lang='lat' dir='ltr'>onmia,</span> 
     </span>
     <span class='ocr_line' id='line_1_39' title="bbox 276 2063 1016 2104; baseline 0 -8"><span class='ocrx_word' id='word_1_211' title='bbox 276 2063 370 2096; x_wconf 89' lang='lat' dir='ltr'>etiam</span> <span class='ocrx_word' id='word_1_212' title='bbox 392 2063 575 2097; x_wconf 85' lang='lat' dir='ltr'>monialium</span> <span class='ocrx_word' id='word_1_213' title='bbox 593 2064 792 2104; x_wconf 87' lang='lat' dir='ltr'>monasteria,</span> <span class='ocrx_word' id='word_1_214' title='bbox 807 2064 900 2096; x_wconf 88' lang='lat' dir='ltr'>etiam</span> <span class='ocrx_word' id='word_1_215' title='bbox 917 2075 1016 2097; x_wconf 77' lang='lat' dir='ltr'>exem-</span> 
     </span>
     <span class='ocr_line' id='line_1_40' title="bbox 276 2116 1015 2160; baseline 0.001 -12"><span class='ocrx_word' id='word_1_216' title='bbox 276 2121 345 2160; x_wconf 91' lang='lat' dir='ltr'>pta,</span> <span class='ocrx_word' id='word_1_217' title='bbox 373 2116 477 2160; x_wconf 89' lang='lat' dir='ltr'>quoad</span> <span class='ocrx_word' id='word_1_218' title='bbox 510 2117 687 2149; x_wconf 81' lang='lat' dir='ltr'>clausuram</span> <span class='ocrx_word' id='word_1_219' title='bbox 720 2117 757 2149; x_wconf 90' lang='lat' dir='ltr'>ad</span> <span class='ocrx_word' id='word_1_220' title='bbox 783 2117 863 2150; x_wconf 87' lang='lat' dir='ltr'>sacri</span> <span class='ocrx_word' id='word_1_221' title='bbox 888 2117 1015 2152; x_wconf 90' lang='lat' dir='ltr'>Concilii</span> 
     </span>
     <span class='ocr_line' id='line_1_41' title="bbox 276 2169 1014 2214; baseline 0.001 -12"><span class='ocrx_word' id='word_1_222' title='bbox 276 2169 448 2203; x_wconf 87' lang='lat' dir='ltr'>Tridentini</span> <span class='ocrx_word' id='word_1_223' title='bbox 482 2170 712 2214; x_wconf 87' lang='lat' dir='ltr'>praescriptum</span> <span class='ocrx_word' id='word_1_224' title='bbox 739 2170 881 2204; x_wconf 87' lang='lat' dir='ltr'>visitandi</span> <span class='ocrx_word' id='word_1_225' title='bbox 907 2176 936 2203; x_wconf 87' lang='lat' dir='ltr'>et</span> <span class='ocrx_word' id='word_1_226' title='bbox 962 2181 1014 2203; x_wconf 89' lang='lat' dir='ltr'>re-</span> 
     </span>
     <span class='ocr_line' id='line_1_42' title="bbox 277 2223 1016 2265; baseline 0.001 -10"><span class='ocrx_word' id='word_1_227' title='bbox 277 2223 454 2265; x_wconf 79' lang='lat' dir='ltr'>formandi,</span> <span class='ocrx_word' id='word_1_228' title='bbox 490 2233 526 2256; x_wconf 90' lang='lat' dir='ltr'>ac</span> <span class='ocrx_word' id='word_1_229' title='bbox 561 2223 592 2255; x_wconf 93' lang='lat' dir='ltr'>in</span> <span class='ocrx_word' id='word_1_230' title='bbox 629 2223 802 2257; x_wconf 85' lang='lat' dir='ltr'>visitatione</span> <span class='ocrx_word' id='word_1_231' title='bbox 837 2224 1016 2258; x_wconf 88' lang='lat' dir='ltr'>huiusmodi</span> 
     </span>
     <span class='ocr_line' id='line_1_43' title="bbox 277 2277 1017 2322; baseline -0.001 -11"><span class='ocrx_word' id='word_1_232' title='bbox 277 2288 371 2322; x_wconf 87' lang='lat' dir='ltr'>quam</span> <span class='ocrx_word' id='word_1_233' title='bbox 396 2277 562 2311; x_wconf 87' lang='lat' dir='ltr'>celerrime</span> <span class='ocrx_word' id='word_1_234' title='bbox 586 2282 615 2310; x_wconf 92' lang='lat' dir='ltr'>et</span> <span class='ocrx_word' id='word_1_235' title='bbox 639 2277 743 2310; x_wconf 80' lang='lat' dir='ltr'>debita</span> <span class='ocrx_word' id='word_1_236' title='bbox 769 2288 839 2311; x_wconf 89' lang='lat' dir='ltr'>cum</span> <span class='ocrx_word' id='word_1_237' title='bbox 855 2278 1017 2320; x_wconf 75' lang='lat' dir='ltr'>diligentia</span> 
     </span>
     <span class='ocr_line' id='line_1_44' title="bbox 278 2330 1018 2376; baseline 0 -12"><span class='ocrx_word' id='word_1_238' title='bbox 278 2330 484 2376; x_wconf 84' lang='lat' dir='ltr'>procedendi,</span> <span class='ocrx_word' id='word_1_239' title='bbox 502 2330 635 2373; x_wconf 90' lang='lat' dir='ltr'>iudices,</span> <span class='ocrx_word' id='word_1_240' title='bbox 654 2331 859 2372; x_wconf 84' lang='lat' dir='ltr'>consultores,</span> <span class='ocrx_word' id='word_1_241' title='bbox 885 2331 1018 2365; x_wconf 74' lang='lat' dir='ltr'>vicarios</span> 
     </span>
     <span class='ocr_line' id='line_1_45' title="bbox 279 2384 1018 2428; baseline 0 -10"><span class='ocrx_word' id='word_1_242' title='bbox 279 2386 445 2425; x_wconf 84' lang='lat' dir='ltr'>l&#39;oraneos,</span> <span class='ocrx_word' id='word_1_243' title='bbox 469 2384 628 2425; x_wconf 87' lang='lat' dir='ltr'>notarios,</span> <span class='ocrx_word' id='word_1_244' title='bbox 652 2385 825 2425; x_wconf 87' lang='lat' dir='ltr'>actuarios,</span> <span class='ocrx_word' id='word_1_245' title='bbox 852 2385 1018 2428; x_wconf 76' lang='lat' dir='ltr'>magistros</span> 
     </span>
     <span class='ocr_line' id='line_1_46' title="bbox 281 2438 1015 2482; baseline 0.001 -12"><span class='ocrx_word' id='word_1_246' title='bbox 281 2441 434 2478; x_wconf 78' lang='lat' dir='ltr'>actorum,</span> <span class='ocrx_word' id='word_1_247' title='bbox 458 2443 690 2481; x_wconf 86' lang='lat' dir='ltr'>procuratores,</span> <span class='ocrx_word' id='word_1_248' title='bbox 716 2438 851 2479; x_wconf 86' lang='lat' dir='ltr'>fiscales,</span> <span class='ocrx_word' id='word_1_249' title='bbox 877 2450 1015 2482; x_wconf 85' lang='lat' dir='ltr'>exequu-</span> 
     </span>
     <span class='ocr_line' id='line_1_47' title="bbox 281 2491 1018 2534; baseline 0.001 -11"><span class='ocrx_word' id='word_1_250' title='bbox 281 2496 376 2533; x_wconf 89' lang='lat' dir='ltr'>tores,</span> <span class='ocrx_word' id='word_1_251' title='bbox 401 2501 573 2534; x_wconf 89' lang='lat' dir='ltr'>omnesque</span> <span class='ocrx_word' id='word_1_252' title='bbox 599 2491 676 2524; x_wconf 88' lang='lat' dir='ltr'>alios</span> <span class='ocrx_word' id='word_1_253' title='bbox 693 2497 722 2524; x_wconf 91' lang='lat' dir='ltr'>et</span> <span class='ocrx_word' id='word_1_254' title='bbox 747 2491 885 2534; x_wconf 79' lang='lat' dir='ltr'>singulos</span> <span class='ocrx_word' id='word_1_255' title='bbox 903 2492 1018 2525; x_wconf 84' lang='lat' dir='ltr'>officia-</span> 
     </span>
     <span class='ocr_line' id='line_1_48' title="bbox 281 2543 1020 2587; baseline 0.001 -11"><span class='ocrx_word' id='word_1_256' title='bbox 281 2543 348 2585; x_wconf 91' lang='lat' dir='ltr'>les,</span> <span class='ocrx_word' id='word_1_257' title='bbox 374 2548 436 2576; x_wconf 87' lang='lat' dir='ltr'>tam</span> <span class='ocrx_word' id='word_1_258' title='bbox 462 2544 596 2577; x_wconf 88' lang='lat' dir='ltr'>maiores</span> <span class='ocrx_word' id='word_1_259' title='bbox 621 2555 715 2587; x_wconf 89' lang='lat' dir='ltr'>quam</span> <span class='ocrx_word' id='word_1_260' title='bbox 741 2544 889 2585; x_wconf 89' lang='lat' dir='ltr'>minores,</span> <span class='ocrx_word' id='word_1_261' title='bbox 915 2545 1020 2578; x_wconf 86' lang='lat' dir='ltr'>curiae</span> 
     </span>
     <span class='ocr_line' id='line_1_49' title="bbox 281 2596 1020 2642; baseline 0 -12"><span class='ocrx_word' id='word_1_262' title='bbox 281 2596 569 2642; x_wconf 86' lang='lat' dir='ltr'>archiepiscopalis,</span> <span class='ocrx_word' id='word_1_263' title='bbox 602 2597 855 2642; x_wconf 83' lang='lat' dir='ltr'>quibuscumque</span> <span class='ocrx_word' id='word_1_264' title='bbox 886 2597 1020 2631; x_wconf 89' lang='lat' dir='ltr'>nomini-</span> 
     </span>
    </p>
   </div>
   <div class='ocr_carea' id='block_1_6' title="bbox 1032 347 1792 2641">
    <p class='ocr_par' dir='ltr' id='par_1_6' title="bbox 1032 347 1792 2641">
     <span class='ocr_line' id='line_1_50' title="bbox 1032 347 1770 393; baseline -0.003 -8"><span class='ocrx_word' id='word_1_265' title='bbox 1032 352 1161 393; x_wconf 87' lang='lat' dir='ltr'>caveris,</span> <span class='ocrx_word' id='word_1_266' title='bbox 1178 358 1208 385; x_wconf 92' lang='lat' dir='ltr'>et</span> <span class='ocrx_word' id='word_1_267' title='bbox 1228 353 1303 385; x_wconf 78' lang='lat' dir='ltr'>alias</span> <span class='ocrx_word' id='word_1_268' title='bbox 1321 353 1405 386; x_wconf 81' lang='lat' dir='ltr'>iuxta</span> <span class='ocrx_word' id='word_1_269' title='bbox 1426 353 1551 386; x_wconf 88' lang='lat' dir='ltr'>solitum</span> <span class='ocrx_word' id='word_1_270' title='bbox 1578 347 1770 392; x_wconf 86' lang='lat' dir='ltr'>removendi,</span> 
     </span>
     <span class='ocr_line' id='line_1_51' title="bbox 1034 405 1771 449; baseline -0.001 -11"><span class='ocrx_word' id='word_1_271' title='bbox 1034 416 1069 438; x_wconf 86' lang='lat' dir='ltr'>ac</span> <span class='ocrx_word' id='word_1_272' title='bbox 1085 405 1163 439; x_wconf 88' lang='lat' dir='ltr'>alios</span> <span class='ocrx_word' id='word_1_273' title='bbox 1183 406 1214 438; x_wconf 91' lang='lat' dir='ltr'>in</span> <span class='ocrx_word' id='word_1_274' title='bbox 1228 416 1337 439; x_wconf 89' lang='lat' dir='ltr'>eorum</span> <span class='ocrx_word' id='word_1_275' title='bbox 1356 406 1424 439; x_wconf 90' lang='lat' dir='ltr'>loca</span> <span class='ocrx_word' id='word_1_276' title='bbox 1442 405 1587 449; x_wconf 77' lang='lat' dir='ltr'>eligendi,</span> <span class='ocrx_word' id='word_1_277' title='bbox 1602 405 1771 448; x_wconf 90' lang='lat' dir='ltr'>deputandi</span> 
     </span>
     <span class='ocr_line' id='line_1_52' title="bbox 1034 459 1773 502; baseline -0.004 -9"><span class='ocrx_word' id='word_1_278' title='bbox 1034 464 1063 494; x_wconf 81' lang='lat' dir='ltr'>et</span> <span class='ocrx_word' id='word_1_279' title='bbox 1088 459 1290 502; x_wconf 81' lang='lat' dir='ltr'>subrogandi,</span> <span class='ocrx_word' id='word_1_280' title='bbox 1309 460 1502 502; x_wconf 89' lang='lat' dir='ltr'>mulctasque</span> <span class='ocrx_word' id='word_1_281' title='bbox 1530 465 1559 491; x_wconf 91' lang='lat' dir='ltr'>et</span> <span class='ocrx_word' id='word_1_282' title='bbox 1584 469 1700 502; x_wconf 87' lang='lat' dir='ltr'>poenas</span> <span class='ocrx_word' id='word_1_283' title='bbox 1721 469 1773 501; x_wconf 90' lang='lat' dir='ltr'>pe-</span> 
     </span>
     <span class='ocr_line' id='line_1_53' title="bbox 1034 511 1773 556; baseline -0.003 -10"><span class='ocrx_word' id='word_1_284' title='bbox 1034 512 1191 546; x_wconf 84' lang='lat' dir='ltr'>cuniarias</span> <span class='ocrx_word' id='word_1_285' title='bbox 1215 512 1297 555; x_wconf 88' lang='lat' dir='ltr'>apud</span> <span class='ocrx_word' id='word_1_286' title='bbox 1322 512 1457 556; x_wconf 86' lang='lat' dir='ltr'>aliquem</span> <span class='ocrx_word' id='word_1_287' title='bbox 1485 512 1619 555; x_wconf 89' lang='lat' dir='ltr'>probum</span> <span class='ocrx_word' id='word_1_288' title='bbox 1649 516 1678 544; x_wconf 89' lang='lat' dir='ltr'>et</span> <span class='ocrx_word' id='word_1_289' title='bbox 1707 511 1773 544; x_wconf 85' lang='lat' dir='ltr'>ido-</span> 
     </span>
     <span class='ocr_line' id='line_1_54' title="bbox 1034 565 1773 609; baseline -0.003 -11"><span class='ocrx_word' id='word_1_290' title='bbox 1034 577 1128 599; x_wconf 88' lang='lat' dir='ltr'>neum</span> <span class='ocrx_word' id='word_1_291' title='bbox 1151 565 1252 598; x_wconf 85' lang='lat' dir='ltr'>virum</span> <span class='ocrx_word' id='word_1_292' title='bbox 1279 576 1335 609; x_wconf 81' lang='lat' dir='ltr'>pet·</span> <span class='ocrx_word' id='word_1_293' title='bbox 1360 571 1389 598; x_wconf 87' lang='lat' dir='ltr'>tc</span> <span class='ocrx_word' id='word_1_294' title='bbox 1413 565 1451 598; x_wconf 84' lang='lat' dir='ltr'>de</span> <span class='ocrx_word' id='word_1_295' title='bbox 1478 566 1562 598; x_wconf 87' lang='lat' dir='ltr'>clero</span> <span class='ocrx_word' id='word_1_296' title='bbox 1594 565 1773 608; x_wconf 78' lang='lat' dir='ltr'>eligendum</span> 
     </span>
     <span class='ocr_line' id='line_1_55' title="bbox 1035 618 1776 663; baseline -0.003 -11"><span class='ocrx_word' id='word_1_297' title='bbox 1035 619 1211 663; x_wconf 89' lang='lat' dir='ltr'>deponendi</span> <span class='ocrx_word' id='word_1_298' title='bbox 1242 619 1302 663; x_wconf 85' lang='lat' dir='ltr'>piis</span> <span class='ocrx_word' id='word_1_299' title='bbox 1335 618 1442 651; x_wconf 88' lang='lat' dir='ltr'>usibus</span> <span class='ocrx_word' id='word_1_300' title='bbox 1474 618 1605 651; x_wconf 87' lang='lat' dir='ltr'>arbitrio</span> <span class='ocrx_word' id='word_1_301' title='bbox 1639 622 1690 651; x_wconf 91' lang='lat' dir='ltr'>tuo</span> <span class='ocrx_word' id='word_1_302' title='bbox 1722 628 1776 661; x_wconf 87' lang='lat' dir='ltr'>ap-</span> 
     </span>
     <span class='ocr_line' id='line_1_56' title="bbox 1036 670 1775 716; baseline -0.001 -12"><span class='ocrx_word' id='word_1_303' title='bbox 1036 672 1214 716; x_wconf 84' lang='lat' dir='ltr'>plicandas,</span> <span class='ocrx_word' id='word_1_304' title='bbox 1240 682 1456 716; x_wconf 85' lang='lat' dir='ltr'>quascumque</span> <span class='ocrx_word' id='word_1_305' title='bbox 1482 672 1598 705; x_wconf 82' lang='lat' dir='ltr'>litteras</span> <span class='ocrx_word' id='word_1_306' title='bbox 1626 670 1775 714; x_wconf 88' lang='lat' dir='ltr'>apostoli-</span> 
     </span>
     <span class='ocr_line' id='line_1_57' title="bbox 1037 723 1775 769; baseline -0.001 -11"><span class='ocrx_word' id='word_1_307' title='bbox 1037 726 1112 758; x_wconf 91' lang='lat' dir='ltr'>licas</span> <span class='ocrx_word' id='word_1_308' title='bbox 1137 725 1376 769; x_wconf 82' lang='lat' dir='ltr'>archiepiscopo</span> <span class='ocrx_word' id='word_1_309' title='bbox 1404 725 1565 768; x_wconf 83' lang='lat' dir='ltr'>praedicto</span> <span class='ocrx_word' id='word_1_310' title='bbox 1581 752 1588 765; x_wconf 92' lang='lat'>‚</span> <span class='ocrx_word' id='word_1_311' title='bbox 1613 725 1678 757; x_wconf 83' lang='lat' dir='ltr'>sive</span> <span class='ocrx_word' id='word_1_312' title='bbox 1710 723 1775 757; x_wconf 90' lang='lat' dir='ltr'>eius</span> 
     </span>
     <span class='ocr_line' id='line_1_58' title="bbox 1037 777 1776 819; baseline -0.003 -8"><span class='ocrx_word' id='word_1_313' title='bbox 1037 779 1176 819; x_wconf 87' lang='lat' dir='ltr'>vicario,</span> <span class='ocrx_word' id='word_1_314' title='bbox 1202 778 1248 810; x_wconf 84' lang='lat' dir='ltr'>vel</span> <span class='ocrx_word' id='word_1_315' title='bbox 1275 778 1400 811; x_wconf 82' lang='lat' dir='ltr'>officiali</span> <span class='ocrx_word' id='word_1_316' title='bbox 1426 778 1560 810; x_wconf 86' lang='lat' dir='ltr'>directas</span> <span class='ocrx_word' id='word_1_317' title='bbox 1585 782 1614 810; x_wconf 91' lang='lat' dir='ltr'>et</span> <span class='ocrx_word' id='word_1_318' title='bbox 1638 777 1776 819; x_wconf 72' lang='lat' dir='ltr'>dirigen-</span> 
     </span>
     <span class='ocr_line' id='line_1_59' title="bbox 1038 829 1777 874; baseline -0.004 -10"><span class='ocrx_word' id='word_1_319' title='bbox 1038 831 1102 871; x_wconf 89' lang='lat' dir='ltr'>das,</span> <span class='ocrx_word' id='word_1_320' title='bbox 1128 841 1226 874; x_wconf 86' lang='lat' dir='ltr'>aeque</span> <span class='ocrx_word' id='word_1_321' title='bbox 1251 841 1286 863; x_wconf 89' lang='lat' dir='ltr'>ac</span> <span class='ocrx_word' id='word_1_322' title='bbox 1311 831 1336 864; x_wconf 89' lang='lat' dir='ltr'>si</span> <span class='ocrx_word' id='word_1_323' title='bbox 1361 829 1440 864; x_wconf 85' lang='lat' dir='ltr'>sibi¹</span> <span class='ocrx_word' id='word_1_324' title='bbox 1458 830 1635 874; x_wconf 83' lang='lat' dir='ltr'>specialiter</span> <span class='ocrx_word' id='word_1_325' title='bbox 1660 829 1777 872; x_wconf 80' lang='lat' dir='ltr'>dirige-</span> 
     </span>
     <span class='ocr_line' id='line_1_60' title="bbox 1039 883 1778 928; baseline -0.001 -12"><span class='ocrx_word' id='word_1_326' title='bbox 1039 890 1164 925; x_wconf 87' lang='lat' dir='ltr'>rentur,</span> <span class='ocrx_word' id='word_1_327' title='bbox 1190 884 1352 928; x_wconf 84' lang='lat' dir='ltr'>aperiendi</span> <span class='ocrx_word' id='word_1_328' title='bbox 1379 890 1408 917; x_wconf 90' lang='lat' dir='ltr'>et</span> <span class='ocrx_word' id='word_1_329' title='bbox 1432 883 1623 927; x_wconf 78' lang='lat' dir='ltr'>exequendi,</span> <span class='ocrx_word' id='word_1_330' title='bbox 1657 883 1778 916; x_wconf 85' lang='lat' dir='ltr'>litteras</span> 
     </span>
     <span class='ocr_line' id='line_1_61' title="bbox 1040 937 1778 981; baseline -0.003 -11"><span class='ocrx_word' id='word_1_331' title='bbox 1040 937 1254 971; x_wconf 86' lang='lat' dir='ltr'>monitoriales</span> <span class='ocrx_word' id='word_1_332' title='bbox 1279 938 1309 970; x_wconf 88' lang='lat' dir='ltr'>in</span> <span class='ocrx_word' id='word_1_333' title='bbox 1328 938 1427 970; x_wconf 76' lang='lat' dir='ltr'>forma</span> <span class='ocrx_word' id='word_1_334' title='bbox 1447 937 1645 981; x_wconf 69' lang='lat' dir='ltr'>siqnificavit</span> <span class='ocrx_word' id='word_1_335' title='bbox 1661 947 1719 980; x_wconf 85' lang='lat' dir='ltr'>pro</span> <span class='ocrx_word' id='word_1_336' title='bbox 1734 946 1778 968; x_wconf 90' lang='lat' dir='ltr'>re-</span> 
     </span>
     <span class='ocr_line' id='line_1_62' title="bbox 1040 989 1778 1035; baseline -0.001 -12"><span class='ocrx_word' id='word_1_337' title='bbox 1040 991 1097 1023; x_wconf 91' lang='lat' dir='ltr'>bus</span> <span class='ocrx_word' id='word_1_338' title='bbox 1122 991 1314 1035; x_wconf 82' lang='lat' dir='ltr'>deperditis,</span> <span class='ocrx_word' id='word_1_339' title='bbox 1340 1002 1395 1024; x_wconf 82' lang='lat' dir='ltr'>seu</span> <span class='ocrx_word' id='word_1_340' title='bbox 1427 992 1509 1023; x_wconf 84' lang='lat' dir='ltr'>furto</span> <span class='ocrx_word' id='word_1_341' title='bbox 1533 990 1675 1032; x_wconf 84' lang='lat' dir='ltr'>sublatis,</span> <span class='ocrx_word' id='word_1_342' title='bbox 1695 989 1778 1022; x_wconf 86' lang='lat' dir='ltr'>iuxta</span> 
     </span>
     <span class='ocr_line' id='line_1_63' title="bbox 1041 1043 1779 1088; baseline 0 -13"><span class='ocrx_word' id='word_1_343' title='bbox 1041 1045 1271 1088; x_wconf 85' lang='lat' dir='ltr'>praescriptum</span> <span class='ocrx_word' id='word_1_344' title='bbox 1299 1045 1372 1078; x_wconf 86' lang='lat' dir='ltr'>dicti</span> <span class='ocrx_word' id='word_1_345' title='bbox 1393 1045 1521 1078; x_wconf 89' lang='lat' dir='ltr'>Concilii</span> <span class='ocrx_word' id='word_1_346' title='bbox 1550 1043 1723 1076; x_wconf 88' lang='lat' dir='ltr'>Tridentini</span> <span class='ocrx_word' id='word_1_347' title='bbox 1744 1054 1779 1076; x_wconf 88' lang='lat' dir='ltr'>ac</span> 
     </span>
     <span class='ocr_line' id='line_1_64' title="bbox 1042 1097 1779 1141; baseline -0.001 -11"><span class='ocrx_word' id='word_1_348' title='bbox 1042 1099 1147 1131; x_wconf 84' lang='lat' dir='ltr'>ssullae</span> <span class='ocrx_word' id='word_1_349' title='bbox 1172 1099 1270 1131; x_wconf 81' lang='lat' dir='ltr'>felicis</span> <span class='ocrx_word' id='word_1_350' title='bbox 1297 1098 1526 1131; x_wconf 87' lang='lat' dir='ltr'>recordationis</span> <span class='ocrx_word' id='word_1_351' title='bbox 1563 1097 1606 1130; x_wconf 83' lang='lat' dir='ltr'>l‘ii</span> <span class='ocrx_word' id='word_1_352' title='bbox 1631 1098 1732 1141; x_wconf 86' lang='lat' dir='ltr'>Papae</span> <span class='ocrx_word' id='word_1_353' title='bbox 1757 1097 1779 1130; x_wconf 93' lang='lat' dir='ltr'>V</span> 
     </span>
     <span class='ocr_line' id='line_1_65' title="bbox 1041 1151 1779 1195; baseline -0.001 -12"><span class='ocrx_word' id='word_1_354' title='bbox 1041 1152 1292 1195; x_wconf 81' lang='lat' dir='ltr'>praedecessoris</span> <span class='ocrx_word' id='word_1_355' title='bbox 1306 1152 1405 1185; x_wconf 90' lang='lat' dir='ltr'>nostri</span> <span class='ocrx_word' id='word_1_356' title='bbox 1420 1151 1621 1191; x_wconf 88' lang='lat' dir='ltr'>concedendi,</span> <span class='ocrx_word' id='word_1_357' title='bbox 1636 1151 1666 1183; x_wconf 90' lang='lat' dir='ltr'>in</span> <span class='ocrx_word' id='word_1_358' title='bbox 1683 1151 1779 1183; x_wconf 87' lang='lat' dir='ltr'>bene-</span> 
     </span>
     <span class='ocr_line' id='line_1_66' title="bbox 1043 1205 1781 1249; baseline 0 -12"><span class='ocrx_word' id='word_1_359' title='bbox 1043 1205 1122 1238; x_wconf 88' lang='lat' dir='ltr'>ticiis</span> <span class='ocrx_word' id='word_1_360' title='bbox 1139 1205 1176 1238; x_wconf 87' lang='lat' dir='ltr'>de</span> <span class='ocrx_word' id='word_1_361' title='bbox 1197 1205 1462 1249; x_wconf 83' lang='lat' dir='ltr'>inrepatronatus,</span> <span class='ocrx_word' id='word_1_362' title='bbox 1476 1206 1605 1249; x_wconf 86' lang='lat' dir='ltr'>eiusque</span> <span class='ocrx_word' id='word_1_363' title='bbox 1623 1205 1781 1238; x_wconf 83' lang='lat' dir='ltr'>erectione</span> 
     </span>
     <span class='ocr_line' id='line_1_67' title="bbox 1043 1259 1782 1300; baseline 0 -9"><span class='ocrx_word' id='word_1_364' title='bbox 1043 1264 1072 1291; x_wconf 88' lang='lat' dir='ltr'>et</span> <span class='ocrx_word' id='word_1_365' title='bbox 1090 1259 1321 1299; x_wconf 85' lang='lat' dir='ltr'>constitutione,</span> <span class='ocrx_word' id='word_1_366' title='bbox 1335 1270 1456 1292; x_wconf 80' lang='lat' dir='ltr'>necnon</span> <span class='ocrx_word' id='word_1_367' title='bbox 1481 1259 1699 1300; x_wconf 75' lang='lat' dir='ltr'>locationibus,</span> <span class='ocrx_word' id='word_1_368' title='bbox 1721 1269 1782 1291; x_wconf 88' lang='lat' dir='ltr'>em-</span> 
     </span>
     <span class='ocr_line' id='line_1_68' title="bbox 1044 1312 1783 1356; baseline 0 -12"><span class='ocrx_word' id='word_1_369' title='bbox 1044 1313 1209 1356; x_wconf 67' lang='lat' dir='ltr'>phyteutis,</span> <span class='ocrx_word' id='word_1_370' title='bbox 1228 1313 1469 1345; x_wconf 84' lang='lat' dir='ltr'>alienationibus</span> <span class='ocrx_word' id='word_1_371' title='bbox 1494 1317 1523 1345; x_wconf 86' lang='lat' dir='ltr'>et</span> <span class='ocrx_word' id='word_1_372' title='bbox 1548 1312 1783 1356; x_wconf 81' lang='lat' dir='ltr'>permutationi-</span> 
     </span>
     <span class='ocr_line' id='line_1_69' title="bbox 1044 1366 1782 1400; baseline 0 -2"><span class='ocrx_word' id='word_1_373' title='bbox 1044 1367 1101 1399; x_wconf 91' lang='lat' dir='ltr'>bus</span> <span class='ocrx_word' id='word_1_374' title='bbox 1125 1366 1282 1399; x_wconf 89' lang='lat' dir='ltr'>bonorum</span> <span class='ocrx_word' id='word_1_375' title='bbox 1308 1366 1511 1400; x_wconf 87' lang='lat' dir='ltr'>ecclesiarum</span> <span class='ocrx_word' id='word_1_376' title='bbox 1538 1366 1621 1398; x_wconf 82' lang='lat' dir='ltr'>iuxta</span> <span class='ocrx_word' id='word_1_377' title='bbox 1648 1366 1782 1399; x_wconf 81' lang='lat' dir='ltr'>sormam</span> 
     </span>
     <span class='ocr_line' id='line_1_70' title="bbox 1044 1419 1784 1453; baseline 0 -1"><span class='ocrx_word' id='word_1_378' title='bbox 1044 1430 1205 1453; x_wconf 86' lang='lat' dir='ltr'>sacrorum</span> <span class='ocrx_word' id='word_1_379' title='bbox 1232 1430 1388 1453; x_wconf 88' lang='lat' dir='ltr'>canonum</span> <span class='ocrx_word' id='word_1_380' title='bbox 1415 1426 1445 1452; x_wconf 87' lang='lat' dir='ltr'>et</span> <span class='ocrx_word' id='word_1_381' title='bbox 1469 1419 1727 1453; x_wconf 85' lang='lat' dir='ltr'>constitutionum</span> <span class='ocrx_word' id='word_1_382' title='bbox 1752 1430 1784 1452; x_wconf 87' lang='lat' dir='ltr'>a-</span> 
     </span>
     <span class='ocr_line' id='line_1_71' title="bbox 1046 1473 1784 1517; baseline -0.001 -11"><span class='ocrx_word' id='word_1_383' title='bbox 1046 1474 1291 1517; x_wconf 86' lang='lat' dir='ltr'>postolicarum,</span> <span class='ocrx_word' id='word_1_384' title='bbox 1319 1473 1536 1507; x_wconf 82' lang='lat' dir='ltr'>auctoritatem</span> <span class='ocrx_word' id='word_1_385' title='bbox 1563 1478 1593 1506; x_wconf 87' lang='lat' dir='ltr'>et</span> <span class='ocrx_word' id='word_1_386' title='bbox 1617 1473 1784 1506; x_wconf 87' lang='lat' dir='ltr'>eonsilium</span> 
     </span>
     <span class='ocr_line' id='line_1_72' title="bbox 1046 1526 1785 1570; baseline 0 -12"><span class='ocrx_word' id='word_1_387' title='bbox 1046 1527 1247 1570; x_wconf 86' lang='lat' dir='ltr'>praestandi,</span> <span class='ocrx_word' id='word_1_388' title='bbox 1272 1537 1381 1560; x_wconf 88' lang='lat' dir='ltr'>causas</span> <span class='ocrx_word' id='word_1_389' title='bbox 1411 1526 1589 1559; x_wconf 77' lang='lat' dir='ltr'>criminales</span> <span class='ocrx_word' id='word_1_390' title='bbox 1614 1526 1785 1570; x_wconf 78' lang='lat' dir='ltr'>civilesque</span> 
     </span>
     <span class='ocr_line' id='line_1_73' title="bbox 1047 1580 1784 1621; baseline -0.001 -8"><span class='ocrx_word' id='word_1_391' title='bbox 1047 1586 1076 1613; x_wconf 87' lang='lat' dir='ltr'>ct</span> <span class='ocrx_word' id='word_1_392' title='bbox 1100 1580 1311 1621; x_wconf 79' lang='lat' dir='ltr'>beneficiales,</span> <span class='ocrx_word' id='word_1_393' title='bbox 1336 1591 1371 1613; x_wconf 87' lang='lat' dir='ltr'>ac</span> <span class='ocrx_word' id='word_1_394' title='bbox 1389 1580 1646 1620; x_wconf 87' lang='lat' dir='ltr'>matrimoniales,</span> <span class='ocrx_word' id='word_1_395' title='bbox 1664 1585 1693 1613; x_wconf 86' lang='lat' dir='ltr'>et</span> <span class='ocrx_word' id='word_1_396' title='bbox 1709 1580 1784 1613; x_wconf 88' lang='lat' dir='ltr'>alias</span> 
     </span>
     <span class='ocr_line' id='line_1_74' title="bbox 1048 1633 1784 1678; baseline 0 -12"><span class='ocrx_word' id='word_1_397' title='bbox 1048 1644 1264 1678; x_wconf 87' lang='lat' dir='ltr'>quascumque</span> <span class='ocrx_word' id='word_1_398' title='bbox 1300 1634 1492 1677; x_wconf 87' lang='lat' dir='ltr'>principales</span> <span class='ocrx_word' id='word_1_399' title='bbox 1529 1639 1557 1666; x_wconf 90' lang='lat' dir='ltr'>ct</span> <span class='ocrx_word' id='word_1_400' title='bbox 1592 1633 1784 1674; x_wconf 89' lang='lat' dir='ltr'>incidentes,</span> 
     </span>
     <span class='ocr_line' id='line_1_75' title="bbox 1049 1686 1786 1731; baseline 0 -12"><span class='ocrx_word' id='word_1_401' title='bbox 1049 1687 1140 1721; x_wconf 81' lang='lat' dir='ltr'>etiam</span> <span class='ocrx_word' id='word_1_402' title='bbox 1174 1699 1229 1730; x_wconf 84' lang='lat' dir='ltr'>per</span> <span class='ocrx_word' id='word_1_403' title='bbox 1269 1687 1510 1731; x_wconf 83' lang='lat' dir='ltr'>appellationem</span> <span class='ocrx_word' id='word_1_404' title='bbox 1549 1686 1730 1727; x_wconf 82' lang='lat' dir='ltr'>devolutas,</span> <span class='ocrx_word' id='word_1_405' title='bbox 1756 1692 1786 1720; x_wconf 91' lang='lat' dir='ltr'>et</span> 
     </span>
     <span class='ocr_line' id='line_1_76' title="bbox 1049 1740 1787 1784; baseline 0.003 -12"><span class='ocrx_word' id='word_1_406' title='bbox 1049 1751 1127 1784; x_wconf 85' lang='lat' dir='ltr'>quae</span> <span class='ocrx_word' id='word_1_407' title='bbox 1141 1741 1178 1773; x_wconf 87' lang='lat' dir='ltr'>ad</span> <span class='ocrx_word' id='word_1_408' title='bbox 1199 1740 1474 1784; x_wconf 84' lang='lat' dir='ltr'>archiepiscopum</span> <span class='ocrx_word' id='word_1_409' title='bbox 1496 1740 1691 1773; x_wconf 86' lang='lat' dir='ltr'>Bisuntiuum</span> <span class='ocrx_word' id='word_1_410' title='bbox 1713 1752 1787 1784; x_wconf 90' lang='lat' dir='ltr'>quo-</span> 
     </span>
     <span class='ocr_line' id='line_1_77' title="bbox 1051 1793 1787 1837; baseline 0.001 -11"><span class='ocrx_word' id='word_1_411' title='bbox 1051 1794 1094 1827; x_wconf 85' lang='lat' dir='ltr'>vis</span> <span class='ocrx_word' id='word_1_412' title='bbox 1118 1794 1212 1827; x_wconf 89' lang='lat' dir='ltr'>modo</span> <span class='ocrx_word' id='word_1_413' title='bbox 1230 1794 1397 1837; x_wconf 85' lang='lat' dir='ltr'>pertinent,</span> <span class='ocrx_word' id='word_1_414' title='bbox 1419 1794 1455 1826; x_wconf 88' lang='lat' dir='ltr'>de</span> <span class='ocrx_word' id='word_1_415' title='bbox 1474 1793 1541 1827; x_wconf 91' lang='lat' dir='ltr'>iure</span> <span class='ocrx_word' id='word_1_416' title='bbox 1561 1795 1606 1826; x_wconf 82' lang='lat' dir='ltr'>vel</span> <span class='ocrx_word' id='word_1_417' title='bbox 1625 1799 1787 1827; x_wconf 86' lang='lat' dir='ltr'>consuctu-</span> 
     </span>
     <span class='ocr_line' id='line_1_78' title="bbox 1050 1848 1787 1891; baseline 0.001 -11"><span class='ocrx_word' id='word_1_418' title='bbox 1050 1848 1121 1881; x_wconf 87' lang='lat' dir='ltr'>dine</span> <span class='ocrx_word' id='word_1_419' title='bbox 1146 1848 1176 1880; x_wconf 90' lang='lat' dir='ltr'>in</span> <span class='ocrx_word' id='word_1_420' title='bbox 1202 1848 1324 1881; x_wconf 75' lang='lat' dir='ltr'>civitate</span> <span class='ocrx_word' id='word_1_421' title='bbox 1342 1853 1371 1880; x_wconf 87' lang='lat' dir='ltr'>et</span> <span class='ocrx_word' id='word_1_422' title='bbox 1395 1848 1531 1881; x_wconf 87' lang='lat' dir='ltr'>dioecesi</span> <span class='ocrx_word' id='word_1_423' title='bbox 1551 1848 1719 1891; x_wconf 85' lang='lat' dir='ltr'>praedictis</span> <span class='ocrx_word' id='word_1_424' title='bbox 1738 1859 1787 1881; x_wconf 90' lang='lat' dir='ltr'>co-</span> 
     </span>
     <span class='ocr_line' id='line_1_79' title="bbox 1050 1901 1787 1945; baseline 0.001 -11"><span class='ocrx_word' id='word_1_425' title='bbox 1050 1902 1231 1944; x_wconf 78' lang='lat' dir='ltr'>gnoscendi,</span> <span class='ocrx_word' id='word_1_426' title='bbox 1250 1901 1406 1942; x_wconf 89' lang='lat' dir='ltr'>audiendi,</span> <span class='ocrx_word' id='word_1_427' title='bbox 1425 1902 1787 1945; x_wconf 87' lang='lat' dir='ltr'>committendi,fineque</span> 
     </span>
     <span class='ocr_line' id='line_1_80' title="bbox 1050 1954 1788 1998; baseline 0.001 -11"><span class='ocrx_word' id='word_1_428' title='bbox 1050 1955 1156 1987; x_wconf 87' lang='lat' dir='ltr'>debito</span> <span class='ocrx_word' id='word_1_429' title='bbox 1189 1954 1400 1995; x_wconf 84' lang='lat' dir='ltr'>terminandi,</span> <span class='ocrx_word' id='word_1_430' title='bbox 1426 1959 1535 1987; x_wconf 91' lang='lat' dir='ltr'>contra</span> <span class='ocrx_word' id='word_1_431' title='bbox 1571 1955 1788 1998; x_wconf 88' lang='lat' dir='ltr'>delinquentes</span> 
     </span>
     <span class='ocr_line' id='line_1_81' title="bbox 1051 2008 1789 2052; baseline 0.001 -11"><span class='ocrx_word' id='word_1_432' title='bbox 1051 2019 1107 2052; x_wconf 87' lang='lat' dir='ltr'>per</span> <span class='ocrx_word' id='word_1_433' title='bbox 1133 2008 1367 2052; x_wconf 88' lang='lat' dir='ltr'>inquisitionem</span> <span class='ocrx_word' id='word_1_434' title='bbox 1393 2008 1486 2040; x_wconf 83' lang='lat' dir='ltr'>etiam</span> <span class='ocrx_word' id='word_1_435' title='bbox 1510 2018 1547 2041; x_wconf 83' lang='lat' dir='ltr'>ex</span> <span class='ocrx_word' id='word_1_436' title='bbox 1571 2008 1673 2041; x_wconf 87' lang='lat' dir='ltr'>ossicio</span> <span class='ocrx_word' id='word_1_437' title='bbox 1695 2012 1789 2052; x_wconf 86' lang='lat' dir='ltr'>prout</span> 
     </span>
     <span class='ocr_line' id='line_1_82' title="bbox 1052 2061 1788 2106; baseline -0.003 -11"><span class='ocrx_word' id='word_1_438' title='bbox 1052 2062 1129 2095; x_wconf 86' lang='lat' dir='ltr'>imis</span> <span class='ocrx_word' id='word_1_439' title='bbox 1147 2062 1238 2095; x_wconf 81' lang='lat' dir='ltr'>suerit</span> <span class='ocrx_word' id='word_1_440' title='bbox 1252 2061 1453 2106; x_wconf 87' lang='lat' dir='ltr'>procedendi,</span> <span class='ocrx_word' id='word_1_441' title='bbox 1468 2072 1582 2105; x_wconf 84' lang='lat' dir='ltr'>eosque</span> <span class='ocrx_word' id='word_1_442' title='bbox 1599 2062 1788 2104; x_wconf 76' lang='lat' dir='ltr'>corrigendi,</span> 
     </span>
     <span class='ocr_line' id='line_1_83' title="bbox 1052 2115 1790 2159; baseline -0.001 -11"><span class='ocrx_word' id='word_1_443' title='bbox 1052 2116 1233 2156; x_wconf 86' lang='lat' dir='ltr'>mulctandi,</span> <span class='ocrx_word' id='word_1_444' title='bbox 1254 2116 1413 2159; x_wconf 84' lang='lat' dir='ltr'>puniendi,</span> <span class='ocrx_word' id='word_1_445' title='bbox 1432 2115 1609 2158; x_wconf 87' lang='lat' dir='ltr'>deponendi</span> <span class='ocrx_word' id='word_1_446' title='bbox 1625 2121 1653 2148; x_wconf 89' lang='lat' dir='ltr'>et</span> <span class='ocrx_word' id='word_1_447' title='bbox 1670 2127 1790 2148; x_wconf 81' lang='lat' dir='ltr'>excom-</span> 
     </span>
     <span class='ocr_line' id='line_1_84' title="bbox 1053 2168 1788 2212; baseline -0.001 -11"><span class='ocrx_word' id='word_1_448' title='bbox 1053 2169 1251 2210; x_wconf 85' lang='lat' dir='ltr'>municandi,</span> <span class='ocrx_word' id='word_1_449' title='bbox 1277 2168 1486 2212; x_wconf 86' lang='lat' dir='ltr'>suspendendi</span> <span class='ocrx_word' id='word_1_450' title='bbox 1512 2174 1541 2201; x_wconf 87' lang='lat' dir='ltr'>et</span> <span class='ocrx_word' id='word_1_451' title='bbox 1566 2168 1788 2209; x_wconf 87' lang='lat' dir='ltr'>interdicendi,</span> 
     </span>
     <span class='ocr_line' id='line_1_85' title="bbox 1053 2221 1788 2266; baseline -0.003 -11"><span class='ocrx_word' id='word_1_452' title='bbox 1053 2232 1290 2266; x_wconf 83' lang='lat' dir='ltr'>poenarumque</span> <span class='ocrx_word' id='word_1_453' title='bbox 1315 2227 1344 2254; x_wconf 87' lang='lat' dir='ltr'>ct</span> <span class='ocrx_word' id='word_1_454' title='bbox 1369 2222 1592 2255; x_wconf 87' lang='lat' dir='ltr'>sententiarum</span> <span class='ocrx_word' id='word_1_455' title='bbox 1608 2221 1788 2254; x_wconf 86' lang='lat' dir='ltr'>earumdem</span> 
     </span>
     <span class='ocr_line' id='line_1_86' title="bbox 1054 2275 1790 2318; baseline -0.001 -10"><span class='ocrx_word' id='word_1_456' title='bbox 1054 2275 1300 2309; x_wconf 71' lang='lat' dir='ltr'>moderationem</span> <span class='ocrx_word' id='word_1_457' title='bbox 1320 2281 1349 2308; x_wconf 90' lang='lat' dir='ltr'>et</span> <span class='ocrx_word' id='word_1_458' title='bbox 1366 2275 1595 2318; x_wconf 73' lang='lat' dir='ltr'>mitigationem</span> <span class='ocrx_word' id='word_1_459' title='bbox 1615 2275 1668 2307; x_wconf 89' lang='lat' dir='ltr'>tibi</span> <span class='ocrx_word' id='word_1_460' title='bbox 1690 2286 1790 2308; x_wconf 83' lang='lat' dir='ltr'>rescr-</span> 
     </span>
     <span class='ocr_line' id='line_1_87' title="bbox 1055 2328 1791 2372; baseline -0.001 -10"><span class='ocrx_word' id='word_1_461' title='bbox 1055 2330 1165 2370; x_wconf 89' lang='lat' dir='ltr'>vandi,</span> <span class='ocrx_word' id='word_1_462' title='bbox 1190 2339 1311 2362; x_wconf 78' lang='lat' dir='ltr'>necnon</span> <span class='ocrx_word' id='word_1_463' title='bbox 1343 2339 1491 2361; x_wconf 88' lang='lat' dir='ltr'>censuras</span> <span class='ocrx_word' id='word_1_464' title='bbox 1516 2334 1545 2361; x_wconf 89' lang='lat' dir='ltr'>et</span> <span class='ocrx_word' id='word_1_465' title='bbox 1570 2338 1685 2372; x_wconf 85' lang='lat' dir='ltr'>poenas</span> <span class='ocrx_word' id='word_1_466' title='bbox 1710 2328 1791 2372; x_wconf 89' lang='lat' dir='ltr'>ipsas</span> 
     </span>
     <span class='ocr_line' id='line_1_88' title="bbox 1055 2382 1791 2426; baseline -0.001 -10"><span class='ocrx_word' id='word_1_467' title='bbox 1055 2385 1084 2416; x_wconf 88' lang='lat' dir='ltr'>in</span> <span class='ocrx_word' id='word_1_468' title='bbox 1110 2384 1234 2417; x_wconf 86' lang='lat' dir='ltr'>casibus</span> <span class='ocrx_word' id='word_1_469' title='bbox 1258 2395 1275 2415; x_wconf 87' lang='lat' dir='ltr'>a</span> <span class='ocrx_word' id='word_1_470' title='bbox 1301 2383 1367 2415; x_wconf 86' lang='lat' dir='ltr'>iure</span> <span class='ocrx_word' id='word_1_471' title='bbox 1404 2382 1564 2426; x_wconf 83' lang='lat' dir='ltr'>permissis</span> <span class='ocrx_word' id='word_1_472' title='bbox 1599 2382 1791 2425; x_wconf 73' lang='lat' dir='ltr'>aggravandi</span> 
     </span>
     <span class='ocr_line' id='line_1_89' title="bbox 1055 2435 1792 2479; baseline -0.001 -9"><span class='ocrx_word' id='word_1_473' title='bbox 1055 2443 1083 2469; x_wconf 92' lang='lat' dir='ltr'>ct</span> <span class='ocrx_word' id='word_1_474' title='bbox 1110 2436 1345 2479; x_wconf 65' lang='lat' dir='ltr'>rcaggravandi,</span> <span class='ocrx_word' id='word_1_475' title='bbox 1371 2446 1406 2468; x_wconf 89' lang='lat' dir='ltr'>ac</span> <span class='ocrx_word' id='word_1_476' title='bbox 1431 2435 1468 2467; x_wconf 87' lang='lat' dir='ltr'>ab</span> <span class='ocrx_word' id='word_1_477' title='bbox 1494 2435 1554 2468; x_wconf 85' lang='lat' dir='ltr'>illis</span> <span class='ocrx_word' id='word_1_478' title='bbox 1585 2436 1715 2478; x_wconf 87' lang='lat' dir='ltr'>aliisque</span> <span class='ocrx_word' id='word_1_479' title='bbox 1746 2447 1792 2469; x_wconf 89' lang='lat' dir='ltr'>ca-</span> 
     </span>
     <span class='ocr_line' id='line_1_90' title="bbox 1055 2489 1792 2533; baseline 0.001 -11"><span class='ocrx_word' id='word_1_480' title='bbox 1055 2491 1140 2523; x_wconf 73' lang='lat' dir='ltr'>sibus</span> <span class='ocrx_word' id='word_1_481' title='bbox 1164 2490 1404 2533; x_wconf 80' lang='lat' dir='ltr'>archiepiscopo</span> <span class='ocrx_word' id='word_1_482' title='bbox 1430 2489 1590 2533; x_wconf 87' lang='lat' dir='ltr'>praedicto</span> <span class='ocrx_word' id='word_1_483' title='bbox 1615 2490 1792 2531; x_wconf 85' lang='lat' dir='ltr'>reservatis,</span> 
     </span>
     <span class='ocr_line' id='line_1_91' title="bbox 1055 2542 1791 2587; baseline 0 -11"><span class='ocrx_word' id='word_1_484' title='bbox 1055 2547 1148 2587; x_wconf 85' lang='lat' dir='ltr'>prout</span> <span class='ocrx_word' id='word_1_485' title='bbox 1165 2543 1219 2575; x_wconf 84' lang='lat' dir='ltr'>tibi</span> <span class='ocrx_word' id='word_1_486' title='bbox 1239 2543 1395 2575; x_wconf 78' lang='lat' dir='ltr'>videbitur</span> <span class='ocrx_word' id='word_1_487' title='bbox 1413 2542 1590 2583; x_wconf 72' lang='lat' dir='ltr'>convenire,</span> <span class='ocrx_word' id='word_1_488' title='bbox 1610 2543 1640 2575; x_wconf 89' lang='lat' dir='ltr'>in</span> <span class='ocrx_word' id='word_1_489' title='bbox 1659 2549 1791 2587; x_wconf 85' lang='lat' dir='ltr'>utroque</span> 
     </span>
     <span class='ocr_line' id='line_1_92' title="bbox 1094 2604 1703 2641; baseline -0.002 -9"><span class='ocrx_word' id='word_1_490' title='bbox 1094 2608 1102 2632; x_wconf 90' lang='lat'>1</span> <span class='ocrx_word' id='word_1_491' title='bbox 1128 2605 1236 2633; x_wconf 83' lang='lat' dir='ltr'>Videtur</span> <span class='ocrx_word' id='word_1_492' title='bbox 1250 2604 1396 2641; x_wconf 81' lang='lat' dir='ltr'>legendum</span> <span class='ocrx_word' id='word_1_493' title='bbox 1412 2605 1465 2634; x_wconf 65' lang='lat' dir='ltr'>libi</span> <span class='ocrx_word' id='word_1_494' title='bbox 1481 2613 1528 2641; x_wconf 88' lang='lat' dir='ltr'>pro</span> <span class='ocrx_word' id='word_1_495' title='bbox 1542 2605 1598 2633; x_wconf 73' lang='lat' dir='ltr'>sibi</span> <span class='ocrx_word' id='word_1_496' title='bbox 1615 2606 1651 2641; x_wconf 79' lang='lat' dir='ltr'>(n.</span> <span class='ocrx_word' id='word_1_497' title='bbox 1667 2605 1703 2640; x_wconf 83' lang='lat' dir='ltr'>T.)</span> 
     </span>
    </p>
   </div>
   <div class='ocr_carea' id='block_1_7' title="bbox 1676 186 1968 224">
    <p class='ocr_par' dir='ltr' id='par_1_7' title="bbox 1676 186 1968 224">
     <span class='ocr_line' id='line_1_93' title="bbox 1676 186 1968 224; baseline 0.014 -4"><span class='ocrx_word' id='word_1_498' title='bbox 1676 186 1738 221; x_wconf 83' lang='lat'>783</span> <span class='ocrx_word' id='word_1_499' title='bbox 1784 197 1834 224; x_wconf 72' lang='lat' dir='ltr'>An.</span> <span class='ocrx_word' id='word_1_500' title='bbox 1855 197 1883 224; x_wconf 88' lang='lat' dir='ltr'>c.</span> <span class='ocrx_word' id='word_1_501' title='bbox 1901 197 1968 224; x_wconf 75' lang='lat'>1662</span> 
     </span>
    </p>
   </div>
  </div>
 </body>
</html>
