2243 3205
306 196 354 220 An.
370 195 400 221 C.
418 195 485 221 1660

332 2011 470 2038 supplicatio

530 186 593 219 506
1068 195 1247 219 narrantum

501 242 642 275 sentibus
661 241 736 285 ipsis
761 241 973 283 adhiberetur,
992 243 1016 275 si
1037 242 1139 276 forent
1156 242 1241 276 exhi-

501 295 586 328 bitae
611 296 657 328 vel
683 301 834 328 ostensae.

545 349 656 382 Datum
686 350 814 391 Romae,
842 349 923 393 apud
949 349 978 382 S.
1001 350 1127 382 Mariam
1153 350 1243 383 Maio-

503 413 588 444 rem,
617 402 675 435 sub
702 402 819 436 annulo
841 403 1019 443 Piscatoris,
1037 403 1086 435 die
1112 413 1141 436 ΧΙ
1163 403 1243 446 apri-

502 456 539 489 lis
557 466 672 496 MDCLx,
685 456 886 499 pontificatus
905 457 1006 490 nostri
1025 467 1107 489 anno
1133 466 1173 489 vt.

538 518 595 545 Dat.
614 519 657 545 die
675 519 702 545 tl
723 519 814 554 aprilis
832 519 910 551 1660,
928 519 1023 555 pontif.
1046 527 1117 545 anno
1134 525 1169 544 vi⁴

800 662 943 695 CCXCIV.

505 742 713 784 Confirmatio
726 742 893 785 facultatis
909 741 1158 784 Conyrcgyationi
1179 741 1242 774 Do-

546 796 671 828 ctrinae
697 795 905 829 Christianae
928 795 964 827 in
1002 794 1129 834 Gallia,
1165 794 1243 827 ditm

545 849 643 882 unita
660 852 727 881 crat
742 848 994 891 Conqreqationi
1008 848 1046 881 de
1058 848 1243 888 Somasclai,

547 913 567 934 a
586 902 738 945 Grcssorio
763 902 825 935 XV
859 912 1020 934 concessae
1044 901 1178 934 docendi
1210 901 1243 934 in

545 955 663 988 scholis
684 955 835 998 publicis,
861 966 933 987 cum
953 954 1084 988 indulto
1111 959 1146 987 ut
1172 954 1245 998 ipsa

547 1009 758 1051 Conqreyatio
783 1009 957 1041 Doctrinae
976 1008 1193 1049 Christianae,
1210 1008 1245 1041 tz‘-

546 1066 593 1094 cet
632 1072 653 1094 a
683 1062 769 1094 dicta
799 1062 1050 1105 Conyreyatione
1073 1061 1110 1094 de
1134 1062 1245 1095 Soma-

546 1115 623 1148 schci
649 1119 801 1158 separata
828 1116 887 1157 sit,
913 1115 1146 1155 nihilominus,
1176 1116 1245 1148 und

545 1179 619 1201 cunc
633 1169 795 1201 eoeercitiis
808 1169 861 1201 sni
872 1169 1071 1212 principalis
1088 1169 1243 1210 instituti,

546 1231 655 1253 sacras
672 1221 833 1262 scientias,
861 1221 1135 1265 ltunzanioresque
1160 1221 1244 1254 litte-

545 1285 599 1307 ras
629 1275 666 1307 in
700 1275 909 1307 accaclemiiis
941 1279 970 1307 et
1003 1275 1146 1318 cotteyiis
1176 1285 1245 1318 pu-

548 1328 649 1370 blicis,
664 1329 700 1360 in
725 1328 844 1372 quibus
868 1328 911 1368 ad
926 1338 1078 1371 praesens
1097 1328 1245 1361 stabilita

549 1385 603 1421 est,
623 1385 652 1414 et
684 1382 720 1414 in
744 1382 896 1424 futurum
928 1381 1133 1421 stabilietur,
1162 1381 1245 1414 sicut

544 1435 639 1478 prius
656 1434 764 1468 docere
786 1435 898 1478 possit.

696 1516 864 1543 Alexander
885 1516 963 1549 Papa
983 1516 1046 1549 VII,

629 1560 665 1587 ad
685 1563 861 1594 perpetuam
880 1560 926 1587 rei
945 1559 1124 1587 memoriam.

548 1629 592 1663 Ad
610 1630 775 1674 pastoralis
793 1629 952 1673 dignitatis
970 1630 1126 1673 fastigium
1141 1629 1245 1663 divina

504 1684 710 1728 dispositione
735 1684 849 1724 evecti,
875 1683 1137 1727 congregationes
1163 1683 1244 1716 viro-

505 1748 574 1771 rum
608 1737 637 1770 in
671 1737 809 1770 Ecclesia
840 1736 894 1770 Dei
930 1737 980 1780 pie
1013 1736 1246 1780 salubriterque

505 1790 672 1831 institutas,
688 1801 751 1833 quo
769 1789 1020 1823 christifidelium
1042 1789 1167 1822 utilitati
1185 1789 1246 1822 sru-

504 1845 643 1878 ctuosius
668 1855 797 1888 operam
831 1844 906 1876 dare
931 1844 1062 1884 valeant,
1086 1843 1245 1876 favoribus

504 1901 534 1932 ct
557 1897 666 1940 gratiis
702 1898 836 1930 libenter
873 1897 1097 1941 prosequimur
1121 1906 1241 1940 oppor-

504 1951 595 1984 tuuis.

547 2005 562 2048 ἓ
586 2005 615 2037 1.
641 2002 761 2048 Exponi
779 2003 933 2048 siquidem
948 2003 1038 2037 nobis
1055 2013 1156 2047 nuper
1175 2003 1245 2036 fecit

503 2058 635 2091 dilectus
654 2057 735 2090 filius
756 2057 941 2090 Franciscus
958 2057 1059 2097 Avias,
1080 2056 1245 2100 presbyter

504 2116 534 2144 et
547 2112 735 2155 procurator
749 2111 1008 2153 Congregationi's
1023 2110 1173 2143 secularis
1187 2110 1245 2142 ele-

503 2164 643 2198 ricorum
673 2164 839 2197 Doctrinae
858 2164 1052 2197 Christianae
1081 2163 1112 2196 in
1135 2163 1243 2203 Gallia,

503 2217 587 2262 quod
604 2218 678 2250 alias
703 2217 811 2250 eadem
830 2217 1047 2261 Congregatio,
1070 2228 1131 2260 quo
1156 2227 1244 2250 exer-

504 2271 575 2305 citia
592 2282 647 2304 sua
664 2276 694 2304 et
718 2271 892 2305 institutum
913 2270 1045 2304 docendi
1068 2270 1243 2304 doctrinam

504 2324 718 2366 christianam,
737 2325 786 2358 cui
812 2324 951 2368 plurimo
971 2335 1042 2357 eum
1067 2324 1243 2357 animarum

503 2379 607 2413 fructu
632 2378 843 2412 indesinenter
868 2378 1029 2420 incumbit,
1050 2377 1148 2410 fusius
1172 2377 1246 2411 dila-

505 2435 580 2472 tare,
602 2432 796 2476 diversisque
816 2431 1000 2476 provinciiS,
1018 2431 1195 2465 civitatibus
1216 2436 1246 2464 et

504 2485 646 2526 urbibus,
664 2497 700 2519 ac
721 2486 829 2519 vicinis
847 2496 954 2519 earum
972 2485 1050 2518 locis
1066 2485 1247 2529 campestri—

505 2538 563 2572 bus
588 2540 822 2573 communicare
850 2540 970 2573 facilius
994 2544 1111 2583 posset,
1137 2549 1245 2573 curam

505 2592 723 2635 collegiorum,
743 2594 773 2625 in
794 2593 907 2637 quilius
933 2598 994 2626 tam
1021 2604 1125 2626 sacras
1151 2593 1246 2627 seien-

1274 194 1426 218 ROMANUM

1277 242 1343 282 tias,
1368 253 1462 285 quam
1487 241 1690 275 humaniores
1713 241 1831 274 litteras
1848 241 1879 274 in
1897 241 2012 274 scholis

1276 294 1408 338 publicis
1426 293 1581 338 doceret¹‚
1599 294 1759 337 suscipere
1777 294 1932 337 cogitavit,
1953 294 2012 326 hu·
2048 300 2053 303 ·

1277 347 1387 391 iusque
1411 347 1455 380 rei
1480 357 1592 391 nempe
1614 347 1643 379 in
1661 346 1775 380 scholis
1800 346 1933 390 publicis
1957 346 2013 380 do-

1276 401 1365 433 cendi
1399 401 1577 433 facultatem
1610 411 1646 434 eo
1676 405 1820 444 tempore
1849 410 1911 443 quo
1935 399 2013 433 Con-

1277 454 1452 497 gregationi
1478 454 1666 487 elericorum
1688 453 1880 496 regularium
1901 452 1939 485 de
1963 452 2015 486 So-

1278 509 1381 539 masca
1407 512 1659 551 nuncupatorum
1676 506 1761 539 unita
1778 511 1855 546 erat,
1880 516 1897 538 a
1919 505 2014 538 felicis

1278 560 1503 594 recordationis
1528 559 1681 602 Gregorio
1705 559 1787 603 Papa
1814 559 1865 591 XV
1888 558 2017 602 praede-

1277 625 1402 647 cessore
1418 619 1526 647 nostro
1544 613 1672 646 concedi
1693 612 1751 646 sibi
1769 612 1911 646 obtinuit.
1930 611 2017 645 Unde

1278 667 1377 700 vocati
1403 667 1529 699 suerunt
1553 667 1654 699 dictae
1677 665 1936 709 Congregationis
1959 665 2018 698 Do-

1278 722 1396 755 ctrinae
1421 721 1616 754 Christianae
1633 720 1769 764 operarii
1796 720 1826 752 in
1851 719 1949 752 multa
1968 719 2016 752 di-

1279 784 1440 806 versarum
1467 772 1703 816 provinciarum
1729 772 1817 813 loca,
1848 771 1878 803 in
1903 770 2017 814 quibus

1278 827 1385 860 eadem
1425 826 1633 869 Congregatio
1652 853 1659 866 ,
1699 824 1854 858 servando
1894 834 2018 868 semper

1279 881 1465 924 primarium
1490 880 1664 914 institutum
1682 878 1815 912 docendi
1841 878 2017 911 doctrinam

1279 934 1499 976 christianam,
1521 933 1613 966 etiam
1649 932 1775 965 iuvenes
1800 932 1891 965 docet
1914 941 2018 965 sacras

1279 987 1423 1021 scientias
1456 991 1485 1021 et
1516 986 1719 1019 humaniores
1752 986 1887 1025 litteras;
1912 985 2019 1028 sicque

1278 1041 1490 1084 perseveravit
1525 1040 1591 1083 ipsa
1626 1039 1833 1082 Congregatio
1870 1043 1935 1072 toto
1964 1037 2018 1071 illo

1281 1100 1441 1138 tempore,
1474 1104 1536 1137 quo
1561 1093 1647 1125 unita
1682 1093 1739 1125 suit
1763 1103 1834 1125 cum
1859 1091 2020 1136 praedicta

1278 1146 1528 1190 Congregatione
1545 1146 1582 1178 de
1596 1145 1778 1186 Somascha,
1796 1150 1826 1177 et
1840 1155 1925 1178 nunc
1944 1154 2021 1188 quo-

1278 1212 1339 1245 que
1363 1201 1401 1233 ab
1426 1201 1535 1234 eadem
1561 1205 1703 1244 separata
1736 1200 1767 1231 in
1792 1199 1909 1232 eisdem
1935 1208 2020 1232 exer-

1279 1254 1359 1288 citiis
1385 1259 1575 1298 perseverat,
1596 1264 1631 1286 ac
1657 1264 1763 1286 curam
1790 1252 1995 1295 collegiorum
2011 1279 2019 1293 ,

1279 1307 1315 1340 ad
1333 1318 1468 1351 quorum
1495 1306 1795 1339 administrationem
1815 1316 1907 1349 saepe
1923 1315 1941 1338 a
1956 1315 2020 1338 ma-

1279 1362 1461 1404 gistratibus
1485 1362 1627 1394 locorum
1654 1365 1793 1402 vocatur,
1811 1359 1849 1392 de
1865 1370 1947 1392 novo
1968 1369 2019 1392 su-

1279 1415 1389 1458 scipit,
1413 1419 1531 1447 attento
1549 1413 1644 1457 quod,
1669 1413 1810 1457 quamvis
1835 1412 2021 1446 recolendae

1281 1469 1452 1502 memoriae
1468 1468 1667 1502 Innocentius
1685 1468 1766 1512 Papa
1779 1468 1801 1500 X
1821 1467 1912 1500 etiarn
1934 1477 2022 1511 prae—

1280 1522 1427 1555 decessor
1446 1526 1553 1555 noster
1573 1532 1629 1565 per
1653 1532 1724 1555 suas
1745 1521 1775 1554 in
1799 1521 1893 1554 simili
1919 1520 2020 1553 forma

1281 1575 1386 1608 Brevis
1411 1575 1531 1608 litteras
1552 1575 1602 1608 die
1619 1585 1685 1609 xxx
1703 1574 1769 1607 iulii
1794 1583 1946 1608 tincxnvii
1970 1583 2020 1606 su-

1280 1639 1338 1672 per
1362 1628 1559 1673 separatione
1590 1628 1872 1671 congregationum
1898 1626 2022 1671 praesa-

1281 1686 1382 1715 tarum
1408 1685 1566 1715 emanatas
1591 1686 1775 1725 reposuerat
1799 1679 2022 1726 Congregatio-

1280 1746 1351 1769 nem
1376 1735 1542 1769 Doctrinae
1560 1735 1751 1769 Christianae
1776 1734 1807 1767 in
1831 1745 1922 1768 suum
1948 1733 2017 1778 pri-

1280 1789 1395 1822 stinum
1422 1795 1547 1829 statum,
1571 1799 1635 1822 non
1660 1794 1763 1822 tamen
1788 1788 1946 1822 revocavit
1970 1787 2019 1820 sa-

1280 1843 1426 1875 cultatem
1452 1842 1551 1875 eidem
1577 1841 1819 1885 Congregationi
1844 1851 1861 1873 a
1877 1840 2020 1885 praefato

1279 1896 1433 1939 Gregorio
1458 1896 1704 1940 praedecessore
1728 1905 1909 1929 concessam
1935 1898 2016 1928 tem-

1279 1960 1355 1993 pore
1381 1949 1513 1983 unionis.

1324 2003 1338 2046 g
1362 2002 1391 2035 1.
1407 2003 1483 2036 Cum
1501 2008 1616 2045 autem,
1637 2002 1718 2036 sicut
1738 2002 1846 2035 eadem
1865 2001 2021 2045 expositio

1280 2057 1511 2100 subiungebat,
1537 2056 1679 2090 nonnulli
1705 2055 1846 2100 scrupuli
1872 2060 1902 2088 et
1926 2054 2021 2088 dubia

1278 2110 1355 2143 oriri
1375 2111 1505 2155 possint,
1524 2121 1562 2143 an
1582 2110 1721 2143 eiusdem
1743 2109 1913 2143 innocentii
1932 2118 2021 2152 prae·

1278 2164 1352 2197 dicti
1369 2174 1456 2197 mens
1477 2164 1580 2206 suerit,
1594 2162 1776 2207 reponendo
1796 2161 2020 2205 Congregatio-

1278 2227 1348 2250 nem
1378 2217 1544 2250 Doctrinae
1572 2216 1764 2250 Christianae
1792 2216 1824 2248 in
1852 2215 2020 2260 pristinum

1279 2277 1404 2312 statum,
1422 2275 1455 2305 ut
1474 2271 1603 2304 facultas
1624 2270 1757 2304 docendi
1779 2270 1809 2303 in
1830 2269 1945 2304 scholis
1966 2279 2023 2314 pu-

1279 2325 1368 2358 blicis
1399 2324 1499 2358 eidem
1524 2324 1766 2369 Congregationi
1795 2335 1813 2357 a
1846 2328 2021 2357 memorato

1279 2378 1432 2422 Gregorio
1449 2378 1691 2422 praedecessore
1712 2378 1792 2411 sicut
1808 2377 2021 2422 praemittitur

1280 2442 1428 2465 concessa
1453 2432 1509 2476 ipsi
1527 2431 1767 2474 Congregationi
1798 2436 1867 2474 post
1891 2430 2022 2464 dissolu-

1280 2491 1342 2519 tam
1360 2486 1507 2519 unioncm
1535 2485 1716 2519 huiusmodi
1741 2484 1906 2528 suffragari
1931 2483 2022 2516 debe-

1316 2602 1327 2628 1
1349 2601 1414 2628 Male
1430 2601 1492 2629 edit.
1510 2601 1592 2628 Maiu.
1610 2601 1673 2636 legit
1688 2601 1787 2627 docere
1802 2604 1838 2634 (n.
1856 2599 1904 2633 T.).

2075 193 2126 219 .c.
2141 189 2227 237 166οζ
