2243 3205
263 204 311 230 An.
333 203 363 231 G.
379 202 447 231 1658

294 2129 415 2154 Apostolus
425 2134 461 2148 au·

277 2155 376 2175 ctoritate
399 2160 461 2180 prae-

277 2183 376 2202 insertum
388 2181 461 2202 derre-

278 2210 320 2229 tum
334 2207 449 2229 confirmat.

494 193 558 229 3:30
1040 204 1219 230 nummum

464 251 703 296 praerogativis,
729 251 843 295 quibus
866 257 1000 295 quatuor
1025 262 1107 286 nunc
1132 253 1198 286 exi-
1218 256 1220 261 ’

465 309 580 338 stentes
597 304 743 337 fruuntur
761 310 790 337 et
807 304 952 347 gaudent,
969 304 1047 338 adeo
1067 310 1099 338 ut
1122 305 1202 338 inter

465 368 573 391 omnes
598 368 650 390 sex
676 368 809 392 numero
826 368 893 391 esse
910 358 1054 401 debeant,
1073 358 1102 391 in
1124 359 1202 391 sutu-
1219 354 1220 359 ¹

464 421 534 443 rum
560 410 676 453 eligere
702 416 730 443 et
754 411 962 454 superaddere
989 411 1134 454 possint,
1160 412 1221 443 sa-¹

466 464 612 497 cultatem
628 464 799 508 impertiri,
817 465 847 497 in
865 465 1056 498 contrarium
1072 475 1134 498 non
1152 465 1202 498 ob·
1219 480 1221 499 ,ε

465 516 617 550 stantibus
643 516 906 562 quibuscumque.

511 570 626 603 Romae
652 580 706 603 xlv
731 569 907 604 decembris
932 580 1069 604 MDCLvli.

687 624 725 656 M.
752 623 918 657 cardinalis
944 624 1114 657 GINETTES.
1145 638 1154 653 v>

512 675 526 718 g
541 675 569 708 ἓ.
582 674 673 709 Cuius
684 675 800 709 decreti
815 676 923 720 vigore
938 675 1068 709 subinde
1083 684 1205 708 venera-

466 728 538 761 bilis
555 729 651 762 frater
668 735 774 763 noster
790 730 918 763 Martius
932 729 1097 773 episcopus
1118 727 1205 761 Alba-

467 782 572 815 nensis
586 782 725 816 eiusdem
739 784 767 816 S.
782 784 815 816 R.
830 783 863 816 E.
882 782 1047 816 cardinalis
1065 782 1204 815 Ginettus

467 840 676 880 nuncupatus,
691 836 764 869 dicti
782 836 906 870 Ordinis
931 836 1013 880 apud
1038 845 1094 868 nos
1111 840 1140 867 ct
1156 835 1205 868 Se-

468 889 538 922 dem
554 889 763 933 Apostolicam
782 895 951 934 protector,
967 889 1127 922 decretum
1146 887 1206 920 edi-

468 942 512 976 dit
540 943 656 975 tenoris
681 943 859 987 sequentis,
888 942 1050 975 videlicet:

518 1007 530 1026 «
548 995 686 1036 Martius,
701 996 899 1029 miseratione
918 995 1022 1027 divina
1040 993 1206 1038 episcopus

469 1048 652 1082 Albanensis
666 1076 673 1089 ,
699 1049 727 1082 S,
747 1050 780 1082 R.
799 1050 831 1081 E.
854 1048 1020 1082 cardinalis
1048 1047 1206 1087 Ginettus,

469 1102 519 1136 SS.
541 1103 573 1135 D.
593 1103 626 1135 N.
648 1103 749 1146 Papae
765 1102 900 1135 vicarius
921 1101 1086 1144 generalis,
1103 1101 1207 1134 totius-

470 1166 530 1200 que
551 1155 674 1189 Ordinis
699 1156 749 1188 SS.
783 1155 941 1188 Trinitatis
974 1154 1208 1198 Redemptionis

469 1208 668 1253 Captivorum
694 1209 849 1252 generalis
875 1213 1057 1253 protector,
1086 1208 1208 1242 attentis

470 1263 627 1306 expositis,
652 1263 778 1306 petitam
804 1263 962 1296 licentiam
980 1267 1010 1295 et
1030 1262 1208 1295 facultatem

471 1328 506 1350 ex
524 1316 672 1360 praetatis
688 1316 808 1349 duabus
823 1316 994 1360 provinciis
1012 1315 1133 1348 tertiam
1153 1316 1210 1348 eri-

471 1370 573 1413 gendi,
591 1380 626 1402 ac
644 1370 866 1414 provincialem
895 1369 1034 1412 aliosque
1061 1369 1209 1402 officiales

471 1424 529 1457 sub
554 1423 692 1456 eiusdem
719 1423 843 1457 Ordinis
874 1427 904 1457 et
928 1428 1104 1456 ceterarum
1140 1433 1211 1467 pro-

472 1478 644 1511 vinciarum
660 1477 782 1520 legibus
794 1476 940 1520 eligendi,
951 1476 1121 1511 dummodo
1134 1477 1210 1509 nulli

474 1542 508 1564 ex
535 1531 609 1574 ipsis
635 1531 737 1563 minus
763 1540 856 1573 quam
883 1536 953 1563 octo
979 1533 1159 1571 conventus,
1181 1530 1211 1563 in

472 1584 587 1628 quibus
607 1584 762 1627 regularis
787 1584 889 1626 vigeat
912 1583 1119 1623 observantia,
1137 1583 1212 1616 assi-

472 1643 617 1681 gnentur,
643 1649 678 1671 ac
703 1638 829 1670 demum
855 1638 885 1670 in
911 1638 1049 1681 capitulo
1074 1639 1211 1681 generali

472 1692 551 1725 duos
571 1692 647 1725 alios
665 1691 845 1725 definitores
863 1691 1093 1735 superaddendi
1113 1697 1143 1724 et
1163 1692 1213 1724 eli—

473 1745 576 1789 gendi,
598 1756 633 1778 ac
658 1745 688 1777 in
713 1745 858 1778 omnibus
883 1745 921 1777 ad
945 1745 1078 1778 sormam
1105 1749 1212 1779 retro-

474 1799 581 1843 scripti
606 1799 723 1832 decreti
749 1809 855 1831 sacrae
880 1798 1134 1841 congregationis
1159 1809 1212 1831 ne-

474 1852 566 1895 gotiis
580 1852 802 1896 episcoporum
821 1858 849 1884 et
866 1852 1061 1894 regularium
1085 1863 1214 1896 praepo-

474 1906 560 1946 sitae,
585 1910 614 1938 et
638 1915 700 1938 non
720 1905 805 1946 alias,
824 1904 1024 1938 concedimus
1048 1910 1078 1937 et
1103 1905 1214 1949 imper-

476 1958 581 1991 timur.
607 1959 718 1991 Datum
743 1959 861 1991 Romae
885 1968 922 1991 ex
945 1958 1074 1991 aedibus
1099 1959 1213 1992 nostris

476 2013 533 2046 hac
558 2012 607 2045 die
633 2023 651 2045 x
677 2012 809 2044 ianuarii
833 2021 983 2045 MDCLvtn.

564 2065 733 2099 Cardinalis
759 2065 930 2105 GiNETTL's,
955 2069 1123 2108 protector.
1155 2081 1164 2094 ,ι

521 2119 535 2162 ἓ
558 2118 587 2151 3.
614 2118 689 2151 Cum
714 2122 829 2158 autem,
846 2118 924 2151 sicut
938 2119 1045 2151 eadem
1062 2119 1214 2163 expositio

477 2172 694 2215 subiungebat,
719 2183 749 2215 pi
759 2171 897 2205 aedictus
913 2172 1088 2205 Ludovicus
1105 2184 1215 2216 procu-

477 2231 563 2259 rator
580 2225 735 2269 generalis
753 2225 870 2258 dictum
897 2225 1056 2258 decretum
1075 2226 1213 2259 eiusdem

476 2278 576 2312 Martii
602 2278 767 2310 cardinalis
792 2278 979 2322 apostolicae
1004 2278 1216 2313 confirmatio-

477 2331 524 2364 nis
549 2335 674 2364 nostrae
706 2331 880 2374 patrocinio
913 2331 1100 2364 communiri
1125 2343 1211 2365 sum-

477 2395 606 2428 mopere
626 2384 795 2418 desideret:
814 2395 881 2425 nos,
900 2385 1002 2429 ipsum
1022 2385 1214 2419 Ludovicum

478 2438 665 2482 specialibus
691 2438 849 2471 favoribus
875 2443 904 2471 et
928 2439 1036 2481 gratiis
1068 2439 1215 2483 prosequi

478 2492 627 2531 volentes,
646 2497 675 2524 ct
695 2502 710 2523 a
735 2491 896 2536 quibusvis
922 2493 1216 2527 excommunicatio-

478 2545 536 2585 nis,
554 2545 764 2588 suspensionis
785 2549 811 2577 et
835 2545 1002 2586 interdicti,
1019 2546 1149 2590 aliisque
1170 2557 1216 2579 ec-

480 2597 659 2631 clesiasticis
684 2598 852 2641 sententiis,
879 2600 1019 2632 censuris
1045 2605 1073 2632 et
1098 2599 1216 2644 poenis,

1243 204 1396 230 ROMANUM

1236 264 1253 286 a
1281 251 1348 286 iure
1374 253 1420 285 vel
1445 252 1482 284 ab
1507 251 1643 292 homine,
1677 252 1784 295 quavis
1808 252 1972 287 occasione

1237 306 1283 338 vel
1308 306 1400 338 causa
1425 305 1516 346 latis,
1547 304 1571 337 si
1596 304 1710 348 quibus
1740 306 1974 349 quomodolibet

1238 358 1401 391 innodatus
1418 357 1530 395 existit,
1545 357 1583 391 ad
1600 357 1745 391 effectum
1762 359 1973 401 praesentium

1237 412 1396 444 dumtaxat
1413 410 1678 454 consequendum,
1692 411 1802 444 harum
1821 411 1900 445 serie
1918 411 1973 446 ab·

1238 464 1391 498 solventes
1410 467 1439 498 et
1455 464 1631 497 absolutum
1646 465 1711 498 fore
1724 469 1893 508 censentes,
1908 476 1975 509 sup-

1238 516 1456 561 plicationibus
1474 517 1540 550 eius
1553 517 1680 550 nomine
1694 517 1784 551 nobis
1802 527 1899 562 super
1915 518 1976 551 hoc

1220 560 1222 586 ³
1239 569 1399 602 humiliter
1435 569 1588 613 porrectis
1625 570 1779 611 inclinati,
1815 570 1975 604 decretum

1238 622 1467 666 praeinsertum
1493 622 1657 656 memorati
1681 622 1781 656 Martii
1799 622 1975 666 cardinalis,

1238 675 1408 720 apostolica
1421 676 1615 719 auctoritate,
1627 681 1736 709 tenore
1752 676 1975 720 praesentium,

1239 729 1462 763 confirmamus
1487 734 1517 762 et
1541 729 1768 773 approbamus,
1793 729 1900 773 illique
1924 729 1974 762 in-

1240 782 1392 815 violabilis
1413 782 1601 826 apostolicae
1618 782 1774 815 firmitatis
1791 782 1890 815 robur
1906 782 1978 815 adii-

1240 836 1350 876 cimus,
1375 846 1411 869 ac
1435 846 1545 869 omnes
1569 840 1599 869 et
1623 835 1763 879 singulos
1788 835 1865 869 iuris
1889 840 1919 869 et
1934 835 1978 868 sa-

1240 889 1280 923 cti
1305 889 1453 930 desectus,
1472 888 1496 922 si
1514 889 1567 933 qui
1584 889 1718 933 desuper
1743 888 1980 934 quomodolibet

1241 941 1487 985 intervenerint,
1512 942 1720 986 supplemus,
1748 943 1833 976 salva
1857 953 1981 987 semper

1241 995 1272 1027 in
1298 995 1479 1039 praemissis
1511 994 1695 1030 auctoritate
1728 995 1980 1040 congregationis

1242 1050 1455 1094 praefatorum
1481 1048 1698 1082 cardinalium.

1286 1103 1301 1147 g
1321 1103 1575 1137 4.Decerne11tes
1592 1102 1716 1136 easdem
1734 1108 1916 1147 praesentes
1930 1103 1979 1136 lit-

1242 1162 1324 1190 teras
1349 1167 1474 1200 semper
1499 1157 1616 1198 firmas,
1637 1156 1753 1190 validas
1786 1161 1816 1190 et
1839 1156 1980 1190 efficaces

1244 1210 1376 1243 existere
1394 1215 1424 1243 et
1441 1210 1517 1251 sore,
1531 1220 1566 1243 ac
1583 1210 1653 1253 illis,
1667 1210 1705 1243 ad
1722 1220 1800 1254 quos
1818 1214 1936 1254 spectat
1952 1214 1983 1244 et

1244 1275 1301 1308 pro
1321 1269 1463 1308 tempore
1488 1263 1657 1308 spectabit,
1678 1264 1858 1308 plenissime
1874 1263 1983 1297 suffra-

1245 1317 1329 1361 gari,
1354 1318 1461 1361 sicque
1487 1317 1518 1349 in
1534 1316 1715 1361 praemissis
1740 1327 1798 1361 per
1813 1327 1982 1361 quoscum-

1244 1382 1304 1415 que
1322 1371 1439 1404 iudices
1460 1371 1636 1405 ordinarios
1656 1375 1685 1405 et
1705 1371 1874 1415 delegatos,
1891 1372 1983 1405 etiam

1245 1435 1410 1458 causarum
1440 1425 1546 1468 palatii
1571 1424 1735 1469 apostolici
1760 1424 1985 1466 auditores‚iu-

1245 1478 1342 1511 dicari
1367 1483 1396 1511 et
1429 1477 1551 1511 definiri
1577 1478 1710 1520 debere,
1737 1488 1772 1512 ac
1804 1478 1928 1512 irritum
1954 1485 1985 1512 et

1247 1533 1358 1573 inane,
1392 1532 1416 1565 si
1449 1542 1538 1566 secus
1568 1543 1663 1576 super
1694 1533 1742 1566 liis
1767 1544 1784 1566 a
1808 1543 1983 1578 quoquam,

1246 1586 1354 1630 quavis
1387 1586 1580 1628 auctoritate,
1606 1586 1739 1620 scienter
1765 1587 1811 1620 vel
1837 1586 1985 1630 ignoran-

1247 1644 1314 1679 ter,
1344 1639 1511 1682 contigerit
1535 1640 1690 1673 attentari.

1292 1693 1306 1736 g
1331 1693 1359 1725 5.
1392 1693 1461 1726 Non
1493 1693 1689 1727 obstantibus
1720 1694 1923 1738 praemissis,
1950 1705 1987 1728 ac

1248 1745 1522 1778 constitutionibus
1536 1751 1566 1779 et
1579 1746 1829 1781 ordinationibus
1842 1748 1987 1791 apostoli-

1247 1799 1300 1838 cis,
1325 1808 1456 1840 necnon,
1482 1804 1634 1842 quatenus
1658 1810 1736 1843 opus
1761 1800 1808 1843 sit,
1833 1800 1986 1844 primodi-

1247 1856 1313 1884 ctae
1326 1851 1593 1895 Congregationis,
1607 1852 1736 1897 eiusque
1750 1853 1988 1897 provinciarum

1248 1910 1275 1937 ct
1293 1904 1459 1938 domorum
1482 1905 1686 1949 regularium,
1705 1917 1761 1939 seu
1778 1912 1987 1940 conventuum

1248 1968 1532 2002 quorumcumque,
1558 1964 1588 1992 et
1612 1959 1680 1993 aliis
1705 1960 1876 2003 quibusvis,
1894 1960 1987 1993 etiam

1248 2012 1434 2054 iuramento⁷
1460 2013 1698 2046 confirmatione
1722 2013 1914 2057 apostolica,
1939 2014 1987 2047 vel

1249 2065 1356 2109 quavis
1381 2065 1527 2098 firmitate
1541 2066 1601 2098 alia
1624 2066 1791 2108 roboratis,
1812 2067 1934 2100 statutis
1959 2072 1989 2100 et

1248 2120 1548 2161 consuetudinibus,
1573 2120 1744 2164 privilegiis
1768 2131 1909 2165 quoque,
1935 2121 1984 2154 in·

1249 2173 1343 2206 dultis
1357 2178 1386 2206 et
1402 2173 1514 2206 litteris
1538 2173 1717 2217 apostolicis
1741 2174 1772 2207 in
1796 2173 1989 2208 contrarium

1250 2227 1497 2270 praemissorum
1541 2227 1778 2270 quomodolibet
1813 2227 1990 2268 concessis,

1249 2279 1444 2313 confirmatis
1458 2284 1487 2312 et
1501 2279 1663 2321 innovatis;
1674 2280 1788 2324 quibus
1800 2281 1947 2314 omnibus
1961 2286 1991 2314 et

1250 2333 1391 2375 singulis,
1416 2332 1542 2366 illorum
1562 2338 1685 2367 tenores
1702 2333 1919 2377 praesentibus
1932 2344 1990 2378 pro

1250 2386 1340 2429 plene
1369 2391 1398 2419 et
1427 2386 1616 2419 sufficienter
1647 2387 1799 2430 expressis
1830 2386 1990 2428 habentes,

1250 2438 1310 2471 illis
1327 2439 1403 2471 alias
1422 2439 1452 2471 in
1470 2449 1525 2472 suo
1544 2439 1658 2473 robore
1678 2440 1907 2483 permansuris,
1932 2440 1990 2473 hac

1250 2492 1315 2525 vice
1341 2492 1510 2534 dumtaxat,
1532 2493 1707 2538 specialiter
1728 2498 1757 2526 et
1777 2503 1923 2537 expresse
1939 2493 1988 2526 de-

1250 2555 1415 2587 rogamus:
1444 2547 1618 2590 eeterisque
1652 2547 1818 2580 contrariis
1854 2546 1985 2590 quibus·-

1250 2610 1392 2644 cumque-

1983 205 2032 233 An.
2053 206 2082 234 C.
2100 205 2168 237 165³
2218 228 2222 256 Ι.

2008 1144 2010 1146 ¹
2023 1117 2130 1138 neci-aium
2149 1118 2176 1138 ir·-

1995 1146 2068 1164 ritaus.

2217 1585 2219 1593 i

2217 1598 2219 1604 '
2233 1609 2238 1624 t

2001 1704 2110 1725 Contraria
2120 1703 2176 1724 tollit.
2235 1697 2241 1724 l

2013 1738 2030 1754 Ι
