2243 3205
75 209 124 239 An.
143 207 172 238 G.
189 207 257 236 1658

865 202 1051 227 ALEXANDEa

269 264 328 288 nos
348 258 378 286 et
395 253 507 287 Sedem
526 252 737 297 Apostolicam
756 251 794 284 ab
811 250 920 285 eodem
939 250 1011 283 Leo-

269 306 364 351 poldo
390 307 489 340 eleeto
515 306 660 339 destinati
697 310 727 337 et
762 304 1011 344 destimitorum⁷

270 359 422 403 missique
447 365 477 392 et
503 359 726 392 mittendorum
754 357 965 401 receptionem
984 360 1011 389 et

269 413 493 446 admissionem
531 413 568 445 ad
595 412 793 455 ⁸audientiam
819 414 957 444 nostran}
983 415 1012 441 et

270 466 309 498 ad
333 466 475 499 osculum
500 465 615 509 pedum
641 470 822 498 nostrorum
852 474 921 495 euin
949 461 1013 505 qui-

269 519 467 562 buscumque
491 518 704 563 apparatibus,
722 516 938 556 caeremonIis,
955 516 1012 548 cir-

270 573 475 612 cumstantiis,
500 571 737 616 praerogativis,
758 569 1011 609 antelationilnts,

270 625 363 658 etiam
390 625 545 669 publicis,
571 625 664 657 etiam
703 622 959 657 extraordinariis
984 628 1012 654 et

270 677 414 719 insolitis,
425 677 671 721 quomodolibet,
683 686 830 720 expresse
846 675 891 707 vel
910 675 1011 715 tacite,

270 731 422 763 hactenus
447 729 604 763 concessis
629 734 659 762 et
684 728 773 768 datis,
792 726 1012 761 concedendis-

269 792 330 826 que
345 786 374 815 et
392 782 421 815 in
435 787 598 826 posterum
612 781 732 821 dandis,
745 780 836 813 etiam
852 785 1010 822 tamquam

271 834 390 868 oratori
408 837 438 867 et
457 834 638 867 oratoribus
659 833 790 866 Romani
811 832 1011 876 imperatoris

270 887 376 929 electi,
401 896 464 920 non
489 887 678 920 intellexisse
698 896 756 918 nee
781 885 932 925 voluisse,
958 884 1012 917 mi-

268 951 390 985 nusque
415 941 445 973 in
470 945 631 984 posterum
654 939 830 982 intelligere
851 948 909 971 nee
934 938 1011 970 velle

237 1004 245 1010 “
269 995 443 1038 praefatam
461 994 528 1027 eius
549 994 734 1027 electionem
750 991 937 1036 approbare,
953 1001 1012 1025 nec

107 1863 255 1887 praesentit-us

73 1890 146 1920 litteris
173 1895 255 1913 contra-

75 1920 179 1939 vementes
190 1920 254 1945 punit.

270 1048 470 1089 confirmare,
496 1047 572 1091 quin
598 1047 661 1080 imo
686 1051 813 1079 nostrae
839 1044 951 1078 mentis
983 1050 1012 1078 et

270 1100 438 1134 voluntatis
473 1100 591 1141 fuisse,
617 1110 651 1132 ac
687 1099 836 1142 deinceps
868 1098 953 1138 fore,
979 1103 1013 1130 ut

269 1153 355 1186 iuxta
383 1158 568 1186 consuetum
603 1151 803 1185 confirmatio
838 1150 1012 1195 apostolica

269 1206 451 1240 huiusmodi
490 1216 547 1249 per
582 1205 779 1250 praedictum
817 1203 1010 1248 Leopoldum

269 1261 404 1293 electum
429 1265 564 1304 petatur,
578 1265 608 1292 et
633 1270 690 1303 per
715 1259 835 1291 litteras
868 1257 1012 1301 apostoli<

269 1324 320 1347 cas
345 1313 579 1347 consistoriales
604 1323 621 1345 a
640 1312 731 1345 nobis
750 1317 780 1344 et
796 1312 870 1344 stt.
890 1311 921 1343 E.
944 1321 1011 1343 ear-

269 1368 426 1401 dinalibus
450 1367 643 1411 subscriptas
656 1366 796 1410 expediri
815 1366 1012 1409 impetretur,

270 1428 300 1455 et
319 1421 446 1454 interim
463 1421 578 1454 nedum
597 1431 725 1454 omnem
751 1419 1011 1464 approbationem

270 1481 300 1508 et
324 1476 606 1517 confirmationem,
632 1474 685 1508 sed
708 1474 800 1506 etiam
827 1473 1008 1506 cuiuscum-

269 1540 331 1574 que
338 1529 575 1574 approbationis
588 1527 875 1562 etcontirmationis
889 1536 1014 1569 expres-

270 1597 323 1620 sae
340 1593 369 1620 et
387 1586 498 1619 tacitae
516 1586 752 1619 concessionem
779 1588 810 1617 et
834 1593 1013 1627 quemcum-

271 1650 331 1684 que
355 1639 422 1671 eius
447 1637 593 1671 effectum
619 1635 857 1680 suspendimus,
883 1645 1012 1678 suspen-

271 1703 401 1737 samque
426 1696 456 1725 et
480 1701 666 1734 suspensum
700 1690 794 1722 fuisse
825 1694 854 1721 et
886 1699 953 1721 esse
978 1698 1013 1721 ac

271 1747 418 1791 deinceps
442 1746 510 1779 fore
526 1745 733 1784 declaramus,
751 1754 785 1776 ae
803 1754 859 1787 pro
885 1753 1011 1786 suspen-

270 1801 312 1834 sis
335 1801 446 1834 haberi
473 1799 617 1832 volumus
642 1803 673 1831 et
696 1797 906 1830 decernimus.

315 1854 372 1899 53.
390 1854 637 1896 Praesentesque
654 1851 773 1885 litteras
788 1850 825 1883 de
839 1850 1012 1893 subreptio-

269 1908 318 1940 nis
349 1907 397 1941 vel
422 1906 616 1950 obreptionis
649 1915 703 1938 seu
738 1904 889 1936 nullitatis
917 1903 1010 1945 vitio,

271 1965 323 1995 aut
346 1960 528 1994 intentionis
553 1964 680 1993 nostrae
702 1958 749 1991 vel
774 1958 835 1990 alio
860 1968 1012 2001 quocum-

271 2024 332 2057 que
357 2014 496 2055 det'ectu‚
521 2012 614 2045 etiam
641 2022 677 2044 ex
702 2022 738 2044 eo
763 2011 847 2054 quod
873 2011 1012 2054 quicum-

270 2078 331 2111 que
348 2067 379 2099 in
403 2066 583 2110 praemissis
604 2066 754 2099 interesse
774 2064 1011 2108 quomodolibet

270 2121 420 2154 habentes
445 2125 474 2152 et
498 2119 616 2152 babere
640 2118 888 2162 praetendentes,
913 2119 1013 2151 euius—

271 2184 406 2218 cumque
430 2178 536 2212 status,
559 2171 691 2215 gradus,
718 2171 885 2214 qualitatis,
910 2171 1012 2213 digni-

271 2227 342 2261 tatis
367 2231 397 2260 et
421 2225 609 2259 conditionis
634 2224 765 2258 existant
790 2229 818 2257 et
843 2224 1011 2265 extiterint,

270 2281 310 2314 ad
329 2280 361 2314 id
381 2280 491 2322 vocati,
513 2279 597 2313 citati
620 2283 650 2311 et
673 2277 770 2312 auditi
797 2288 861 2311 non
886 2278 1010 2319 suerint,

270 2334 384 2375 notari,
409 2332 600 2377 impugnari,
626 2332 753 2374 infringi
783 2342 838 2364 seu
862 2331 1009 2374 redargui

270 2389 447 2423 nullatenus
458 2396 560 2431 posse,
575 2396 677 2429 neque
689 2385 746 2418 sub
757 2384 1011 2428 quibuscumque

270 2440 541 2481 revocationibus,
566 2438 842 2484 suspensionibus,
868 2439 1010 2472 modera-

270 2496 432 2536 tionibus,
457 2493 726 2537 derogationibus,
751 2503 787 2525 ae
812 2493 1011 2536 quibuscum-

269 2560 332 2594 que
348 2550 417 2582 aliis
433 2547 599 2582 contrariis
610 2546 866 2590 dispositionibus
884 2556 1010 2589 genera-

270 2603 361 2646 libus,
387 2602 479 2636 etiam
506 2607 605 2641 motu,
626 2600 765 2641 scientia,
784 2600 1010 2633 deliberatione

355 2666 433 2695 Ruit.
454 2666 538 2694 Rom.
555 2680 589 2686 —
606 2664 665 2693 Vol.
686 2663 762 2691 XVI.
921 2663 954 2689 46

1077 202 1119 225 vn
1146 202 1192 225 rr.

1047 254 1075 281 et
1100 249 1263 292 potestatis
1287 246 1483 292 plenitudine
1517 245 1666 290 paribus,
1693 243 1787 277 etiam

1047 301 1331 342 consistorialiter,
1369 311 1404 333 ae
1439 300 1514 332 alias
1551 296 1790 341 quomodolibet

1046 355 1138 387 etiam
1158 364 1215 397 per
1235 364 1292 386 nos
1311 360 1339 386 et
1358 355 1515 386 ltomanos
1534 351 1699 385 Pontifices
1721 361 1791 382 suc-

1047 417 1189 440 cessores
1214 412 1340 440 nostros
1366 406 1515 439 faciendis
1546 403 1791 448 eomprelmiuli,

1046 461 1153 504 sicque
1179 466 1208 493 et
1233 470 1296 493 non
1321 460 1412 493 aliter
1430 471 1487 503 per
1511 469 1730 503 quoseumspie
1750 458 1792 489 iu-

1045 514 1130 547 dices
1144 513 1321 547 ordinarios
1335 519 1365 545 et
1386 513 1556 555 delegatos,
1570 512 1662 544 etiam
1686 521 1791 543 eausa-

1046 578 1115 600 rum
1135 566 1242 611 palatii
1260 566 1424 610 apostolici
1440 566 1607 606 auditores,
1624 576 1658 597 ae
1673 566 1701 597 S.
1715 564 1790 597 [tn.

1046 620 1220 654 cardinales
1239 647 1247 660 ,
1274 620 1366 652 etiam
1395 619 1433 651 de
1470 619 1565 651 latere
1601 619 1720 660 legatos
1763 623 1792 649 et

1045 673 1199 712 nuncios,
1225 671 1333 716 quavis
1368 671 1554 704 auctoritate
1587 674 1615 703 et
1640 674 1791 713 potestate

1045 727 1221 769 fungentes,
1246 725 1368 758 sublata
1393 724 1437 757 eis
1463 729 1492 756 et
1517 733 1626 756 eorum
1664 722 1791 755 cuilibet

1045 779 1154 823 quavis
1179 779 1269 812 aliter
1283 777 1440 811 iudicandi
1463 782 1492 809 et
1510 775 1735 819 interpretandi
1749 775 1791 806 sa-

1045 833 1160 866 cultate
1187 838 1215 865 et
1237 831 1434 872 auctoritate,
1460 829 1591 862 iudicari
1618 834 1648 861 et
1667 827 1790 860 deliniri

1044 887 1170 927 debere,
1188 896 1223 919 ac
1249 885 1374 918 irritum
1399 888 1430 918 et
1454 884 1555 925 inane,
1580 882 1605 916 si
1635 892 1725 915 secus
1744 892 1791 913 su-

1045 949 1103 983 per
1126 939 1175 972 his
1200 950 1216 972 a
1241 949 1421 982 quoquam,
1447 936 1557 981 quavis
1589 934 1790 975 auctoritate,

1045 992 1181 1025 scienter
1206 992 1255 1025 vel
1289 991 1482 1034 ignoranter,
1500 987 1668 1031 contigerit
1694 991 1792 1019 atten-

1046 1045 1115 1086 tari,
1130 1045 1274 1078 similiter
1294 1044 1506 1077 decernimus.

1089 1097 1158 1142 §4
1194 1098 1263 1131 Non
1296 1096 1491 1131 obstantibus
1523 1092 1723 1138 praemissis,
1754 1101 1816 1140 ac¹

1045 1151 1322 1184 constitutionibus
1343 1154 1371 1184 et
1389 1147 1640 1184 ordinationibus
1665 1145 1791 1189 quibus·
1806 1139 1829 1152 ‘⁴'
1845 1139 1900 1153 '‘³⁵''

1046 1215 1191 1249 cumque,
1209 1210 1272 1237 tam
1298 1203 1477 1248 apostolicis
1502 1211 1595 1246 quam
1622 1198 1791 1242 imperiali-

1045 1258 1114 1298 bus,
1139 1268 1174 1290 ac
1205 1257 1411 1290 cancellariae
1443 1254 1634 1299 apostolieae
1661 1251 1789 1293 regulis,

1046 1313 1138 1344 etiam
1157 1311 1350 1344 individuam
1368 1308 1605 1351 derogationem
1625 1305 1788 1349 requiren-

1045 1366 1129 1400 tibus
1141 1377 1148 1406 3
1162 1366 1276 1410 quibus
1293 1364 1440 1398 omnibus
1459 1369 1489 1396 et
1505 1361 1648 1404 singulis,
1667 1358 1789 1393 etiamsi

1046 1432 1105 1464 pro
1123 1420 1289 1454 sufficienti
1308 1430 1418 1452 eorum
1437 1415 1642 1459 derogatione
1665 1413 1703 1446 de
1728 1413 1789 1445 illis

1046 1485 1222 1518 eorumque
1248 1474 1318 1508 totis
1344 1471 1506 1505 tenoribus
1531 1468 1696 1513 specialis,
1723 1477 1789 1509 spe-

1047 1528 1146 1570 cifica,
1167 1537 1315 1571 expressa
1340 1530 1369 1559 et
1394 1523 1553 1557 individua
1573 1527 1603 1554 et,
1628 1521 1665 1553 de
1691 1520 1788 1553 verbo

1048 1583 1085 1616 ad
1110 1582 1242 1615 verbum
1268 1582 1384 1613 inserta
1402 1578 1519 1611 mentio
1537 1575 1681 1609 habenda
1698 1575 1788 1614 soret,

1048 1641 1171 1671 tenores
1197 1634 1388 1675 huiusmodi,
1414 1632 1507 1665 etiam
1534 1631 1670 1663 maiores
1691 1634 1719 1661 et
1741 1639 1790 1660 ve-

1047 1691 1165 1731 riores7
1191 1688 1411 1734 praesentibus
1434 1696 1492 1730 pro
1521 1685 1612 1728 plene
1638 1688 1667 1715 et
1696 1682 1785 1715 sulli-

1047 1744 1164 1776 eienter
1185 1741 1342 1785 expressis
1363 1751 1398 1772 ae
1423 1739 1460 1771 de
1482 1737 1580 1771 verbo
1601 1735 1638 1768 ad
1657 1735 1786 1768 verbum

1047 1797 1171 1830 insertis
1196 1795 1357 1835 habentes,
1383 1793 1420 1826 ad
1439 1792 1584 1825 effectum
1599 1789 1741 1822 omnium
1760 1795 1787 1821 et

1046 1852 1244 1894 singulorum
1271 1847 1531 1893 praemissorum,
1557 1843 1735 1888 specialiter
1759 1848 1788 1875 et

1046 1914 1191 1948 expresse
1209 1903 1414 1945 derogamus,
1429 1899 1604 1942 ceterisque
1622 1897 1788 1931 contrariis

1045 1959 1307 2003 quibuscumque,

1089 2012 1201 2044 Datum
1226 2011 1355 2049 Romae,
1381 2007 1465 2052 apud
1491 2007 1520 2039 S.
1538 2005 1668 2038 Mariam
1694 2003 1788 2036 Maio-

1046 2076 1123 2106 rem,
1141 2065 1199 2098 sub
1216 2063 1332 2096 annulo
1355 2060 1535 2099 Piscatoris,
1551 2059 1601 2091 die
1625 2068 1646 2090 n
1663 2057 1787 2100 augusti

1046 2128 1199 2157 nncm'ni,
1213 2116 1415 2161 pontificatus
1432 2113 1532 2146 nostri
1552 2122 1635 2145 anuo
1657 2121 1698 2143 ιγ.

1081 2183 1141 2210 Dat.
1160 2181 1202 2208 diev
1218 2182 1233 2207 ⁰2
1249 2179 1357 2216 augusti
1376 2178 1453 2212 toas,
1471 2176 1566 2213 pontis.
1585 2183 1655 2202 anno
1671 2181 1706 2201 iv.

1369 2383 1462 2417 CCIV.

1046 2492 1237 2527 szstiiutio
1262 2501 1358 2534 super
1384 2488 1655 2532 νικςίμηιιὶιόηῖῖιιιε
1680 2487 1786 2529 dissui<

1090 2551 1195 2579 latum
1221 2556 1290 2577 sam
1319 2543 1533 2576 reservatione
1557 2544 1723 2584 fructuum
1760 2546 1786 2573 (Ἰ

1088 2598 1391 2632 administralt'om's
1405 2596 1447 2629 art
1461 2597 1600 2639 savorem
1622 2595 1786 2637 resi‘qimn-

1695 185 1755 220 361
1806 195 1855 220 Avi.
1878 194 1905 221 ι’.
1927 194 1990 222 11158
