2263 3215
329 1065 485 1086 Birytis-thecam

318 1092 432 1112 raetlirtam
464 1093 485 1113 in

311 1118 432 1138 „himinum
443 1118 485 1138 Va-

303 1148 372 1164 tmnia
412 1145 484 1171 reponi

302 1171 367 1192 tobel.

325 1916 390 1936 AEtn‘n
401 1923 441 1936 ium
462 1919 483 1937 et

298 1943 402 1963 beneficia
416 1960 420 1965 ,

299 1972 387 1994 praetia
399 1970 482 1994 praedi-

298 1998 378 2015 ctorum
414 1996 483 2016 hoini-

299 2028 346 2042 num
360 2028 482 2043 rruscriart

299 2051 390 2071 mandet.

307 212 352 236 An.
370 210 398 237 C.
424 211 486 237 2657
534 202 596 235 2288
1087 214 1265 237 autumnat
1291 214 1445 238 nerianum
2027 216 2075 241 An.
2092 216 2119 241 C.
2141 194 2215 246 4651Ἰ
2247 227 2254 245 s

503 259 589 292 sione
613 259 728 301 digna,
757 260 973 303 praesentibus
998 272 1056 305 pro
1081 261 1173 305 plene
1212 265 1241 295 et
1274 267 1428 305 perpetuo
1441 268 1713 301 consta-rarenter,
1728 263 1809 295 dicta
1828 263 2013 296 auctoritate
2212 274 2214 299 J
2259 275 2263 302 ι

503 311 693 344 sufficienter
711 313 865 356 expressis
883 313 1041 354 habentes,
1068 320 1152 347 motu
1171 325 1240 358 pro·
1274 315 1423 347 decernas
1448 319 1477 346 et
1501 314 1658 347 declares:
1689 325 1745 347 nos
1780 315 1862 347 enim
1896 326 2010 359 quam-
2260 317 2263 322 ’

502 364 582 407 prio,
603 374 638 396 ac
655 376 689 397 ex
707 366 791 397 cei-ta
819 365 947 398 scientia
969 372 999 399 ct
1020 368 1142 399 matura
1163 366 1237 399 deli·
1256 395 1257 398 ,
1274 377 1410 411 cunique
1445 368 1653 400 necessariam
1687 374 1715 400 et
1746 374 1955 412 opportunam
1982 369 2012 401 in

502 417 663 450 beratione
683 418 807 459 nostris,
822 418 922 462 deque
943 420 1133 464 apostolicae
1150 425 1238 463 pote·
1255 403 1258 469 Ε
1274 420 1453 463 praemissis
1478 420 1656 453 facultatem
1676 420 1741 461 tibi,
1763 426 1860 461 motu,
1881 421 2012 454 scientia

502 470 587 502 statis
621 471 830 513 plenitudine,
863 472 973 505 harum
999 473 1080 505 serie
1106 471 1500 519 circum-Jdeliberatione
1518 477 1547 506 et
1563 473 1724 517 potestatis
1749 473 1944 517 plenitudine
1961 484 2012 517 pa-

501 523 651 566 spectioni
684 527 752 557 tuae
786 524 977 568 iniungimus
991 553 998 566 ,
1031 531 1064 558 ut
1095 525 1179 558 litem
1210 531 1239 558 et
1255 522 1257 559 i
1275 525 1372 566 ribus,
1390 525 1556 559 tribuimus
1575 532 1604 559 et
1625 526 1834 570 impertimur.

502 585 626 609 causam
652 577 842 620 praedictam
869 578 899 610 in
924 582 1004 612 statu
1037 584 1066 611 ct
1099 563 1257 612 terminisl

502 628 533 660 in
547 628 662 671 quibus
682 629 720 661 ad
734 640 882 673 praesens
895 631 1061 674 reperitur,
1075 641 1128 663 seu
1142 640 1239 674 quan·
1255 658 1257 662 ,

502 680 541 714 do
561 692 709 725 praesens
726 683 901 717 executioni
919 682 1173 724 demandandis¹,
1195 693 1240 715 re-

500 734 650 777 perietur,
676 745 692 767 a
716 735 876 779 praedicto
902 741 1047 779 praetore
1075 746 1130 768 seu
1154 740 1240 779 pote-

500 791 578 821 state
609 792 639 820 ct
671 789 738 821 aliis
769 789 930 832 quibusvis
961 788 1117 822 iudicibus
1147 788 1185 820 ad
1211 794 1239 821 te

500 840 686 874 auctoritate
710 843 817 874 nostra
842 842 1013 886 apostolica
1046 851 1176 882 avoces,
1201 841 1238 873 il-

500 892 625 936 lamque
649 898 801 938 perpetuo
825 894 1005 938 supprimas
1023 899 1052 927 et
1066 893 1238 937 extinguas,

501 956 536 979 ac
560 947 685 991 utrique
715 947 796 991 parti
828 953 1017 992 perpetuum
1042 948 1178 991 desuper
1201 947 1239 980 si-

500 1000 629 1033 lentium
656 1000 763 1033 eadem
789 1001 971 1036 auctoritate
996 1001 1149 1045 imponas.

545 1053 560 1096 ᾗ
584 1053 612 1086 2.
639 1054 804 1087 Praeterea
832 1054 1057 1088 bibliothecam
1083 1054 1237 1087 librorum

501 1107 802 1150 manuscriptorum,
826 1117 862 1140 ac
887 1107 1065 1151 graphides,
1082 1117 1137 1140 seu
1162 1106 1239 1140 deli-

499 1159 669 1201 neationes‚
683 1160 773 1194 dictis
786 1160 1003 1193 communitati
1017 1166 1047 1193 et
1059 1160 1239 1194 hominibus

500 1223 517 1246 a
541 1219 716 1247 memorato
740 1214 906 1247 Francisco
939 1214 1033 1247 Maria
1057 1213 1136 1247 duce
1159 1213 1239 1248 sicut

498 1268 710 1313 praemittitur
743 1267 894 1311 legatos²‚
919 1268 957 1301 ad
982 1268 1096 1300 almam
1122 1268 1236 1302 Urbem

498 1327 637 1356 nostram
662 1323 839 1366 sumptibus
864 1333 1007 1355 camerae
1022 1328 1147 1356 nostrae
1164 1333 1238 1367 apo-

499 1376 627 1410 stolicae
651 1376 861 1420 quantocitius
878 1376 946 1409 fieri
971 1376 1088 1420 poterit
1104 1376 1236 1409 conduci

500 1439 601 1470 cures,
627 1429 675 1462 et³
699 1429 770 1462 libri
796 1429 977 1463 huiusmodi
995 1429 1025 1461 in
1045 1429 1237 1463 bibliotheca

498 1484 605 1516 nostra
630 1483 775 1516 Vaticana
801 1483 831 1515 in
855 1483 925 1517 loco
950 1488 1093 1527 separato
1114 1488 1143 1516 et
1168 1493 1237 1516 con-

498 1536 607 1580 spicuo
633 1547 703 1569 cnm
729 1536 921 1569 ornamentis
945 1536 1093 1579 congruis
1114 1541 1144 1569 et
1168 1536 1237 1569 insi-

498 1589 614 1632 gnibus
639 1589 801 1631 gentilitiis
825 1589 963 1622 familiae
988 1589 1153 1623 Roboreae
1172 1589 1236 1622 eol-

498 1643 661 1684 locentur‚
686 1643 791 1686 ibique
816 1642 853 1675 ad
879 1647 1063 1686 perpetuam
1099 1642 1236 1675 nominis

499 1702 529 1729 et
553 1696 673 1739 gloriae
697 1696 836 1729 eiusdem
865 1696 1000 1729 familiae
1025 1696 1236 1729 conservatio-

498 1760 581 1789 nem,
606 1754 727 1782 retento
751 1749 961 1783 bibliothecae
985 1750 1100 1782 ducum
1125 1749 1235 1783 Urbini

499 1802 661 1845 vocabulo,
672 1802 833 1846 perpetuis
851 1802 963 1836 suturis
977 1802 1172 1846 temporibus
1187 1813 1236 1836 cu-

499 1856 682 1889 stodiantur.

542 1910 557 1952 ς
581 1908 610 1941 3.
637 1909 766 1941 Demum
793 1908 970 1941 aediticium
993 1918 1046 1941 seu
1071 1909 1187 1948 locum,
1206 1908 1235 1940 in

498 1972 560 2006 quo
585 1961 775 1995 bibliotheca
806 1972 841 1994 ac
872 1961 1041 2004 graphides
1073 1971 1126 1994 seu
1152 1961 1231 1994 deli-

498 2015 657 2049 neationes
681 2025 763 2048 nunc
788 2014 818 2046 in
844 2014 1004 2058 praedicta
1029 2014 1152 2047 civitate
1177 2015 1253 2047 col--

498 2069 618 2114 locatae·
640 2074 721 2109 sunt,
741 2078 862 2102 necnon
883 2078 1028 2112 campum
1054 2074 1083 2100 et
1108 2068 1235 2112 praedia

498 2122 686 2167 supradicta,
711 2122 748 2155 de
774 2127 879 2155 cetero
904 2122 935 2154 in
960 2121 1099 2155 dominio
1124 2127 1155 2154 et
1179 2133 1234 2165 po-

498 2181 607 2209 testate
625 2181 872 2209 memoratorum
892 2175 1125 2209 communitatis
1138 2181 1168 2208 et
1181 2175 1235 2208 ho-

497 2229 617 2263 minum
644 2229 762 2273 absque
787 2229 851 2262 ullo
876 2238 972 2262 onere
997 2238 1162 2262 remanere
1186 2229 1235 2261 de—

496 2283 593 2324 here,
623 2282 754 2327 perinde
785 2293 821 2315 ac
845 2282 869 2315 si
894 2282 995 2315 dictae
1027 2281 1234 2316 bibliothecae

497 2342 527 2369 et
562 2335 731 2380 graphides
767 2345 821 2368 seu
857 2335 1081 2368 delineationes
1119 2335 1233 2368 ibidem

497 2390 581 2424 iuxta
604 2389 677 2423 dicti
702 2388 859 2421 Francisci
887 2389 1000 2422 Mariae
1020 2388 1108 2422 ducis
1127 2389 1234 2422 volun-

497 2448 590 2476 tatem
609 2443 647 2475 ab
668 2442 743 2486 ipsis
759 2443 981 2475 communitate
1009 2447 1038 2475 et
1055 2442 1235 2476 hominibus

534 2526 544 2550 1
569 2523 660 2550 Potius
680 2523 738 2557 lege
758 2523 984 2550 demandabitur
1003 2523 1040 2558 (a.
1061 2523 1109 2556 T.).

532 2568 548 2594 2
569 2567 658 2594 Potius
678 2567 734 2602 lege
758 2568 864 2601 leqatas
884 2572 920 2600 tn.
935 2568 982 2602 T.).

533 2612 549 2640 3
568 2611 663 2640 Potius
682 2612 740 2646 lege
762 2613 792 2640 ue
810 2611 849 2646 (n.
869 2610 917 2645 τ.).

1317 579 1331 622 g
1362 579 1390 611 4.
1424 580 1631 613 Decernentes
1668 580 1791 613 easdem
1830 585 2011 624 praesentes

1273 632 1391 664 litteras
1416 638 1445 665 et
1474 632 1504 664 in
1530 633 1573 665 eis
1598 637 1742 666 contenta
1773 643 2010 677 quaecumque,

1274 684 1365 717 etiam
1392 695 1427 717 ex
1453 695 1490 718 eo
1515 686 1597 728 quod
1618 686 1765 718 officiales
1782 692 1812 718 et
1838 685 2011 719 confratres

1274 737 1537 770 confraternitatis
1562 738 1748 781 praedictae,
1764 743 1793 771 et
1813 738 1864 770 alii
1880 737 2011 781 quilibet

1273 790 1364 823 etiam
1390 791 1515 834 speciali
1541 793 1614 824 nota
1638 797 1667 824 et
1693 790 1895 835 expressione
1913 790 2009 834 digni,

1273 843 1303 875 in
1327 843 1508 886 praemissis
1533 844 1580 876 ius
1606 845 1652 876 vel
1678 844 1826 878 interesse
1850 843 2010 885 habentes,

1272 906 1327 929 seu
1352 896 1469 929 habere
1493 897 1727 940 quomodolibet
1750 896 2009 941 praetendentes,

1273 949 1334 981 illis
1357 959 1420 982 non
1445 951 1682 990 consenserint,
1706 961 1763 983 nec
1787 949 1824 983 ad
1849 960 1885 982 ea
1909 949 2009 983 vocati

1273 1005 1303 1033 et
1326 1000 1433 1044 auditi,
1454 1012 1554 1046 neque
1572 1012 1693 1044 causae,
1718 1005 1848 1046 propter
1872 1011 1948 1045 quas
1968 1001 2011 1045 ip-

1273 1064 1324 1086 sae
1348 1059 1529 1098 praesentes
1552 1060 1749 1096 emanarunt,
1773 1054 1934 1097 adductae,
1959 1065 2010 1087 ve-

1274 1106 1421 1148 rificatae,
1446 1108 1494 1140 vel
1519 1107 1704 1141 iustificatae
1729 1107 1918 1140 sufficienter
1943 1106 2008 1140 sue-

1273 1160 1344 1200 rint,
1369 1165 1422 1193 aut
1444 1170 1479 1193 ex
1506 1160 1566 1194 alia
1590 1170 1788 1205 quacumque
1811 1159 2010 1204 quantumvis

1273 1214 1336 1258 pia,
1352 1214 1494 1257 legitima
1512 1218 1541 1248 et
1558 1215 1754 1258 privilegiata
1771 1216 1875 1255 causa,
1893 1214 2009 1255 colore,

1271 1271 1436 1311 praetextu
1454 1273 1484 1300 et
1497 1268 1607 1312 capite,
1622 1267 1713 1301 etiam
1733 1268 1764 1300 in
1781 1277 1916 1312 corpore
1932 1267 2010 1300 iuris

1272 1320 1420 1361 clausae¹,
1438 1322 1530 1354 etiam
1549 1321 1698 1362 enormis,
1718 1320 1956 1354 enormissimae
1980 1326 2011 1356 et

1273 1374 1374 1407 totalis
1399 1374 1561 1416 laesionis,
1586 1375 1672 1408 nullo
1705 1384 1842 1418 unquam
1868 1379 2010 1418 tempore

1271 1427 1309 1460 de
1333 1428 1545 1472 subreptionis
1571 1428 1617 1461 vel
1642 1427 1838 1471 obreptionis
1862 1432 1915 1461 aut
1940 1428 2009 1461 nul-

1272 1481 1364 1515 litatis
1390 1482 1486 1522 vitio,
1511 1482 1557 1515 vel
1591 1481 1771 1515 intentionis
1798 1486 1923 1515 nostrae
1954 1492 2010 1515 seu

1271 1535 1421 1569 interesse
1446 1536 1629 1569 habentium
1655 1545 1847 1576 consensus,
1872 1540 1924 1568 aut
1948 1535 2010 1569 alio

1270 1589 1412 1632 quolibet
1435 1589 1634 1632 quantumvis
1660 1599 1774 1632 magno
1806 1593 1836 1621 et
1860 1588 2007 1621 substan-

1272 1642 1335 1675 tiali
1361 1653 1397 1676 ac
1422 1643 1614 1676 individuam
1639 1642 1875 1686 expressionem
1904 1642 2008 1686 requi-

1272 1702 1359 1730 rente
1383 1697 1503 1730 desectu
1528 1697 1652 1737 notari,
1679 1696 1876 1740 impugnari,
1904 1695 2010 1728 invali-

1270 1749 1348 1789 dari,
1373 1750 1533 1792 restringi,
1559 1750 1589 1782 in
1615 1749 1662 1782 ius
1687 1749 1734 1782 vel
1760 1748 2008 1782 controversiam

1270 1803 1432 1845 revocari,
1457 1808 1510 1835 aut
1542 1803 1692 1836 adversus
1726 1803 1793 1835 illas
1828 1801 2010 1846 aperitionis

1270 1856 1343 1898 oris,
1370 1856 1576 1889 restitutionis
1603 1857 1634 1888 in
1660 1856 1828 1898 integrum,
1853 1859 1906 1888 aut
1926 1855 2010 1888 aliud

1270 1909 1491 1953 quodcumque
1516 1909 1612 1950 iuris,
1637 1909 1707 1942 facti
1740 1909 1785 1942 vel
1812 1908 1931 1952 gratiae
1961 1919 2010 1942 re-

1252 1962 1407 1995 ¹medium
1446 1962 1632 2006 impetrari,
1668 1972 1723 1995 seu
1755 1962 1921 2006 impetrato
1956 1967 2010 1995 aut

1270 2015 1361 2048 etiam
1391 2020 1476 2048 motu
1498 2015 1591 2048 simili
1613 2026 1762 2049 concesso
1780 2015 1960 2059 quempiam
1978 2015 2009 2048 in

1270 2068 1386 2102 iudicio
1412 2069 1457 2101 vel
1485 2074 1570 2101 extra
1596 2069 1672 2102 illud
1697 2069 1740 2101 uti
1765 2080 1817 2102 seu
1839 2079 1871 2101 se
1902 2068 2010 2102 iuvare

1270 2132 1372 2165 posse,
1391 2122 1442 2154 sed
1462 2122 1586 2155 easdem
1609 2127 1790 2165 praesentes
1814 2131 1939 2166 semper
1954 2121 2009 2154 fir-

1271 2185 1345 2215 mas,
1371 2175 1488 2207 validas
1513 2180 1542 2207 et
1567 2175 1708 2208 efficaces
1728 2175 1860 2208 existere
1878 2179 1907 2207 et
1931 2174 2007 2217 sore,

1269 2238 1404 2272 suosque
1426 2228 1583 2272 plenarios
1600 2232 1629 2262 et
1643 2229 1781 2272 integros
1801 2228 1929 2261 effectus
1945 2238 2009 2262 sor-

1269 2281 1319 2314 tiri
1345 2286 1375 2314 et
1395 2281 1556 2324 obtinere,
1583 2292 1618 2315 ac
1643 2282 1702 2314 illis
1727 2282 1763 2314 ad
1789 2292 1867 2325 quos
1891 2285 2010 2325 spectat

1269 2341 1299 2368 et
1323 2346 1382 2378 pro
1407 2340 1550 2379 tempore
1576 2336 1727 2380 spectabit
1751 2335 1933 2379 plenissime
1950 2335 2009 2368 sus-

1269 2388 1384 2432 fragari
1400 2416 1407 2430 ‚
1434 2389 1540 2432 sicque
1566 2394 1596 2421 et
1620 2399 1682 2422 non
1700 2389 1790 2421 aliter
1808 2389 1838 2421 in
1855 2388 2008 2432 praemiS-

1269 2442 1310 2474 sis
1342 2452 1399 2485 per
1424 2451 1641 2485 quoscumque
1677 2441 1795 2474 iudices
1831 2440 2008 2475 ordinarios

1269 2500 1299 2528 et
1323 2495 1492 2537 delegatos,
1513 2494 1604 2528 etiam
1630 2504 1795 2527 causarum
1812 2493 1917 2538 palatii
1933 2504 2008 2538 apo-

1270 2548 1369 2580 stolici
1396 2549 1563 2589 auditores,
1588 2559 1624 2580 ac
1648 2548 1676 2580 S.
1705 2548 1739 2580 R.
1765 2547 1798 2580 Ε.
1822 2547 2006 2589 cardinales,

1308 2611 1316 2636 t
1336 2609 1426 2637 Potius
1441 2609 1500 2645 lege
1517 2609 1621 2637 clausis
1638 2609 1677 2636 vel
1691 2608 1787 2638 clausa
1804 2608 1899 2644 (nnn).

2053 591 2162 614 Decretum
2178 593 2202 616 ir-
2224 606 2225 610 ,
2261 607 2263 611 .

2026 618 2099 639 ritans.
2208 624 2209 627 ¹
