2243 3205
276 180 323 206 ltu.
347 179 373 206 sl.
398 179 459 205 1061

271 588 369 605 inu-itum
380 587 453 605 futilisv

307 615 309 623 i

300 2406 417 2427 Clausulas·¹

512 170 573 203 700

474 228 575 259 vimus
593 232 621 259 et
646 225 899 269 approbavimus,
917 228 944 258 et
970 224 1044 257 alias
1069 230 1163 268 prout
1181 225 1211 256 in

473 279 589 311 nostris
615 279 643 310 iu
670 278 762 310 simili
777 278 878 311 forma
897 277 1002 310 Brevis
1023 277 1144 316 litteris,
1162 277 1210 309 die

472 342 512 364 xz
541 331 614 363 iunii
641 341 756 364 iunchi
782 331 916 374 desuper
940 330 1102 374 expeditis,
1128 340 1206 373 qua-

472 395 540 415 ruui
568 388 708 415 tenorem
734 383 952 426 praesentibus
982 394 1039 427 pro
1064 383 1156 427 plene
1181 386 1210 415 et

472 436 662 469 sufficienter
676 446 825 480 expresso
839 436 947 469 haberi
966 437 1120 478 volumus,
1138 435 1208 468 ulie-

471 489 535 521 rius
560 490 746 522 continetur.

514 542 528 585 g
553 542 581 574 02.
608 543 683 575 Cum
709 547 823 583 autem,
841 542 919 575 sicut
941 542 1044 574 dilecti
1070 542 1123 574 filii
1151 542 1207 574 sra-

470 600 531 626 tres
553 595 710 628 custodiae
728 596 883 639 praefatae
907 595 997 628 nobis
1029 605 1131 638 nuper
1148 605 1202 627 ex-

468 647 541 690 poni
569 648 726 687 fecerunt,
752 648 808 692 ipsi
842 648 982 681 eamdem
1015 647 1205 687 custodiam,

468 711 557 743 quae,
577 706 610 733 ut
630 707 782 741 asserunt,
809 701 838 733 in
863 711 975 734 novem
1002 700 1205 733 conventibus

469 753 599 786 fratrum
627 754 793 797 (adiunctis
818 754 933 786 scilicet
953 753 989 785 ad
1008 753 1204 796 supradictos

469 812 587 849 septem
606 807 812 851 Caproncensi
837 807 895 839 sub
921 807 1009 838 titulo
1029 807 1058 839 S.
1080 806 1204 839 Antonii

470 859 605 892 Patavini
627 865 656 891 et
678 859 907 893 Cliiaktoniensi
927 859 1129 892 conventibus
1146 859 1204 891 sub

468 913 558 945 titulo
582 913 611 946 S.
637 913 754 945 Nicolai
781 912 936 956 episcopi)
962 922 1083 945 necnon
1107 923 1202 956 prae--

468 966 551 998 dicto
577 966 758 999 monialium
779 966 969 998 monasterio
995 966 1032 997 ad
1057 976 1205 1009 praesens

469 1018 619 1058 consistit,
644 1029 702 1061 pro
728 1018 839 1050 maiori
865 1018 947 1051 illius
971 1018 1085 1051 decore
1104 1019 1132 1051 in
1151 1029 1206 1051 no-

468 1081 536 1103 vam
555 1071 627 1103 dicti
639 1070 763 1103 Ordinis
784 1070 977 1113 provinciam
1003 1081 1020 1103 a
1038 1072 1128 1103 nobis
1145 1072 1205 1104 eri-

468 1123 498 1166 gi
517 1134 716 1167 summopere
737 1123 931 1156 desiderent:
951 1134 1019 1164 nos,
1037 1124 1204 1168 specialem

468 1176 546 1219 ipsis
570 1176 796 1220 exponentibus
817 1176 948 1219 gratiam
974 1177 1075 1209 facere
1099 1178 1205 1210 volen-

467 1235 523 1271 tes,
549 1235 577 1261 et
603 1240 712 1263 corum
738 1230 912 1273 singulares
936 1241 1086 1274 personas
1106 1241 1121 1262 a
1142 1231 1223 1274 qui-⁴

455 1283 573 1315 'tmsvis
599 1284 935 1317 excommunicationis
952 1312 959 1324 ,
992 1284 1205 1327 suspensionis

468 1341 495 1368 et
514 1336 680 1379 interdicti,
696 1337 825 1380 aliisque
846 1337 1062 1370 ecclesiasticis
1086 1343 1207 1370 senten-

467 1389 527 1431 tiis,
553 1389 693 1422 censuris
717 1395 747 1422 et
767 1391 887 1433 poenis,
901 1401 916 1422 a
932 1390 999 1423 iure
1024 1390 1070 1422 vel
1096 1391 1134 1422 ab
1151 1391 1205 1423 lio-

468 1442 569 1483 mine,
598 1443 707 1486 quavis
731 1443 895 1476 occasione
920 1444 967 1475 vel
1001 1446 1094 1476 causa
1119 1444 1205 1484 latis,

468 1496 491 1526 si
507 1496 621 1538 quibus
635 1496 870 1539 quomodolibet
884 1496 1047 1529 innodatae
1061 1497 1204 1538 existunt⁷

467 1548 504 1579 ad
530 1548 675 1581 effectum
702 1550 914 1592 praesentium
946 1550 1107 1582 dumtaxat
1131 1560 1205 1583 con-

468 1601 660 1645 sequendum
676 1629 683 1642 ,
714 1602 825 1634 harum
852 1602 932 1635 serie
956 1603 1152 1636 absolventes
1177 1608 1206 1635 et

467 1654 624 1688 absolutas
648 1655 715 1687 fore
732 1660 903 1696 censentes,
926 1655 1206 1699 supplicationibus

467 1717 577 1739 eorum
602 1707 728 1739 nomine
757 1707 847 1740 nobis
876 1718 971 1751 super
998 1708 1057 1741 hoc
1077 1708 1205 1740 humili-

467 1765 515 1793 ter
532 1760 686 1803 porrectis
704 1760 853 1801 inclinati,
871 1760 1013 1793 eamdem
1031 1761 1205 1794 custodiam

468 1814 498 1845 in
524 1824 634 1846 novam
662 1814 827 1846 memorati
853 1814 978 1847 Ordinis
997 1814 1205 1858 provinciam,

468 1878 537 1900 cum
563 1868 710 1900 omnibus
741 1873 771 1900 et
800 1868 931 1911 singulis
955 1868 1181 1911 praerogativis
1199 1895 1206 1908 ,

467 1921 731 1964 praeeminentiis,
751 1921 933 1964 privilegiis,
952 1922 1084 1961 iuribus,
1098 1922 1206 1964 gratiis

468 1980 497 2006 et
520 1974 656 2014 indultis,
680 1974 793 2017 quibus
817 1975 894 2007 aliae
919 1974 1057 2007 eiusdem
1083 1974 1206 2008 Ordinis

467 2027 647 2070 provinciae
671 2027 709 2060 de
735 2028 820 2069 iure,
846 2039 904 2060 usu
929 2033 959 2060 et
983 2027 1206 2061 consuetudine

468 2085 498 2113 et
522 2081 597 2112 alias
621 2081 857 2123 quomodolibet
881 2087 1023 2121 utuntur,
1048 2081 1205 2120 fruuntur,

469 2138 498 2165 et
522 2133 668 2176 gaudent,
693 2144 728 2166 ac
753 2133 806 2175 uti,
832 2133 891 2166 frui
922 2139 951 2166 et
968 2134 1104 2176 gaudere
1129 2145 1202 2178 pos-

469 2193 550 2227 sunt,
564 2198 599 2219 ac
615 2187 715 2219 solent
733 2192 762 2219 et
779 2187 902 2228 debent,
921 2187 1105 2220 auctoritate
1121 2198 1206 2231 prae—

469 2241 562 2281 dicta,
577 2245 684 2273 tenore
701 2240 925 2283 praesentium,
942 2240 1008 2273 sine
1022 2240 1204 2284 cuiusquam

468 2292 677 2336 praeiudicio,
708 2297 861 2337 perpetuo
885 2293 1039 2336 erigimus
1064 2299 1093 2326 et
1118 2294 1205 2326 insti-

470 2346 594 2379 tuimus.

503 2399 518 2441 ἓ
534 2398 562 2431 3.
579 2399 785 2431 Decernentes
803 2398 927 2432 easdem
938 2404 1117 2442 praesentes
1129 2398 1207 2432 litte-

471 2463 521 2484 ras
535 2451 784 2494 semperlirmas,
794 2452 910 2484 validas
927 2457 956 2485 et
974 2452 1115 2485 efficaces
1131 2451 1206 2484 exis-

472 2511 536 2537 tere
551 2509 579 2536 et.
593 2505 668 2543 sore,
682 2515 817 2548 suosque
843 2505 1000 2548 plenarios
1021 2510 1050 2537 et
1067 2504 1205 2548 integros

471 2558 598 2590 etl'ectus
615 2557 719 2589 sortiri
745 2563 774 2590 et
798 2558 951 2599 obtinere,
965 2568 1000 2591 ac
1024 2558 1063 2590 ab
1079 2558 1149 2598 illis,
1166 2558 1203 2590 ad

1059 176 1237 201 numanum
1261 175 1278 199 Π
1285 174 1415 199 ΟΜΛΝΗΜ

1246 234 1324 267 quos
1349 226 1466 266 spectat
1490 227 1520 255 et
1550 233 1608 266 pro
1641 227 1780 267 ternpore
1808 223 1979 267 spectabit,

1245 275 1427 319 plenissime
1441 275 1605 318 suffragari
1616 275 1635 316 ¹,
1660 275 1765 319 sicque
1782 276 1810 308 in
1829 276 1980 320 praernis-

1245 329 1285 360 sis
1310 339 1366 372 per
1382 338 1598 372 quoscumque
1616 327 1733 360 iudices
1758 328 1933 362 ordinarios
1951 333 1980 362 et

1244 381 1411 424 delegatos,
1426 381 1518 414 etiarn
1541 391 1705 414 causarum
1731 382 1836 425 palatii
1857 387 1979 426 aposto-

1243 434 1292 466 lici
1318 434 1487 475 auditores,
1512 434 1643 467 iudicari
1658 439 1688 467 et
1712 434 1834 466 definiri
1855 434 1979 476 debere,

1242 497 1277 519 ac
1302 487 1425 519 irritum
1448 492 1477 520 et
1501 487 1612 529 inane,
1638 487 1663 519 si
1688 497 1777 520 secus
1808 479 1903 531 super
1931 487 1980 519 his

1241 549 1257 571 a
1281 550 1458 583 quoquam,
1484 539 1592 583 quavis
1616 540 1820 582 auctoritate,
1846 539 1980 573 scienter

1241 592 1287 625 vel
1315 593 1505 635 ignoranter,
1526 593 1692 636 contigerit
1716 593 1868 626 attentari.

1284 646 1299 689 ἓ
1315 647 1343 678 4.
1357 647 1424 679 Non
1441 646 1638 678 obstantibus
1650 646 1840 690 praemissiS,
1854 656 1890 678 ac
1906 655 1979 678 con-

1240 698 1451 731 stitutionibus
1468 704 1497 730 et
1516 699 1766 731 ordinationibus
1790 698 1978 742 apostolicis,

1239 761 1370 793 necnon,
1396 757 1548 794 quatenus
1573 762 1651 795 opus
1676 752 1732 792 sit,
1752 751 1902 795 praedicti
1922 751 1980 785 Or-

1239 804 1319 836 dinis
1337 809 1366 836 et
1386 804 1454 836 aliis
1478 804 1648 848 quibusvis,
1670 806 1762 838 etiam
1793 805 1978 846 iuramento,

1240 857 1478 890 confirmatione
1507 857 1690 901 apostolica,
1715 858 1761 890 vel
1786 858 1895 902 quavis
1919 858 1976 891 fir-

1240 911 1347 944 mitate
1361 911 1420 943 alia
1435 911 1730 952 roboratis,statutis
1741 918 1770 944 et
1783 911 1978 946 consuetudi-

1240 963 1350 1006 nibus,
1369 964 1542 1008 privilegiis
1567 975 1701 1008 quoque,
1728 965 1854 998 indultis
1869 969 1900 997 et
1922 965 1976 997 lit-

1240 1017 1313 1049 teris
1337 1018 1518 1061 apostolicis
1550 1018 1581 1050 in
1611 1018 1802 1052 contrarium
1827 1017 1978 1061 praemis-

1240 1081 1346 1103 sorum
1362 1070 1772 1114 quomodolibetconcessis,
1783 1069 1978 1103 confirmatis

1241 1129 1269 1156 et
1294 1124 1464 1164 innovatis;
1483 1123 1596 1167 quibus
1621 1124 1767 1156 omnibus
1787 1129 1817 1156 et
1835 1121 1978 1166 singulis,

1241 1177 1364 1208 illorum
1384 1182 1508 1209 tenores
1525 1176 1741 1220 praesentibus
1758 1186 1816 1220 pro
1840 1175 1933 1219 plene
1949 1180 1979 1208 et

1240 1230 1431 1262 sufficienter
1455 1230 1611 1273 expressis
1637 1230 1797 1270 habentes,
1818 1230 1879 1262 illis
1903 1229 1978 1262 alias

1242 1283 1270 1314 in
1298 1293 1353 1315 suo
1380 1283 1495 1315 robore
1519 1283 1744 1326 permansuris,
1768 1282 1806 1314 ad
1832 1282 1980 1326 praemis-

1240 1346 1346 1368 sorum
1373 1336 1529 1375 effectum,
1553 1336 1612 1368 hac
1637 1336 1702 1367 vice
1725 1335 1886 1369 dumtaxat
1910 1345 1979 1379 spe-

1241 1389 1360 1421 cialiter
1374 1394 1402 1421 et
1417 1399 1564 1432 expresse
1582 1389 1785 1431 derogamus3
1804 1389 1979 1432 ceterisque

1240 1441 1405 1474 contrariis
1429 1441 1688 1484 quibuscumque.

1283 1494 1394 1527 Datum
1419 1495 1544 1536 Romae,
1575 1494 1657 1538 apud
1682 1494 1856 1527 stuariam
1884 1493 1979 1527 Maio-

1240 1557 1317 1588 rem,
1331 1547 1388 1580 sub
1416 1548 1531 1580 annulo
1562 1548 1738 1588 PiscatoriS,
1767 1547 1816 1580 die
1837 1557 1890 1581 xvi
1911 1547 1977 1580 iulii

1240 1610 1367 1642 uocem,
1381 1600 1580 1644 pontificatus
1596 1601 1695 1634 nostri
1713 1611 1794 1634 anno
1813 1610 1867 1634 vti.

1276 1662 1333 1688 Dat.
1355 1662 1397 1689 die
1419 1663 1452 1688 16
1470 1662 1527 1689 iulii
1550 1662 1627 1694 1661,
1644 1662 1739 1697 pontif.
1757 1668 1889 1688 annovtt.

1522 1830 1690 1865 CCCXLIX.

1240 1920 1462 1962 Praeceptum,
1472 1923 1507 1952 ut
1519 1919 1620 1952 Breve
1630 1919 1732 1962 felicis
1746 1919 1871 1952 Urbani
1886 1918 1976 1961 VIII,

1284 1983 1404 2005 necnon
1428 1972 1552 2005 decreta
1576 1972 1833 2015 conyreyalz'onis
1856 1971 1977 2015 episco-

1282 2036 1399 2069 porum
1417 2030 1445 2058 el
1463 2025 1668 2068 reyularium
1685 2035 1781 2068 super
1801 2029 1978 2058 controver-

1283 2079 1342 2111 siis
1366 2079 1450 2111 inter
1473 2079 1590 2121 fratres
1603 2078 1697 2111 Recol
1703 2077 1794 2111 lectos
1811 2082 1840 2110 et
1858 2078 1976 2121 fratres

1284 2131 1321 2164 de
1346 2131 1557 2164 observantia
1578 2131 1766 2174 provinciae
1790 2131 1977 2163 Brittaniae

1286 2185 1419 2218 Ordinis
1432 2185 1593 2218 Minorum
1607 2184 1713 2217 sancti
1731 2184 1762 2217 F
1762 2184 1902 2217 rancisci
1914 2194 1977 2217 ver-

1285 2238 1424 2270 tentibus
1448 2242 1609 2279 emanata,
1634 2237 1691 2270 sub
1714 2237 1826 2280 poenis
1850 2246 1976 2280 expres-

1284 2291 1328 2323 sis
1351 2292 1387 2324 in
1411 2291 1481 2323 illis
1505 2291 1716 2334 exequ‘utioni
1739 2289 1977 2323 demandentur

1284 2349 1313 2377 et
1337 2345 1543 2377 observentur
1554 2342 1574 2376 ¹².

1274 2478 1287 2504 1
1310 2478 1357 2504 Vel
1377 2476 1518 2512 legendum
1538 2477 1686 2504 observari
1701 2476 1740 2503 vel
1757 2479 1836 2503 autea
1851 2475 1912 2502 illis
1927 2483 1975 2510 pro

1238 2523 1273 2549 ab
1293 2522 1353 2550 iltis
1373 2521 1516 2557 legendum
1536 2524 1575 2554 (n.
1592 2521 1639 2555 τ.).

1272 2566 1289 2592 ⁶2
1305 2566 1340 2593 Ex
1357 2565 1464 2599 aegos-t.
1482 2565 1506 2591 in
1522 2565 1624 2592 Secreto
1642 2565 1721 2590 Brev.

1989 175 2042 202 An.
2057 174 2087 202 c.
2108 175 2170 204 1661
2200 188 2204 222 5,
2228 211 2231 214 ¹

2062 656 2175 683 nerogauo

1994 687 2154 704 contr-arturum.
2198 689 2199 711 j
2227 695 2237 705 ψ
