2243 3205
53 142 106 170 An.
122 141 150 168 C.
175 141 239 168 ¹658

74 1478 185 1498 Exordium

73 1852 188 1879 Exposita-i.

1687 131 1737 148 72*

851 140 1035 163 ALEXANDER
1061 140 1101 162 vlt
1130 141 1176 162 ΙΨ.
1689 143 1743 164 ὲ..)

251 187 424 221 modolibet
449 187 615 229 concessis,
640 188 834 221 confirmatis
859 193 888 221 et
914 187 998 220 inno-

252 240 338 280 vatis;
349 241 462 285 quibus
487 242 634 274 omnibus
648 247 677 274 et
702 242 844 285 singulis,
870 241 995 274 illorum

252 298 377 327 tenores
408 294 626 338 praesentibus
652 305 709 339 pro
736 295 826 338 plene
851 300 879 327 et
909 293 995 326 suffi-

251 346 370 379 cienter
389 348 542 392 expressis
559 358 594 380 ac
618 347 657 381 de
679 348 774 381 verbo
797 347 835 380 ad
864 347 994 380 verbum

252 400 378 433 insertis
403 400 563 442 habentes,
585 401 645 434 illis
662 401 738 433 alias
757 401 786 433 in
805 411 862 434 suo
881 400 996 433 robore

250 454 481 497 permansuris,
502 454 540 486 ad
561 454 809 498 praemissorum
837 454 995 494 effectum,

251 506 309 539 hac
331 507 396 539 viee
416 506 587 547 dumtaxat,
608 508 785 551 specialiter
802 512 831 540 et
848 517 994 551 expresse

251 559 458 603 derogamus,
479 561 653 605 ceterisque
678 560 844 594 contrariis
868 560 995 604 quibus-

252 623 396 657 cumque.

294 667 405 700 Datum
420 668 548 708 Romae,
573 667 655 712 apud
688 667 718 700 S.
744 667 872 700 Mariam
903 667 994 700 Maio-

250 731 329 763 rem,
341 720 399 753 sub
412 721 528 754 annulo
543 721 721 762 Piscatoris,
736 721 786 754 die
801 732 854 754 xvt
873 721 994 754 decem-

249 773 314 805 bris
332 783 483 815 unchul,
499 773 699 818 pontificatus
724 773 823 807 nostri
850 784 932 807 anno
952 783 991 806 1v.

285 834 342 861 Dat.
361 834 404 861 die
422 836 454 863 10
473 834 627 863 decembris
651 836 729 868 1658,
745 835 840 871 pontif.
862 844 934 862 anno
955 841 990 862 lv.

537 977 700 1011 CCXXVH.

248 1057 460 1101 Confirmatio
477 1057 593 1090 statuti
610 1056 876 1100 Gonyreyolionis
897 1068 991 1090 cano-

291 1112 439 1144 nicorum
464 1110 660 1144 secularium
677 1110 708 1144 S.
726 1110 863 1144 Ioannis
882 1111 989 1144 Evan-

289 1165 424 1208 9elistae
454 1164 549 1207 reym‘
571 1164 801 1207 Portuyalliae
824 1175 921 1207 super
944 1175 990 1197 re-

290 1218 456 1251 strictione
479 1217 610 1250 mtmeri
634 1217 806 1250 electorum
827 1217 990 1260 qeneralis

290 1271 433 1305 eiusdem
458 1271 725 1316 Conyreycztionis
740 1269 758 1303 ¹.
783 1277 786 1280 ⁴

441 1352 607 1379 Alexander
627 1351 705 1384 Papa
725 1351 791 1383 vu,

393 1397 429 1423 ad
449 1397 581 1423 futuram
600 1396 644 1423 rei
664 1397 845 1423 memoriam.

290 1468 482 1502 Universalis
507 1466 663 1500 Ecclesiae
685 1466 842 1510 regimini,
868 1466 988 1500 meritis

245 1522 318 1556 licet
342 1521 527 1567 imparibus,
544 1521 649 1553 divina
670 1520 874 1565 dispositione
898 1531 988 1564 prae-

245 1577 391 1618 sidentes,
408 1576 479 1620 illis,
497 1586 576 1620 quae
596 1586 654 1620 pro
672 1575 753 1609 felici
773 1575 896 1619 piarum
916 1586 987 1609 con-

243 1631 464 1674 gregationum
491 1629 521 1662 in
539 1629 648 1662 eadem
674 1629 806 1662 ecelesia
831 1629 988 1673 sapienter

244 1683 456 1717 institutarum
482 1682 654 1716 directione
671 1682 802 1726 provide
819 1683 986 1716 constituta

244 1743 326 1780 sunt,
346 1737 490 1780 libenter,
516 1747 587 1770 cum
613 1747 630 1769 a
654 1736 745 1769 nobis
769 1736 895 1780 petitur,
916 1747 987 1781 apo-

245 1791 345 1826 stolici
364 1791 546 1824 muniminis
566 1790 768 1834 adiungimus
793 1790 984 1823 firmitatem.

289 1846 304 1890 g
329 1845 358 1878 1.
384 1844 504 1889 Exponi
529 1844 681 1888 siquidem
707 1843 798 1877 nobis
822 1854 922 1888 nuper
946 1844 986 1877 se-

245 1903 356 1934 cerunt
369 1899 473 1932 dilecti
491 1898 546 1931 stlii
564 1903 669 1931 rector
686 1897 842 1941 generalis
863 1903 893 1930 et
912 1897 985 1931 dess-

244 1953 395 1987 nitorium
413 1951 674 1996 Congregationis
692 1952 916 1985 canonicorum
938 1963 984 1985 se-

244 2007 398 2041 cularium
424 2006 453 2040 S.
478 2005 602 2039 Ioannis
628 2005 843 2048 Evangelistae
864 2015 983 2039 nuncu-

245 2065 336 2105 patae
361 2060 392 2092 in
416 2069 516 2103 regno
541 2058 751 2102 Portugalliae
776 2058 984 2100 consistentis,

244 2114 328 2159 quod
346 2114 464 2147 dudum
482 2113 520 2146 de
540 2123 622 2146 anno
640 2122 768 2145 MCDxxv
787 2112 895 2146 eadem
911 2113 985 2146 Con-

244 2168 387 2212 gregatio
411 2167 469 2200 sub
494 2166 625 2208 habitu,
658 2166 766 2210 regula
802 2171 832 2199 et
864 2167 985 2200 statutis

243 2221 502 2265 Congregationis
538 2219 761 2254 canonicorum
795 2220 983 2252 secularium

243 2275 340 2309 sancti
361 2274 487 2317 Georgii
512 2273 543 2306 in
571 2273 649 2316 Aiga
667 2273 865 2305 venetiarum
889 2273 918 2305 in
943 2272 985 2305 di-

243 2332 292 2363 cto
317 2339 416 2372 regno
441 2327 580 2360 instituta
606 2327 672 2368 suit,
697 2326 895 2370 primamque
919 2326 984 2358 sun-

241 2383 400 2417 dationem
427 2381 536 2414 habuit
563 2381 594 2413 in
619 2380 810 2413 monasterio
830 2379 869 2412 de
890 2380 985 2412 l‘illar

241 2437 279 2471 tle
294 2436 402 2481 frades
418 2433 643 2478 nuncupatae‘2,
664 2433 752 2466 cuius
774 2433 930 2477 religiosis
946 2434 984 2467 se-

278 2508 290 2535 1
314 2507 351 2535 Ex
371 2507 477 2542 Regest.
499 2506 525 2532 in
545 2506 646 2533 Sec-ret.
668 2505 744 2532 Brev.

278 2553 294 2580 2
314 2553 426 2580 Videtur
445 2551 588 2587 legendum
610 2554 776 2586 nuncupato
796 2550 833 2586 (n.
854 2551 902 2585 12).

346 2607 422 2635 Ruit.
441 2608 520 2637 Rom.
536 2622 571 2627 —
590 2606 647 2634 Vol.
665 2606 740 2634 XVI.
885 2607 919 2634 54

1032 187 1098 219 licis
1117 187 1347 220 reeordationis
1364 188 1523 231 Eugenius
1541 188 1621 232 Papa
1640 188 1676 220 tv
1690 198 1777 232 prae-

1031 241 1178 274 decessor
1202 248 1308 275 noster
1333 243 1370 275 (ie
1395 253 1477 275 anno
1494 253 1619 276 ,ucnva
1645 253 1774 286 pracce-

1030 294 1084 338 pit,
1102 299 1135 327 ut
1161 295 1311 336 instituto,
1332 297 1463 337 statutis,
1493 296 1774 329 consuetudinibus

1031 353 1059 381 et
1073 347 1248 392 privilegiis
1262 349 1418 392 praestitae
1428 349 1687 393 Congregationis
1706 360 1775 381 san-

1030 401 1070 434 cti
1091 400 1218 444 Georgii
1238 401 1266 433 in
1282 402 1358 444 Aiga
1376 408 1549 435 uterentur.
1569 403 1694 444 vei—um,
1715 402 1774 435 hoc

1030 464 1092 488 non
1118 453 1271 495 obstante,
1292 455 1332 488 ob
1362 466 1493 499 parvum
1527 466 1694 488 numerum
1723 466 1774 488 re-

1028 507 1216 551 ligiosorum
1254 508 1306 551 qui
1339 508 1370 540 in
1407 508 1490 541 dicta
1523 509 1773 552 Congregatione

1029 561 1057 594 S.
1070 561 1194 594 Ioannis
1211 561 1429 604 Evangelistae
1449 562 1701 605 reperiebantur,
1727 561 1773 594 in-

1029 613 1208 647 troductum
1235 614 1313 654 suit,
1338 619 1372 646 ut
1406 614 1436 646 iu
1462 614 1614 647 electione
1641 614 1773 647 rectoris

1028 667 1184 711 generalis
1193 667 1453 710 Congregationis
1467 667 1647 700 huiusmodi
1663 678 1772 700 omnes

1028 720 1170 754 canonici
1204 721 1361 754 seculares
1387 720 1485 764 ipsius
1511 721 1771 764 Congregationis

1027 774 1057 806 in
1083 785 1173 808 sacro
1198 774 1434 819 presbyteratus
1459 774 1571 807 ordine
1601 774 1771 815 constituti,

1026 827 1079 871 qui
1112 827 1372 871 Congregationis
1409 826 1591 860 huiusmodi
1627 826 1770 859 habitum

1026 881 1163 914 sexennii
1201 881 1302 925 spatio
1342 886 1538 924 gestassent‚
1570 891 1633 913 non
1668 881 1768 914 solum

1024 940 1206 978 praesentes
1225 935 1277 968 sed
1303 935 1396 968 etiam
1418 935 1562 968 absentes
1580 945 1637 979 per
1658 935 1771 979 episto-

1025 988 1086 1020 lam
1103 987 1288 1031 suffragium
1303 999 1358 1022 seu
1373 993 1478 1021 votum
1498 988 1631 1021 ferrent:
1656 987 1770 1031 hicque

1026 1042 1136 1075 modus
1161 1042 1349 1085 suffragium
1367 1053 1422 1076 seu
1440 1046 1546 1076 votum
1575 1041 1694 1075 serendi
1716 1041 1770 1074 diu

1024 1094 1167 1129 obtinuit.
1191 1095 1394 1129 Postmodum
1412 1102 1526 1136 tamen,
1540 1094 1667 1138 cognito
1684 1094 1770 1138 quod

1025 1147 1106 1180 idem
1145 1148 1256 1181 modus
1293 1148 1479 1191 suffragium
1509 1159 1562 1181 seu
1594 1153 1700 1180 votum
1730 1147 1769 1179 se-

1024 1201 1111 1233 rendi
1138 1202 1235 1234 sat-ris
1252 1202 1423 1234 canonibus
1441 1202 1671 1239 adversaretur,
1690 1200 1769 1232 mul-

1025 1255 1062 1287 tis
1087 1254 1248 1287 fraudibus
1273 1255 1458 1295 subiaceret,
1477 1254 1645 1297 multisque
1663 1254 1768 1286 incon-

1024 1308 1219 1341 venientibus
1252 1314 1281 1341 et
1315 1308 1606 1352 perturbationibus
1639 1317 1766 1340 causam

1023 1362 1199 1406 praeberet,
1223 1362 1409 1406 praesertim
1438 1362 1511 1406 quia
1539 1371 1765 1405 nonnunquam

1022 1426 1173 1449 numerus
1198 1416 1421 1459 suffragiorum
1441 1416 1522 1448 ultra
1540 1420 1664 1448 centum
1684 1420 1767 1447 octo-

1022 1469 1107 1512 ginta
1131 1470 1324 1510 ascenderet,
1349 1469 1502 1512 multique
1528 1469 1666 1507 iuvenes,
1691 1479 1762 1501 mo-

1022 1523 1090 1557 dica
1117 1523 1277 1566 religionis
1309 1523 1501 1567 experientia
1533 1522 1689 1566 praediti,
1713 1527 1762 1554 te-

1022 1587 1179 1620 nuemque
1203 1587 1434 1620 personarum,
1459 1586 1536 1620 quas
1568 1576 1685 1618 eligere
1710 1575 1764 1608 de-

1021 1631 1141 1670 berent,
1159 1630 1301 1663 notitiam
1329 1630 1488 1670 habentes,
1505 1628 1690 1672 suffragium
1708 1629 1764 1661 ser-

1022 1690 1107 1717 reut:
1129 1695 1164 1717 ae
1189 1684 1398 1724 considerato,
1416 1683 1499 1727 quod
1525 1683 1555 1715 in
1580 1683 1763 1727 supradicta

1021 1739 1265 1782 congregatione
1296 1738 1325 1770 S.
1356 1737 1481 1780 Georgii
1521 1737 1550 1769 in
1582 1737 1658 1779 Aiga
1687 1737 1759 1768 nul-

1020 1793 1083 1825 ium
1109 1792 1147 1824 sit
1170 1796 1332 1831 statutum,
1350 1796 1402 1823 aut
1427 1789 1632 1830 consuetudo,
1651 1794 1683 1822 ut
1708 1790 1761 1831 illi,

1019 1846 1071 1890 qui
1098 1845 1247 1878 sexennio
1268 1845 1392 1877 habitus
1421 1844 1516 1888 ipsius
1542 1842 1762 1886 congregatio-

1019 1900 1066 1932 nis
1091 1904 1263 1942 gestarunt,
1282 1898 1422 1941 suffragii
1450 1896 1668 1941 praerogativa
1690 1908 1763 1939 gau-

1019 1952 1131 1993 deant,
1163 1952 1311 1996 quodque
1342 1962 1417 1984 usus
1448 1950 1541 1982 dandi
1575 1949 1760 1992 suffragium

1019 2017 1074 2051 per
1099 2006 1274 2050 epistolam,
1293 2005 1395 2049 quoad
1413 2004 1553 2037 eamdem
1580 2014 1759 2047 congrega—

1019 2060 1135 2093 tionem
1161 2060 1189 2093 S.
1211 2059 1337 2102 Georgii
1359 2059 1389 2091 in
1415 2058 1502 2101 Mega,
1528 2068 1583 2101 per
1608 2057 1761 2101 quasdam

1018 2114 1137 2147 litteras
1168 2112 1353 2146 recolendae
1388 2111 1560 2144 memoriae
1588 2110 1665 2143 Sixti
1698 2111 1756 2143 Pa-

1018 2178 1075 2211 pae
1086 2167 1119 2209 V,
1133 2165 1384 2210 praedecessoris
1398 2164 1516 2208 pariter
1531 2164 1641 2204 nostri,
1654 2163 1703 2195 die
1718 2173 1759 2196 x11

1019 2220 1085 2253 iulii
1110 2229 1283 2253 ntanxxvu
1308 2218 1466 2262 expeditas
1490 2217 1630 2250 sublatus
1651 2217 1758 2250 suerit:

1020 2278 1194 2306 memorata
1209 2272 1418 2316 Congregatio
1435 2271 1464 2305 S.
1484 2270 1606 2304 loannis
1624 2270 1760 2312 Evange-

1019 2327 1107 2360 listac
1132 2327 1161 2359 in
1187 2327 1311 2359 duobus
1340 2326 1404 2358 suis
1437 2324 1579 2369 capitulis
1604 2324 1758 2367 generali-

1018 2380 1088 2421 bus,
1106 2391 1167 2413 uno
1182 2380 1308 2424 quidem
1324 2380 1373 2412 cui
1387 2379 1519 2411 dilectus
1541 2378 1657 2422 pariter
1676 2377 1757 2410 tilius

1018 2433 1194 2466 Ludovicus
1228 2433 1355 2465 Alvarez
1386 2432 1423 2464 (le
1462 2431 1567 2464 Recita
1593 2431 1622 2463 iu
1660 2441 1757 2473 reguo

1018 2487 1179 2531 praedicto
1205 2486 1371 2530 inquisitor
1391 2485 1540 2518 adversus
1566 2485 1756 2517 haereticam

1017 2541 1201 2586 pravitatem
1222 2540 1406 2573 auctoritate
1431 2539 1600 2583 apostolica
1625 2539 1756 2583 deputa-

1792 141 1837 165 An.
1857 140 1873 165 C
1908 140 1972 166 1050
