2263 3215
272 194 318 219 An>
339 192 367 219 C.
388 194 451 221 1057

286 1961 426 1981 Prooemium.

292 2278 394 2300 Removot
402 2279 440 2300 ob—

258 2307 359 2326 statutum
368 2306 387 2326 'tn
395 2306 439 2326 Gat-

256 2332 285 2352 lia
328 2333 383 2352 uoad
413 2332 440 2353 fo-

257 2361 310 2379 ntum
326 2359 441 2385 ‘onceptio-

256 2386 288 2406 nis
295 2385 387 2411 Virginis
395 2385 442 2407 Det-

257 2418 330 2438 patae.

499 186 562 219 ⁶280

468 243 599 276 firmatis
624 250 653 276 et
679 244 796 288 pluries
823 244 991 285 innovatis;
1011 245 1125 290 quibus
1143 257 1207 280 om-

468 297 560 329 nibus
591 302 621 329 et
655 297 804 340 singulis,
836 298 956 332 etiamsi
989 310 1046 343 pro
1080 299 1205 333 illorum

468 349 633 383 sufficienti
658 350 861 393 derogatione
885 351 923 384 de
948 352 1008 384 illis
1033 363 1207 397 eorumque

469 402 539 436 totis
557 403 717 436 tenoribus
732 404 885 448 specialiS,
895 405 1050 449 specifica,
1061 416 1207 450 expressa

467 460 498 488 et
529 455 707 496 individua,
732 467 767 489 ac
798 457 836 490 de
860 457 957 491 verbo
987 458 1025 491 ad
1056 459 1206 501 verbum,

466 518 528 541 non
554 513 657 541 autem
684 520 740 553 per
764 509 920 543 clausulas
944 511 1107 554 generales
1124 511 1204 544 idem

467 563 684 606 importantes,
709 564 826 598 mentio
850 574 904 597 seu
925 564 1052 608 quaevis
1072 565 1132 598 alia
1157 575 1206 598 ex-

467 615 589 659 pressio
623 615 765 649 habenda
797 622 850 650 aut
880 617 984 661 aliqua
1008 617 1067 650 alia
1102 617 1206 660 exqui-

466 668 524 700 sita
548 667 649 702 forma
674 668 711 701 ad
740 670 801 703 boc
826 670 978 703 servanda
1007 671 1109 710 soret,
1141 671 1206 704 illo-

466 731 536 753 rum
562 721 702 755 omnium
725 728 755 756 et
779 723 976 767 singulorum
998 728 1133 764 tenores,
1148 723 1205 756 for-

466 783 532 806 mas
556 778 585 808 et
609 775 790 809 occasiones
806 776 1025 820 praesentibus
1042 786 1101 820 pro
1113 776 1205 820 plene

465 832 495 859 et
519 827 710 861 sufficienter
733 829 907 873 expressis,
935 829 1059 862 insertis
1085 834 1115 862 et
1138 839 1204 862 ser-

466 879 541 913 vatis
559 881 732 925 respective
748 881 908 923 habentes,
927 882 987 915 illis
1005 882 1080 914 alias
1099 881 1130 914 in
1147 892 1204 915 suo

464 933 579 967 robore
615 935 852 979 permansuris,
888 936 926 969 ad
957 935 1202 980 praemissorum

464 987 620 1031 effectum,
639 989 697 1022 hac
714 989 780 1023 vice
798 989 969 1031 dumtaxat,
985 990 1162 1034 specialiter
1175 993 1204 1023 et

464 1051 609 1085 expresse
627 1042 826 1086 derogamus3
844 1043 1019 1088 ceterisque
1035 1043 1203 1076 contrariis

462 1094 725 1139 quibuscumque.

502 1148 614 1181 Datum
640 1149 767 1190 Romae,
788 1149 871 1194 apud
900 1150 929 1183 S.
950 1150 1079 1183 Mariam
1107 1151 1200 1184 Maio-

462 1213 541 1243 rem,
561 1203 618 1235 sub
647 1203 763 1237 annulo
788 1203 971 1244 Piscator-is,
1000 1204 1050 1236 die
1078 1213 1095 1237 x
1125 1203 1201 1237 iunii

461 1266 602 1297 noenu,
618 1257 820 1301 pontificatus
841 1258 940 1291 nostri
966 1268 1049 1291 anno
1070 1268 1113 1292 ιιι.

498 1320 557 1347 Dat.
573 1319 617 1347 die
631 1320 664 1347 10
679 1319 746 1347 iunii
766 1320 843 1355 1657,
860 1320 957 1356 pontif.
970 1328 1041 1348 anno
1056 1327 1093 1348 ιιι.

782 1462 889 1495 CLVII.

460 1544 607 1577 Remove-t
635 1543 835 1576 obstaculum
863 1543 1105 1576 constitutionis
1140 1543 1200 1576 Ura

505 1596 583 1629 bani
608 1596 698 1635 VIII,
719 1607 778 1639 pro
803 1597 1022 1629 observatione
1045 1597 1199 1639 festorum

503 1648 618 1689 editae,
635 1649 743 1693 quoad
755 1651 872 1692 festum
888 1650 1109 1693 Conceptiom's
1122 1651 1200 1683 Bea—

504 1707 553 1736 tae
569 1703 696 1736 Mariae
720 1702 865 1746 Viiyz‘nis
887 1703 922 1736 in
941 1713 1039 1746 reglno
1065 1703 1198 1737 Gallia-

503 1766 577 1788 rum
603 1755 762 1788 tantum&

651 1835 816 1863 Alexander
835 1836 914 1870 Papa
933 1836 1002 1867 vlt,

601 1881 635 1906 ad
658 1880 791 1907 futuram
813 1880 859 1907 roi
878 1881 1058 1907 memoriam.

503 1951 535 1983 In
561 1951 618 1993 his,
637 1950 738 1994 quae⁹
763 1951 962 1984 Beatissimae
981 1951 1115 1994 Virginis
1133 1952 1196 1984 Dei-

457 2014 553 2047 parae
576 2004 689 2037 Mariae
715 2004 816 2037 cultus
840 2010 869 2038 et
894 2005 1053 2037 veneratio
1073 2015 1196 2048 promo-

458 2060 545 2091 vetur
563 2057 593 2089 in
615 2056 716 2098 terris,
730 2057 924 2091 auctoritatis
941 2062 1066 2090 nostrae
1091 2063 1196 2100 partes

456 2110 621 2155 propensis
646 2110 755 2144 studiis
770 2111 1010 2155 interponimuS,
1025 2116 1055 2144 et
1068 2111 1193 2155 piorum

456 2174 566 2207 regum
591 2164 622 2196 id
646 2164 881 2208 exposcentium
907 2168 979 2197 vota
996 2163 1130 2197 libenter
1147 2175 1195 2197 cx-

456 2217 609 2251 audimus.

500 2271 515 2315 §
540 2271 567 2304 t.
592 2271 667 2305 Cum
695 2270 797 2315 itaque
825 2271 856 2304 in
880 2271 1101 2305 constitutione
1136 2282 1194 2315 pro

455 2325 675 2358 observatione
700 2326 850 2358 festorum
876 2336 892 2357 a
917 2324 1015 2358 felicis
1048 2325 1192 2359 recorda-

456 2378 548 2412 tionis
581 2378 706 2412 Urbano
744 2379 826 2422 Papa
851 2378 915 2411 VIII
951 2378 1194 2422 praedecessore

455 2437 563 2466 nostro
587 2432 680 2472 edita,
707 2443 786 2476 quae
812 2432 920 2476 incipit
946 2433 1111 2474 Universa,
1132 2443 1193 2466 non

494 2513 502 2538 l
526 2511 563 2539 Ex
584 2511 690 2545 Regest.
711 2512 737 2538 in
758 2512 860 2539 Secret.
883 2512 958 2539 Brev.

491 2557 507 2583 ⁶2
518 2556 565 2582 Vel
580 2556 723 2592 legendum
735 2557 849 2592 quibus,
863 2556 903 2584 vel
919 2560 1010 2592 postea
1024 2560 1193 2592 promovent

455 2600 598 2637 legendum
613 2600 671 2628 loco
685 2604 866 2636 promovetur
880 2605 920 2636 (R.
932 2602 980 2636 τ.).

1047 199 1222 221 BELLA-utun
1250 199 1402 223 ROMANUM

1990 203 2038 228 An.
2059 203 2088 230 C.
2109 204 2172 232 ¹65⁷
2206 210 2208 212 '

1242 252 1375 291 ponatur
1401 247 1480 280 inter
1505 249 1580 280 festa
1605 249 1643 281 de
1669 255 1835 293 praecepto
1868 249 1981 283 festum

1242 300 1461 344 Conceptionis
1478 301 1617 334 eiusdem
1633 302 1833 335 Beatissimae
1846 302 1982 346 Virginis

1242 354 1366 392 Mariae,
1389 359 1419 387 et
1447 354 1595 387 tollantur
1616 355 1791 388 contrariae
1816 360 1981 390 consuetu-

1241 407 1345 447 dines;
1364 406 1566 440 charissimus
1584 413 1686 440 autem
1706 407 1736 440 in
1754 407 1877 442 Christo
1897 408 1980 442 filius

1240 465 1346 492 noster
1363 459 1540 493 Ludovicus
1557 460 1750 494 Francorum
1768 471 1821 494 rex
1839 460 1981 494 christia-

1241 512 1398 554 nissimus,
1419 513 1496 546 sicut
1515 513 1598 546 illius
1622 513 1749 547 nomine
1773 513 1863 547 nobis
1879 524 1980 558 nuper

1241 565 1414 609 expositum
1440 565 1505 606 suit,
1523 566 1629 610 cupiat
1652 566 1682 599 in
1708 566 1854 600 universo
1868 566 1980 600 Gallia·
2205 611 2206 615 Ἰ
2251 580 2255 617 ι

1240 629 1309 651 rum
1324 629 1422 662 regno
1435 621 1546 653 testum
1557 620 1775 664 Conceptionis
1788 620 1978 660 huiusmodi,
2205 620 2206 623 ’

1239 676 1292 704 aut
1316 672 1353 704 de
1377 678 1546 716 praecepto
1569 673 1674 714 indici,
1691 678 1744 706 aut
1764 672 1803 705 ad
1819 672 1978 716 antiquam

1239 723 1312 756 dicti
1337 725 1426 767 regni
1456 725 1714 758 consuetudinem
1744 731 1775 758 et
1799 724 1976 768 possessio·

1239 786 1321 816 nem,
1346 778 1392 810 vel
1418 778 1517 821 quasi,
1542 777 1617 810 ittud
1643 777 1823 810 celebrandi
1841 776 1977 810 restitui:
2216 808 2220 820 ,Ι

1239 838 1305 869 nOS,
1326 829 1411 872 pium
1437 830 1510 862 dicti
1536 830 1682 863 Ludovici
1702 829 1786 872 regis
1806 839 1881 872 erga
1898 840 1978 862 eam·
2216 831 2221 877 ζ
2251 875 2253 877 ‚

1238 882 1308 915 dem
1328 882 1540 916 Beatissimam
1558 884 1718 927 Virginem
1740 882 1915 917 devotionis
1939 883 1978 916 as·
2203 886 2219 896 ''

1238 936 1352 969 fectum
1384 947 1586 981 summopere
1610 937 1641 970 in
1662 937 1801 971 Domino
1815 946 1976 970 commen-

1237 989 1355 1030 dantes,
1373 1000 1409 1024 ac
1427 990 1494 1023 eius
1518 990 1674 1024 desiderio
1702 989 1883 1023 huiusmodi
1897 990 1977 1023 savo-

1238 1042 1378 1077 rabiliter
1399 1054 1538 1078 annuere
1563 1045 1711 1085 volentes,
1732 1044 1834 1088 quoad
1861 1044 1977 1088 praesa-

1238 1101 1302 1129 tum
1328 1097 1442 1130 festum
1460 1097 1678 1142 Conceptionis
1703 1098 1856 1142 Deiparae
1878 1097 1976 1141 Virgi-

1237 1150 1284 1182 nis
1303 1150 1481 1194 praedictae
1494 1151 1525 1184 in
1543 1161 1642 1195 regno
1659 1151 1829 1186 Galliarum
1845 1156 1975 1191 tantum,

1236 1203 1433 1236 obstaculum
1451 1203 1551 1237 dictae
1565 1203 1795 1238 constitutionis
1809 1203 1973 1237 memorati

1238 1257 1354 1291 Urbani
1377 1258 1639 1301 praedecessoris,
1654 1258 1827 1303 apostolica
1841 1257 1974 1291 auctori-

1236 1316 1307 1353 tate,
1334 1316 1442 1345 tenore
1465 1312 1694 1356 praesentium,
1720 1322 1928 1346 removemus.

1279 1365 1294 1408 ᾗ
1310 1364 1339 1398 ⁶2.
1358 1365 1425 1398 Non
1444 1364 1639 1398 obstantibus
1656 1364 1826 1409 praedicta,
1843 1364 1974 1409 aliisque

1235 1418 1511 1452 constitutionibus
1533 1423 1563 1451 et
1580 1417 1831 1452 ordinationibus
1850 1423 1975 1462 aposto-

1235 1471 1313 1511 licis,
1333 1471 1510 1516 ceterisque
1531 1472 1697 1506 contrariis
1711 1471 1973 1516 quibuscumque.

1280 1525 1294 1568 g
1318 1524 1347 1557 3.
1374 1525 1524 1558 Volumus
1561 1532 1664 1558 autem
1693 1530 1726 1558 ut
1762 1524 1972 1569 praesentium

1236 1578 1450 1621 transumptis,
1477 1578 1569 1611 etiam
1597 1578 1778 1622 impressis,
1799 1588 1892 1611 manu
1916 1588 1973 1612 no·

1235 1631 1303 1664 tarii
1325 1631 1442 1675 publici
1461 1632 1656 1676 subscriptis,
1674 1637 1704 1665 et
1721 1631 1824 1675 sigillo
1842 1631 1974 1665 alicuius

1234 1695 1386 1728 personae
1404 1685 1432 1717 in
1454 1685 1605 1728 dignitate
1630 1685 1838 1719 ecclesiastica
1861 1685 1974 1719 consti-

1234 1743 1316 1770 tutae
1343 1738 1480 1779 munitis,
1499 1738 1606 1772 eadem
1632 1748 1763 1782 prorsus
1780 1738 1858 1772 fides
1882 1739 1912 1771 in
1930 1739 1973 1771 iu·

1233 1790 1315 1824 dicio
1339 1795 1369 1823 et
1394 1796 1479 1824 extra
1504 1791 1699 1832 adhibeatur,
1719 1802 1799 1836 quae
1823 1802 1972 1836 praesen<
2234 1814 2251 1835 „1

1233 1845 1314 1878 tibus
1339 1844 1553 1888 adhiberetur,
1571 1845 1595 1878 si
1622 1846 1722 1879 forent
1746 1845 1905 1879 exhibitae
1924 1846 1972 1880 vel

1232 1903 1384 1931 ostensae.

1276 1952 1385 1985 Datum
1405 1952 1531 1992 Romae,
1560 1953 1642 1996 apud
1671 1953 1700 1986 S.
1726 1952 1853 1986 Mariam
1879 1953 1972 1986 Maio-

1231 2016 1308 2045 rem,
1326 2005 1384 2038 sub
1415 2006 1531 2038 annulo
1552 2005 1728 2046 Piscator-is,
1748 2005 1798 2039 die
1823 2016 1864 2039 xv
1894 2005 1972 2039 iunii

1231 2069 1370 2099 nrncevu,
1396 2059 1595 2103 pontificatus
1620 2059 1718 2092 nostri
1743 2069 1825 2092 anno
1850 2069 1892 2093 ιιι.

1266 2121 1325 2147 Dat.
1344 2120 1386 2147 die
1405 2121 1435 2148 15
1451 2120 1518 2147 iunii
1539 2121 1614 2153 1657,
1633 2120 1728 2155 pontif.
1745 2129 1816 2148 anno
1830 2127 1868 2148 ιιι,

1581 2163 1591 2174 n

2016 1377 2123 1399 Contraria
2137 1382 2167 1399 ro·
2212 1383 2214 1385 ·

1991 1404 2047 1426 toltit.

2030 1536 2091 1558 Fides
2115 1539 2165 1559 trin·
2197 1533 2199 1537 ⁴
2224 1547 2226 1550 ·

1988 1566 2122 1590 sumptorum.

1537 2290 1661 2323 CLVIII.
2250 2287 2253 2347 (ᾗ

1229 2379 1440 2421 Confirmatio
1458 2379 1574 2412 statuti
1587 2389 1647 2422 pro
1670 2379 1882 2412 universitate
1899 2379 1969 2412 bar-

1272 2432 1470 2465 bitonsorum
1495 2432 1602 2465 almae
1629 2432 1723 2465 Urbis
1737 2432 1755 2464 ¹.

1264 2514 1273 2538 1
1294 2511 1444 2539 Facultates
1459 2513 1600 2539 consulum
1616 2512 1724 2543 artium,
1736 2512 1809 2538 cirea
1823 2518 1918 2538 causas
1933 2510 1966 2538 ad

1227 2565 1272 2584 eos
1287 2561 1452 2591 spectantes,
1478 2557 1653 2591 reintegravit
1668 2560 1695 2583 et
1711 2556 1879 2584 confirmavit
1897 2556 1966 2583 Gre-

1225 2609 1283 2637 gor.
1297 2600 1353 2628 XIII
1370 2601 1395 2627 iu
1411 2601 1500 2628 Const.
1512 2608 1572 2635 cxv,
1591 2605 1654 2630 tom.
1668 2607 1723 2636 vtlt,
1740 2610 1801 2636 pag.
1813 2599 1865 2627 330
1876 2601 1963 2633 (exn).
