2243 3205
58 216 103 243 An.
122 212 149 240 C.
165 211 232 239 1660

20 589 22 594 ’
61 593 162 616 contrari·
173 591 232 612 tollit.

98 962 237 988 'transumptis

26 991 29 1021 l
66 990 119 1014 mai
132 990 220 1011 mandat.

841 213 1028 239 ALEXANDER
1052 214 1096 238 vn
1120 215 1168 239 Pr.

248 259 307 291 lata
335 258 379 292 eis
407 265 436 292 et
465 270 573 293 eorum
605 261 733 295 cuilibet
758 262 866 305 quavis
898 263 988 296 aliter

1667 204 1731 238 6:35

1065 263 1233 296 Decretum
1247 273 1357 297 sacrae
1370 263 1594 306 conqreyation
1600 262 1626 294 is
1637 262 1675 295 de
1685 263 1762 295 Pro-

246 312 403 345 iudicandi
421 319 451 347 et
467 314 691 358 interpretandi
716 316 860 349 facultate
885 322 914 350 et
938 327 988 349 au·
1018 315 1175 360 paqandci
1194 315 1277 349 Fide
1297 316 1427 350 habitae
1451 315 1507 349 sub
1532 315 1583 349 die
1609 325 1686 349 xxm
1710 316 1758 359 fe-

247 365 407 407 ctoritate,
433 366 563 400 iudicari
589 373 619 401 et
643 368 765 402 definiri
791 369 927 411 debere,
952 380 987 403 ac

246 419 370 453 irritum
397 425 427 452 et
451 421 559 461 inane,
592 421 616 454 si
649 432 739 455 secus
763 433 860 467 super
892 423 940 456 his
971 434 988 456 a

247 483 417 517 quoquam,
434 474 543 517 quavis
563 476 758 517 auctoritate,
786 477 920 511 scienter
940 478 988 511 vel

248 526 440 569 ignoranter,
461 528 629 571 contigerit
652 530 807 564 attentari.

293 579 307 623 ἓ
331 579 360 613 6.
385 580 453 613 Νοη
490 581 706 623 obstantibus,
731 588 885 626 quatenus
910 594 988 628 opus

248 633 296 675 sit,
322 635 429 667 nostra
447 639 476 667 et
496 635 700 669 cancellariae
724 637 917 680 apostolicae
943 648 989 670 re-

249 686 323 729 gula
348 685 386 719 de
411 686 479 720 iure
504 688 645 730 quaesito
681 699 744 722 non
769 689 907 723 tollendo
922 716 929 730 ‚
954 700 990 723 ac

248 739 452 783 praeinsertis
478 740 594 773 nostris
617 741 749 782 litteris,
773 752 897 776 necnon
922 753 990 776 om-

249 792 341 826 nibus
366 797 396 825 et
420 793 552 836 singulis
588 793 670 835 illis,
695 805 773 837 quae
806 795 838 828 in
873 795 989 828 eisdem

250 845 406 879 voluimus
430 856 491 879 non
516 847 653 888 obstare,
671 848 847 892 ceterisque
868 854 991 882 contra-

249 899 305 932 riis
329 899 589 945 quibuscumque.

296 953 311 997 ἓ
325 952 353 986 7.
375 953 524 987 Volumus
538 959 641 987 autem
657 960 690 987 ut
703 955 884 988 earumdem
904 966 992 999 prae·

251 1006 385 1039 sentium
399 1007 613 1051 transumptis,
629 1007 721 1040 etiam
741 1008 914 1052 impressis,
933 1018 992 1040 ma-

251 1069 293 1092 nu
317 1059 450 1093 alicuius
474 1060 589 1093 notarii
613 1060 730 1104 publici
748 1061 944 1105 subscriptis,
963 1066 992 1094 et

251 1114 355 1156 sigillo
378 1124 532 1158 personae
557 1114 587 1146 in
612 1115 822 1148 ecclesiastica
841 1115 992 1158 dignitate

252 1167 438 1200 constitutae
463 1167 601 1207 munitis,
627 1167 735 1200 eadem
762 1179 894 1212 prorsus
916 1168 992 1201 tides

252 1220 438 1253 adhibeatur
455 1220 485 1253 in
511 1220 627 1254 iudicio
647 1226 676 1254 et
703 1226 790 1254 extra
809 1221 895 1264 illud,
914 1232 992 1266 quae

252 1274 368 1307 eisdem
395 1275 611 1318 praesentibus
641 1275 866 1316 adhiberetur,
896 1275 920 1309 si
947 1276 991 1309 fo-

252 1333 322 1361 rent
345 1328 500 1361 exhibitae
525 1329 570 1361 vel
596 1333 748 1362 ostensae.

295 1381 407 1414 Datum
432 1382 560 1423 Romae,
586 1381 667 1426 apud
692 1382 721 1414 S.
749 1382 876 1414 Mariam
897 1381 993 1414 Maio-

251 1444 341 1476 rem,
378 1434 435 1467 sub
479 1435 595 1468 annulo
632 1434 824 1475 piscatoris,
859 1434 907 1467 die
942 1444 993 1467 xvl

252 1488 434 1521 novembris
458 1497 574 1529 iunch,
601 1487 802 1532 pontificatus
816 1488 915 1522 nostri
938 1498 993 1521 an-

253 1550 294 1574 no
308 1550 350 1574 VI.

289 1602 347 1630 Dat.
369 1602 412 1630 die
431 1603 462 1630 16
481 1603 639 1630 novembris
656 1603 734 1638 1660,
755 1603 850 1638 pontis.
872 1611 942 1630 anuo
958 1610 992 1629 vi.

549 1747 706 1781 CCCXXII.

258 1827 466 1870 Confirmatio
504 1827 623 1860 decreti
662 1827 919 1871 conqreqationis
958 1826 996 1859 de

299 1880 521 1924 Propayandct
534 1880 616 1914 Fide
629 1881 715 1913 circa
734 1880 997 1913 iurisdictionem

301 1935 535 1978 archiepiscopi
551 1934 754 1967 Sarclicensis
770 1944 826 1967 seu
839 1934 997 1977 Sopltien-

301 1987 346 2020 sis
370 1992 397 2020 et
421 1988 561 2031 episcopi
578 1987 754 2020 Bosnensis
774 1988 808 2020 in
831 1986 997 2030 reyulares

303 2041 340 2073 in
370 2040 630 2074 concernentibus
663 2051 776 2073 curam
807 2041 999 2073 animarum

302 2104 517 2137 personarum
540 2092 766 2127 secularium¹.

454 2174 622 2201 Alexander
642 2174 721 2207 Papa
741 2173 806 2206 vn,

385 2219 421 2246 ad
441 2221 616 2252 perpetuam
635 2219 680 2246 rei
700 2217 881 2245 memoriam.

1023 369 1152 402 bruarii
1168 379 1273 403 Mnetx
1291 369 1333 402 ad
1353 374 1491 403 mentem
1509 369 1564 403 SS.
1592 369 1630 402 D.
1659 369 1699 402 N.
1725 379 1762 402 ex

1021 423 1194 456 audientid
1224 424 1392 457 secretarii
1416 433 1449 457 111
1472 423 1589 456 martii
1620 423 1762 457 eiusdem

1022 477 1123 510 anni:

1066 529 1150 563 Licet
1167 530 1198 562 in
1219 530 1316 563 sacris
1336 530 1519 570 canonibus,
1537 529 1763 563 constitutioni-

1023 583 1081 616 bus
1098 583 1277 627 apostolicis
1296 588 1326 616 et
1348 583 1427 616 sacri
1444 582 1573 617 Concilii
1590 582 1763 615 Tridentini

1023 637 1156 671 decretis
1181 647 1327 681 expressa
1351 636 1411 669 sint
1441 647 1486 677 ea,
1514 637 1545 668 in
1568 636 1681 680 quibus
1706 646 1760 668 re-

1024 689 1148 732 gulares
1169 689 1305 722 cuiusvis
1326 688 1459 730 Ordinis,
1484 699 1547 722 non
1568 688 1763 722 obstantibus

1024 743 1276 786 quibuscumque
1291 752 1400 775 eorum
1415 741 1599 786 privilegiis,
1617 741 1763 785 potestati

1025 801 1055 829 et
1079 796 1257 830 auctoritati
1282 796 1505 839 episcoporum
1524 795 1654 828 subiecti
1676 800 1763 835 sunt3

1025 850 1097 893 quia
1112 854 1214 884 tamen
1230 848 1278 882 in¹
1293 848 1433 882 ecclesiis
1447 853 1477 882 et
1490 848 1687 882 dioecesibus
1701 848 1764 881 sive

1026 903 1056 935 in
1074 903 1198 936 titulum
1228 903 1291 935 sive
1317 902 1348 934 in
1373 901 1676 935 administrationem
1694 911 1766 934 con-

1026 956 1120 989 cessis
1145 955 1384 1000 archiepiscopo
1414 955 1589 988 Sardicensi
1625 965 1680 987 seu
1709 955 1764 988 So-

1026 1009 1146 1052 phiensi
1183 1014 1213 1041 et
1249 1008 1489 1051 archiepiscopo
1525 1007 1697 1049 Bosnensi,
1735 1007 1765 1038 in

1026 1062 1150 1105 quibus,
1168 1062 1208 1095 ob
1230 1062 1400 1095 carentiam
1426 1060 1624 1094 sacerdotum
1651 1060 1767 1093 secula-

1027 1116 1119 1157 rium,
1139 1115 1301 1158 regulares
1321 1114 1461 1148 ecclesiis
1485 1114 1717 1147 cathedralibus
1738 1119 1767 1146 et

1027 1169 1263 1212 parochialibus
1300 1168 1473 1201 inserviunt
1509 1173 1538 1200 et
1576 1167 1651 1200 cleri
1684 1167 1766 1199 vices

1027 1222 1181 1265 supplent,
1199 1232 1234 1254 ac
1255 1222 1385 1255 fortasse
1414 1221 1506 1254 etiam
1532 1221 1563 1252 in
1588 1220 1656 1252 aliis
1681 1220 1767 1252 simi-

1027 1275 1110 1307 libus
1136 1275 1309 1307 iufidelium
1343 1275 1483 1307 dominio
1520 1273 1678 1313 subiectis,
1704 1273 1767 1305 sive

1028 1338 1062 1361 ex
1089 1328 1296 1368 contumacia,
1321 1328 1386 1360 sive
1411 1327 1503 1360 etiam
1529 1337 1565 1359 ex
1595 1326 1768 1370 praedicta-

1028 1392 1098 1414 rum
1124 1382 1383 1415 constitutionum
1404 1380 1590 1423 ignorantia,
1607 1390 1686 1422 quae
1704 1379 1767 1412 sor-

1027 1445 1082 1467 san
1108 1435 1138 1467 in
1163 1434 1241 1468 locis
1265 1433 1445 1467 huiusmodi
1470 1439 1575 1477 posset
1599 1433 1766 1476 aliquando

1028 1488 1221 1531 contingere,
1235 1488 1371 1531 plurima
1388 1498 1423 1520 ex
1439 1486 1606 1530 praedictis
1621 1496 1683 1519 non
1701 1486 1767 1517 sine

1029 1551 1144 1584 magno
1181 1541 1352 1584 spiritualis
1389 1539 1552 1583 regiminis
1578 1539 1766 1572 detrimento

1028 1594 1243 1637 negliguntur,
1268 1593 1561 1636 ecclesiasticaeque
1585 1592 1768 1635 disciplinae

1029 1647 1106 1680 ordo
1131 1647 1350 1691 perturbatur:
1376 1647 1494 1680 idcirco
1519 1657 1558 1679 ne
1583 1645 1621 1678 de
1645 1645 1770 1689 praedi-

1029 1700 1086 1733 ctis
1111 1700 1142 1733 in
1167 1706 1330 1744 posterum
1366 1699 1502 1732 dubitari
1535 1699 1715 1742 contingat,
1742 1704 1771 1731 et

1030 1759 1063 1786 ut
1088 1764 1198 1787 eorum
1220 1754 1410 1797 populorum
1436 1754 1578 1796 regimen
1603 1752 1641 1784 ad
1665 1762 1772 1785 sacro-

1031 1818 1099 1839 rum
1127 1817 1281 1840 canonum
1308 1806 1538 1851 praescriptum
1563 1805 1726 1848 dirigatur,

1075 1860 1170 1893 Sacra
1205 1859 1409 1902 congregatio
1451 1858 1771 1891 eminentissimorum

1032 1914 1060 1946 S
1087 1914 1120 1946 R.
1151 1913 1183 1946 E.
1210 1913 1417 1946 cardinalium
1442 1911 1576 1955 negotiis
1601 1911 1673 1944 fidoi
1698 1923 1772 1955 pre-

1033 1966 1192 2010 pagandae
1218 1966 1471 2010 praepositorum
1497 1975 1610 2008 operae
1637 1965 1773 2008 pretium

1033 2031 1100 2053 esse
1126 2020 1223 2060 duxit,
1249 2020 1273 2052 si
1297 2019 1493 2052 sanctissimo
1519 2019 1646 2051 domino
1667 2024 1775 2052 nostro

1034 2074 1197 2118 placuerit,
1222 2084 1357 2106 canones
1372 2100 1379 2114 ,
1404 2073 1642 2106 constitutiones
1668 2077 1697 2104 ct
1721 2072 1773 2104 de·

1034 2131 1119 2161 creta
1143 2126 1324 2160 huiusmodi
1351 2126 1510 2168 innovare,
1532 2136 1567 2159 ac
1585 2126 1615 2158 in
1636 2136 1727 2158 usum
1747 2130 1775 2157 ct

1035 2181 1265 2214 observantiam
1301 2180 1470 2220 inducere,
1496 2179 1666 2224 praecipue
1703 2189 1776 2212 vcro

1776 214 1826 240 An.
1845 214 1874 240 C.
1893 214 1960 241 1660

1816 1870 1970 1895 Innovat,qua=

1789 1900 1905 1923 sequun'ur

1036 2234 1112 2267 haec
1132 2244 1212 2277 quae
1232 2237 1406 2276 sequuntur
1419 2233 1590 2273 declarare,
1612 2238 1650 2273 ct,
1671 2237 1775 2275 quate·

1035 2297 1093 2319 nus
1108 2297 1188 2330 opus
1202 2286 1250 2326 sit,
1264 2286 1302 2318 de
1321 2295 1402 2319 novo
1424 2290 1560 2318 statuere
1574 2291 1603 2317 et
1617 2285 1774 2318 ordinare.

1080 2350 1098 2372 1.
1125 2340 1157 2372 ln
1184 2339 1220 2372 iis
1245 2339 1400 2379 omnibus,
1421 2349 1500 2382 quae
1524 2338 1562 2370 ad
1588 2348 1694 2370 curam
1721 2348 1776 2370 seu
1792 2346 1975 2398 omilifflilsllliLaE

1037 2392 1177 2434 regimen
1202 2392 1378 2424 animarum
1411 2401 1617 2435 personarum
1651 2391 1773 2423 secula-
1792 2399 1975 2446 53¹2.utill'lll'illlss'.

1036 2446 1118 2478 rium
1144 2445 1316 2489 pcrtincnt,
1343 2445 1504 2487 regulares
1529 2444 1664 2477 cuiusvis
1689 2444 1777 2477 Ordi-
1793 2453 1869 2489 ‘¹¹,',¹·“.¹¹
1902 2458 1975 2477 ruff-e

1037 2499 1084 2531 nis
1109 2503 1202 2542 atquc
1221 2497 1351 2530 instituti
1373 2497 1522 2541 praefatis
1540 2497 1777 2541 archiepiscopo
1793 2482 1904 2505 ‘'¹“¹“'⁵''¹’

48 2290 51 2319 t
78 2291 190 2341 affigo&
213 2294 247 2315 ¹¹⁰·
307 2290 321 2333 ἓ
345 2290 375 2322 1.
410 2290 491 2323 Alias
528 2289 684 2322 emanavit
712 2299 729 2321 a
758 2287 1001 2331 congregatione

177 2327 248 2345 unare-

78 2346 249 2394 gjssffffiiasslffi-'J-ff2
262 2343 486 2376 venerabilium
513 2343 644 2375 fratrum
666 2347 847 2375 nostrorum
866 2342 895 2374 S.
914 2341 948 2373 R.
967 2341 999 2372 E.

51 2398 240 2421 ''lhfflw‘ssum-
263 2396 468 2429 cardinalium
501 2396 636 2439 negotiis
671 2394 892 2439 propagandae
930 2394 1000 2426 fidei

263 2449 514 2494 praepositorum
540 2449 700 2482 decretum
726 2448 842 2481 tenoris
867 2447 920 2490 qui
954 2458 998 2480 se-

264 2502 389 2546 quitur,
415 2502 575 2536 videlicet:

302 2619 312 2645 1
337 2618 372 2644 Ex
394 2617 500 2652 Regest.
522 2617 547 2643 in
569 2617 673 2643 Secret.
696 2616 770 2642 Brev.
1074 2617 1082 2640 1
1109 2612 1254 2650 praeposit.
1272 2614 1303 2642 in
1324 2621 1372 2641 nos
1387 2613 1512 2641 addimus
1527 2613 1564 2647 (a.
1583 2615 1631 2647 r).
