2243 3205
87 161 138 189 An.
153 158 183 188 G.
202 159 270 188 1662

890 154 1079 179 ALEXANDER
1103 154 1148 178 vn
1171 154 1219 178 ΡΡ.

287 215 352 240 non
375 210 477 239 terras
500 205 688 249 praedictas,
712 205 744 238 in
764 203 873 238 eodem
894 209 975 237 statu
1000 208 1029 236 et

288 270 357 294 esse
380 260 413 293 in
437 270 500 304 quo
519 259 558 292 ad
575 269 725 304 praesens
742 259 953 303 reperiuntur,
970 268 1029 302 pro

287 313 372 346 dicto
397 313 567 346 seminario
592 312 631 345 ad
655 312 800 346 effectum
825 312 908 344 illius
928 317 1029 344 trans-

267 366 423 407 ·lati0nis‚
448 366 515 399 sive
539 376 639 399 novae
663 365 846 407 erectionis,
873 369 906 398 ut
930 374 1025 408 prae-

135 2196 272 2218 Condiiionos

88 2224 206 2252 appositae.

287 420 397 461 fertur,
417 419 536 463 absque
554 418 615 457 alio
632 419 827 462 praeiudicio
845 418 943 462 ipsius
957 418 1029 450 emi-

286 473 463 507 nentissimi
488 473 607 506 domini
632 472 818 513 cardinalis,
843 471 973 515 eiusque
997 471 1029 503 in

289 526 372 560 dicto
387 526 580 560 monasterio
598 535 827 567 successorum,
846 525 1028 569 praeposito

286 588 323 611 ac
347 577 566 611 definitoribus
589 576 800 620 generalibus,
825 576 957 619 aliisque
977 586 1028 609 su—

286 631 465 676 perioribus
489 631 709 675 praesentibus
741 637 770 663 et
801 641 860 674 pro
885 635 1028 673 tempore

287 684 492 719 existentibus
516 684 591 717 dicti
616 684 750 725 Ordinis,
768 683 943 726 ceterisque
961 683 1030 716 reli-

287 738 384 782 giosis
409 738 548 771 eiusdem
573 738 719 779 Ordinis,
744 737 816 771 licet
851 737 994 770 absentes
1009 735 1027 779 ¹,

287 791 552 826 reverendissimo
577 791 658 835 patri
676 791 840 824 Dominico
861 801 877 822 a
897 790 1030 823 Sanctis-

288 846 369 879 sima
401 846 552 879 Trinitate
583 845 764 890 praeposito
790 843 930 888 generali
955 843 1028 877 dicti

291 899 417 934 Ordinis
458 899 696 933 Carmelitarum
739 898 1028 938 Discalceatorum,

287 963 412 987 necnon
443 953 614 986 admodum
642 952 817 985 reverendo
847 951 929 995 patri
962 951 1030 983 Phi-

288 1007 375 1051 lippo
400 1017 417 1040 a
442 1007 493 1041 SS.
518 1007 667 1040 Trinitate
691 1011 720 1039 et
749 1005 923 1038 reverendo
948 1005 1028 1048 patri

288 1060 486 1094 Balthassare
509 1070 526 1092 a
550 1060 579 1093 S.
604 1059 771 1093 Catherina
786 1058 926 1099 Senensi,
952 1057 1028 1090 defi-

287 1114 443 1147 nitoribus
478 1113 677 1156 generalibus
711 1111 864 1156 praedicti
905 1111 1029 1145 Ordinis

287 1167 546 1210 Congregationis
570 1166 686 1207 Italiae,
699 1165 918 1210 praesentibus
935 1171 965 1198 et
983 1176 1029 1198 ac-

287 1221 484 1265 ceptantibus
519 1220 612 1253 etiam
637 1230 695 1263 pro
720 1219 1028 1252 administratoribus

283 1274 469 1308 'reverendis
493 1273 638 1318 patribus
667 1273 781 1306 Ioanne
812 1283 828 1305 a
856 1272 885 1305 S.
918 1272 1029 1304 Hiero-

286 1339 381 1373 nymo
410 1333 441 1361 et
472 1327 567 1360 Paulo
589 1337 606 1358 a
626 1326 678 1360 SS.
705 1326 908 1359 Sacramento
934 1325 1026 1358 etiam

287 1381 506 1415 definitoribus
529 1379 731 1424 generalibus
748 1379 872 1413 Ordinis
897 1384 927 1411 et
950 1379 1028 1412 Con-

287 1434 481 1480 gregationis
513 1433 691 1478 praedictae
730 1432 934 1475 absentibus,
968 1443 1027 1476 pro

288 1489 413 1534 quibus,
439 1493 468 1522 et
492 1492 644 1532 quatenus
664 1497 742 1531 opus
763 1486 811 1527 sit,
836 1486 874 1518 de
899 1491 967 1518 rato
997 1485 1028 1518 in

286 1544 391 1578 forma
427 1541 704 1587 promittentibus3
738 1541 779 1573 ita
812 1540 917 1584 quod,
951 1544 1027 1582 etc.,

287 1597 373 1640 alias,
399 1602 468 1637 etc„
493 1596 524 1629 in
548 1601 739 1640 perpetuum
761 1594 916 1628 concessit
934 1599 964 1627 et
980 1605 1028 1627 as-

287 1651 432 1694 signavit,
457 1660 529 1683 cum
554 1650 693 1682 clausula
714 1654 744 1682 et
768 1649 881 1682 effectu
905 1649 1025 1682 consti-

287 1705 343 1740 tuti
369 1704 401 1737 in
424 1704 538 1744 forma,
552 1703 640 1737 nullo
665 1703 744 1743 iure,
759 1709 827 1745 ete,
851 1703 911 1735 nisi
930 1703 1027 1736 infra-

287 1758 413 1802 scriptis
437 1757 580 1800 legibus,
604 1756 838 1790 conditionibus
867 1762 898 1789 et
927 1767 1024 1789 reser-

286 1811 463 1845 vationibus
495 1810 576 1843 inter
607 1811 712 1854 ipsum
744 1809 1027 1842 eminentissimum

286 1865 449 1899 dominum
475 1864 667 1898 cardinalem
693 1870 722 1897 et
742 1863 921 1908 praedictos
938 1874 1026 1896 reve-

286 1919 421 1953 rendum
445 1924 569 1963 patrem
602 1917 815 1961 praepositum
845 1917 1026 1960 generalem

286 1978 317 2007 et
340 1973 612 2006 administratores
636 1971 826 2004 reverendos
850 1975 955 2014 patres
976 1970 1027 2003 de-

285 2027 428 2061 finitores
439 2025 567 2060 nomine
587 2025 718 2069 proprio
737 2035 773 2058 ac
794 2025 888 2057 totius
902 2024 1026 2057 Ordinis

285 2080 466 2115 huiusmodi
484 2079 541 2113 sub
561 2079 672 2113 eodem
691 2078 887 2123 beneplacito
906 2083 1028 2122 aposto-

286 2135 348 2176 lico
372 2134 534 2168 conventis
558 2138 589 2166 et
612 2133 745 2173 statutiS,
770 2133 931 2167 videlicet:

331 2187 419 2227 Quod
445 2187 551 2220 titulus
582 2191 612 2219 et
644 2186 857 2220 denominatio
885 2186 1027 2219 abbatiae

286 2242 476 2288 praedictae,
500 2251 536 2274 ac
560 2240 689 2281 fructus,
713 2239 864 2282 redditus,
891 2251 1026 2284 proven-

287 2301 347 2339 tus,
368 2295 446 2336 iura,
472 2294 686 2334 obventiones,
711 2293 941 2334 emolumenta,
968 2304 1027 2334 res,

287 2350 381 2392 bona,
408 2349 500 2389 dona,
524 2348 743 2392 proprietates,
769 2347 908 2392 praedia,
931 2347 1026 2381 iuris-

288 2403 461 2444 dictiones,
486 2402 645 2443 actiones,
670 2412 789 2435 annexa
814 2407 843 2434 et
866 2412 1046 2451 connexam

287 2457 486 2503 pertinentia,
504 2455 722 2500 dependentia,
739 2455 922 2496 adiacentia,
940 2466 1028 2499 prae-

288 2515 336 2546 ter
359 2509 551 2556 praemissa,
576 2519 702 2550 census,
727 2519 871 2552 canones,
897 2519 1028 2554 respon-

325 2577 335 2602 1
359 2574 460 2602 Forsan
474 2572 620 2609 legendum
635 2573 800 2601 absentibus
813 2574 853 2608 (a.
871 2573 919 2607 τ.).

371 2629 450 2658 Ball.
470 2628 554 2657 Rom.
570 2644 603 2647 —
622 2627 683 2656 Vol.
698 2627 774 2657 XVI.
922 2625 956 2654 97

1043 2592 1047 2608 l

1063 203 1167 236 siones
1191 206 1221 236 et
1244 202 1304 235 alia
1335 210 1554 246 quaecumque
1585 200 1615 233 in
1646 199 1808 243 quibusvis

1063 256 1158 289 rebus
1183 256 1384 289 consistentia
1408 255 1489 288 bona
1514 254 1552 288 ad
1578 253 1807 287 monasterium

1063 310 1260 354 praedictum
1286 308 1525 352 quomodolibet
1552 314 1581 341 et
1606 317 1807 352 quocumque

1064 363 1155 396 titulo
1180 362 1355 406 spectantia
1380 368 1410 395 et
1434 362 1633 406 pertinentia,
1659 361 1696 394 ad
1721 371 1808 405 prae-

1065 416 1184 449 dictum
1210 416 1374 449 dominum
1401 415 1592 449 cardinalem
1623 420 1653 448 et
1683 414 1749 447 eius
1774 415 1806 447 in

1064 470 1148 503 dicto
1184 469 1377 503 monasterio
1413 479 1611 502 successores
1640 468 1739 501 libere
1770 478 1807 501 ac

1064 524 1157 567 pleno
1182 523 1260 564 iure,
1281 523 1411 566 perinde
1431 533 1466 555 ac
1483 522 1508 555 si
1529 522 1689 556 concessio
1714 532 1806 565 prae-

1064 577 1146 610 dicta
1165 577 1245 609 facta
1262 586 1325 609 non
1338 576 1457 617 suisset,
1475 580 1627 620 perpetuo
1650 581 1808 608 reservata

1064 631 1217 670 existant;
1250 630 1327 663 itaut
1358 630 1465 662 eadem
1496 629 1657 662 concessio
1682 639 1807 672 semper

1064 684 1258 726 intelligatur
1284 683 1362 716 sacta
1387 688 1417 716 et
1442 693 1509 716 esse
1533 682 1645 715 debeat
1669 682 1707 714 de
1732 682 1807 714 solis

1065 741 1094 771 et
1116 737 1209 770 nudis
1235 737 1334 769 muris
1359 736 1457 780 ipsius
1482 736 1642 776 ecclesiae,
1661 735 1807 779 illiusque

1064 791 1243 832 domorum,
1269 801 1305 823 ac
1330 789 1368 823 de
1393 789 1543 822 viridario
1560 794 1590 821 et
1612 788 1703 822 terris
1720 799 1807 832 prae-

1065 845 1166 885 dictis,
1192 855 1227 878 ac
1252 844 1358 877 omnia
1383 849 1412 877 et
1437 843 1560 886 singula
1584 842 1643 875 alia
1661 842 1806 886 superius

1064 908 1211 941 expressa
1235 903 1360 941 praeter
1384 897 1461 930 haec
1479 896 1653 940 praemissa
1677 906 1694 928 a
1718 906 1807 939 prae-

1064 951 1154 984 dictis
1179 950 1312 983 ecclesia
1337 956 1367 983 et
1391 949 1593 991 monasterio,
1619 949 1712 981 etiam
1734 960 1806 992 per-

1063 1010 1174 1048 petuo,
1200 1005 1324 1048 penitus
1349 1009 1378 1036 et
1403 1003 1532 1036 omnino
1557 1002 1711 1042 seiuncta,
1737 1002 1803 1035 dis-

1064 1058 1179 1098 iuncta,
1204 1057 1312 1097 divisa,
1337 1062 1481 1100 separata
1505 1061 1535 1089 et
1551 1061 1717 1099 segregata
1738 1066 1805 1089 esse

1064 1110 1197 1143 debeant
1214 1114 1243 1144 et
1260 1110 1487 1152 intelligantur,
1507 1109 1585 1142 itaut
1605 1109 1804 1152 praepositus

1063 1164 1219 1207 generalis
1255 1169 1284 1197 et
1320 1164 1372 1196 alii
1405 1163 1586 1207 superiores
1623 1174 1658 1196 ac
1690 1163 1805 1197 fratres

1063 1217 1222 1250 seminarii
1248 1222 1278 1250 et
1303 1216 1427 1250 Ordinis
1452 1216 1644 1256 huiusmodi,
1669 1216 1706 1248 ad
1732 1226 1806 1259 quo-

1063 1281 1133 1304 rum
1159 1270 1299 1304 favorem
1316 1270 1394 1303 haec
1412 1269 1573 1303 concessio
1590 1269 1633 1311 fii,
1652 1269 1695 1301 nil
1720 1269 1805 1302 aliud

1062 1335 1200 1368 unquam
1217 1325 1378 1369 perpetuis
1392 1324 1506 1357 suturis
1521 1323 1716 1367 temporibus
1732 1334 1806 1366 quo-

1063 1379 1108 1412 vis
1125 1384 1299 1423 praetextu,
1312 1378 1405 1411 etiam
1420 1377 1581 1421 inopinato
1600 1382 1628 1409 et
1645 1387 1680 1409 ex
1697 1377 1805 1421 quavis

1063 1435 1174 1474 causa,
1200 1434 1294 1466 etiam
1319 1434 1441 1466 ratione
1466 1443 1598 1466 onerum
1627 1431 1805 1475 praedictae

1063 1486 1213 1519 ecclesiae
1237 1486 1489 1519 incumbentium
1510 1490 1540 1518 et
1558 1485 1684 1518 illorum
1707 1485 1806 1517 adim-

1062 1540 1232 1584 plementi,
1258 1540 1380 1572 etiamsi
1417 1539 1535 1583 aliquid
1560 1549 1596 1571 ex
1620 1538 1805 1581 praemissis

1062 1605 1120 1638 pro
1144 1594 1390 1637 adimplemento
1406 1603 1539 1626 onerum
1557 1592 1734 1636 specialiter
1752 1592 1805 1625 do-

1063 1652 1170 1679 natum
1204 1657 1259 1679 seu
1292 1646 1436 1679 relictum
1463 1646 1592 1686 suisset,
1625 1645 1742 1677 habere
1775 1651 1805 1678 et

1062 1701 1267 1745 praetendere
1303 1711 1366 1734 non
1400 1700 1543 1744 possint,
1581 1704 1804 1742 praeterquam

1062 1755 1178 1788 nudam
1200 1755 1375 1795 ecclesiam,
1400 1754 1544 1794 fabricas,
1570 1752 1754 1785 viridarium
1774 1758 1804 1785 et

1064 1815 1162 1841 terras
1186 1808 1382 1852 praedictas,
1415 1817 1538 1840 necnon
1572 1806 1664 1838 etiam
1701 1806 1803 1839 eidem

1062 1862 1310 1895 eminentissimo
1334 1861 1463 1894 domino
1489 1859 1650 1899 cardinali,
1675 1870 1710 1892 ac
1736 1860 1802 1892 eius

1062 1916 1093 1948 in
1105 1915 1266 1959 praedicto
1281 1914 1470 1948 monasterio
1488 1913 1724 1947 successoribus
1740 1918 1802 1946 tres

1062 1970 1192 2003 stantiae
1216 1969 1248 2002 in
1272 1969 1354 2003 dicto
1379 1968 1571 2001 monasterio
1595 1977 1695 2010 prope
1721 1977 1799 2010 por-

1062 2023 1172 2056 tariam
1197 2023 1235 2056 ad
1259 2033 1369 2056 eorum
1395 2022 1556 2054 dumtaxat
1581 2032 1672 2053 usum
1693 2026 1723 2052 et
1745 2020 1801 2052 lia-

1062 2076 1246 2110 bitationem
1270 2087 1328 2120 pro
1352 2076 1479 2108 illorum
1504 2074 1649 2119 personis
1683 2078 1801 2107 tantum

1062 2135 1263 2163 reserventur
1287 2134 1317 2161 et
1341 2134 1517 2162 reservatae
1542 2128 1673 2160 existant
1699 2132 1728 2159 et
1754 2127 1801 2158 in-

1062 2184 1263 2227 telligantur,
1299 2187 1328 2215 et
1363 2182 1517 2226 praedicti
1548 2180 1746 2225 praepositus
1772 2185 1801 2212 ct

1062 2237 1243 2271 definitores
1269 2236 1441 2279 generales,
1459 2241 1488 2268 et
1505 2246 1562 2279 pro
1581 2241 1724 2278 tempore
1742 2234 1802 2266 exi-

1062 2297 1177 2325 stcntes
1201 2290 1381 2334 superiores
1412 2294 1441 2322 et
1474 2288 1525 2320 alii
1562 2288 1702 2331 religiosi
1727 2287 1801 2320 dicti

1062 2345 1186 2379 Ordinis
1217 2349 1382 2377 teneantur
1417 2348 1446 2375 et
1482 2341 1612 2384 obligati
1646 2341 1800 2382 existant,

1063 2404 1157 2443 prout
1171 2397 1339 2442 supradicti
1350 2395 1602 2429 reverendissimi
1616 2400 1704 2438 pater
1714 2406 1802 2438 prac-

1063 2453 1182 2497 positus
1207 2457 1236 2485 ct
1260 2457 1364 2495 patres
1389 2450 1553 2494 Philippus
1570 2454 1600 2481 et
1624 2449 1802 2481 Baltliassar

1062 2507 1243 2540 definitores
1268 2511 1297 2538 et
1329 2515 1387 2549 pro
1421 2504 1489 2537 aliis
1521 2502 1739 2536 definitoribus
1769 2506 1803 2535 ut

1062 2571 1156 2606 supra
1173 2559 1354 2603 obligarunt
1367 2563 1396 2592 et
1411 2557 1635 2603 promiserunt,
1651 2555 1802 2601 quamdiu

1707 140 1781 179 ⁷769
1826 149 1875 177 An.
1894 147 1923 178 c.
1939 148 2007 176 1662
