2243 3205
5 417 8 448 1

6 458 8 479 Ι

7 488 10 543 l

8 549 12 565 t

9 599 11 615 l

17 898 19 911 4

18 947 21 966 1

19 977 22 1011 1

19 1015 22 1035 Ι

21 1043 23 1064 Ι

21 1091 25 1103 0

55 245 99 271 An.
115 241 142 268 C.
162 239 231 267 1660

119 513 232 536 Soereiani

56 548 132 566 nuum.

82 938 196 961 clausulae.

843 238 1027 263 ALEXANDER
1048 238 1092 262 vn
1112 239 1160 262 1¹1¹.

245 285 399 327 mandata,
424 296 504 330 quae
528 286 618 319 aliter
642 296 735 330 quam
766 286 804 319 ad
828 286 984 331 praescri-

245 344 330 383 ptam
355 339 488 372 sormam
510 339 585 372 fient
610 339 756 383 deinceps
786 345 838 372 aut
863 350 987 373 emana-

246 392 357 434 verint,
382 392 498 426 nullius
523 404 654 437 prorsus
686 393 810 427 roboris
847 404 882 426 ac
918 403 985 426 mo-

247 445 343 478 menti
368 445 511 479 existant.

292 499 307 542 §
338 498 367 532 Ξ.
401 498 460 531 Per
496 499 641 532 eumdem
674 509 748 532 vero
782 499 986 532 secretarium

247 551 329 584 inter
345 555 412 583 acta
427 552 585 595 praefatae
599 552 853 595 congregationis
867 552 904 585 de
918 553 990 586 Pro-

247 604 392 648 paganda
412 604 487 638 Fide
505 605 684 638 inserantur
704 610 796 649 atque
821 616 986 639 asserven-

249 662 309 698 tur,
327 662 367 699 et,
386 658 411 691 si
425 658 501 701 quid
514 658 643 701 dignum
655 659 867 692 existimatum
886 659 989 701 fuerit,

248 710 287 743 ad
310 720 367 743 nos
392 716 422 744 et
447 721 506 755 pro
537 715 679 755 tempore
708 711 891 746 existentem
923 713 986 746 Ro-

250 774 377 796 manum
411 764 595 797 Pontificem
627 765 807 806 deferatur,
837 765 927 798 sicuti
952 765 990 798 de

248 817 382 860 negotiis
406 818 605 861 gravioribus
634 824 826 853 memoratae
857 830 989 863 congre-

248 871 383 914 gationis
407 871 477 905 fieri
503 873 673 905 consuevit.

293 924 308 968 ἓ
331 923 361 957 3.
386 925 596 958 Decernentes
617 925 742 958 easdem
760 930 943 969 praesentes
960 931 990 959 et

249 975 281 1009 in
305 976 350 1010 eis
374 981 519 1011 contenta
535 989 765 1022 quaecumque,
786 979 878 1011 etiam
898 989 934 1011 ex
953 989 989 1012 eo

249 1029 334 1073 quod
365 1030 516 1074 praefati,
541 1037 571 1064 et
595 1031 647 1064 alii
672 1031 820 1075 quilibet,
854 1031 990 1065 cuiusvis

252 1087 371 1124 status,
395 1084 532 1127 gradus,
558 1085 699 1125 ordinis,
723 1085 990 1128 praeeminentiae

252 1141 282 1169 et
305 1136 483 1179 dignitatis,
508 1137 600 1170 etiam
625 1138 772 1182 specifica
794 1143 823 1171 et
843 1140 990 1182 expressa

252 1191 411 1225 mentione
438 1191 550 1234 dignae
581 1192 724 1233 existant,
751 1192 782 1224 in
809 1192 990 1236 praemissis

253 1245 359 1278 forsan
383 1245 534 1278 interesse
558 1256 685 1289 quoquo
715 1245 809 1279 modo
839 1245 991 1278 habentes

252 1304 306 1332 aut
328 1298 444 1332 habere
469 1298 723 1342 praetendentes,
749 1298 809 1331 illis
832 1308 896 1331 non
920 1309 991 1332 con-

253 1352 418 1392 senserint,
443 1356 496 1384 aut
520 1351 559 1384 ad
583 1362 618 1384 ea
639 1352 739 1385 vocati
764 1357 794 1384 et
813 1351 909 1384 auditi
930 1361 992 1384 non

252 1404 379 1446 fuerint,
404 1414 459 1438 seu
484 1414 606 1445 causae,
636 1410 767 1449 propter
796 1415 873 1448 quas
900 1414 992 1448 prae-

254 1463 357 1492 sentes
370 1463 567 1499 emanarunt,
580 1457 732 1491 adductae
744 1463 795 1491 aut
810 1457 994 1491 iustificatae

254 1516 284 1547 et
302 1512 479 1546 verificatae
496 1522 559 1546 non
576 1512 702 1553 fuerint,
723 1512 770 1544 vel
788 1522 823 1544 ex
842 1511 901 1544 alia
916 1522 994 1555 qua-

255 1577 391 1610 cumque
426 1565 626 1610 quantumvis
662 1565 765 1607 iusta,
802 1564 934 1598 iuridiea
966 1569 996 1597 et

256 1620 454 1665 privilegiata
485 1621 601 1661 causa,
626 1620 753 1662 colore,
778 1623 942 1663 praetextu
967 1622 996 1652 et

256 1674 378 1719 capite,
410 1674 503 1707 etiam
535 1673 566 1706 in
596 1683 731 1717 corpore
763 1673 840 1706 iuris
868 1672 995 1713 clauso,

255 1728 342 1761 nullo
367 1738 505 1772 unquam
536 1732 679 1771 tempore
710 1727 748 1760 de
783 1726 996 1770 subreptionis

257 1782 304 1816 vel
329 1781 525 1826 obreptionis
539 1785 591 1815 aut
607 1780 758 1815 nullitatis
776 1780 862 1821 vitio,
881 1790 935 1813 seu
953 1780 996 1812 in-

258 1835 406 1869 tentionis
423 1838 550 1869 nostrae
567 1840 620 1868 aut
642 1835 792 1868 interesse
812 1833 996 1867 habentium

259 1900 448 1929 consensus,
473 1889 573 1922 aliove
606 1888 747 1932 quolibet
778 1888 871 1921 etiam
905 1887 995 1922 inco-

259 1943 357 1986 gitato
378 1947 408 1975 et
432 1941 625 1984 incogitabili
651 1941 771 1974 defectu
796 1940 908 1982 notari,
933 1941 994 1973 im-

258 1995 411 2039 pugnari,
438 1994 584 2037 infringi,
609 1994 791 2034 retractari,
817 1994 847 2026 in
873 1999 998 2027 contro-

261 2049 393 2083 versiam
419 2048 583 2089 revocari,
608 2053 661 2081 aut
684 2048 722 2081 ad
747 2048 897 2081 terminos
922 2048 999 2081 iuris

259 2102 377 2144 reduci,
402 2113 457 2135 seu
474 2102 624 2135 adversus
642 2102 709 2135 illas
728 2101 909 2146 aperitionis
923 2102 997 2145 oris,

259 2154 465 2189 restitutionis
491 2154 522 2187 in
547 2154 719 2197 integrum,
746 2154 868 2187 aliudve
892 2154 995 2198 quod-

260 2219 395 2252 cumque
420 2208 507 2250 iuris,
533 2208 603 2241 facti
622 2208 668 2241 vel
689 2208 808 2251 gratiae
822 2209 997 2241 remedium

260 2262 434 2307 impetrari,
451 2267 504 2295 aut
528 2263 705 2306 impetrato,
727 2262 774 2295 vel
792 2262 884 2295 etiam
901 2268 998 2303 motu,

261 2316 391 2350 scientia
416 2321 446 2350 et
470 2316 631 2360 potestatis
656 2315 850 2359 plenitudine
870 2315 999 2360 paribus

261 2380 412 2404 concesso
436 2369 616 2414 quempiam
644 2370 674 2402 in
700 2370 816 2404 iudicio
841 2371 887 2403 vel
914 2376 1001 2403 extra

262 2423 338 2457 illud
358 2423 403 2456 uti
428 2433 482 2456 seu
508 2433 540 2455 se
566 2423 672 2455 iuvare
697 2433 810 2466 posse,
843 2423 895 2456 sed
920 2424 1001 2467 ipsas

261 2481 442 2522 praesentes
465 2476 584 2509 litteras
609 2486 733 2520 semper
750 2476 868 2519 sirmas,
886 2477 1001 2510 validas

263 2536 293 2564 et
316 2530 457 2564 efficaces
482 2529 615 2562 existere
640 2535 669 2562 et
694 2530 769 2570 sore,
788 2540 924 2574 suosque
941 2532 1001 2575 ple-

262 2584 368 2618 narios
392 2588 422 2617 et
447 2583 585 2626 integros
614 2583 744 2616 effectus
768 2584 874 2618 sortiri
892 2589 922 2617 et
939 2585 997 2618 ob<

264 2637 373 2678 tinere,
398 2648 432 2669 ac
457 2636 495 2669 ab
520 2636 589 2680 illis,
608 2636 644 2669 ad
666 2647 744 2681 quos
765 2642 882 2682 spectat
897 2643 925 2670 et
943 2649 1000 2682 pro

1661 230 1724 265 639

1019 291 1163 329 tempore
1187 287 1449 332 quandocumque
1471 288 1637 331 spectabit,
1657 288 1758 321 invio-

1019 339 1156 372 labiliter
1180 346 1209 372 et
1233 340 1418 374 inconcusse
1451 341 1624 383 observari,
1651 341 1759 385 sicque

1020 398 1050 426 et
1073 403 1136 426 non
1161 393 1251 426 aliter
1265 394 1296 426 in
1316 395 1497 438 praemissis
1514 405 1571 439 per
1595 405 1760 438 quoscum-

1021 457 1081 491 que
1105 446 1223 480 iudices
1248 447 1425 480 ordinarios
1438 453 1466 480 et
1478 448 1648 491 delegatos,
1667 448 1760 481 etiam

1022 510 1186 533 causarum
1212 500 1317 544 palatii
1343 501 1506 544 apostolici
1531 501 1700 543 auditores,
1725 513 1762 536 ac

1023 558 1146 586 sanctae
1165 554 1324 587 Romanae
1344 554 1500 587 Ecclesiae
1524 555 1682 598 praefatae
1699 566 1764 588 car-

1023 606 1151 647 dinales,
1177 606 1269 640 etiam
1296 607 1333 640 de
1354 608 1451 640 latere
1472 608 1606 650 legatos,
1632 612 1661 642 et
1685 608 1763 643 alios

1023 660 1183 703 quoslibet
1208 661 1317 704 quavis
1349 661 1532 695 auctoritate
1557 668 1587 694 et
1610 667 1763 706 potestate

1024 714 1188 757 fungentes
1206 713 1249 747 et¹
1268 715 1442 756 functuros‚
1467 715 1589 748 sublata
1607 716 1650 748 eis
1668 722 1697 749 et
1714 727 1763 749 eo-

1024 778 1094 800 rum
1123 767 1250 800 cuilibet
1286 768 1395 812 quavis
1427 768 1517 801 aliter
1550 768 1706 802 iudicandi
1734 773 1763 803 et

1025 819 1251 864 interpretandi
1277 821 1421 853 facultate
1446 826 1475 854 et
1500 821 1696 861 auctoritate,
1720 821 1764 854 iu-

1024 873 1121 906 dicari
1146 878 1176 906 et
1201 873 1325 906 definiri
1351 873 1488 915 debere,
1518 885 1553 907 ae
1585 874 1710 907 irritum
1735 878 1765 908 et

1024 926 1115 958 inane
1151 926 1175 958 si
1212 937 1301 959 secus
1332 937 1427 970 super
1451 927 1500 959 his
1534 937 1550 959 a
1582 937 1763 971 quoquam,

1025 979 1132 1022 quavis
1157 979 1358 1021 auctoritate,
1384 980 1518 1012 scienter
1544 980 1590 1012 vel
1616 979 1764 1023 ignoran-

1025 1037 1081 1072 ter,
1107 1031 1275 1075 contigerit
1298 1032 1452 1065 attentari.

1070 1086 1084 1129 g
1098 1085 1127 1117 4.
1143 1085 1211 1118 Non
1224 1085 1419 1118 obstantibus
1434 1085 1628 1129 praemissis,
1638 1096 1683 1127 ac,
1694 1085 1766 1130 qua-

1025 1144 1115 1172 tenus
1140 1149 1220 1182 opus
1239 1138 1288 1180 sit,
1307 1141 1414 1172 nostra
1429 1145 1458 1172 et
1472 1139 1676 1172 cancellariae
1694 1151 1766 1184 apo-

1026 1192 1154 1226 stolicae
1192 1193 1303 1235 regula
1340 1192 1377 1225 de
1416 1193 1483 1226 iure
1522 1193 1663 1236 quaesito
1702 1204 1766 1227 non

1026 1247 1175 1289 tollendo⁷
1197 1247 1329 1290 aliisque
1346 1247 1620 1280 constitutionibus
1639 1252 1669 1279 et
1686 1247 1766 1280 ordi-

1026 1300 1204 1334 nationibus
1231 1300 1423 1344 apostolieis,
1441 1305 1470 1333 et
1487 1300 1620 1333 decretis
1640 1301 1767 1344 quibus-

1027 1365 1162 1398 cumque
1187 1359 1249 1387 tam
1275 1354 1358 1386 circa
1383 1354 1560 1388 facultatem
1591 1354 1645 1387 uni
1674 1354 1766 1387 dum-

1027 1412 1110 1440 taxat
1126 1418 1161 1440 ex
1179 1407 1325 1451 praefatis
1339 1406 1571 1451 protectoribus
1584 1407 1767 1440 concessae‘2

1027 1471 1120 1505 quam
1146 1460 1229 1494 cirea
1249 1461 1309 1493 alia
1329 1471 1556 1504 quaecumque,
1582 1471 1661 1504 quae
1679 1472 1768 1505 prac-

1029 1514 1170 1547 sentibus
1202 1514 1314 1546 litteris
1347 1524 1519 1557 carumque
1552 1513 1768 1547 observantiae

1029 1578 1156 1612 quoquo
1175 1567 1268 1601 modo
1285 1567 1500 1608 adversentur,
1521 1568 1683 1610 emanatis,
1700 1578 1769 1600 nec-

1029 1632 1092 1655 non
1107 1620 1277 1665 supradicti
1291 1620 1415 1663 collegii
1433 1620 1601 1661 erectione,
1615 1631 1650 1654 ac
1664 1621 1766 1663 etiam,

1031 1674 1218 1716 iuramento,
1244 1674 1482 1708 confirmatione
1507 1674 1695 1718 apostolica,
1721 1674 1768 1708 vel

1030 1728 1138 1773 quavis
1163 1728 1310 1761 firmitate
1330 1728 1389 1760 alia
1407 1727 1573 1769 roboratis,
1598 1727 1719 1761 statutis
1739 1733 1769 1761 et

1030 1781 1310 1815 consuetudinibus
1337 1781 1429 1814 etiam
1454 1781 1769 1824 immemorabilibus,

1032 1835 1204 1880 privilegiis
1229 1846 1364 1879 quoque,
1385 1834 1512 1868 indultis
1528 1835 1681 1868 etlitteris
1694 1845 1770 1879 apo-

1031 1889 1158 1929 stolicis,
1177 1888 1234 1921 sub
1255 1889 1507 1932 quibuscumque
1532 1888 1700 1922 verborum
1725 1894 1769 1922 te-

1031 1942 1162 1976 noribus
1177 1947 1207 1975 et
1219 1942 1338 1983 formis,
1355 1952 1390 1975 ac
1408 1952 1478 1975 cum
1492 1941 1652 1985 quibusvis
1666 1942 1770 1984 etiam,

1032 1996 1304 2039 derogatoriarum
1331 1996 1552 2039 derogatoriis,
1573 1996 1705 2040 aliisque
1728 1996 1772 2029 ef-

1032 2050 1231 2084 ficacioribus
1255 2055 1284 2084 et
1309 2050 1441 2084 insolitis
1466 2050 1624 2091 clausulis,
1648 2050 1772 2083 irritan-

1033 2104 1177 2148 tibusque
1202 2107 1232 2138 et
1255 2104 1323 2137 aliis
1349 2103 1497 2144 decretis,
1523 2103 1553 2136 in
1584 2114 1699 2147 genere
1725 2104 1772 2136 vel

1033 2158 1064 2190 in
1088 2158 1202 2201 specie,
1234 2158 1326 2191 etiam
1345 2157 1614 2198 consistorialiter,
1644 2162 1674 2190 et
1697 2157 1772 2190 alias

1033 2210 1273 2255 quomodolibet
1303 2211 1334 2243 in
1367 2211 1559 2244 contrarium
1587 2210 1773 2254 praemisso-

1034 2275 1103 2297 rum
1129 2264 1296 2305 concessis,
1322 2264 1515 2298 confirmatis
1540 2275 1575 2297 ac
1596 2264 1714 2308 pluries
1732 2264 1773 2297 in-

1034 2318 1175 2358 novatis,
1212 2317 1326 2362 quibus
1366 2317 1512 2351 omnibus
1552 2323 1582 2350 et
1621 2317 1772 2361 singulis,

1035 2371 1155 2404 etiamsi
1171 2381 1228 2415 pro
1242 2371 1368 2405 illorum
1386 2370 1550 2404 sufficienti
1571 2370 1775 2414 derogatione

1035 2424 1072 2457 de
1086 2424 1146 2457 illis
1164 2434 1337 2468 corumque
1355 2425 1426 2457 totis
1440 2423 1603 2457 tenoribus
1617 2424 1773 2468 specialis,

1035 2478 1201 2522 specifica,
1232 2488 1379 2522 expressa
1410 2482 1440 2510 ct
1473 2477 1653 2519 individua,
1677 2488 1712 2512 ac
1737 2479 1775 2512 de

1036 2531 1132 2564 verbo
1157 2531 1194 2563 ad
1219 2531 1371 2571 verbum,
1396 2541 1457 2565 non
1479 2536 1583 2564 autem
1607 2542 1664 2576 per
1689 2532 1773 2566 clau-

1072 2604 1081 2629 1
1106 2602 1172 2629 Male
1195 2602 1259 2630 edit.
1277 2602 1355 2629 Main.
1373 2602 1437 2637 legit
1451 2604 1611 2637 sitnqentes,
1629 2612 1660 2630 eo
1677 2606 1713 2637 (n.
1725 2605 1773 2639 τ.).

1070 2648 1085 2673 ⁹).
1107 2647 1216 2674 Videtur
1232 2647 1374 2683 legendum
1390 2656 1550 2674 concessam
1565 2654 1602 2679 «Π.
1620 2650 1666 2683 Τ.).

1771 241 1820 267 An.
1837 241 1865 267 C.
1888 241 1957 269 1660

1803 1100 1918 1121 Contrariis
1928 1100 1963 1121 de-

1781 1129 1848 1151 rogat.
