2243 3205
65 186 115 213 An.
136 185 164 211 G.
185 185 253 211 1658

91 458 201 480 confirmat
212 459 246 477 tte-

64 489 149 507 cretum.

78 2092 81 2095 Ι
94 2065 201 2095 Contraria
218 2072 249 2086 re·

69 2095 119 2113 nen.

854 187 1038 211 ALExANDEn
1065 187 1108 211 vn
1133 188 1180 212 ΓΡ.

1677 181 1715 213 lit
1728 181 1738 213 1

261 237 430 276 propterea
444 233 516 267 dieti
534 238 725 278 exponentes
746 234 908 268 humiliter
927 246 1000 280 sup-
1038 236 1175 269 vembris
1201 246 1352 277 noeman,
1375 238 1573 282 pontificatus
1598 239 1697 273 nostri
1723 250 1778 272 an-

261 286 371 330 plicari
396 287 547 329 fecerunt,
572 294 603 321 ut
630 288 660 321 in
685 289 868 333 praemissis
889 300 1003 333 oppor-
1037 300 1077 323 no
1104 301 1143 323 1v.

262 344 336 373 tune
368 346 401 373 ut
433 341 512 374 infra
541 342 707 386 providere
741 343 779 376 de
811 342 1004 386 benignitate

262 394 433 437 apostolica
458 394 670 438 dignaremur.

307 446 363 489 §2
378 447 441 481 Nos
457 448 564 491 igitur,
586 449 712 482 eosdem
728 454 919 493 exponentes
936 459 1004 493 spe-

262 500 393 533 cialibus
418 501 577 535 savoribus
601 508 631 534 et
655 502 764 545 gratiis
784 503 934 546 prosequi
953 513 1004 536 vo-

262 553 371 596 lentes,
389 560 449 587 eta
470 555 633 599 quibusvis
658 556 1004 596 excommunicationis,

261 608 477 652 suspensionis
503 614 532 642 et
558 609 726 651 interdicti,
751 610 883 654 aliisque
909 611 1005 643 eccle-

261 662 394 695 siasticis
418 662 594 703 sententiis,
620 663 763 696 censuris
788 669 815 696 et
842 664 962 708 poenis,
989 674 1005 696 a

261 715 330 748 iure
355 716 402 748 vel
427 716 465 748 ab
482 716 621 757 homine,
639 716 749 760 quavis
775 717 941 751 occasione
958 718 1004 750 vel

261 771 353 801 eausa
378 769 457 811 latis,
480 769 504 802 si
522 769 637 814 quibus
657 770 895 814 quomodolibet
920 772 1006 805 inno-

259 822 322 855 dati
355 823 513 865 existunt,
545 824 583 856 ad
619 824 764 859 effectum
790 825 1004 869 praesentium

259 875 421 911 dumtaxat
456 877 737 922 consequendum,
774 878 886 911 harum
924 879 1005 912 serie

260 929 457 964 absolventes
482 937 511 964 et
536 931 698 965 absolutos
724 932 790 965 sore
823 939 1004 973 censentes,

260 982 441 1017 huiusmodi
467 984 752 1028 supplicationibus
784 985 941 1026 inclinati⁷
967 985 1005 1018 de

262 1037 445 1070 eorumdem
472 1038 679 1071 cardinalium
706 1038 854 1081 consilio,
880 1039 1005 1071 attentis

259 1090 406 1132 narratis,
427 1102 466 1124 ne
490 1102 549 1136 pax
568 1097 597 1124 et
614 1092 825 1136 tranquillitas
846 1093 1005 1136 praefatae

260 1145 441 1189 provinciae
459 1147 551 1179 causa
570 1146 818 1190 praemissorum
837 1147 1005 1191 perturbe-

261 1203 322 1239 tur,
348 1209 402 1232 seu
427 1199 503 1232 alias
527 1199 645 1233 bonum
667 1200 809 1244 regimen
839 1200 1005 1233 detrimen-

262 1257 327 1285 tum
353 1252 512 1296 patiatur,
537 1254 712 1297 praefatum
746 1253 923 1297 decretum,
950 1265 1004 1287 sen

261 1311 410 1340 statutum
429 1311 458 1341 et
476 1308 656 1341 mandatum
676 1309 910 1352 exponentium,
929 1319 1005 1353 qua-

262 1365 352 1393 tenus
378 1366 412 1393 ut
440 1361 557 1394 dictum
577 1363 649 1402 est¹,
674 1361 815 1405 legitime
841 1372 1004 1395 emanave-

262 1413 312 1454 rit,
329 1414 502 1458 apostolica
520 1415 717 1455 anctoritate,
735 1420 844 1448 tenore
861 1425 1006 1459 praesen-

263 1468 352 1509 tium,
367 1468 580 1512 approbamus
598 1474 624 1501 et
644 1468 881 1510 confirmamus,
899 1469 1006 1513 illique

263 1521 451 1556 inviolabilis
486 1524 677 1567 apostolicae
713 1524 872 1557 firmitatis
909 1524 1006 1557 robur

262 1575 437 1617 adjicimus,
456 1587 491 1609 ae
507 1577 590 1610 iuxta
612 1577 695 1610 illins
714 1577 846 1611 sormam
873 1583 903 1610 et
924 1583 1007 1611 teno-

262 1640 329 1662 rem
355 1629 413 1662 sub
437 1630 548 1674 poenis
566 1630 596 1662 in
614 1641 650 1664 eo
668 1631 821 1664 contentis
845 1631 1005 1664 observari

263 1682 373 1715 exinde
397 1682 477 1726 per‘2
502 1682 675 1726 quemlibet
700 1683 800 1716 dictae
825 1694 1004 1727 congrega-

262 1736 356 1770 tionis
391 1736 575 1780 religiosum
613 1737 798 1770 mandamus
827 1743 855 1770 et
886 1738 1006 1781 praeci-

262 1789 388 1834 pimus,
413 1801 448 1823 ac
474 1790 597 1823 irritum
633 1797 659 1824 et
691 1791 782 1824 inane
807 1791 1007 1825 decernimus

263 1844 413 1888 quicquid
431 1855 521 1877 secus
539 1855 633 1889 super
650 1845 699 1877 liis
716 1845 835 1889 absque
852 1855 1006 1878 consensu

263 1902 295 1930 et
327 1898 451 1942 speciali
486 1898 612 1932 licentia
649 1899 755 1932 vicarii
791 1899 947 1942 generalis
979 1904 1008 1931 et

263 1950 432 1986 definitorii
461 1952 573 1996 privati
597 1953 736 1986 eiusdem
752 1953 1008 1996 congregationis

264 2005 432 2049 contigerit
458 2005 630 2050 impetrari.

308 2059 376 2102 §3
406 2060 473 2093 Non
505 2059 701 2093 obstantibus
733 2060 1008 2094 constitutionibus

264 2118 294 2145 et
318 2112 569 2146 ordinationibus
593 2114 783 2158 apostolicis,
802 2124 837 2147 ac
861 2114 934 2148 dicti
956 2114 1009 2147 Or-

264 2165 355 2208 dinis,
370 2166 463 2199 etiam
479 2166 667 2207 iuramento,
682 2167 923 2200 confirmatione
936 2178 1007 2211 apo-

264 2219 385 2260 stolica,
407 2220 452 2252 vel
469 2220 578 2263 quavis
599 2220 745 2253 firmitate
763 2220 822 2252 alia
838 2220 1007 2261 roboratis,

264 2273 386 2307 statutis
399 2278 430 2305 et
443 2273 733 2314 consuetudinibus,
748 2274 923 2318 ceterisque
939 2284 1007 2307 eon-

265 2326 373 2359 trariis
391 2326 652 2370 quibuscumque.

308 2379 419 2411 Datum
449 2380 587 2420 Romae,
619 2380 700 2424 apud
733 2380 761 2412 S.
789 2380 916 2412 Mariam
952 2381 1009 2412 Ma-

267 2432 376 2475 iorem⁷
400 2432 458 2465 sub
476 2433 592 2465 annulo
610 2433 791 2474 piscatoris,
805 2433 855 2466 die
873 2443 935 2467 xxu
953 2443 1008 2467 no-

302 2514 314 2540 1
333 2513 449 2540 Verbum
465 2516 505 2541 est
521 2517 547 2540 et
570 2513 769 2541 distinctionem
784 2514 1009 2549 interpunctionis

268 2566 316 2586 nos
332 2558 454 2586 addimus
471 2560 507 2594 (n.
524 2560 572 2594 ‘rste

302 2604 318 2630 2
335 2603 402 2631 Edit.
420 2604 498 2630 tttatn.
518 2603 599 2631 habet
614 2604 648 2630 de
660 2613 714 2638 per
731 2612 778 2639 pro
791 2613 845 2639 per
860 2609 896 2638 tn,
914 2607 961 2638 Τ.>.

1074 352 1130 380 Dat.
1153 353 1195 380 die
1216 353 1249 380 ‘22
1270 355 1423 382 novembris
1446 356 1522 390 1658,
1544 356 1640 391 pontif.
1654 365 1722 384 anno
1743 363 1777 383 lv.

1336 497 1483 530 chvnl.

1038 576 1222 609 Declamlio
1247 587 1343 620 super
1367 578 1506 610 ecclesiis
1531 584 1558 612 e!
1584 580 1674 612 bonis
1699 591 1779 613 com-

1084 630 1271 663 mendarunt
1304 631 1342 663 (Ie
1373 631 1582 674 Scapezzano,
1611 634 1648 666 tle
1672 634 1775 667 Saso-

1081 684 1202 725 ferrato
1222 688 1250 716 e!
1267 684 1429 718 Fanensis
1451 685 1622 728 hospitalis
1640 688 1670 719 S.
1690 687 1779 720 Ioan-

1082 737 1135 769 nis
1159 737 1479 781 Hierosolymicam·¹.

1235 820 1401 847 Alexander
1423 820 1500 853 Papa
1522 821 1583 851 vn,

1168 863 1204 889 ad
1224 867 1398 897 perpetuam
1418 864 1462 891 rei
1482 865 1661 892 memoriam.

1084 932 1098 975 ξ
1124 932 1152 965 l.
1171 933 1253 965 Alias
1271 935 1521 979 praeceptoriam
1549 946 1604 969 seu
1626 947 1781 969 commen-

1039 985 1108 1017 dam
1135 986 1164 1018 S.
1184 987 1276 1020 Marci
1298 988 1447 1021 Fanensis
1464 989 1627 1034 hospitalis
1648 991 1677 1023 S.
1697 991 1781 1023 loan-

1038 1039 1085 1071 nis
1101 1039 1387 1084 llierosolymitani,
1408 1048 1505 1083 certo,
1523 1054 1616 1087 quem
1636 1054 1781 1087 praesen-

1039 1093 1120 1125 tibus
1142 1093 1250 1127 haberi
1269 1095 1413 1128 volumus
1431 1106 1489 1139 pro
1507 1107 1665 1140 expresso,
1685 1097 1780 1131 modo

1039 1152 1111 1179 tune
1131 1153 1301 1188 vacantem,
1324 1155 1478 1193 perpetuo
1499 1151 1734 1194 suppressimus
1752 1156 1781 1183 et

1039 1201 1238 1241 extinximus,
1263 1212 1298 1235 ac
1323 1213 1357 1235 ex
1385 1203 1467 1235 itlius
1499 1203 1611 1245 bonis,
1638 1204 1781 1245 iuribus,

1040 1254 1223 1295 redditibus,
1248 1256 1400 1289 fructibus
1429 1261 1459 1290 et
1483 1258 1686 1301 proventibus
1711 1259 1779 1291 uni-

1040 1309 1147 1349 versis,
1168 1313 1229 1343 tres
1246 1311 1479 1353 praeceptorias
1494 1321 1549 1343 sen
1567 1311 1781 1352 commendas,

1040 1374 1132 1396 unam
1160 1363 1300 1396 videlieet
1328 1363 1511 1403 Fanensem,
1536 1370 1564 1397 et
1590 1365 1719 1397 alteram
1743 1365 1781 1397 de

1039 1417 1254 1461 Scapezzano,
1285 1428 1321 1449 ac
1360 1417 1482 1450 tertiam
1516 1417 1553 1450 de
1583 1418 1782 1452 Saxoserrato

1040 1471 1213 1514 respective
1238 1471 1464 1514 nuncupandas
1490 1481 1547 1515 pro
1574 1472 1703 1505 totidem
1725 1473 1782 1505 fra-

1040 1524 1140 1556 tribus
1166 1524 1318 1556 militibus
1343 1524 1469 1567 linguae
1489 1525 1595 1558 ltaliae
1620 1525 1782 1570 hospitalis

1040 1577 1191 1621 praedicti
1217 1577 1275 1610 sub
1300 1578 1393 1610 certis
1419 1578 1512 1611 modo
1530 1584 1560 1611 et
1585 1579 1683 1611 forma
1710 1584 1782 1612 tunc

1040 1631 1197 1675 expressis
1233 1631 1340 1664 itidem
1378 1636 1530 1676 perpetuo
1563 1633 1721 1666 ereximus
1752 1639 1781 1666 et

1041 1685 1253 1726 instituimus,
1280 1685 1443 1730 tribusque
1469 1687 1696 1730 praeceptoriis
1726 1698 1781 1719 seu

1041 1739 1235 1772 continendis
1268 1740 1312 1772 sic
1343 1739 1455 1773 erectis
1479 1745 1507 1772 et
1534 1740 1704 1781 institutis,
1738 1738 1780 1773 itti

1041 1793 1205 1833 videlicet,
1230 1803 1310 1836 quae
1343 1793 1380 1825 de
1407 1794 1602 1836 Scapezzano
1634 1799 1780 1835 vocatur,

1041 1847 1145 1879 onmia
1162 1852 1192 1879 et
1212 1846 1334 1888 singula
1360 1847 1495 1879 membri
1517 1846 1554 1879 de
1575 1847 1781 1891 Scapezzano,

1041 1905 1070 1931 et
1087 1899 1186 1942 alteri‚
1205 1910 1284 1943 quae
1301 1900 1338 1932 de
1356 1900 1554 1933 Saxoferrato
1572 1906 1781 1944 nuncupatur,

1041 1953 1146 1986 omnia
1167 1958 1195 1985 et
1221 1953 1343 1996 singula
1363 1953 1496 1986 membri
1515 1953 1553 1986 de
1572 1954 1781 1993 Saxoscrrato,

1042 2006 1149 2040 tertiae
1168 2017 1253 2047 vero,
1274 2007 1405 2040 Fanensi
1427 2013 1634 2052 nuncupatae,
1659 2008 1781 2052 reliqua

1042 2061 1145 2093 omnia
1164 2066 1193 2093 et
1218 2061 1341 2104 singula
1360 2062 1596 2105 praeceptoriae
1624 2072 1679 2095 seu
1700 2073 1783 2095 com-

1042 2113 1172 2147 mendae
1198 2114 1226 2146 S.
1245 2115 1338 2146 Marci
1358 2114 1516 2155 Fanensis,
1534 2115 1612 2148 sieut
1631 2116 1780 2159 praemit-

1042 2168 1137 2209 titur,
1164 2178 1349 2211 suppressae
1378 2174 1407 2200 et
1432 2169 1585 2201 extinctae
1610 2169 1710 2210 bona⁷
1733 2179 1783 2202 res

1041 2226 1067 2253 et
1097 2221 1305 2264 proprietates
1329 2232 1544 2265 quascumque
1567 2222 1596 2254 in
1621 2222 1783 2265 quibusvis

1041 2274 1135 2306 rebus
1161 2274 1360 2307 consistentia
1385 2280 1413 2308 et
1440 2275 1641 2318 ubicumque,
1667 2282 1694 2308 et
1721 2287 1780 2308 eu-

1043 2328 1227 2371 iuscumque
1253 2328 1420 2371 qualitatis,
1446 2329 1571 2372 speciei,
1597 2330 1778 2374 quantitatis

1043 2386 1071 2413 rt
1087 2382 1200 2415 valoris
1218 2382 1389 2423 existentia,
1404 2394 1473 2415 cuin
1493 2383 1639 2416 omnibus
1658 2383 1780 2415 iuribus

1043 2440 1071 2467 et.
1097 2436 1292 2478 pertinentiis
1317 2436 1380 2468 suis
1406 2436 1570 2479 universisy
1597 2437 1688 2469 etiam
1716 2448 1783 2480 per-

1043 2494 1137 2531 petuo
1163 2489 1391 2529 concessimus,
1416 2490 1643 2533 applicavimus
1668 2495 1697 2524 et
1722 2502 1783 2534 ap·-

1080 2606 1088 2631 t
1115 2604 1149 2631 Ex
1172 2604 1277 2640 Regest.
1301 2605 1326 2631 in
1347 2606 1449 2633 Secret.
1472 2605 1547 2632 ΒΓΗ,

1790 190 1841 217 An.
1863 190 1977 217 &1658

1876 947 1981 968 Recenset

1807 973 1971 999 appii-:atiivtmm

1796 1003 1816 1020 et
1827 1004 1981 1027 appropriatio-

1796 1033 1842 1047 nem
1878 1028 1980 1048 tumn-trum

1796 1054 1932 1075 eouunnndae
1957 1055 1980 1074 S.

1796 1080 1862 1101 {timi
1887 1081 1982 1107 hospita-

1796 1107 1820 1126 lis
1837 1109 1903 1127 saneti
1922 1108 1982 1128 toan·

1795 1140 1827 1154 nis
1862 1134 1983 1160 ltiernwty-

1796 1163 1868 1180 rnitani
1885 1161 1938 1181 alias
1953 1162 1982 1180 in-

1796 1189 1890 1207 stitutam
1916 1188 1982 1208 tribus

1797 1214 1932 1234 commentus.
