2263 3215
310 248 403 275 Atre.
428 249 493 275 1050,
539 240 604 273 tet
645 279 647 281 ‚

509 297 608 330 editae
633 307 713 340 quae
738 296 845 341 incipit
868 296 1117 340 Sanctissimus,
1143 296 1244 330 eidem

508 350 655 394 hospitali
681 350 764 383 circa
789 360 918 383 suorum
951 349 1190 394 privilegiorum
1217 355 1247 382 et

508 403 741 446 exemptionum
786 402 1054 436 conservationem
1098 402 1246 436 notabilia

507 456 619 488 damna
644 466 769 499 semper
800 456 883 488 illata
907 456 1054 496 suerunt,
1079 455 1246 499 quodque,

507 509 613 542 liabito
638 513 806 553 propterea
823 520 880 553 per
897 509 1013 542 dictum
1040 509 1191 553 hospitale
1208 508 1246 540 ad

506 562 691 595 recolendae
707 562 878 595 memoriae
889 562 1047 595 Urbanum
1059 562 1172 605 Papam
1182 560 1244 593 VIII

506 616 779 659 praedecessorem
804 615 921 659 pariter
952 620 1094 648 nostrum
1123 623 1245 647 necnon

505 669 543 701 ad
569 668 847 711 congregationem
869 673 942 701 tunc
959 667 1159 700 existentium
1176 676 1245 699 san-

506 728 572 755 ctae
597 723 755 755 Romanae
769 721 925 754 Ecclesiae
942 720 1147 753 cardinalium
1166 719 1244 753 Con-

505 775 567 807 eilii
588 774 761 807 Tridentini
778 774 985 818 interpretum
1004 783 1145 813 recursu,
1163 782 1243 805 ema-

503 828 588 860 navit
609 827 647 860 ab
667 827 776 860 eadem
801 827 1046 871 congregatione
1070 826 1242 866 decretum,

503 891 520 913 a
545 881 706 924 praedicto
736 880 861 914 Urbano
895 880 1138 924 praedecessore
1166 879 1241 911 sub—

503 934 574 966 inde
601 933 840 973 confirmatum,
866 944 928 976 quo
961 932 1152 965 declaratum
1184 932 1241 964 suit

502 987 615 1019 dictam
642 987 894 1020 constitutionem
927 985 1070 1028 Gregorii
1103 984 1237 1029 praede-

502 1041 636 1073 cessoris
659 1050 721 1073 non
742 1041 866 1073 assicere
892 1045 1099 1073 memoratum
1125 1038 1235 1082 hospi-

501 1094 584 1134 tale,
609 1093 667 1126 nisi
701 1093 803 1136 quoad
837 1093 955 1126 iudices
992 1097 1238 1126 conservatores.

501 1146 697 1190 Quapropter
722 1146 881 1179 videretur
905 1146 1017 1178 factam
1043 1145 1138 1178 fuisse
1155 1144 1240 1177 diffe-

500 1199 632 1232 rentiam
671 1199 753 1232 inter
788 1198 905 1232 iudices
942 1203 1178 1232 conservatores
1210 1203 1239 1231 et

500 1263 605 1285 meros
629 1256 865 1285 conservatores
891 1252 985 1295 (quos
1007 1256 1167 1294 utrosque,
1192 1250 1237 1282 vi-

500 1306 613 1339 delicet
637 1306 754 1339 iudices
775 1310 1012 1338 conservatores
1040 1304 1070 1337 in
1090 1304 1167 1338 locis
1183 1304 1237 1337 ubi

500 1359 597 1403 ipsius
639 1359 804 1402 hospitalis
848 1357 1014 1390 tribunalia
1052 1362 1081 1390 et
1121 1356 1238 1390 iudices

501 1413 652 1446 ordinarii
679 1423 847 1445 causarum
878 1411 1145 1444 contentiosarum
1175 1421 1237 1444 non

500 1466 653 1506 existunt,
679 1470 918 1499 conservatores
943 1474 1017 1497 vero
1042 1474 1156 1504 meros,
1179 1474 1237 1508 pro

499 1520 564 1552 sola
589 1519 769 1552 defensione
793 1518 1032 1562 privilegiorum
1057 1522 1165 1551 contra
1189 1517 1237 1550 in-

498 1573 596 1606 iurias
621 1579 650 1606 et
676 1573 848 1613 violentias,
866 1572 919 1606 ubi
944 1571 1062 1605 iudices
1086 1571 1237 1606 ordinarii

498 1626 679 1660 huiusmodi
709 1625 912 1670 reperiuntur
935 1624 1054 1659 dictum
1083 1624 1237 1668 hospitale

498 1679 621 1723 habet);
634 1679 642 1695 ¹
656 1684 856 1723 praetensum
874 1684 921 1712 est
936 1678 976 1711 ab
993 1677 1103 1711 eodem
1124 1677 1232 1721 hospi·

498 1733 677 1775 tali‚vigore
691 1732 791 1766 dictae
808 1731 1039 1772 declarationis,
1050 1741 1154 1764 meros
1167 1741 1237 1765 con·

498 1792 674 1819 servatores
699 1784 877 1818 huiusmodi
896 1784 926 1817 in
944 1784 1102 1828 praedicta
1117 1784 1235 1826 Grego-

498 1839 535 1871 rii
562 1837 814 1882 praedecessoris
838 1837 1060 1870 constitutione
1076 1847 1139 1870 non
1156 1847 1236 1870 coni—

497 1891 665 1935 prehendi3
690 1891 884 1924 contrarium
909 1890 1121 1924 asserentibus
1145 1890 1232 1935 epis-

498 1945 585 1988 copis
609 1951 639 1977 et
662 1944 740 1984 aliis,
757 1945 811 1988 qui
833 1944 1007 1988 privilegiis
1023 1947 1053 1978 et
1069 1944 1236 1987 exemptio-

497 1998 590 2030 nibus
619 1997 770 2041 praedicti
804 1997 968 2040 hospitalis
998 2007 1031 2029 se
1062 2001 1233 2040 opponunt.

498 2051 585 2084 Unde
611 2051 714 2083 variae
738 2061 834 2094 super
850 2050 982 2083 diversis
1006 2049 1146 2083 eiusdem
1164 2059 1234 2083 con-

498 2103 666 2137 stitutionis
697 2103 836 2136 articulis
867 2108 957 2136 natae
989 2102 1116 2135 suerunt
1146 2107 1176 2135 et
1203 2102 1234 2135 in

497 2157 564 2190 dies
587 2161 759 2190 nascuntur
776 2155 1019 2190 controversiae.
1037 2155 1184 2189 Nonnulli
1198 2155 1235 2188 si-

498 2210 623 2254 quidem
649 2210 755 2244 volunt
778 2220 880 2254 neque
904 2209 943 2242 ab
967 2208 1113 2253 hospitali
1144 2219 1235 2253 prae-

497 2264 604 2304 dicto,
629 2274 730 2307 neque
765 2263 803 2295 ab
840 2263 904 2296 ullo
941 2262 1007 2295 eius
1041 2262 1136 2296 fratre
1162 2261 1234 2305 eligi

496 2327 588 2360 posse
613 2316 644 2348 in
669 2321 906 2350 conservatores
930 2315 990 2348 nisi
1016 2325 1068 2348 eos
1083 2342 1091 2355 ‚
1121 2315 1173 2358 qui
1198 2325 1233 2348 ex

497 2369 653 2402 iudicibus
677 2369 881 2414 synodalibus
913 2379 969 2412 per
1000 2368 1165 2412 episcopos
1188 2368 1234 2401 lo-

498 2434 606 2456 corum
634 2423 808 2466 respective
831 2422 972 2466 deputati
998 2421 1129 2462 suerint3
1151 2422 1234 2465 quod

497 2476 665 2519 praecipue
700 2476 731 2508 in
760 2475 983 2509 controversiis
1015 2475 1098 2508 circa
1129 2485 1233 2508 exem-

495 2529 618 2572 ptiones
643 2534 751 2562 contra
769 2529 853 2572 ipsos
870 2529 1037 2573 episcopos
1054 2528 1170 2563 exortis
1190 2527 1235 2561 di-

531 2647 542 2672 1
562 2646 654 2681 Aptius
671 2645 833 2673 adderentur
848 2645 983 2673 coniunct.
1001 2648 1027 2674 el
1043 2646 1079 2681 (n.
1092 2645 1140 2680 ⁴12).

1091 248 1270 273 BULLARIUM
1294 249 1447 273 ROMANUM

1279 302 1329 330 cto
1360 296 1504 340 hospitali
1538 295 1668 339 perinde
1699 294 1885 328 damnosum
1911 299 1957 328 est
1981 304 2016 327 ac

1280 350 1304 382 si
1329 349 1454 382 eosdem
1489 349 1654 392 episcopos
1683 347 1802 381 iudices
1826 347 1942 381 habere
1968 357 2016 380 co-

1280 407 1424 445 geretur,
1449 403 1564 434 attenta
1595 401 1801 445 dependentia
1827 406 1856 434 et
1880 400 2017 445 partiali-

1281 460 1341 487 tate
1364 454 1522 487 dictorum
1549 453 1688 487 iudicum
1719 453 1915 498 synodalium
1940 464 2015 496 erga

1278 508 1443 551 episcopos
1467 507 1660 551 praedictOS,
1685 507 1739 551 qui
1764 518 1817 540 eos
1841 506 2014 550 elegerunt.

1280 560 1444 593 Praeterea
1468 561 1506 593 ab
1530 561 1686 604 aliquibus
1711 560 1855 593 similiter
1874 565 2016 604 praeten-

1277 613 1362 646 ditur
1391 614 1664 647 conservatoribus
1696 613 1863 657 praedictis
1894 613 2014 647 licitum

1278 676 1339 699 non
1358 677 1424 699 esse
1449 667 1479 699 in
1500 667 1637 699 savorem
1655 666 1728 699 dicti
1755 665 1920 710 hospitalis
1936 665 2015 699 eius-

1277 729 1337 762 que
1362 719 1493 752 fratrum
1519 719 1707 752 iudicialiter
1726 718 1899 763 procedere
1920 717 2012 752 etiarn

1277 772 1307 804 in
1332 772 1566 815 controversiis,
1585 783 1666 817 quae
1690 773 1765 816 ipsis
1782 783 1853 805 cum
1869 771 2013 816 personis

1276 825 1485 867 secularibus,
1511 831 1540 858 et
1563 825 1688 869 quando
1712 831 1834 859 actores
1859 825 2012 866 existunt,

1276 878 1488 919 intercedunt;
1515 879 1597 912 unde
1632 878 1725 912 iidem
1762 879 1873 912 fratres
1909 878 2012 912 sorum

1275 932 1319 965 rei
1345 932 1433 976 sequi
1458 938 1488 965 et
1507 943 1614 966 coram
1640 932 1796 965 iudicibus
1816 931 2011 965 secularibus

1275 985 1396 1028 litigare
1422 989 1587 1028 coguntur,
1605 996 1621 1018 a
1642 985 1755 1029 quibus
1782 995 1942 1029 nunquam
1960 987 2012 1019 aut

1273 1049 1346 1072 raro
1381 1039 1515 1072 iustitiae
1559 1038 1826 1082 complementum
1863 1037 2013 1082 consequi

1273 1098 1413 1136 possunt,
1438 1103 1508 1125 cum
1526 1095 1629 1126 tamen
1646 1091 1731 1133 alias,
1747 1090 1872 1135 quando
1888 1101 2012 1125 conser-

1274 1148 1394 1179 vatores
1419 1144 1571 1189 praedicti
1598 1144 1705 1187 vigore
1730 1143 1938 1188 quarumdam
1965 1144 2012 1177 lit-

1273 1203 1410 1231 terarum
1443 1198 1514 1242 piae
1547 1198 1719 1231 memoriae
1748 1197 1824 1232 sixti
1849 1197 1950 1242 Papae
1973 1197 2011 1231 IV

1272 1251 1523 1294 praedecessoris
1548 1251 1639 1284 etiam
1665 1250 1775 1290 nostri,
1795 1261 1851 1294 per
1871 1260 1959 1294 quas,
1976 1255 2011 1283 ut

1270 1303 1344 1337 dicti
1369 1309 1560 1348 exponentes
1584 1308 1736 1346 asserunt,
1755 1303 1864 1336 iisdem
1886 1313 2010 1337 conser-

1272 1357 1433 1390 vatoribus
1456 1357 1586 1389 facultas
1611 1355 1802 1400 procedendi
1827 1361 1936 1389 contra
1960 1366 2009 1389 se-

1272 1410 1392 1443 culares
1424 1410 1492 1443 iura
1523 1409 1686 1453 hospitalis
1710 1409 1890 1442 huiusmodi
1916 1419 2010 1442 occu·

1271 1467 1379 1506 pantes
1404 1473 1553 1496 concessa
1584 1462 1662 1502 suit,
1687 1462 1755 1495 lites
1787 1461 1871 1496 illico
1896 1462 2010 1505 magna

1271 1527 1342 1549 eum
1367 1515 1531 1559 hospitalis
1562 1515 1713 1559 praedicti
1746 1515 1877 1548 utilitate
1902 1514 2010 1548 termi-

1271 1574 1429 1602 narentur.
1462 1568 1508 1601 Ad
1533 1569 1610 1602 haec
1641 1568 1783 1602 nonnulli
1809 1568 1902 1601 etiarn
1926 1578 2010 1601 asse-

1271 1626 1344 1656 runt
1359 1622 1458 1656 dictos
1483 1626 1719 1655 conservatores
1737 1621 1818 1654 intra
1837 1621 2011 1666 quinquen-

1269 1676 1356 1709 nium
1381 1676 1562 1710 continuum
1587 1686 1604 1708 a
1628 1675 1678 1708 die
1706 1686 1816 1709 eorum
1848 1675 2009 1709 electionis

1269 1729 1500 1763 numerandum
1525 1730 1564 1762 ab
1584 1729 1688 1763 officio
1708 1728 1938 1763 conservatoris
1954 1729 2010 1762 hu·

1270 1783 1404 1817 iusmodi
1430 1783 1586 1816 removeri
1606 1793 1669 1816 non
1689 1793 1798 1827 posse;
1819 1781 1902 1826 quod
1921 1792 2010 1826 prae·

1269 1836 1419 1869 iudicium
1450 1836 1568 1880 pariter
1592 1835 1741 1879 hospitali
1771 1835 1933 1879 praedicto
1957 1834 2006 1868 as-

1269 1889 1341 1929 sert‚
1366 1889 1490 1922 attentis
1515 1888 1700 1931 urgentibus
1725 1887 1934 1921 mutationum
1957 1896 2010 1920 ne·

1268 1942 1474 1976 cessariarum
1504 1942 1743 1984 occasionibus,
1775 1952 1855 1986 quae
1887 1941 1918 1973 in
1942 1940 2008 1974 dies

1268 2001 1448 2029 occurrunt.
1473 1995 1574 2034 Quare
1600 1995 1693 2027 iidem
1709 2005 1840 2037 magnus
1857 1994 2008 2037 magister

1268 2053 1298 2081 et
1322 2053 1492 2081 conventus
1524 2047 1616 2080 nobis
1648 2047 1808 2080 humiliter
1837 2046 2007 2090 supplicari

1268 2102 1418 2141 fecerunt,
1443 2106 1476 2134 ut
1500 2101 1558 2133 sihi
1578 2101 1608 2133 in
1628 2101 1811 2144 praemissis
1828 2105 2008 2145 opportune

1267 2154 1433 2198 providere
1450 2154 1488 2187 de
1500 2153 1693 2197 benignitate
1713 2154 1884 2197 apostolica
1897 2153 2008 2198 'digna-

1268 2218 1383 2241 remur.

1311 2262 1326 2304 ἓ
1350 2260 1379 2292 02.
1405 2261 1467 2294 Nos
1492 2260 1598 2303 igitur,
1618 2260 1717 2293 dictos
1738 2270 1887 2303 magnum
1908 2259 2007 2304 magi-

1267 2318 1365 2348 strum
1390 2319 1421 2347 et
1450 2319 1638 2347 conventum
1670 2313 1862 2357 specialibus
1891 2313 2006 2347 favori-

1267 2367 1325 2400 bus
1349 2370 1379 2400 et
1403 2366 1512 2409 gratiis
1536 2366 1686 2410 prosequi
1714 2366 1874 2408 volentes,
1900 2370 1930 2399 et
1953 2376 2007 2401 eo·

1268 2431 1338 2454 rum
1363 2420 1537 2463 singulares
1561 2430 1711 2464 personas
1735 2430 1752 2453 a
1775 2420 1939 2464 quibusvis
1959 2430 2007 2454 ex·

1267 2473 1560 2507 communicationis
1575 2500 1582 2514 ,
1614 2473 1828 2517 suspensionis
1856 2477 1887 2506 et
1911 2473 2006 2507 inter-

1266 2527 1359 2568 dicti,
1394 2527 1526 2571 aliisque
1565 2526 1785 2560 ecclesiasticis
1820 2526 2005 2568 sententiis,

1266 2581 1407 2615 censuris
1431 2585 1461 2615 et
1484 2581 1603 2624 poenis,
1620 2591 1637 2613 a
1661 2580 1729 2613 iure
1743 2580 1790 2613 vel
1805 2579 1845 2612 ab
1864 2580 2004 2621 homine,

1265 2634 1373 2679 quavis
1397 2634 1561 2668 occasione
1587 2634 1633 2666 vel
1657 2634 1750 2666 causa
1772 2633 1850 2675 latis,
1876 2633 1901 2667 si
1926 2633 2000 2677 qui-

2033 238 2081 273 An.
2097 246 2125 273 C.
2147 247 2214 277 165⁶

2072 2266 2202 2300 Facultaup

2020 2298 2202 2350 artae-:atet

2021 2348 2043 2368 ut
2053 2352 2073 2368 in
2084 2347 2176 2370 rubrich
