2243 3205
73 155 122 183 An.
145 156 174 181 C.
194 155 261 181 1658

89 1118 202 1139 Confirmat
214 1124 245 1138 nr-

62 1145 179 1165 dinationes
225 1151 243 1164 in

62 1171 170 1197 provincia
199 1171 244 1191 Ma-

62 1198 98 1217 tris
111 1197 148 1217 Dei
160 1197 244 1218 Ordinis

62 1223 162 1244 ,tt-norum
172 1225 197 1243 dc
205 1224 244 1245 Ob*

61 1251 165 1270 serrantia
178 1251 196 1271 in
212 1251 243 1271 ln·

61 1276 101 1297 diis
132 1278 243 1298 ostentati-

60 1303 106 1325 bus.

871 156 886 178 A
893 156 1013 179 LEXAND
1019 157 1055 178 131:
1080 157 1121 178 Vll
1149 158 1195 180 [Ψ.

269 206 360 245 cepto
384 205 414 236 et
441 203 544 246 poena
569 203 902 236 excommunicationis
930 203 1009 236 latae

268 254 439 288 sententiae
463 255 531 299 ipso
556 256 636 289 facto
661 256 861 296 incurrenda,
879 267 896 289 a
916 267 1008 300 prae-

268 306 359 340 dictis
384 308 610 341 commissariis
635 313 808 342 serventur.

312 371 339 393 x.
365 360 515 405 Denique,
533 361 618 405 quod
637 361 674 394 ab
692 361 837 395 omnibus
856 362 1008 395 molestiis

267 424 303 447 ac
327 413 493 455 violentiis,
514 425 590 458 quas
615 415 706 448 nobis
731 420 761 448 et
785 415 858 448 huic
881 415 1007 459 proxin-

267 467 333 500 eiae
350 467 558 501 commissarii
583 469 746 511 generales
770 468 909 510 fecerint,
929 480 964 502 ac
982 469 1006 502 si

265 519 402 554 iustitiae
419 520 572 562 ordinem,
595 520 672 554 iuris
689 527 719 554 et
735 527 917 554 nostrorum
937 533 1007 565 pro-

266 572 445 606 vincialium
467 578 655 607 statutorum
674 584 737 607 non
754 575 957 616 servaverint,
978 579 1007 609 et

265 636 362 670 super
387 625 493 659 omnia
517 625 614 659 dubia
629 627 781 660 nullitatis
806 627 1005 671 electionum,

265 679 313 712 vel
338 678 466 713 alterius
490 679 642 723 cuiusque
659 680 715 720 rei,
736 679 773 712 ad
798 679 944 714 dominos
963 681 1004 713 in-

264 731 432 774 quisitores
456 731 646 775 apostolicos
679 738 788 766 contra
813 733 1003 766 haereticam

262 784 449 828 pravitatem
474 784 506 817 in
530 783 589 817 ista
613 785 700 818 India
725 791 958 819 commorantes
975 792 1005 819 et

262 847 323 881 pro
340 842 482 881 tempore
500 836 746 881 commorandi‘,
764 843 798 871 ut
815 844 940 872 nostros
962 839 1004 871 iu-

262 890 347 924 dices
362 918 369 931 ,
397 897 635 925 conservatores
664 897 693 925 et
716 897 929 936 protectores,
953 903 1003 926 re-

262 942 368 977 curri²
383 944 551 988 possimus,
569 950 599 978 et
623 945 707 989 quod
732 945 792 989 ipsi
816 951 1002 990 potestatem

261 995 397 1029 habeant
421 997 635 1031 omnimodam
664 1002 697 1032 ut
732 998 837 1031 omnia
865 998 1003 1032 iudicent

261 1052 292 1083 et
314 1049 533 1083 determinent.

305 1102 322 1144 ἓ
346 1101 375 1135 3.
401 1103 465 1136 Nos
488 1103 595 1146 igitur,
612 1103 780 1147 specialem
805 1103 922 1137 eisdem
948 1115 1000 1137 ex-

259 1155 450 1199 ponentibus
481 1157 615 1199 gratiam
649 1157 751 1190 sacere
788 1157 945 1199 volentes,
972 1164 1002 1190 et

259 1219 369 1242 eorum
402 1209 578 1252 singulares
613 1221 765 1254 personas
796 1222 813 1244 a
838 1211 1000 1255 quibusvis

258 1263 604 1306 excommunicationis,
622 1265 837 1308 suspensionis
858 1271 887 1298 et
909 1266 999 1299 inter-

257 1316 342 1357 dicti,
359 1316 491 1361 aliisque
508 1317 726 1350 ecclesiasticis
742 1319 913 1361 sententiis,
931 1331 999 1353 cen-

257 1371 340 1403 suris
353 1375 383 1403 et
395 1370 515 1414 poenis,
531 1381 548 1403 a
561 1370 629 1404 iure
646 1371 693 1404 vel
710 1371 748 1404 ab
765 1372 902 1414 homine,
923 1385 998 1417 qua-

258 1424 303 1457 vis
327 1424 492 1457 occasione
518 1424 565 1457 vel
595 1426 689 1457 causa
714 1424 804 1465 latis,
831 1426 856 1458 si
881 1426 997 1470 quibus

257 1478 495 1523 quomodolibet
518 1478 683 1511 innodatae
708 1478 850 1519 existant,
870 1480 908 1512 ad
929 1480 998 1513 esse-

257 1538 340 1567 ctum
366 1532 578 1576 praesentium
611 1531 772 1565 dumtaxat
803 1543 994 1577 consequen-

256 1587 341 1627 dum,
359 1587 472 1619 harum
490 1585 572 1619 serie
596 1585 792 1619 absolventes
818 1592 847 1619 et
871 1588 995 1621 absolu-

256 1646 301 1674 tas
325 1641 392 1674 sore
421 1645 607 1681 censentes,
638 1640 918 1683 supplicationibus
943 1652 995 1675 eo-

255 1705 326 1728 rum
351 1694 479 1728 nomine
510 1693 601 1727 nobis
632 1704 727 1737 super
751 1694 811 1727 hoe
835 1694 996 1730 humiliter

255 1748 410 1793 porrectis
435 1747 584 1788 inclinati,
613 1747 650 1780 de
676 1747 902 1781 venerabilium
927 1749 993 1782 sra-

255 1807 338 1835 trum
363 1806 545 1835 nostrorum
570 1806 694 1834 sanctae
711 1802 869 1835 Romanae
894 1803 996 1836 Eccle-

254 1854 318 1888 siae
342 1854 547 1888 cardinalium
579 1854 714 1898 negotiis
738 1860 768 1888 et
792 1855 994 1889 consultatio-

254 1908 346 1941 nibus
370 1907 591 1951 episcoporum
624 1913 653 1940 et
679 1907 872 1950 regularium
897 1919 995 1952 prae-

254 1961 431 2006 positorum
457 1961 598 2001 consilio,
623 1961 747 1994 attentis
771 1962 915 2003 narratis,
945 1973 995 1995 au-

254 2015 389 2059 ditisque
413 2025 469 2058 per
494 2014 620 2048 eosdem
654 2014 828 2048 cardinales
852 2015 994 2059 partibus

253 2080 289 2102 ac
320 2068 472 2102 relatIOne
496 2067 601 2101 dilecti
626 2067 744 2111 pariter
768 2068 824 2100 filii
851 2069 992 2112 vicepro-

253 2120 407 2155 curatoris
441 2120 596 2164 generalis
631 2120 755 2154 Ordinis
791 2121 992 2164 huiusmodi,

252 2176 463 2220 praeinsertas
481 2175 695 2208 ordinationes
713 2180 742 2208 et
758 2175 902 2219 capitula,
921 2182 993 2208 tam-

252 2239 346 2273 quam
372 2228 455 2262 bono
487 2228 633 2272 regimini
658 2234 687 2261 et
713 2229 851 2271 regulari
885 2229 991 2262 obscr-

253 2282 383 2324 vandae,
398 2291 519 2315 necnon
533 2282 742 2325 praefatarum
758 2282 991 2325 provinciarum

252 2335 357 2369 Matris
381 2335 434 2368 Dei
460 2335 617 2368 lndiarum
639 2335 843 2368 Orientalium
869 2335 993 2368 Ordinis

252 2389 405 2423 Minorum
435 2389 691 2421 Excalceatorum
724 2387 762 2421 de
786 2388 993 2421 Observantitt

287 2472 296 2495 1
321 2468 479 2504 Legendum
498 2469 718 2496 commorandas
739 2468 778 2495 vel
798 2472 992 2497 commoratu-

250 2522 296 2544 ros
315 2515 353 2549 (a.
369 2515 417 2548 τ.).

286 2561 300 2585 2
321 2559 474 2594 chcntlum
495 2558 566 2586 soret
587 2567 736 2587 recurrere
755 2561 791 2594 (n.
810 2560 857 2594 τ.).

560 2612 619 2643 Vol.
640 2613 714 2642 XVI.
877 2613 911 2640 50

334 2613 413 2641 Buct.
435 2613 517 2640 Rom.

1693 149 1757 183 303

1045 204 1141 236 sancti
1157 203 1314 237 Francisci
1334 206 1550 249 tranquillitati
1568 212 1597 240 et
1610 207 1680 250 paci
1700 208 1787 240 valde

1044 262 1254 290 consentanea
1293 264 1322 290 et
1361 265 1540 302 opportuna
1558 287 1565 301 ,
1601 261 1786 294 auctoritate

1043 310 1233 353 apostolica,
1262 316 1371 344 tenore
1396 313 1623 355 praesentium,
1649 315 1785 358 appoba-

1043 373 1111 395 mus
1130 369 1159 396 ct
1182 363 1421 405 confirmamus,
1439 376 1475 398 ae
1495 366 1580 399 iuxta
1602 367 1727 400 illorum
1746 375 1786 401 te-

1041 426 1152 449 norem
1178 416 1325 460 deinceps
1350 419 1461 461 exequi
1478 424 1507 451 et
1525 419 1685 453 observari
1704 431 1787 453 man-

1042 469 1152 502 damus
1178 475 1207 503 et
1234 470 1463 513 praecipimus,
1491 471 1614 504 irritum
1640 478 1669 505 ct
1693 473 1785 506 inane

1041 521 1245 557 decernentes
1270 522 1423 566 quidquid
1448 534 1537 556 secus
1573 525 1603 556 in
1632 526 1783 568 praemis-

1041 575 1082 608 sis
1099 585 1116 607 a
1137 576 1289 619 quolibet,
1311 576 1421 620 quaxis
1446 577 1641 617 auctoritate,
1668 579 1783 611 lineus-

1040 638 1102 671 que
1131 629 1177 661 vel
1203 629 1315 661 exinde
1340 634 1444 661 actum
1471 639 1526 661 seu
1546 635 1695 663 statutum
1722 632 1784 664 sue-

1040 681 1100 721 rit,
1125 681 1208 714 salva
1242 688 1345 714 tamen
1379 692 1504 725 semper
1539 683 1570 714 in
1602 684 1782 726 praemissis

1039 733 1225 767 auctoritate
1249 734 1505 777 congregationis
1531 742 1781 769 memoratorum

1039 786 1254 819 cardinalium.

1082 839 1097 883 ἕ,
1116 838 1146 872 lt.
1166 840 1378 873 Decernentes
1396 841 1515 884 pariter
1540 841 1665 874 easdem
1690 852 1780 885 prae-

1038 897 1141 925 sentes
1166 892 1286 925 litteras
1315 904 1440 937 semper
1465 893 1585 932 firmas,
1610 894 1727 935 validas
1750 901 1781 928 et

1038 944 1179 978 efficaces
1202 946 1337 979 existere
1355 952 1384 979 et
1402 947 1479 987 fore,
1500 958 1535 980 ac
1553 947 1625 987 illis,
1645 947 1683 980 ad
1701 959 1779 991 quos

1037 1002 1158 1040 spectat
1183 1004 1212 1031 et
1236 1009 1295 1042 pro
1316 1003 1460 1043 tempore
1480 1000 1651 1043 spectabit,
1668 1000 1781 1043 plenis-

1037 1050 1114 1083 sime
1134 1051 1322 1095 suffragari,
1343 1053 1450 1096 sicque
1475 1053 1506 1085 in
1526 1053 1706 1096 praemissis
1722 1064 1779 1097 per

1036 1113 1255 1148 quoscumque
1281 1104 1399 1138 iudices
1428 1095 1605 1138 ordinarios
1634 1111 1663 1139 et
1695 1105 1778 1139 dele-

1035 1161 1134 1199 gatos,
1164 1157 1257 1190 etiam
1283 1169 1449 1191 causarum
1474 1159 1581 1202 palatii
1614 1159 1777 1202 ataostolici

1034 1210 1204 1252 auditores,
1229 1211 1361 1244 iudicari
1387 1217 1417 1244 et
1441 1212 1565 1245 deliniri
1591 1212 1716 1253 debere,
1741 1224 1775 1246 ac

1034 1264 1158 1298 irritum
1175 1270 1204 1300 et
1221 1266 1323 1306 inane,
1345 1266 1369 1298 si
1388 1276 1477 1299 secus
1494 1277 1589 1309 super
1605 1267 1653 1299 liis
1670 1278 1686 1299 a
1703 1278 1776 1310 quo-

1033 1330 1137 1363 quam,
1152 1320 1260 1363 quavis
1275 1321 1471 1361 auctoritate,
1481 1321 1615 1355 scienter
1630 1322 1675 1354 tel
1690 1322 1775 1364 igno-

1032 1379 1147 1415 ranter,
1174 1374 1340 1417 contigerit
1363 1376 1518 1408 attentari.

1804 162 1843 185 ,ΧΗ
1874 165 1898 184 h.

1923 161 1987 187 lt'358

1824 857 1934 879 nem-tum
1951 859 1978 879 ir-

1797 888 1872 905 rt'ani.

1075 1427 1132 1471 ἐξ).
1150 1428 1219 1461 Non
1234 1427 1430 1461 obstantibus
1444 1430 1637 1472 praemissis,
1651 1440 1687 1463 ac
1703 1442 1774 1464 con-
1790 1440 1899 1461 estunam
1915 1443 1973 1462 tottii.

1031 1480 1245 1514 stitutionibus
1266 1487 1295 1514 et
1311 1481 1562 1515 ordinationibus
1582 1485 1773 1526 apostolicis,

1030 1543 1163 1574 necnon,
1180 1539 1334 1577 quatenus
1351 1545 1431 1578 opus
1449 1535 1496 1576 sit,
1519 1535 1673 1569 dictarum
1699 1548 1773 1580 pro-

1030 1587 1204 1620 vinciarum
1225 1593 1255 1620 et
1283 1588 1350 1620 aliis
1377 1588 1549 1633 quibusvis,
1576 1590 1667 1622 etiam
1688 1590 1772 1623 iura-

1031 1646 1146 1681 mento>
1167 1641 1406 1674 confirmatione
1423 1643 1593 1686 apostolica
1609 1670 1615 1683 ,
1635 1644 1680 1676 vel
1698 1655 1773 1687 qua-

1031 1694 1075 1727 vis
1092 1695 1240 1727 firmitate.
1257 1695 1316 1727 alia
1335 1696 1503 1735 roboratis,
1521 1697 1644 1729 statutis
1659 1704 1687 1730 ct
1702 1709 1772 1731 con-

1029 1747 1264 1787 suetudinibus,
1284 1748 1458 1791 privilegiis
1479 1760 1604 1792 quoque
1618 1777 1625 1791 ,
1644 1750 1771 1784 indultis

1029 1808 1059 1835 et
1083 1803 1194 1835 litteris
1219 1803 1399 1846 apostolicis
1421 1803 1451 1835 in
1468 1805 1662 1837 contrarium
1686 1816 1771 1848 prae-

1029 1855 1196 1889 missorum
1222 1856 1460 1899 quomodolibet
1485 1858 1662 1897 concessis,
1695 1870 1770 1891 con-

1028 1909 1162 1942 firmatis
1186 1915 1216 1942 et
1241 1909 1415 1949 innovatis3
1434 1910 1550 1953 quibus
1574 1912 1722 1945 omnibus
1741 1920 1770 1945 et

1028 1963 1170 2006 singulis,
1185 1963 1311 1996 illorum
1331 1969 1456 1996 tenores
1475 1965 1694 2007 praesentilJus
1711 1978 1769 2009 pro

1027 2016 1120 2060 plene
1140 2022 1169 2049 et
1186 2016 1377 2050 sufficienter
1395 2018 1552 2060 expressis
1568 2028 1604 2050 ac
1620 2018 1657 2050 de
1673 2020 1768 2051 verbo

1027 2070 1065 2102 ad
1084 2070 1213 2103 verbum
1233 2071 1356 2104 insertis
1378 2071 1538 2112 habentes,
1564 2072 1625 2104 illis
1645 2072 1720 2104 alias
1737 2073 1769 2104 in

1027 2133 1083 2156 suo
1117 2123 1231 2156 robore
1261 2124 1488 2167 permansuris,
1517 2124 1554 2156 ad
1579 2125 1768 2168 praemisso-

1027 2187 1096 2209 rum
1116 2176 1261 2209 effectum
1291 2177 1403 2209 harum
1429 2177 1510 2210 serie
1535 2177 1712 2220 specialiter
1738 2184 1767 2209 et

1026 2239 1173 2273 expresse
1186 2229 1393 2272 derogamus,
1412 2232 1586 2274 ceterisque
1601 2231 1767 2263 contrariis

1026 2283 1288 2326 quibuscumque.

1070 2338 1084 2379 ξ
1101 2335 1129 2368 6.
1149 2336 1299 2369 Volumus
1312 2343 1416 2369 autem
1432 2342 1463 2368 ut
1480 2336 1661 2368 earumdem
1676 2348 1765 2380 prae-

1026 2390 1161 2422 sentium
1181 2390 1397 2433 transumptis,
1424 2401 1517 2422 mauu
1548 2390 1680 2423 alicuius
1708 2401 1765 2423 no-

1027 2443 1095 2475 tarii
1121 2443 1237 2487 publici
1258 2444 1456 2487 subscriptis,
1477 2448 1507 2477 ct
1531 2444 1633 2486 sigillo
1660 2454 1765 2487 perso-

1025 2508 1081 2529 nae
1110 2498 1139 2529 in
1169 2496 1379 2529 ecclesiastica
1405 2497 1555 2539 dignitate
1580 2497 1764 2531 constitutae

1026 2550 1164 2592 munitis,
1189 2550 1298 2583 cadem
1327 2561 1459 2594 prorsus
1484 2550 1561 2583 tides
1578 2550 1695 2594 ubique
1723 2551 1764 2583 lo-

1818 2344 1965 2370 Tinitisuntplo-

1781 2376 1825 2391 rutn
1841 2371 1900 2391 sides.
