2263 3215
1153 218 1198 246 -—··
1220 208 1277 233 VIII
1299 217 1344 223 -·“

492 265 553 287 Edit.
574 265 645 286 Taur.
1007 259 1069 282 Edit.
1091 260 1160 283 Rom.
1277 258 1341 282 Edit.
1361 259 1434 282 Taur.
1795 259 1861 283 Edit.
1881 259 1952 283 Rom.

501 306 567 327 Toni.
589 311 635 326 xvi.
931 300 997 322 'suin
1013 307 1043 322 vx.
1056 305 1119 330 part.
1132 307 1155 321 ix·
1165 304 1189 321 et
1200 307 1221 320 v.
1250 326 1251 331 1
1286 299 1354 321 Tom.
1374 305 1422 321 xvi.
1721 299 1788 321 Tom.
1802 306 1834 327 vi,
1846 301 1908 330 part.
1921 307 1946 323 iv
1956 302 1981 323 et
1990 308 2014 323 v.

490 362 547 384 1656
653 358 775 381 LXXVIII
794 358 825 379 rt
842 365 878 384 ca,
895 355 995 387 quaein
1012 354 1155 378 visitatione
1195 355 1224 378 78
1277 355 1336 378 1656
1455 355 1569 378 CXXXV
1586 354 1684 386 Exponi
1701 354 1774 378 nobis
1791 363 1872 387 nuper
1889 356 1949 380 fecit
1974 358 2017 381 132

676 398 774 420 LXXIX
794 395 874 418 Officii
888 394 965 418 nostri
978 398 1015 418 est
1028 394 1162 426 pastoralia
1195 395 1225 417 75
1443 395 1567 418 CXXXVI
1585 394 1694 417 Iniuncti
1712 394 1783 418 nobis
1801 395 1947 426 apostolici.
1973 397 2016 420 133

686 437 776 459 LXXX
795 436 827 458 [ἰ
844 435 867 457 in
885 434 1063 466 prosequendo
1073 452 1155 457 ......
1194 434 1224 456 76
1431 436 1566 458 CXXXVII
1582 435 1652 458 Alias
1670 443 1683 458 a
1700 434 1781 458 felicis
1794 436 1931 461 recordat..
1942 456 1947 461 .
1972 438 2016 461 134

677 475 778 498 LXXXI
796 475 831 497 De
851 475 891 497 tusi
909 473 1031 504 singulari
1049 472 1106 496 fide.
1196 472 1225 495 79
1418 475 1565 497 CXXXVIII
1583 474 1621 497 Ad
1640 477 1753 497 sanctam
1770 474 1837 498 beati
1854 475 1946 500 Petri..
1972 477 2016 500 136

664 515 775 537 LXXXII
793 515 947 537 Emanarunt
965 520 1045 544 nuper
1057 520 1071 535 a
1083 511 1155 535 nobis
1191 512 1224 534 80
1440 514 1566 537 CXXXIX
1585 515 1652 541 Cum,
1669 513 1733 537 sicut
1752 513 1895 545 accepimus
1972 516 2015 539 135

649 555 773 578 LXXXIII
791 553 945 576 Emanarunt
963 559 1044 582 nuper
1057 559 1070 574 a
1083 550 1154 574 nobis
1194 551 1222 574 81
1305 563 1316 575 ›·
1503 554 1564 576 CXL
1582 554 1669 585 Nuper
1685 553 1891 577 constitutionem
1971 556 2016 579 139

651 594 773 617 LXXXIV
790 592 828 615 Ad
839 599 911 615 aures
921 594 1018 614 nostras
1028 590 1159 622 quorumd.
1194 591 1223 613 85
1276 591 1335 614 1657
1494 591 1567 613 CXLI
1583 591 1611 614 In
1630 590 1731 614 sublimi
1749 590 1820 614 Sedis
1832 591 1946 622 Apostol.
1972 593 2016 615 140

664 632 776 655 LXXXV
794 630 912 654 Pervenit
929 630 960 653 ad
973 638 1046 653 aures
1058 632 1155 653 nostras
1194 630 1224 653 82
1482 631 1567 653 CXLII
1584 631 1612 653 In
1631 637 1749 661 supremo
1765 629 1897 653 militantis
1973 633 2015 655 141

654 670 775 693 LXXXVI
793 670 860 696 Cum,
882 668 945 692 sicut
963 676 1012 691 non
1030 668 1084 692 sine
1088 686 1155 692 .....
1194 668 1223 692 83
1306 679 1318 692 n
1472 670 1568 693 CXLIII
1586 668 1684 701 Exponi
1696 668 1769 692 nobis
1781 676 1863 700 nuper
1871 668 1948 693 fecer.
1973 670 2017 694 142

644 711 778 734 LXXXVII
796 708 941 733 Percrebuit
958 716 1009 736 vos,
1025 708 1155 735 Thomae„
1195 709 1224 730 84
1307 718 1318 731 »
1471 710 1567 732 CXLIV
1586 708 1637 732 Etsi
1655 708 1735 736 nobis,
1755 716 1801 740 pro
1818 709 1879 732 cura
1972 710 2017 733 143

630 751 777 775 LXXXVIII
794 750 822 773 In
839 749 986 780 gravissimo
1004 748 1097 776 dolore,
1118 767 1123 772 .
1134 767 1138 772 .
1149 767 1154 772 .
1193 743 1223 772 86
1306 758 1318 771 »
1482 748 1568 771 CXLV
1585 747 1683 779 Exponi
1695 747 1768 771 nobis
1780 755 1862 779 nuper
1871 747 1948 772 secer.
1972 748 2017 772 144

652 789 775 813 LXXXIX
792 787 908 812 Relatum
925 789 964 811 est
980 786 1052 810 nobis
1070 786 1154 810 dilect.
1193 787 1223 810 87
1470 788 1567 811 CXLVI
1584 787 1644 811 Tuis
1661 787 1687 810 in
1704 794 1750 810 nos
1769 789 1794 811 et
1811 787 1877 811 Hanc
1927 805 1946 812 .,
1973 787 2017 811 145

734 830 776 852 XC
793 829 860 855 Cum,
881 835 925 859 pro
938 825 1119 858 componendis
1133 845 1138 849 .
1149 844 1154 849 .
1193 826 1223 849 90
1457 828 1566 851 CXLVII
1584 827 1719 851 Salvatoris
1729 826 1864 851 etDomini
1875 826 1954 851 nostri
1972 828 2017 851 146

723 868 777 891 XCI
792 867 862 890 Alias
879 874 924 890 nos
942 865 1076 890 nonnullos
1093 873 1154 889 ex..
1193 866 1221 888 91
1305 877 1316 890 »
1445 869 1565 891 CXLVIII
1583 867 1739 891 Sacrosancti
1757 867 1912 900 apostolatus
1971 868 2017 892 147

712 908 775 931 XCII
792 907 828 930 Ex
845 905 972 930 commissi
989 905 1061 929 nobis
1071 923 1154 929 ......
1193 905 1223 928 92
1306 917 1317 930 »
1470 909 1567 932 CXLIX
1584 908 1719 932 Pastoralis
1744 907 1821 932 officii
1837 908 1947 932 humilit.
1971 909 2017 932 150

702 948 777 970 XCIII
793 946 889 978 Exponi
902 945 974 969 nobis
987 952 1068 976 nuper
1076 944 1153 968 fecer.
1193 945 1222 968 93
1304 956 1316 970 2,
1527 949 1564 972 CL
1582 949 1629 972 Pro
1646 948 1781 972 commissa
1803 947 1876 971 nobis
1895 966 1900 972 ,
1911 966 1931 973 ,,
1942 966 1947 972 ,
1971 948 2015 972 151

701 988 774 1010 XCIV
792 987 860 1013 Cum,
881 985 945 1009 sicut
964 984 1137 1016 accepimus.·
1148 1002 1153 1008 ι
1192 985 1222 1007 94
1304 998 1316 1011 »
1515 989 1565 1012 CLI
1581 987 1717 1012 Pastoralis
1734 987 1811 1012 officii
1828 987 1913 1012 nobis.
1926 1006 1946 1012 ..
1971 989 2017 1012 148

711 1028 774 1050 XCV
791 1025 927 1050 Pastoralis
944 1024 1049 1048 Romani
1061 1024 1153 1048 Pontis.
1192 1025 1222 1047 95
1504 1029 1565 1052 CLII
1583 1027 1739 1052 Sacrosancti
1753 1028 1947 1059 apostolatus...
1971 1029 2015 1052 149

699 1068 774 1089 XCVI
790 1065 887 1097 Exponi
899 1064 970 1088 nobis
983 1072 1064 1095 nuper
1076 1064 1152 1087 fecer.
1192 1064 1221 1086 96
1490 1069 1564 1091 CLIII
1580 1069 1608 1091 In
1625 1069 1744 1099 suprema
1756 1067 1828 1091 sedis
1840 1069 1929 1099 Apost.
1939 1086 1945 1092 .
1970 1068 2016 1092 152

686 1107 774 1129 XCVII
791 1106 851 1128 Cum
864 1105 896 1128 sit
908 1107 1063 1135 compertum
1069 1122 1151 1126 ......
1191 1105 1220 1126 97
1493 1104 1565 1131 CLIV
1583 1107 1643 1130 Piae
1660 1106 1838 1130 sollicitudinis
1853 1106 1945 1132 studio.
1970 1107 2015 1130 153

676 1146 774 1169 XCVIII
792 1145 898 1168 Vineam
916 1144 1023 1171 Domini.
1039 1151 1152 1175 quae...
1191 1144 1221 1166 98
1503 1149 1564 1171 CLV
1581 1148 1649 1175 Cum,
1670 1147 1735 1170 sicut
1752 1146 1859 1170 dilectus
1876 1146 1943 1170 filius
1970 1147 2015 1170 154

696 1186 771 1209 XCIX
788 1186 874 1216 Nuper
891 1191 943 1212 ¹¹08»
962 1191 993 1207 ex
1005 1183 1080 1206 certis
1092 1187 1152 1206 tunc
1191 1184 1220 1205 99
1304 1198 1314 1211 υ
1489 1188 1562 1211 CLVI
1580 1187 1649 1210 Alias
1666 1194 1719 1214 nos,
1740 1186 1783 1218 qui
1802 1186 1944 1211 decorem..
1970 1186 2013 1210 155

757 1226 774 1247 C
790 1225 858 1247 Inter
870 1223 1030 1254 graviSsimaS
1043 1221 1151 1253 multipl-
1176 1223 1220 1245 100
1478 1228 1563 1251 CLVII
1579 1227 1608 1250 In
1625 1227 1671 1254 his,
1692 1234 1758 1258 quae
1770 1226 1944 1250 Beatissimae.
1969 1227 2014 1250 156

745 1265 772 1287 CI
790 1264 832 1290 Ea,
853 1271 917 1295 quae
934 1270 979 1294 ΡὶὊ
997 1261 1151 1293 Γ8116105οΓυ
1176 1262 1218 1284 101
1469 1268 1565 1290 CLVIII
1581 1266 1680 1298 Exponi
1692 1266 1764 1290 nobis
1775 1274 1856 1298 nuper
1867 1266 1944 1290 fecer.
1969 1267 2014 1290 157

733 1304 774 1327 011
790 1303 889 1334 Exponi
906 1302 978 1325 nobis
991 1310 1072 1333 nuper
1083 1320 1150 1325 -----
1176 1302 1220 1324 102
1302 1318 1313 1331 »
1489 1308 1563 1331 cmx
1580 1307 1639 1330 Cum
1649 1306 1950 1330 charissimusincmisto
1968 1307 2013 1330 158

720 1345 771 1368 CIII
789 1342 918 1367 Commissi
942 1342 1013 1365 nobis
1031 1342 1151 1365 divinitus
1175 1342 1219 1365 103
1501 1348 1563 1370 CLX
1582 1345 1709 1377 spirituali
1728 1346 1866 1369 maiestatis
1886 1348 1945 1370 tuae
1970 1346 2014 1370 159

515 1396 527 1409 ›‚
722 1385 772 1408 CIV
790 1385 839 1406 Pro
856 1382 989 1406 commisso
1008 1381 1079 1405 nobis
1176 1382 1219 1404 104
1489 1387 1564 1410 CLX1
1582 1387 1642 1410 Cum
1660 1393 1742 1417 nuper
1759 1386 1790 1409 ad
1807 1385 1923 1409 notitiam
1938 1404 1944 1410 ,
1967 1386 2013 1409 160

734 1424 773 1446 CV
791 1422 887 1454 Exponi
905 1421 975 1445 nobis
994 1429 1074 1452 DUPCF
1090 1420 1150 1444 feeit
1175 1421 1219 1443 105
1476 1427 1562 1450 CLXII
1579 1425 1677 1457 Exponi
1694 1425 1767 1449 nobis
1784 1433 1866 1456 nuper
1883 1425 1944 1448 fecit
1967 1426 2011 1449 161

720 1464 772 1486 CVI
789 1464 875 1494 Nuper
891 1470 935 1493 pro
952 1464 1024 1492 parte
1037 1460 1149 1484 dilector·
1175 1461 1218 1483 107
1464 1468 1563 1490 CLXIII
1578 1465 1692 1489 Innotuit
1708 1465 1789 1492 nobis,
1804 1464 1872 1496 quod
1875 1483 1943 1489 .....
1968 1465 2014 1489 162

709 1504 772 1527 CVII
788 1504 856 1526 Inter
873 1504 962 1529 cetera)
983 1508 1047 1532 quae
1065 1500 1130 1523 Clare
1145 1519 1150 1523 -
1175 1501 1218 1523 100
1467 1508 1564 1530 CLXIV
1581 1505 1771 1529 Conservationi
1790 1508 1816 1529 et
1831 1507 1927 1529 manut.
1938 1523 1943 1529 .
1968 1505 2013 1529 163

698 1544 773 1567 CVIII
788 1543 836 1565 Pro
853 1541 986 1565 commissa
1002 1540 1074 1563 nobis
1083 1559 1150 1564 .....
1176 1540 1218 1563 108
1477 1547 1562 1570 CLXV
1579 1547 1617 1569 Ex
1634 1545 1761 1569 Commissi
1783 1545 1855 1569 nobis
1875 1563 1942 1570 ,,,,,
1968 1546 2013 1569 164

721 1583 773 1606 elx
790 1583 825 1605 Ex
843 1581 955 1605 iniuncto
967 1580 1039 1604 nobis
1051 1599 1150 1604 -------
1175 1580 1218 1603 109
1466 1587 1562 1610 CLXVI
1580 1586 1648 1613 Cum,
1663 1584 1812 1609 sicutnobis
1824 1584 1943 1608 innotuit.
1967 1585 2013 1608 165

732 1624 773 1646 CX
789 1624 817 1645 In
835 1622 874 1645 hiS
890 1621 1023 1654 pastoralis
1035 1620 1109 1644 0111011
1128 1641 1133 1645 ·
1144 1640 1149 1645 ·
1174 1621 1218 1644 110
1300 1637 1311 1650 >»
1450 1627 1559 1650 CLXVII
1577 1624 1767 1649 Conservationi
1779 1626 1804 1648 et
1814 1626 1911 1648 manut.
1921 1642 1926 1648 .
1936 1642 1942 1648 .
1967 1624 2011 1647 166

717 1665 770 1687 CXI
787 1663 893 1686 Nomine
911 1662 1059 1685 dilectorum
1076 1661 1149 1686 filiun
1173 1662 1217 1685 266
1441 1666 1563 1689 CLXVIII
1580 1665 1648 1692 Cum,
1664 1663 1730 1687 sicut
1747 1662 1820 1686 nobis
1837 1670 1942 1694 nuper..
1967 1663 2012 1686 167

513 1714 525 1726 ι)
707 1703 771 1726 CXII
789 1701 977 1725 Conservationi
994 1704 1019 1724 et
1037 1704 1132 1724 manut.
1143 1720 1148 1724 .
1173 1702 1216 1723 111
1463 1706 1561 1728 CLXIX
1578 1705 1615 1727 Ex
1631 1703 1760 1727 commissi
1772 1702 1844 1726 nobis
1847 1721 1942 1726 .......
1967 1703 2013 1726 168

512 1752 524 1765 n
695 1743 771 1766 CXIII
788 1741 885 1773 Exponi
902 1740 974 1764 nobis
991 1748 1073 1771 nuper
1089 1740 1150 1763 fecit
1174 1741 1218 1763 112
1472 1744 1559 1767 CLXX
1577 1744 1645 1771 Cum,
1661 1742 1725 1766 sicut
1737 1750 1767 1766 ex
1779 1742 1942 1767 relatione...
1966 1743 2011 1766 169

697 1783 772 1805 CXIV
788 1781 858 1805 Alias
867 1781 1152 1812 congregationemcan.
1173 1781 1217 1803 113
1461 1784 1560 1807 CLXXI
1577 1782 1675 1814 Exponi
1688 1782 1761 1806 nobis
1770 1790 1852 1813 nuper
1864 1782 1941 1806 fecer.
1966 1783 2011 1806 170

711 1823 772 1846 CXV
789 1821 919 1845 Militantis
936 1821 1065 1845 Ecclesiae
1080 1839 1148 1844 .....
1173 1821 1217 1843 114
1300 1834 1311 1847 n
1450 1823 1560 1846 CLXXII
1577 1823 1624 1846 Pro
1641 1822 1775 1845 commisso
1792 1822 1866 1846 nobis
1874 1840 1941 1846 .....
1966 1823 2010 1846 171

694 1864 768 1887 CXVI
786 1864 846 1886 Cum
863 1870 908 1886 nos
925 1870 1007 1893 nuper
1019 1861 1147 1885 dilector..
1173 1862 1217 1884 115
1300 1874 1310 1887 »
1438 1863 1560 1886 CLXXIII
1577 1863 1646 1890 Cum,
1667 1861 1732 1885 sicut
1749 1861 1942 1886 venerabilis...
1966 1863 2011 1886 172

683 1904 770 1927 CXVII
786 1902 884 1934 Exponi
896 1903 968 1926 nobis
980 1910 1062 1933 nuper
1073 1901 1147 1925 fecit.
1173 1901 1217 1924 116
1300 1914 1310 1927 »
1438 1904 1559 1927 CLXXIV
1577 1904 1646 1930 Cum,
1666 1901 1731 1925 sieut
1748 1902 1820 1925 nobis
1838 1910 1920 1934 nuper
1936 1921 1941 1926 .
1966 1902 2010 1926 173

671 1945 770 1968 CXVIII
787 1943 883 1976 Exponi
901 1943 973 1967 nobis
990 1950 1072 1974 nuper
1087 1942 1148 1966 fecit
1173 1943 1216 1965 117
1451 1944 1560 1967 CLXXV
1578 1944 1718 1974 Nuperpro
1730 1944 1802 1974 parte
1814 1941 1939 1966 dilector..
1964 1942 2009 1965 174

689 1986 764 2008 CXIX
782 1986 810 2008 In
828 1984 928 2008 sublimi
946 1984 1017 2008 Sedis
1034 1983 1146 2015 Apostol.
1172 1984 1216 2006 118
1299 1994 1310 2006 »
1438 1983 1560 2006 CLXXVI
1578 1983 1646 2010 Cum,
1662 1982 1727 2005 sicut
1745 1989 1776 2005 ex
1793 1981 1940 2006 relatione..
1965 1982 2010 2005 176

702 2026 768 2048 CXX
783 2026 811 2048 In
829 2033 946 2057 supremo
963 2025 1094 2048 militantis
1109 2043 1114 2049 .
1125 2043 1145 2049 ..
1171 2025 1215 2048 119
1260 2027 1262 2029 “
1299 2034 1309 2046 »
1425 2023 1561 2046 CLXXVII
1577 2021 1660 2045 Hodie
1676 2029 1722 2053 per
1739 2021 1800 2045 alias
1817 2024 1940 2045 nostras..
1964 2022 2010 2045 175

691 2065 767 2088 CXXI
784 2066 831 2088 Pro
848 2065 979 2088 commissa
997 2064 1069 2088 nobis
1087 2072 1146 2088 a...
1171 2065 1215 2087 120
1414 2063 1560 2086 CLXXVIII
1576 2063 1605 2085 In
1622 2061 1733 2092 supremi
1751 2060 1905 2093 apostolatus
1919 2079 1924 2084 .
1935 2080 1940 2085 .
1964 2061 2010 2085 177

514 2114 525 2127 »
680 2105 768 2128 CXXII
785 2105 852 2132 Cumv
873 2104 936 2128 sieut
953 2104 1096 2136 accepimus
1110 2123 1114 2127 .
1126 2123 1130 2128 .
1141 2123 1146 2128 .
1172 2105 1214 2127 191
1299 2113 1309 2125 ν
1436 2103 1559 2125 CLXXIX
1577 2101 1701 2125 Gravibus
1720 2104 1746 2124 et
1762 2100 1891 2125 luctuosis.
1902 2120 1907 2125 .
1918 2119 1939 2125 ..
1964 2102 2009 2125 178

670 2145 769 2167 CXXIII
785 2143 915 2168 Praeclara
932 2143 1146 2167 christianissimi.
1172 2144 1216 2167 122
1298 2152 1309 2165 n
1447 2142 1559 2165 CLXXX
1576 2142 1605 2164 In
1623 2141 1724 2164 sublimi
1742 2141 1814 2164 Sedis
1826 2141 1940 2172 Apostol.
1965 2142 2011 2164 179
2024 2143 2029 2147 ’

672 2185 770 2207 CXXIV
787 2184 847 2207 Cum
864 2180 971 2215 primum
989 2184 1060 2207 nobis
1065 2202 1147 2208 ......
1172 2184 1216 2207 123
1437 2182 1559 2205 CLXXXI
1577 2182 1609 2204 Ut
1626 2181 1651 2204 in
1668 2181 1716 2204 hac
1733 2179 1799 2204 almxi
1812 2181 1909 2205 Urbe..
1920 2199 1940 2204 ..
1965 2180 2010 2217 180

515 2233 527 2246 »
686 2225 772 2247 CXXV
789 2225 856 2253 Cum,
872 2225 935 2249 sicut
947 2225 1099 2256 accepimus.
1110 2244 1115 2249 .
1126 2244 1130 2249 .
1141 2244 1146 2249 .
1171 2225 1215 2248 124
1426 2222 1561 2245 CLXXXII
1580 2221 1654 2245 Verbi
1667 2220 1771 2249 aeterni,
1787 2220 1855 2252 quod
1866 2223 1894 2244 ut
1905 2239 1910 2244 .
1920 2239 1925 2244 .
1936 2238 1941 2243 .
1966 2220 2009 2244 181

515 2275 525 2288 ›>
673 2266 772 2289 CXXVI
789 2266 885 2298 Exponi
898 2266 970 2289 nobis
981 2274 1062 2298 nuper
1072 2265 1153 2289 fecisti
1172 2265 1215 2288 125
1413 2263 1560 2286 CLXXXIII
1577 2262 1646 2285 Alias
1663 2263 1814 2285 emanarunt
1825 2268 1840 2284 a
1854 2268 1940 2292 congr.
1965 2261 2010 2284 182

660 2306 771 2329 CXXVII
787 2307 854 2333 Cum,
874 2306 938 2329 sicut
954 2306 1026 2329 nobis
1038 2314 1147 2337 nuper..
1172 2306 1215 2329 196
1297 2316 1308 2329 >0
1411 2305 1557 2328 CLXXXIV
1575 2306 1643 2333 Cum,
1659 2304 1724 2328 sieut
1735 2312 1786 2328 non
1803 2304 1858 2328 sine
1870 2304 1941 2336 gravi
1964 2305 2009 2329 183

517 2354 528 2368 υ
651 2349 774 2372 CXXVIII
791 2349 847 2376 Nos,
868 2347 980 2372 volentes
994 2348 1099 2373 dilectos
1110 2370 1115 2375 .
1126 2370 1130 2374 .
1141 2370 1146 2375 .
1172 2348 1215 2371 137
1297 2361 1308 2374 ι]
1425 2350 1558 2375 CLXXXV
1574 2349 1674 2373 Dudum
1692 2349 1773 2374 felicis
1785 2349 1907 2373 recordat.
1918 2367 1940 2374 ..
1964 2349 2009 2373 184

516 2396 527 2409 '¹
674 2390 774 2412 CXXIX
790 2391 846 2418 Nos,
867 2390 979 2415 volentes
997 2391 1146 2416 dilectos...
1171 2392 1215 2415 138
1267 2395 1326 2417 1658
1413 2394 1558 2417 CLXXXVI
1575 2391 1731 2416 Sacrosancti
1750 2391 1904 2423 apostolatus
1919 2408 1940 2415 ..
1965 2392 2009 2415 185

516 2437 527 2450 i·
686 2430 774 2453 CXXX
791 2432 818 2454 Iu
836 2431 935 2455 sublimi
953 2432 1023 2456 Sedis
1034 2433 1146 2464 Apostol.
1172 2435 1215 2458 127
1297 2444 1308 2456 »
1398 2434 1557 2457 CLXXXVII
1574 2432 1673 2464 Exponi
1691 2431 1764 2456 nobis
1781 2439 1862 2463 nuper
1878 2431 1939 2455 fecit
1963 2433 2009 2456 186

516 2477 528 2490 ι
674 2469 773 2492 CXXXI
791 2471 825 2493 Ex
843 2472 946 2495 Romani
964 2472 1099 2497 Pontificis.
1110 2491 1115 2497 .
1126 2492 1130 2497 .
1141 2492 1146 2497 .
1171 2475 1215 2497 1⁶28
1387 2474 1556 2496 CLXXXVIII
1574 2472 1672 2504 Exponi
1685 2472 1757 2495 nobis
1768 2479 1850 2503 nuper
1858 2470 1918 2495 fecit
1931 2486 1943 2495 .-
1960 2472 2006 2495 267

517 2516 528 2529 ι
661 2508 774 2532 CXXXII
790 2510 818 2532 In
835 2517 950 2541 supremo
967 2511 1076 2536 iustitiae
1080 2531 1146 2537 .....
1172 2516 1215 2537 129
1411 2513 1556 2536 CLXXXIX
1573 2513 1642 2540 Cum,
1662 2512 1727 2536 sicut
1745 2511 1888 2542 accepimus
1900 2529 1905 2534 .
1916 2529 1920 2534 .
1931 2529 1936 2535 .
1961 2511 2006 2535 187

517 2555 529 2568 n
650 2548 775 2572 CXXXIII
792 2549 890 2573 Dudum
902 2557 916 2573 a
927 2550 1007 2574 felicis
1024 2552 1146 2576 recordat.
1171 2554 1214 2577 130
1296 2562 1307 2575 »
1495 2553 1557 2576 CXC
1572 2551 1703 2575 Militantis
1715 2550 1843 2575 Ecclesiae
1853 2568 1936 2574 ......
1961 2551 2006 2574 188

518 2594 530 2606 n
650 2587 773 2611 CXXXIV
790 2588 908 2616 Quamvis
925 2589 949 2614 in
966 2589 1055 2615 litteris
1067 2591 1146 2616 felicis
1171 2594 1213 2617 131
1296 2602 1308 2616 »
1485 2593 1556 2616 CXCI
1572 2591 1670 2624 Exponi
1687 2591 1760 2615 nobis
1777 2598 1860 2623 nuper
1876 2589 1936 2614 fecit
1960 2590 2005 2615 189
