2243 3205
280 165 328 191 An.
345 165 372 191 c.
396 165 462 193 ¹660
508 156 570 190 576

306 436 413 457 Clausulas
426 436 462 457 ad-

476 213 581 256 aliquo
611 212 847 256 quomodolibet
882 212 1128 254 intervenerint,
1160 219 1213 246 aut

476 265 681 299 intervenisse
705 265 776 306 dici,
797 265 927 307 censeri,
953 265 1137 310 praetendi,
1165 267 1211 299 vel

477 318 608 360 intelligi
632 318 762 362 possint,
779 318 960 361 plenissime
983 319 1166 362 supplemus
1184 324 1213 351 et

476 381 632 411 sanamus,
660 382 696 404 ac
721 371 845 414 penitus
870 376 900 404 et
923 371 1051 405 omnino
1076 372 1213 405 tollimus

477 429 506 456 et
518 424 689 457 abolemus.
702 424 909 457 Decernentes
928 424 1051 457 easdem
1072 434 1214 468 praesen-

478 482 523 510 tes
548 477 666 510 litteras
691 480 720 510 et
743 477 775 509 in
800 477 844 510 eis
876 482 1020 510 contenta
1045 482 1074 510 et
1098 477 1213 509 inserta

477 540 704 573 quaecumque,
730 540 852 563 necnon
876 530 1010 562 tarisfam
1037 534 1066 564 et
1089 529 1213 562 ordina-

477 582 578 615 tiones
601 582 781 616 huiusmodi
799 582 837 615 ab
862 582 1007 616 omnibus
1024 588 1053 615 et
1072 581 1212 624 singulis,

477 633 516 666 ad
540 644 618 677 quos
646 644 729 667 nunc
757 645 885 679 quoquo
917 634 1010 667 modo
1043 639 1160 677 spectat
1184 638 1213 665 et

476 686 628 730 spectabit
645 686 675 719 in
695 687 845 728 futurum,
863 687 1089 730 cuiuscumque
1106 689 1212 726 status,

476 739 602 782 gradus,
620 740 749 782 ordinis,
768 740 926 783 dignitatis
953 745 981 773 et
997 739 1213 783 praeeminen-

477 791 536 825 tiae
560 792 686 834 suerint,
714 792 835 825 etiamsi
860 792 1069 825 cardinalatus
1093 791 1212 824 honore

475 845 623 888 fulgeant,
648 850 678 878 et
701 846 795 889 legati
820 845 857 878 de
881 846 978 878 latere
1006 849 1159 888 potestate
1184 850 1213 877 et

475 898 660 932 auctoritate
675 899 855 941 fungantur,
872 908 997 942 semper
1014 901 1044 932 et
1059 903 1212 941 perpetuo

476 951 698 985 inviolabiliter
722 958 752 985 et
775 953 960 986 inconcusse
985 951 1146 985 observari
1164 951 1214 984 de-

476 1003 561 1045 bere,
573 1014 674 1048 neque
691 1005 773 1048 ipsas
786 1010 967 1049 praesentes
982 1004 1109 1045 litteras,
1120 1004 1211 1037 etiam

477 1066 513 1089 ex
527 1066 564 1090 eo
578 1057 661 1100 quod
675 1057 805 1101 quilibet
819 1057 850 1090 in
863 1057 1045 1101 praemissis
1063 1057 1212 1089 interesse

477 1108 637 1150 habentes,
661 1120 716 1143 seu
740 1110 857 1143 habere
873 1109 1110 1153 quomodolibet
1127 1120 1213 1153 prae-

477 1162 648 1203 tendentes,
677 1163 737 1196 illis
761 1173 823 1197 non
848 1163 1073 1204 consenserint,
1099 1168 1151 1195 aut
1174 1162 1212 1195 ad

477 1225 513 1248 ea
537 1217 636 1248 vocati
668 1222 698 1249 et
720 1217 834 1259 auditi,
860 1227 1055 1260 causaeque,
1083 1222 1213 1260 propter

476 1280 554 1314 quas
578 1270 664 1314 ipsae
688 1274 867 1314 praesentes
891 1274 1094 1310 emanarunt,
1115 1270 1212 1303 addu-

477 1328 544 1356 ctae
562 1328 615 1356 aut
639 1323 818 1356 verificatae
843 1329 873 1356 et
890 1323 1054 1356 iustificate
1073 1333 1136 1356 non
1152 1323 1214 1356 fue-

477 1377 549 1417 rint,
566 1387 621 1410 seu
634 1387 671 1409 ex
686 1377 745 1409 alia
758 1377 896 1421 qualibet
909 1376 1107 1420 quantumvis
1121 1376 1212 1417 iusta,

476 1431 626 1474 legitima,
642 1431 695 1475 pia
713 1436 742 1464 et
758 1431 956 1475 privilegiata
976 1433 1079 1470 causa,
1096 1430 1213 1471 colore,

475 1489 637 1528 praetextu
663 1490 693 1517 et
717 1484 827 1528 capite,
844 1485 935 1517 etiam
957 1484 988 1516 in
1012 1494 1147 1527 corpore
1171 1483 1214 1516 iu-

476 1538 520 1571 ris
545 1537 661 1578 clauso,
690 1538 782 1570 etiam
804 1537 952 1578 enormis,
977 1537 1213 1570 enormissimae

477 1597 507 1624 ct
532 1591 634 1624 totalis
651 1591 807 1633 laesionis,
825 1591 888 1624 ullo
913 1602 1049 1635 unquam
1071 1597 1213 1635 tempore

476 1644 515 1678 de
538 1645 752 1689 subreptionis
778 1645 823 1678 vel
848 1645 1043 1688 obreptionis
1068 1648 1121 1678 aut
1148 1645 1214 1677 nul-

476 1698 571 1731 litatis
596 1697 686 1738 vitio,
718 1698 765 1730 vel
797 1698 977 1731 intentionis
1009 1703 1134 1731 nostrae
1158 1703 1215 1731 aut

475 1750 627 1783 interesse
641 1750 822 1784 habentium
837 1761 1017 1792 consensus,
1028 1751 1127 1784 aliove
1140 1761 1215 1794 quo-

476 1803 553 1837 libet
576 1804 775 1847 quantumvis
799 1804 993 1837 substantiali
1029 1815 1065 1838 ac
1089 1804 1214 1837 inexco-

477 1857 596 1900 gitabili
620 1857 741 1890 defectu
765 1858 885 1898 notari,
909 1857 1103 1901 impugnari,
1129 1858 1214 1890 inva-

477 1909 567 1942 lidari
588 1914 618 1944 et
642 1911 808 1953 restringi,
833 1911 1007 1951 retractari,
1038 1911 1068 1943 in
1093 1917 1215 1944 contro-

478 1963 610 1996 versiam
637 1964 793 2004 revocari,
822 1969 875 1996 aut
899 1964 937 1996 ad
963 1964 1113 1997 terminos
1138 1964 1215 1997 iuris

478 2016 596 2058 reduci,
612 2027 668 2049 seu
691 2017 840 2050 adversus
861 2017 928 2049 illas
952 2016 1134 2060 aperitionis
1151 2017 1215 2050 oris

478 2074 509 2102 et
523 2069 729 2103 restitutionis
740 2070 770 2102 in
783 2070 953 2113 integrum,
964 2070 1010 2102 vel
1024 2070 1107 2102 aliud
1120 2070 1216 2114 quod—

479 2133 615 2167 cumque
639 2123 716 2156 iuris
740 2129 770 2157 et
792 2124 863 2157 sacti
891 2124 939 2157 vel
966 2124 1084 2166 gratiae
1117 2134 1216 2156 reme-

478 2176 565 2209 dium
591 2176 764 2221 impetrari,
781 2182 833 2209 aut
857 2177 1024 2220 impetrato
1050 2177 1097 2210 vel
1122 2177 1214 2209 etiam

479 2235 588 2271 motu,
614 2230 741 2263 scientia
774 2236 804 2263 et
827 2230 988 2274 potestatis
1023 2230 1216 2274 plenitudine

479 2283 608 2326 paribus
644 2294 792 2317 concesso
827 2283 1007 2327 quempiam
1044 2284 1075 2315 in
1099 2283 1215 2316 iudicio

480 2337 528 2370 vel
552 2342 638 2370 extra
662 2338 739 2370 illud
762 2337 806 2370 uti
831 2348 886 2371 seu
910 2348 943 2370 se
966 2337 1074 2370 iuvare
1104 2347 1214 2380 posse,

480 2390 534 2423 sed
555 2390 678 2423 easdem
695 2396 874 2435 praesentes
894 2390 1013 2424 litteras
1026 2389 1216 2434 semperfir-

481 2453 557 2484 mas,
575 2443 690 2476 validas
715 2449 745 2476 et
768 2444 909 2477 efficaces
934 2444 1066 2476 existere
1090 2448 1119 2475 et
1139 2443 1215 2484 sore,

1057 165 1233 190 BULLAtittJM
1257 165 1410 190 ROMANUM

1246 212 1428 256 praemissis
1453 213 1600 247 omnibus
1625 219 1654 246 et
1685 213 1814 257 singulis
1839 215 1979 255 censeri,

1245 272 1338 309 atque
1362 266 1403 299 ita
1428 277 1484 310 per
1514 277 1728 310 quoscumque
1760 268 1876 301 iudices
1899 268 1980 301 ordi-

1246 319 1350 352 narios
1368 324 1397 352 et
1417 319 1584 362 delegatos,
1601 320 1692 352 etiam
1714 330 1876 352 causarum
1897 322 1980 364 pala-

1247 372 1279 404 tii
1293 372 1455 415 apostolici
1472 373 1639 415 auditores,
1654 383 1689 405 ac
1702 372 1840 405 eiusdem
1855 372 1884 406 S.
1899 374 1932 406 R.
1947 374 1979 406 E.

1246 425 1466 466 camerarium,
1490 430 1520 458 et
1544 425 1621 458 alios
1641 425 1814 458 cardinales
1831 425 1923 458 etiam
1943 426 1981 459 de

1246 477 1342 510 latere
1366 478 1503 520 legatos,
1527 488 1648 511 necnon
1682 488 1824 511 camerae
1856 482 1982 512 nostrae

1246 531 1436 573 apostolicae
1449 530 1677 563 thesaurarium
1693 530 1882 573 generalem,
1896 541 1982 574 prae-

1247 582 1392 623 sidentes,
1417 583 1557 623 clericos,
1575 583 1690 616 aliosve
1708 582 1857 616 officiales
1873 587 1902 617 et
1926 583 1982 616 mi-

1246 635 1360 668 nistros
1391 639 1420 669 et
1451 641 1572 669 ceteros
1606 636 1714 679 quavis
1743 636 1928 669 auctoritate
1952 642 1982 669 et

1245 693 1396 731 potestate
1415 688 1577 730 fungentes
1594 692 1624 722 et
1640 688 1901 731 quandocumque
1916 689 1982 721 fun-

1246 745 1361 782 cturos,
1379 740 1500 773 sublata
1524 741 1568 773 eis
1589 746 1618 773 et
1634 751 1743 774 eorum
1763 740 1890 773 cuilibet
1909 751 1982 785 qua-

1247 793 1290 826 vis
1309 793 1398 826 aliter
1422 793 1578 826 iudicandi
1596 800 1625 827 et
1642 793 1869 837 interpretandi
1889 794 1982 827 facul-

1246 851 1307 879 tate
1338 852 1368 879 et
1398 847 1599 889 auctoritate,
1633 846 1765 895 iudicari
1796 851 1826 879 et
1858 845 1981 879 definiri

1246 899 1371 940 debere,
1396 909 1432 933 ac
1457 900 1582 933 irritum
1600 904 1629 932 et
1646 899 1746 941 inane,
1772 898 1797 932 si
1822 909 1911 932 secus
1935 909 1982 932 su-

1246 963 1302 995 per
1327 953 1374 985 his
1400 963 1416 984 a
1441 963 1618 996 quoquam,
1644 952 1752 996 quavis
1776 951 1981 993 auctoritate,

1246 1005 1379 1038 scienter
1404 1006 1451 1038 vel
1476 1005 1668 1048 ignoranter,
1686 1005 1852 1048 contigerit
1875 1010 1978 1038 atten-

1246 1058 1314 1090 tari.

1290 1110 1305 1153 ἓ
1329 1109 1358 1143 9.
1383 1110 1451 1143 Non
1476 1110 1672 1144 obstantibus
1696 1109 1898 1154 praemissis,
1930 1120 1981 1152 ac,

1246 1168 1398 1206 quatenus
1422 1174 1500 1207 opus
1524 1164 1573 1205 sit,
1593 1165 1701 1197 nostra
1725 1168 1755 1196 et
1779 1163 1982 1196 cancellariae

1246 1216 1436 1259 apostolicae
1469 1217 1579 1259 regula
1604 1216 1642 1249 de
1666 1226 1728 1249 non
1753 1216 1889 1249 tollendo
1914 1216 1983 1249 iure

1246 1269 1397 1313 quaesito,
1422 1275 1451 1302 et
1475 1270 1572 1302 felicis
1597 1269 1822 1303 recordationis
1847 1269 1892 1302 Pii
1919 1270 1980 1302 Pa-

1246 1332 1303 1366 pae
1327 1323 1363 1355 lV
1392 1321 1644 1365 praedecessoris
1676 1322 1775 1355 nostri
1804 1322 1842 1355 de
1873 1322 1982 1365 gratiis

1247 1377 1475 1420 qualecumque
1489 1376 1638 1409 interesse
1651 1376 1750 1409 dictae
1761 1386 1902 1409 camerae
1912 1386 1983 1409 con-

1247 1429 1448 1462 cernentibus
1473 1429 1504 1461 in
1528 1428 1638 1462 eadem
1665 1430 1788 1462 camera
1812 1428 1894 1462 intra
1918 1438 1982 1461 cer-

1247 1487 1312 1514 tum
1347 1486 1421 1514 tunc
1457 1492 1639 1526 expressum
1673 1487 1797 1526 tempus
1825 1492 1978 1526 praesen-

1247 1535 1348 1569 tandis
1373 1541 1403 1568 et
1426 1535 1647 1578 registrandis,
1673 1536 1714 1568 ita
1747 1541 1780 1568 ut
1803 1541 1982 1579 praesentes

1246 1590 1365 1622 litteras
1396 1589 1511 1622 ibidem
1547 1589 1740 1632 praesentari
1764 1594 1793 1622 et
1817 1589 1982 1632 registrari

1246 1653 1419 1687 numquam
1439 1653 1565 1675 necesse
1582 1643 1630 1683 sit,
1648 1643 1778 1686 aliisque
1792 1643 1981 1687 apostolicis,

1247 1707 1282 1729 ac
1307 1697 1338 1729 in
1369 1695 1598 1728 universalibus
1621 1696 1928 1740 provincialibusque
1952 1700 1982 1731 et

1247 1749 1447 1795 synodalibus
1476 1749 1615 1782 conciliis
1643 1749 1753 1790 editis,
1781 1750 1981 1793 generalibus

1249 1804 1295 1837 vel
1312 1802 1508 1846 specialibus,
1526 1802 1798 1836 constitutionibus
1815 1808 1844 1836 et
1859 1802 1982 1836 ordina-

1248 1856 1404 1897 tionibus,
1429 1865 1550 1888 necnon
1574 1855 1733 1888 civitatum
1748 1883 1755 1897 ,
1780 1855 1981 1900 oppidorum,

1247 1914 1413 1949 terrarum,
1442 1909 1585 1942 locorum
1610 1914 1639 1941 et
1670 1908 1885 1950 ecclesiarum,
1914 1920 1982 1943 mo-

1247 1962 1467 2002 nasteriorum,
1493 1961 1698 2004 collegiorum
1713 1988 1720 2002 ,
1751 1967 1959 1996 conventuum
1973 1990 1981 2004 ‚

1247 2016 1405 2055 ordinum,
1425 2015 1728 2058 congregationum,
1745 2016 1928 2049 societatum
1953 2021 1982 2049 et

1247 2069 1461 2102 institutorum
1486 2068 1709 2111 quorumlibet,
1726 2068 1832 2101 aliisve
1852 2069 1982 2112 quibus-

1248 2122 1302 2165 vis,
1323 2123 1415 2155 etiam
1440 2122 1627 2162 iuramento,
1652 2121 1889 2155 confirmatione
1912 2133 1984 2166 apo-

1248 2176 1368 2216 stolica,
1384 2176 1431 2208 vel
1452 2175 1560 2219 quavis
1576 2175 1723 2208 firmitate
1739 2175 1799 2208 alia
1816 2175 1982 2219 roboratis,

1248 2229 1378 2269 statutis,
1396 2228 1513 2269 usibus,
1531 2228 1618 2272 stylis
1642 2233 1671 2262 et
1695 2228 1982 2270 consuetudinibus,

1247 2283 1339 2316 etiam
1365 2281 1684 2322 immemorabilibus,
1709 2282 1880 2325 privilegiis
1904 2293 1982 2325 quo-

1248 2347 1318 2380 que,
1336 2335 1462 2368 indultis
1483 2341 1513 2368 et
1525 2335 1636 2368 litteris
1649 2334 1828 2379 apostolicis
1844 2335 1902 2368 sub
1919 2335 1984 2379 qui-

1249 2389 1444 2432 buscumque
1475 2388 1644 2421 verborum
1674 2388 1837 2421 tenoribus
1868 2392 1898 2421 et
1923 2387 1984 2421 sor-

1247 2441 1324 2482 mis,
1350 2452 1386 2474 ac
1409 2440 1570 2485 quibusvis
1594 2441 1686 2483 etjam
1710 2440 1982 2483 derogator-iarum

482 2504 518 2527 ac
533 2505 606 2528 suos
630 2496 787 2538 plenarios
804 2502 834 2528 et
850 2496 989 2539 integros
1006 2495 1134 2529 effectus
1152 2506 1216 2528 sor·
1248 2494 1477 2537 derogatoriis‚
1507 2493 1636 2537 aliisque
1661 2493 1897 2533 efficacioribus,
1922 2492 1982 2525 effi-

483 2546 534 2583 tiri
558 2553 587 2580 et
611 2549 761 2590 obtinere,
787 2550 893 2594 sicque
925 2555 954 2582 et
984 2560 1046 2583 non
1071 2550 1160 2583 aliter
1183 2549 1215 2582 in
1249 2547 1418 2581 cacissimis
1442 2550 1472 2581 et
1495 2547 1627 2580 insolitis
1651 2546 1812 2588 clausulis,
1837 2544 1982 2578 irritanti-

1993 168 2041 195 An.
2058 168 2085 194 C.
2107 169 2173 199 1660
2215 180 2219 198 1

2023 1122 2114 1153 Derogat
2130 1127 2176 1145 cen-

1997 1151 2074 1170 trariis.
