2243 3205
49 245 97 272 An.
113 243 140 270 C.
163 242 231 270 1658

79 570 187 592 Decretum
207 568 233 588 ir-

54 598 124 619 rizans.

59 1154 168 1175 Contraria
177 1153 237 1175 tollit.

841 239 1027 264 affixam-nan
1053 239 1097 262 vu
1117 240 1164 262 rr.
1668 228 1726 262 5351

246 289 348 333 ipsum
364 288 448 322 iuxta
462 288 684 332 exponentium
703 287 893 327 instantiam,
912 297 987 331 apo-

247 342 355 376 stolica
382 342 589 383 auctoritate,
622 348 731 376 tenore
757 342 987 386 praesentium,

247 396 461 440 approbamus
486 402 513 429 et
540 396 780 435 confirmamus3
802 395 883 427 satra
906 406 987 428 sem-

248 459 303 492 per
328 449 359 481 in
383 449 565 493 praemissis
590 449 773 482 auctoritate
799 448 898 481 dictae
920 457 989 481 con-

249 502 442 545 gregationis
467 502 683 535 cardinalium.

294 556 308 599 ἓ
329 556 357 589 4.
376 556 726 589 Decernentes-easdcm
748 558 928 600 praesentes
945 554 991 587 lit-

250 614 332 643 teras
357 620 482 654 semper
507 609 626 650 firmas,
653 609 770 641 validas
795 613 825 641 et
850 608 991 641 efficaces

250 662 382 696 existere
401 667 431 698 et
451 663 526 703 sore,
553 673 588 696 ac
613 673 686 696 suos
709 662 867 706 plenarios
890 667 919 694 et
945 661 989 693 in-

250 722 356 759 tegros
377 716 505 749 effectus
524 715 630 749 sortiri
651 719 681 750 et
700 715 842 749 obtinere
857 742 864 756 ,
885 715 992 758 sicque

250 769 282 801 in
316 769 497 813 praemissis
528 779 585 813 per
618 779 836 813 quoscumque
874 768 993 801 iudices

251 822 429 856 ordinarios
454 828 484 855 et
512 822 682 866 delegatos,
708 822 801 855 etiam
827 831 993 854 causarum

251 876 359 920 palatii
390 876 555 920 apostolici
591 876 772 917 auditores,
803 875 935 909 iudicari
965 880 995 908 et

254 929 378 962 definiri
408 929 532 972 debere,
558 940 594 963 ac
619 929 743 962 irritum
775 934 805 962 et
835 929 945 969 inane,
970 928 995 960 si

253 993 342 1017 secus
363 994 457 1028 super
475 983 523 1017 his
540 994 557 1017 a
574 994 744 1028 quoquam,
763 983 872 1027 quaris
893 987 996 1016 aucto-

253 1036 354 1079 ritate,
381 1036 515 1070 scienter
541 1038 587 1070 vel
613 1037 807 1080 ignoranter,
828 1036 994 1079 contigerit

254 1090 411 1123 attentari.

299 1143 313 1187 ἓ
337 1143 367 1176 4.
397 1144 465 1177 Non
498 1143 696 1177 obstantibus
729 1142 930 1188 praemissis,
962 1152 997 1175 ac

253 1197 530 1231 constitutionibus
550 1202 579 1232 et
596 1196 848 1231 ordinationibus
869 1199 996 1240 aposto-

254 1250 341 1291 licis,
365 1260 505 1293 necnon,
531 1254 685 1295 quatenus
710 1260 789 1294 opus
815 1249 872 1289 sit,
897 1248 997 1281 dictae

254 1304 508 1347 congregationis
524 1331 531 1344 ,
568 1304 697 1347 eiusque
733 1302 997 1336 monasteriorum

254 1357 451 1402 quorumvis,
476 1357 569 1390 etiam
596 1357 794 1397 iuramento,
823 1355 995 1389 confirma-

256 1412 340 1445 tione
364 1411 549 1455 apostolica,
567 1412 614 1444 vel
640 1411 749 1455 quavis
766 1409 913 1443 firmitate
938 1409 999 1442 alia

256 1465 424 1507 roboratis,
444 1465 565 1499 statutis
583 1470 613 1498 et
629 1464 920 1505 consuetudinibus⁷
938 1463 1000 1507 pri-

258 1519 380 1563 vilegiis
410 1529 555 1563 quoque,
580 1518 707 1552 indultis
733 1523 762 1551 et
786 1518 898 1550 litteris
926 1528 1000 1561 apo-

258 1573 376 1607 stolicis
397 1573 428 1606 in
445 1573 640 1606 contrarium
662 1572 909 1616 praemissorum
927 1582 1001 1614 quo-

258 1626 430 1661 modolibet
453 1627 622 1667 concessis,
645 1625 840 1659 confirmatis
858 1628 888 1658 ct
912 1625 1001 1658 inno-

258 1681 351 1720 vatis,
371 1680 485 1724 quibus
503 1679 651 1713 omnibus
668 1684 697 1712 et
715 1678 857 1721 singulis,
874 1678 999 1711 illorum

258 1739 384 1768 tenores
412 1733 631 1777 praesentibus
654 1743 712 1776 pro
743 1732 834 1775 plene
859 1736 889 1763 ct
913 1731 999 1763 suffi-

259 1789 377 1821 cienter
395 1787 553 1831 expressis
578 1798 613 1820 ac
630 1787 667 1819 dc
689 1786 786 1819 verbo
811 1785 848 1818 ad
868 1785 999 1818 verbum

260 1841 385 1875 insertis
409 1841 571 1881 habentes,
590 1840 650 1873 illis
668 1840 743 1873 alias
762 1840 791 1872 in
810 1850 867 1872 suo
884 1839 1001 1872 robore

259 1894 487 1939 permansuris,
511 1894 549 1927 ad
570 1894 817 1939 praemissorum
845 1893 1002 1934 effectum,

260 1949 318 1982 hac
335 1948 402 1982 vice
420 1948 590 1989 dumtaxat,
605 1948 783 1993 specialiter
804 1953 834 1981 et
854 1957 1002 1992 expresse

260 2002 468 2046 derogamus3
483 2002 660 2047 ceterisque
685 2002 852 2035 contrariis
872 2001 1002 2046 quibus-

261 2067 407 2100 cumque.

306 2110 416 2143 Datum
442 2110 570 2150 Romae,
595 2110 676 2153 apud
703 2109 730 2142 S.
759 2109 886 2142 Mariam
913 2108 1004 2142 Maio-

262 2173 342 2204 rem,
360 2163 417 2196 sub
442 2163 557 2196 annulo
584 2164 760 2203 Piscatori&
786 2163 834 2196 die
855 2173 896 2196 xv
926 2162 1003 2196 iunii

263 2226 413 2258 uncam,
440 2217 639 2260 pontificatus
666 2217 765 2250 nostri
791 2227 872 2250 anno
898 2226 936 2249 iv.

298 2280 356 2308 Dat.
379 2280 422 2308 die
445 2280 475 2308 15
496 2279 562 2306 iunii
584 2280 661 2314 1658,
683 2280 779 2314 pontis.
805 2288 875 2307 anno
897 2285 931 2306 tv.

572 2448 691 2481 uxelx.

269 2537 480 2581 Confirmatio
505 2536 690 2570 concordiae
716 2537 802 2571 inter
821 2538 1005 2582 episcopum

309 2596 337 2624 et
370 2592 549 2636 capitulum
593 2596 620 2623 et
653 2592 821 2624 canonicos
858 2592 1005 2625 ecclesiae

311 2645 476 2679 curiensis
490 2672 499 2685 1,
539 2654 657 2678 necnon
694 2644 899 2678 archiducem
934 2645 1002 2678 Au-

1070 288 1168 319 striac
1190 288 1240 319 uli
1264 289 1408 321 comitem
1433 287 1554 331 Tyrolz',
1575 298 1671 331 super
1691 297 1766 320 non-

1069 339 1172 372 nullis
1192 340 1319 373 iuribus
1345 352 1382 373 ac
1408 339 1723 374 iurisdictionibus⁴.

1024 430 1195 458 Venerabili
1215 431 1303 457 fratri
1332 431 1471 459 rederico
1491 432 1682 466 patriarchae
1703 432 1768 459 Ale-

1061 475 1217 509 xandrino,
1239 478 1341 503 nostro
1363 479 1394 502 et
1417 477 1608 510 Apostolicae
1633 476 1717 504 Sedis
1738 477 1768 503 in

1062 519 1188 547 dominio
1203 520 1409 547 Helvetiorum
1423 523 1454 548 et
1470 521 1632 548 Rhetorum
1648 520 1768 553 nuncio,

1222 575 1389 601 Alexander
1410 575 1489 609 Papa
1512 575 1573 602 vl1.

1244 646 1432 673 Venerabilis
1444 646 1547 678 frater,

1062 691 1192 718 salutem
1213 693 1244 717 et
1263 691 1460 724 apostolicam
1483 691 1731 718 benedictionem.

1072 769 1132 801 Pro
1162 774 1250 813 parte
1289 769 1477 802 venerabilis
1508 769 1613 802 fratris
1646 770 1769 802 loannis

1029 822 1168 867 episcopi
1183 823 1350 863 Curiensis,
1369 833 1404 856 ac
1421 823 1608 856 dilectorum
1631 823 1768 856 filiorum

1028 876 1143 910 nobilis
1168 876 1226 909 viri
1251 876 1439 910 Ferdinandi
1465 877 1566 911 Caroli
1592 877 1770 910 archiducis

1030 930 1173 964 Austriae
1197 941 1232 963 ac
1250 931 1372 964 comitis
1394 931 1525 975 TyroliS,
1542 940 1665 964 necnon
1685 930 1769 974 capi-

1030 984 1085 1018 tuli
1104 989 1133 1017 et
1158 983 1382 1017 canonicorum
1409 983 1597 1017 cathedralis
1623 983 1771 1017 ecclesiae

1030 1037 1207 1077 Curiensis,
1242 1037 1332 1070 nobis
1366 1037 1541 1081 expositum
1582 1037 1639 1069 suit
1672 1046 1772 1080 nuper

1031 1091 1114 1135 quod
1140 1091 1206 1135 ipse
1226 1091 1443 1124 Ferdinandus
1468 1091 1597 1125 Carolus
1621 1090 1770 1124 archidux

1032 1155 1068 1177 ex
1093 1144 1154 1178 una
1182 1150 1211 1177 et
1236 1145 1366 1178 loannes
1391 1155 1546 1189 epscopus
1571 1150 1598 1177 et
1629 1143 1771 1177 nonnulli

1033 1197 1174 1231 canonici
1200 1198 1300 1230 dictae
1332 1198 1482 1231 ecclesiae
1509 1209 1544 1230 ex
1571 1198 1668 1229 altera
1694 1207 1768 1240 par-

1033 1251 1115 1284 tibus
1139 1251 1176 1284 ad
1210 1251 1453 1284 transactionem
1484 1262 1537 1284 seu
1570 1250 1771 1284 concordiam

1033 1315 1129 1349 super
1153 1305 1339 1349 quibusdam
1365 1305 1600 1345 controversiis,
1621 1314 1700 1347 quae
1721 1314 1772 1336 su-

1032 1369 1089 1403 per
1120 1359 1280 1392 nonnullis
1305 1359 1428 1392 iuribus
1453 1357 1774 1391 iurisdictionalibus²

1034 1412 1135 1446 dictae
1164 1413 1312 1446 ecclesiae
1340 1412 1498 1446 Curicnsis
1523 1413 1603 1446 inter
1628 1422 1681 1445 eos
1709 1422 1775 1444 ver-

1035 1465 1155 1507 tebant,
1181 1466 1394 1507 devenerunt,
1419 1469 1512 1509 prout
1541 1465 1719 1498 continetur
1744 1464 1775 1497 in

1034 1520 1243 1552 instrumento
1260 1519 1395 1563 desuper
1420 1519 1560 1551 consecto
1586 1518 1702 1551 tenoris
1722 1518 1774 1562 qui

1035 1573 1191 1616 sequitur,
1224 1572 1387 1606 videlicet:
1426 1585 1438 1602 «‹
1470 1573 1530 1605 Nos
1562 1571 1777 1605 Ferdinandus

1035 1626 1164 1660 Carolus
1187 1626 1239 1658 Dei
1257 1626 1358 1669 gratia
1375 1626 1524 1658 archidux
1546 1626 1698 1668 Austriae,
1716 1625 1777 1658 dux

1037 1680 1247 1723 Burgunsliae,
1275 1680 1403 1724 Styriae,
1428 1680 1622 1724 Caryntliiae,
1648 1679 1776 1713 Carnio-

1035 1735 1082 1767 lae
1109 1740 1139 1767 et,
1164 1734 1435 1777 Wittembergao,
1468 1744 1573 1766 comes
1603 1733 1724 1778 Tyrolis
1748 1739 1778 1766 et

1037 1788 1186 1828 Goriliae‚
1207 1787 1408 1830 landgravius
1434 1787 1585 1826 Alsatiae;
1606 1797 1662 1820 uos
1691 1788 1779 1820 loan-

1037 1852 1091 1874 nes
1124 1841 1176 1874 Dei
1210 1841 1310 1884 gralia
1342 1841 1510 1884 episcopus
1542 1840 1699 1873 Curiensis
1723 1840 1779 1873 do-

1037 1895 1141 1927 minus
1176 1895 1206 1926 in
1239 1894 1556 1937 Grollmgstingensi,
1586 1899 1616 1926 et
1652 1894 1779 1927 nomine

1037 1948 1165 1993 capituli
1184 1948 1297 1981 ibidem
1316 1959 1373 1981 nos
1390 1947 1635 1992 Christophorus
1651 1958 1668 1980 a
1681 1948 1778 1988 Moro,

1037 2002 1236 2047 praepositus
1257 2013 1293 2034 ac
1310 2002 1445 2035 vicarius
1470 2001 1635 2045 generalis,
1652 2001 1780 2034 Bernar-

1038 2056 1129 2089 dinus
1164 2056 1356 2089 Gaudentius
1392 2056 1549 2095 decanus,
1577 2055 1709 2089 lacobus
1742 2055 1780 2088 de

1037 2110 1183 2152 Albertis,
1213 2109 1353 2142 canonici
1382 2109 1520 2141 eiusdem
1547 2108 1697 2142 ecclesiae
1721 2108 1780 2142 Cu-

1039 2164 1161 2207 riensis,
1186 2163 1343 2207 praesenti
1372 2163 1578 2196 instrumento
1602 2173 1659 2206 pro
1691 2162 1781 2195 nobis

1040 2222 1069 2250 et
1094 2217 1209 2249 nostris
1234 2216 1408 2260 respective
1432 2216 1622 2249 haeredibus
1646 2221 1676 2248 et
1708 2226 1778 2249 suc-

1039 2270 1218 2303 cessoribus
1243 2276 1350 2303 notum
1377 2271 1507 2303 facimus
1532 2276 1562 2303 ct
1586 2274 1780 2311 attestamur,

1039 2323 1174 2367 qualiter
1190 2323 1259 2355 lites
1278 2328 1307 2355 ct
1325 2323 1568 2363 controversiae,
1587 2333 1665 2367 quae
1684 2323 1745 2355 iam
1763 2333 1781 2355 a

1038 2377 1144 2411 multis
1162 2377 1260 2418 annis,
1278 2377 1375 2411 immo
1398 2378 1503 2410 verius
1527 2377 1565 2409 ab
1583 2377 1781 2409 immemora-

1039 2430 1094 2462 bili
1121 2435 1271 2474 tempore,
1298 2431 1377 2463 inter
1399 2431 1632 2463 serenissimam
1651 2430 1780 2463 domum

1040 2483 1234 2524 Ausa-icam,
1259 2485 1303 2516 uti
1329 2484 1475 2518 comitem
1502 2484 1632 2529 Tyi‘olis,
1651 2494 1686 2516 ex
1707 2485 1779 2524 una,

1078 2610 1084 2634 1
1106 2608 1141 2634 Ex
1160 2608 1266 2641 [letzem.
1285 2618 1309 2634 ιιι
1325 2608 1426 2635 Serri-ci.
1446 2608 1521 2634 lirin.

1075 2655 1090 2679 2
1109 2654 1255 2689 l'raeposit.
1270 2663 1322 2688 prr
1339 2654 1399 2679 hinc
1416 2653 1673 2689 al=iicimusi1z.'r.).

1780 239 1828 265 An.
1851 240 1963 268 0165ss
