2243 3205
43 2807 69 2828 Ο

907 183 1002 205 ixnnx
1030 182 1132 205 nnnru
1681 168 1742 202 807

247 237 360 270 Petrus
385 237 511 270 Taratia
536 236 734 283 principatus
760 235 929 268 Masserani
955 233 1101 278 publicus
1126 233 1282 272 notarius,
1309 233 1372 267 400
1398 244 1428 265 a.

248 290 414 333 Philippus
438 289 663 333 Hispaniarum
688 299 742 322 rex
767 289 954 329 catholicus,
983 286 1047 320 480
1072 287 1089 318 b
1114 291 1143 319 et
1168 286 1231 319 506
1256 298 1286 319 α.

251 342 419 376 Phoebeus
443 343 634 376 Franciscus
658 342 756 375 Maria
780 341 810 375 S.
839 342 874 374 P..
901 341 932 375 C.
958 340 1157 379 secretarius,
1182 339 1197 371 ‘l
1226 340 1254 372 b.

247 396 295 429 Pii
319 396 343 428 V
367 395 608 429 Constitutionis
634 394 849 435 confirmatio,
877 394 1052 428 declaratio
1077 399 1108 426 ct
1132 393 1272 426 extensio
1297 393 1335 426 de
1360 402 1423 426 non
1446 392 1619 426 alienandis
1639 398 1669 425 et
1690 391 1790 424 inscu-

338 448 452 482 dandis
477 447 658 481 civitatibus
682 453 712 480 et
736 446 806 479 aliis
840 447 917 480 locis
942 446 1032 480 Sedis
1063 445 1283 488 Apostolicac‚
1310 446 1373 480 656
1399 458 1416 478 α
1442 453 1472 479 ct
1496 457 1580 489 sequ,
1613 446 1791 479 iuramenta

338 500 549 534 cardinalium
575 499 722 533 servandi
747 499 966 542 supradictam
992 498 1270 538 Constitutionffln,
1297 498 1360 532 659
1385 500 1412 531 h.

247 553 491 588 Poeniteutiarii
515 553 655 586 minores
679 552 833 585 basilicae
857 552 888 584 S.
917 552 1001 585 Petri
1028 558 1058 585 et
1083 552 1317 595 poenitentiarii
1343 553 1481 585 minores
1507 552 1537 584 S.
1566 553 1685 585 Domus
1712 552 1792 584 Lau-

337 611 481 646 retanae,
506 606 577 638 vide
602 605 778 648 Collegium
803 605 967 638 minorum
993 605 1324 649 poenitentiariorun't.

249 659 402 694 Poloniae
426 658 566 702 episcopi
593 664 624 691 et
648 658 880 701 archiepiscopi
905 659 1075 692 hortantur
1099 669 1116 691 a
1142 658 1274 692 Summo
1299 659 1453 692 Pontifice
1478 659 1517 691 ad
1548 658 1684 702 synodos
1711 668 1794 691 con-

339 712 527 756 gregandas,
552 710 617 744 314
640 721 671 744 α.

249 766 400 801 Poloniae
423 764 543 798 nuncio
568 764 791 804 committitur,
817 770 850 797 ut
878 770 950 807 agat
971 770 1082 797 contra
1103 775 1172 804 cos,
1191 765 1245 808 qui
1264 765 1348 798 bona
1365 764 1581 798 ecclesiastica
1601 775 1617 797 a
1636 764 1793 798 ministris

338 819 421 863 regis
446 819 573 852 Sveciae
599 818 835 861 impetrarunt,
859 816 899 850 87
918 827 957 857 α;
976 816 1049 850 item
1068 823 1103 850 ut
1121 817 1281 861 dispenset
1301 828 1372 850 cum
1390 817 1580 861 presbyteris
1598 817 1793 850 secularibus

342 879 373 907 et
398 871 601 915 regularibus
626 871 822 914 quibusdam
846 870 937 914 regni
962 870 1113 903 Poloniae
1145 881 1240 914 super
1273 871 1508 914 irregularitate
1538 881 1596 914 pro
1621 870 1794 904 homicidio

341 925 589 965 haereticorum⁷
613 923 678 958 ⁶203
701 924 735 964 b3
761 924 894 957 facultas
922 923 1025 956 eidem
1045 924 1234 957 conceditur
1258 925 1364 968 quoad
1391 923 1626 957 haereticorum
1653 924 1794 958 reconci-

340 979 518 1018 liationem,
542 977 605 1011 305
623 990 658 1018 α;
694 984 723 1011 et
752 977 859 1021 quoad
887 977 1124 1011 innovationem
1150 978 1439 1012 matrimoniorum
1455 978 1585 1012 nulliter
1610 983 1795 1012 contracto-

343 1043 426 1073 rum,
450 1031 514 1065 307
540 1043 579 1072 α;
604 1031 684 1065 aliae
709 1030 854 1064 eiusdem
879 1031 1057 1070 facultates,
1085 1030 1148 1063 308
1174 1042 1192 1063 a
1219 1038 1249 1064 et
1273 1042 1333 1074 seq.

251 1086 403 1121 Poloniae
428 1084 495 1128 regi
520 1085 630 1118 Ioanni
656 1084 812 1118 Casimiro
837 1083 1022 1117 subsidium
1048 1083 1086 1116 ab
1112 1084 1334 1118 ecclesiasticis
1360 1085 1531 1124 tribuitur,
1558 1084 1600 1117 39
1625 1084 1658 1123 tr,
1692 1084 1794 1118 eidem

342 1138 488 1182 indulget
520 1137 697 1171 Alexander
724 1137 776 1170 vll
810 1142 845 1170 ut
877 1136 1046 1169 tradantur
1076 1137 1224 1170 utensilia
1257 1138 1464 1171 ecclesiarum
1492 1138 1531 1171 ad
1556 1137 1742 1171 conflandos
1767 1142 1797 1170 et

343 1192 417 1226 inde
442 1191 604 1226 cudendos
629 1202 779 1225 nummos
804 1197 835 1224 et
859 1190 898 1223 ad
915 1190 946 1223 id
964 1191 1029 1231 vult
1047 1191 1278 1224 ecclesiasticos
1304 1192 1551 1235 compellendos,
1576 1190 1640 1223 104
1665 1202 1703 1230 (Γ,
1730 1199 1797 1224 exe-

343 1245 430 1279 cutio
453 1245 550 1278 huius
574 1244 693 1278 decreti
719 1255 758 1277 ne
781 1244 940 1277 ullatenus
965 1243 1132 1277 differatur
1156 1244 1368 1278 committitur
1399 1245 1516 1278 nuncio
1545 1245 1629 1288 apud
1655 1244 1793 1287 impera-

345 1305 466 1340 torem,
495 1297 558 1331 130
583 1298 620 1338 Ι);
647 1303 677 1331 et
701 1298 818 1331 iterum
844 1297 959 1331 nuntio
981 1297 1130 1331 Poloniae
1154 1303 1189 1330 ut
1208 1298 1379 1341 compellat
1404 1299 1442 1331 ad
1467 1299 1526 1330 lioc
1552 1297 1796 1337 ecclesiasticOS,

344 1351 403 1385 131
433 1352 466 1392 113
492 1351 672 1385 subsidium
698 1351 737 1383 ab
763 1351 989 1384 ecclesiasticis
1015 1351 1208 1385 tradendum
1234 1352 1433 1392 conceditur,
1460 1351 1522 1385 317
1549 1352 1565 1383 b
1582 1357 1691 1394 etseq.

259 1405 412 1442 Poloniae
441 1415 575 1448 regnum
605 1404 766 1438 invaditur
795 1415 812 1436 a
836 1404 949 1437 Moscis
974 1409 1005 1437 ct
1029 1404 1153 1445 Svecis,
1182 1405 1223 1438 72
1248 1417 1286 1446 (Γ,
1322 1416 1410 1439 sacra
1443 1405 1593 1438 utensilia
1626 1405 1798 1438 traduntur

346 1459 414 1493 sine
438 1458 568 1492 licentia
593 1458 631 1491 ad
656 1469 807 1491 nummos
833 1458 1008 1498 cudendos,
1035 1459 1128 1499 2'b2'cl.;
1155 1459 1281 1493 licentia
1306 1459 1509 1500 conceditur,
1538 1457 1603 1491 104
1626 1471 1644 1492 α
1673 1464 1704 1493 et
1724 1470 1799 1501 &TI-3

347 1513 429 1547 mala
455 1511 632 1556 spiritualia
658 1511 747 1554 regni
773 1517 1015 1552 enumerantur,
1039 1511 1104 1545 301
1128 1512 1144 1543 b
1169 1518 1200 1545 et
1223 1523 1284 1556 seq.

258 1567 470 1611 Praeceptum
496 1564 713 1599 cardinalibus
737 1564 971 1609 protectoribus
996 1565 1124 1608 collegii
1150 1565 1330 1599 Germanici
1367 1572 1396 1599 et
1431 1565 1604 1608 ilungarici
1629 1565 1668 1598 de
1692 1565 1798 1606 Urbe,

347 1625 382 1652 ut
407 1624 643 1662 congregentur
667 1618 699 1651 in
724 1618 796 1652 aula
821 1618 1084 1662 Congregationis
1109 1619 1147 1652 de
1172 1619 1383 1662 Propaganda
1408 1619 1483 1659 tide,
1510 1618 1572 1653 638
1597 1619 1623 1652 b.

257 1671 519 1705 Praedicatorum
542 1671 676 1706 fratrum
706 1670 801 1704 Ordo.
834 1670 1026 1704 Divisionem
1053 1671 1177 1705 Ordinis
1209 1673 1405 1707 tentantibus
1436 1681 1558 1716 poenae
1591 1671 1799 1714 indicuntur,

346 1723 413 1758 424
436 1734 468 1757 α.

257 1777 395 1812 Praelati
420 1777 536 1812 locales
561 1787 618 1811 seu
641 1778 868 1812 conventuales
892 1787 958 1810 non
983 1777 1120 1812 habeant
1149 1785 1219 1814 rota
1250 1779 1283 1813 in
1308 1779 1456 1824 capitulis
1481 1780 1684 1823 generalibus
1710 1780 1797 1813 Con-

347 1831 540 1875 gregationis
565 1831 791 1875 Hispaniarum
816 1832 950 1865 fratrum
976 1832 1248 1867 Discalccatorum
1273 1833 1401 1867 Ordinis
1418 1833 1469 1867 SS.
1491 1833 1655 1867 Trinitatis
1680 1834 1803 1867 redem-

348 1884 466 1929 ptionis
491 1884 704 1929 captivorum,
731 1883 795 1918 533
820 1884 848 1917 b.

259 1938 603 1973 Praemostratensiurn
637 1938 721 1971 Ordo
758 1937 986 1972 canonicorum
1023 1939 1232 1982 regularium,
1268 1940 1439 1974 Decretum
1477 1940 1608 1984 capituli
1647 1941 1803 1984 generalis

349 1991 609 2035 Congregationis
636 1991 863 2035 Hispaniarum
884 1992 922 2025 de
947 2002 1013 2024 non
1037 1993 1194 2036 eligendis
1216 1994 1493 2037 procuratoribus,
1517 1999 1591 2035 etc„
1619 1994 1705 2028 iuxta
1731 2005 1804 2028 con-

349 2044 548 2077 stitutionem
574 2044 650 2078 dicti
677 2044 820 2084 Ordinis,
847 2056 864 2078 a
890 2044 971 2079 Sede
995 2046 1179 2089 Apostolica
1204 2048 1425 2087 confirmatur,
1449 2047 1492 2080 ⁶24
1516 2048 1533 2079 b
1558 2053 1588 2080 et
1612 2059 1674 2091 seq.

261 2099 423 2133 Prioratus
448 2098 548 2131 sancti
574 2097 690 2142 AEgidii
715 2099 844 2142 linguae
863 2099 1050 2133 Provinciae
1074 2100 1240 2144 hospitalis
1261 2101 1291 2134 S.
1308 2101 1435 2134 Ioannis
1461 2101 1737 2146 Hierosolymitani
1757 2101 1803 2133 di—

351 2151 471 2185 viditur
493 2157 524 2185 et
547 2162 584 2185 ex
610 2162 646 2185 eo
671 2162 771 2186 novae
795 2152 1004 2187 commendae
1029 2153 1209 2197 eriguntur,
1229 2153 1270 2186 17
1293 2165 1330 2194 a;
1358 2154 1523 2188 decretum
1547 2155 1605 2188 hac
1631 2154 1669 2186 de
1692 2165 1724 2188 re
1743 2155 1803 2187 Me-

349 2205 424 2238 litae
449 2205 559 2237 datum
585 2215 667 2238 anno
693 2214 810 2238 uncmv
835 2205 1047 2239 confirmatur
1071 2207 1109 2239 ab
1135 2206 1312 2240 Alexandro
1338 2207 1405 2246 vlt,
1431 2207 1473 2240 ΞΟ
1497 2217 1527 2239 α.

259 2257 426 2301 Privilegia
451 2257 597 2290 concedit
620 2257 798 2291 Alexander
822 2258 874 2292 Vll
901 2259 1065 2293 nonnullis
1090 2260 1154 2293 suis
1188 2259 1419 2299 familiaribus,
1455 2259 1496 2292 47
1529 2270 1605 2302 seq.;
1638 2259 1699 2292 alia
1729 2259 1804 2293 item

353 2311 420 2344 suis
445 2311 638 2355 cappellanis
662 2312 907 2353 communibus,
934 2312 975 2346 77
1001 2323 1020 2345 α
1045 2319 1075 2346 et
1099 2324 1162 2356 seq.

263 2364 433 2408 Privilegia
457 2375 475 2396 a
499 2364 632 2398 Summo
656 2365 810 2399 Pontificc
835 2376 987 2400 concessa
1011 2365 1195 2400 consulibus
1213 2372 1244 2401 et
1265 2366 1487 2400 communitati
1509 2365 1805 2408 Carpcnctoratensi

354 2427 452 2461 super
476 2417 642 2459 nundinis,
671 2417 729 2452 591
758 2419 775 2451 b
801 2425 831 2453 et
854 2430 915 2463 seq.

265 2471 475 2515 Propaganda
494 2472 562 2514 (de)
583 2472 658 2505 Fide
684 2473 901 2517 congregatio,
917 2472 982 2507 3526
1000 2484 1037 2513 α’,
1061 2473 1151 2518 plura
1178 2473 1318 2506 decernit
1343 2472 1540 2506 observanda
1561 2476 1627 2506 tum
1645 2483 1663 2505 a
1683 2474 1806 2515 regula-

356 2523 447 2557 ribus
474 2530 541 2557 tum
567 2536 583 2557 a
609 2526 807 2559 secularibus
827 2526 1052 2561 ecclesiasticis
1076 2537 1134 2571 pro
1151 2527 1237 2560 bono
1258 2526 1414 2570 regimine
1431 2525 1689 2559 christifidelium
1708 2526 1804 2567 Coae,

357 2576 420 2611 326
445 2577 461 2611 b
486 2584 516 2612 et
540 2588 616 2622 seq.;
640 2578 739 2623 ipsius
764 2578 928 2615 decretum
954 2580 1037 2615 circa
1060 2580 1174 2614 fratres
1198 2580 1325 2614 Ordinis
1352 2579 1565 2613 Eremitarum
1589 2579 1618 2613 S.
1638 2579 1805 2623 Augustini
