<?xml version="1.0" encoding="UTF-8"?>
<!DOCTYPE html PUBLIC "-//W3C//DTD XHTML 1.0 Transitional//EN"
    "http://www.w3.org/TR/xhtml1/DTD/xhtml1-transitional.dtd">
<html xmlns="http://www.w3.org/1999/xhtml" xml:lang="en" lang="en">
 <head>
  <title>
</title>
<meta http-equiv="Content-Type" content="text/html;charset=utf-8" />
  <meta name='ocr-system' content='tesseract 3.04.00' />
  <meta name='ocr-capabilities' content='ocr_page ocr_carea ocr_par ocr_line ocrx_word'/>
</head>
<body>
  <div class='ocr_page' id='page_1' title='image "./bullarumdiplomat16cath_0202.png"; bbox 0 0 2263 3215; ppageno 0'>
   <div class='ocr_carea' id='block_1_1' title="bbox 319 222 611 258">
    <p class='ocr_par' dir='ltr' id='par_1_1' title="bbox 319 222 611 258">
     <span class='ocr_line' id='line_1_1' title="bbox 319 222 611 258; baseline -0.007 -2"><span class='ocrx_word' id='word_1_1' title='bbox 319 231 367 256; x_wconf 68' lang='lat' dir='ltr'>An,</span> <span class='ocrx_word' id='word_1_2' title='bbox 386 232 415 258; x_wconf 87' lang='lat' dir='ltr'>c.</span> <span class='ocrx_word' id='word_1_3' title='bbox 437 232 502 258; x_wconf 75' lang='lat'>1650</span> <span class='ocrx_word' id='word_1_4' title='bbox 550 222 611 255; x_wconf 77' lang='grc'>168</span> 
     </span>
    </p>
   </div>
   <div class='ocr_carea' id='block_1_2' title="bbox 316 1138 500 1244">
    <p class='ocr_par' dir='ltr' id='par_1_2' title="bbox 316 1138 500 1244">
     <span class='ocr_line' id='line_1_2' title="bbox 343 1138 499 1159; baseline -0.006 0"><span class='ocrx_word' id='word_1_5' title='bbox 343 1138 438 1159; x_wconf 75' lang='lat' dir='ltr'>Absolvit</span> <span class='ocrx_word' id='word_1_6' title='bbox 465 1143 499 1158; x_wconf 81' lang='lat' dir='ltr'>ca·</span> 
     </span>
     <span class='ocr_line' id='line_1_3' title="bbox 316 1165 500 1191; baseline -0.005 -5"><span class='ocrx_word' id='word_1_7' title='bbox 316 1165 404 1191; x_wconf 82' lang='lat' dir='ltr'>pitulum</span> <span class='ocrx_word' id='word_1_8' title='bbox 433 1165 500 1185; x_wconf 80' lang='lat' dir='ltr'>eccle-</span> 
     </span>
     <span class='ocr_line' id='line_1_4' title="bbox 317 1191 499 1212; baseline 0.005 -1"><span class='ocrx_word' id='word_1_9' title='bbox 317 1192 363 1212; x_wconf 77' lang='lat' dir='ltr'>siae</span> <span class='ocrx_word' id='word_1_10' title='bbox 383 1191 499 1212; x_wconf 75' lang='lat' dir='ltr'>Caesarau-</span> 
     </span>
     <span class='ocr_line' id='line_1_5' title="bbox 316 1220 426 1244; baseline 0.018 -7"><span class='ocrx_word' id='word_1_11' title='bbox 316 1220 426 1244; x_wconf 59' lang='lat' dir='ltr'>gustanat.</span> 
     </span>
    </p>
   </div>
   <div class='ocr_carea' id='block_1_3' title="bbox 1100 231 1451 255">
    <p class='ocr_par' dir='ltr' id='par_1_3' title="bbox 1100 231 1451 255">
     <span class='ocr_line' id='line_1_6' title="bbox 1100 231 1451 255; baseline -0.003 0"><span class='ocrx_word' id='word_1_12' title='bbox 1100 232 1194 255; x_wconf 69' lang='lat' dir='ltr'>BULLA</span> <span class='ocrx_word' id='word_1_13' title='bbox 1201 232 1275 254; x_wconf 78' lang='lat' dir='ltr'><strong>RIUM</strong></span> <span class='ocrx_word' id='word_1_14' title='bbox 1301 231 1451 254; x_wconf 75' lang='lat' dir='ltr'><strong>ROMANUM</strong></span> 
     </span>
    </p>
   </div>
   <div class='ocr_carea' id='block_1_4' title="bbox 515 278 2025 428">
    <p class='ocr_par' dir='ltr' id='par_1_4' title="bbox 515 278 2025 428">
     <span class='ocr_line' id='line_1_7' title="bbox 515 278 2025 323; baseline -0.001 -11"><span class='ocrx_word' id='word_1_15' title='bbox 515 279 570 313; x_wconf 89' lang='lat' dir='ltr'>sed</span> <span class='ocrx_word' id='word_1_16' title='bbox 594 279 714 323; x_wconf 87' lang='lat' dir='ltr'>pluries</span> <span class='ocrx_word' id='word_1_17' title='bbox 734 279 857 313; x_wconf 88' lang='lat' dir='ltr'>habitos</span> <span class='ocrx_word' id='word_1_18' title='bbox 877 279 973 312; x_wconf 86' lang='lat' dir='ltr'>fuisse</span> <span class='ocrx_word' id='word_1_19' title='bbox 991 289 1138 312; x_wconf 85' lang='lat' dir='ltr'>recursus</span> <span class='ocrx_word' id='word_1_20' title='bbox 1155 278 1193 311; x_wconf 92' lang='lat' dir='ltr'>ad</span> <span class='ocrx_word' id='word_1_21' title='bbox 1211 278 1255 311; x_wconf 90' lang='lat' dir='ltr'>iu·</span> <span class='ocrx_word' id='word_1_22' title='bbox 1287 288 1397 312; x_wconf 86' lang='lat' dir='ltr'>eorum</span> <span class='ocrx_word' id='word_1_23' title='bbox 1423 278 1554 321; x_wconf 82' lang='lat' dir='ltr'>singulis</span> <span class='ocrx_word' id='word_1_24' title='bbox 1578 278 1716 320; x_wconf 80' lang='lat' dir='ltr'>gratiose</span> <span class='ocrx_word' id='word_1_25' title='bbox 1735 278 1875 311; x_wconf 75' lang='lat' dir='ltr'>remittas</span> <span class='ocrx_word' id='word_1_26' title='bbox 1900 282 1930 311; x_wconf 87' lang='lat' dir='ltr'>et</span> <span class='ocrx_word' id='word_1_27' title='bbox 1953 288 2025 311; x_wconf 85' lang='lat' dir='ltr'>con-</span> 
     </span>
     <span class='ocr_line' id='line_1_8' title="bbox 515 329 2025 375; baseline -0.001 -10"><span class='ocrx_word' id='word_1_28' title='bbox 515 331 600 365; x_wconf 87' lang='lat' dir='ltr'>dices</span> <span class='ocrx_word' id='word_1_29' title='bbox 625 332 730 371; x_wconf 82' lang='lat' dir='ltr'>laicos,</span> <span class='ocrx_word' id='word_1_30' title='bbox 756 332 904 375; x_wconf 86' lang='lat' dir='ltr'>quodque</span> <span class='ocrx_word' id='word_1_31' title='bbox 929 331 1022 364; x_wconf 88' lang='lat' dir='ltr'>iidem</span> <span class='ocrx_word' id='word_1_32' title='bbox 1049 336 1254 375; x_wconf 78' lang='lat' dir='ltr'>exponenteS,</span> <span class='ocrx_word' id='word_1_33' title='bbox 1287 331 1406 371; x_wconf 90' lang='lat' dir='ltr'>dones,</span> <span class='ocrx_word' id='word_1_34' title='bbox 1431 341 1467 363; x_wconf 87' lang='lat' dir='ltr'>ac</span> <span class='ocrx_word' id='word_1_35' title='bbox 1499 340 1569 363; x_wconf 88' lang='lat' dir='ltr'>cum</span> <span class='ocrx_word' id='word_1_36' title='bbox 1602 329 1719 363; x_wconf 89' lang='lat' dir='ltr'>eisdem</span> <span class='ocrx_word' id='word_1_37' title='bbox 1743 330 1972 374; x_wconf 87' lang='lat' dir='ltr'><strong>exponentibus</strong></span> <span class='ocrx_word' id='word_1_38' title='bbox 1996 334 2025 364; x_wconf 82' lang='lat' dir='ltr'>et</span> 
     </span>
     <span class='ocr_line' id='line_1_9' title="bbox 516 383 2025 428; baseline -0.001 -10"><span class='ocrx_word' id='word_1_39' title='bbox 516 386 552 418; x_wconf 75' lang='lat' dir='ltr'>ea</span> <span class='ocrx_word' id='word_1_40' title='bbox 577 385 615 417; x_wconf 90' lang='lat' dir='ltr'>de</span> <span class='ocrx_word' id='word_1_41' title='bbox 640 387 734 418; x_wconf 77' lang='lat' dir='ltr'>causa</span> <span class='ocrx_word' id='word_1_42' title='bbox 762 385 902 418; x_wconf 80' lang='lat' dir='ltr'><strong>censuris</strong></span> <span class='ocrx_word' id='word_1_43' title='bbox 923 384 1142 418; x_wconf 88' lang='lat' dir='ltr'>ecclesiasticis</span> <span class='ocrx_word' id='word_1_44' title='bbox 1166 384 1254 417; x_wconf 90' lang='lat' dir='ltr'>inno·</span> <span class='ocrx_word' id='word_1_45' title='bbox 1288 394 1397 417; x_wconf 89' lang='lat' dir='ltr'>eorum</span> <span class='ocrx_word' id='word_1_46' title='bbox 1424 383 1557 426; x_wconf 81' lang='lat' dir='ltr'>singulis</span> <span class='ocrx_word' id='word_1_47' title='bbox 1582 393 1676 426; x_wconf 88' lang='lat' dir='ltr'>super</span> <span class='ocrx_word' id='word_1_48' title='bbox 1701 383 1943 426; x_wconf 79' lang='lat' dir='ltr'>irregularitate,</span> <span class='ocrx_word' id='word_1_49' title='bbox 1968 394 2025 428; x_wconf 89' lang='lat' dir='ltr'>per</span> 
     </span>
    </p>
   </div>
   <div class='ocr_carea' id='block_1_5' title="bbox 512 436 1255 2608">
    <p class='ocr_par' dir='ltr' id='par_1_5' title="bbox 514 436 1255 1117">
     <span class='ocr_line' id='line_1_10' title="bbox 515 436 1252 481; baseline -0.003 -11"><span class='ocrx_word' id='word_1_50' title='bbox 515 437 589 479; x_wconf 87' lang='lat' dir='ltr'>dati,</span> <span class='ocrx_word' id='word_1_51' title='bbox 615 447 650 470; x_wconf 87' lang='lat' dir='ltr'>ac</span> <span class='ocrx_word' id='word_1_52' title='bbox 675 438 769 470; x_wconf 89' lang='lat' dir='ltr'>etiam</span> <span class='ocrx_word' id='word_1_53' title='bbox 805 437 965 481; x_wconf 81' lang='lat' dir='ltr'>aggravati</span> <span class='ocrx_word' id='word_1_54' title='bbox 1002 441 1032 471; x_wconf 89' lang='lat' dir='ltr'>et</span> <span class='ocrx_word' id='word_1_55' title='bbox 1057 436 1252 480; x_wconf 85' lang='lat' dir='ltr'>reaggravati</span> 
     </span>
     <span class='ocr_line' id='line_1_11' title="bbox 515 489 1255 535; baseline -0.001 -12"><span class='ocrx_word' id='word_1_56' title='bbox 515 490 556 523; x_wconf 91' lang='lat' dir='ltr'>ob</span> <span class='ocrx_word' id='word_1_57' title='bbox 572 500 634 524; x_wconf 89' lang='lat' dir='ltr'>non</span> <span class='ocrx_word' id='word_1_58' title='bbox 648 490 835 534; x_wconf 86' lang='lat' dir='ltr'>paritionem</span> <span class='ocrx_word' id='word_1_59' title='bbox 854 490 1042 535; x_wconf 88' lang='lat' dir='ltr'>quibusdam</span> <span class='ocrx_word' id='word_1_60' title='bbox 1060 489 1171 523; x_wconf 90' lang='lat' dir='ltr'>litteris</span> <span class='ocrx_word' id='word_1_61' title='bbox 1188 499 1255 522; x_wconf 82' lang='lat' dir='ltr'>exc-</span> 
     </span>
     <span class='ocr_line' id='line_1_12' title="bbox 516 543 1252 577; baseline -0.004 0"><span class='ocrx_word' id='word_1_62' title='bbox 516 543 723 577; x_wconf 87' lang='lat' dir='ltr'>cutorialibus</span> <span class='ocrx_word' id='word_1_63' title='bbox 739 543 891 577; x_wconf 89' lang='lat' dir='ltr'>rotalibus</span> <span class='ocrx_word' id='word_1_64' title='bbox 907 543 938 576; x_wconf 90' lang='lat' dir='ltr'>in</span> <span class='ocrx_word' id='word_1_65' title='bbox 955 543 1008 576; x_wconf 92' lang='lat' dir='ltr'>lite</span> <span class='ocrx_word' id='word_1_66' title='bbox 1025 548 1055 576; x_wconf 87' lang='lat' dir='ltr'>et</span> <span class='ocrx_word' id='word_1_67' title='bbox 1072 543 1164 575; x_wconf 75' lang='lat' dir='ltr'>causa</span> <span class='ocrx_word' id='word_1_68' title='bbox 1181 552 1252 575; x_wconf 90' lang='lat' dir='ltr'>cum</span> 
     </span>
     <span class='ocr_line' id='line_1_13' title="bbox 516 596 1253 641; baseline -0.001 -12"><span class='ocrx_word' id='word_1_69' title='bbox 516 596 593 641; x_wconf 89' lang='lat' dir='ltr'>ipsis</span> <span class='ocrx_word' id='word_1_70' title='bbox 617 596 822 641; x_wconf 82' lang='lat' dir='ltr'>portionariis</span> <span class='ocrx_word' id='word_1_71' title='bbox 847 597 1003 638; x_wconf 82' lang='lat' dir='ltr'>relaxatis,</span> <span class='ocrx_word' id='word_1_72' title='bbox 1029 596 1152 630; x_wconf 82' lang='lat' dir='ltr'>interim</span> <span class='ocrx_word' id='word_1_73' title='bbox 1181 596 1253 628; x_wconf 89' lang='lat' dir='ltr'>mis-</span> 
     </span>
     <span class='ocr_line' id='line_1_14' title="bbox 516 648 1253 690; baseline -0.001 -8"><span class='ocrx_word' id='word_1_74' title='bbox 516 659 582 682; x_wconf 84' lang='lat' dir='ltr'>sam</span> <span class='ocrx_word' id='word_1_75' title='bbox 607 655 638 683; x_wconf 91' lang='lat' dir='ltr'>et</span> <span class='ocrx_word' id='word_1_76' title='bbox 661 649 721 682; x_wconf 89' lang='lat' dir='ltr'>alia</span> <span class='ocrx_word' id='word_1_77' title='bbox 745 650 848 683; x_wconf 88' lang='lat' dir='ltr'>divina</span> <span class='ocrx_word' id='word_1_78' title='bbox 873 650 986 690; x_wconf 82' lang='lat' dir='ltr'>officia,</span> <span class='ocrx_word' id='word_1_79' title='bbox 1010 660 1073 682; x_wconf 92' lang='lat' dir='ltr'>non</span> <span class='ocrx_word' id='word_1_80' title='bbox 1095 654 1196 682; x_wconf 87' lang='lat' dir='ltr'>tamen</span> <span class='ocrx_word' id='word_1_81' title='bbox 1222 648 1253 681; x_wconf 90' lang='lat' dir='ltr'>in</span> 
     </span>
     <span class='ocr_line' id='line_1_15' title="bbox 516 701 1255 747; baseline -0.003 -12"><span class='ocrx_word' id='word_1_82' title='bbox 516 707 731 747; x_wconf 86' lang='lat' dir='ltr'>contemptum</span> <span class='ocrx_word' id='word_1_83' title='bbox 746 703 892 743; x_wconf 90' lang='lat' dir='ltr'>clavium,</span> <span class='ocrx_word' id='word_1_84' title='bbox 905 701 1133 736; x_wconf 84' lang='lat' dir='ltr'>celebraverint</span> <span class='ocrx_word' id='word_1_85' title='bbox 1157 706 1188 734; x_wconf 90' lang='lat' dir='ltr'>et</span> <span class='ocrx_word' id='word_1_86' title='bbox 1211 710 1255 734; x_wconf 86' lang='lat' dir='ltr'>sa-</span> 
     </span>
     <span class='ocr_line' id='line_1_16' title="bbox 515 753 1252 795; baseline -0.004 -7"><span class='ocrx_word' id='word_1_87' title='bbox 515 760 675 788; x_wconf 83' lang='lat' dir='ltr'>cramenta</span> <span class='ocrx_word' id='word_1_88' title='bbox 707 755 918 789; x_wconf 83' lang='lat' dir='ltr'>ecclesiastica</span> <span class='ocrx_word' id='word_1_89' title='bbox 946 753 1252 795; x_wconf 79' lang='lat' dir='ltr'>administraverint,</span> 
     </span>
     <span class='ocr_line' id='line_1_17' title="bbox 515 806 1253 853; baseline -0.004 -12"><span class='ocrx_word' id='word_1_90' title='bbox 515 807 780 851; x_wconf 78' lang='lat' dir='ltr'>irregularitatem</span> <span class='ocrx_word' id='word_1_91' title='bbox 823 813 993 853; x_wconf 75' lang='lat' dir='ltr'>eapropter</span> <span class='ocrx_word' id='word_1_92' title='bbox 1028 806 1253 841; x_wconf 89' lang='lat' dir='ltr'>contrahendo.</span> 
     </span>
     <span class='ocr_line' id='line_1_18' title="bbox 515 859 1254 904; baseline -0.003 -11"><span class='ocrx_word' id='word_1_93' title='bbox 515 860 615 900; x_wconf 88' lang='lat' dir='ltr'>Quare</span> <span class='ocrx_word' id='word_1_94' title='bbox 640 860 731 893; x_wconf 92' lang='lat' dir='ltr'>nobis</span> <span class='ocrx_word' id='word_1_95' title='bbox 755 860 849 894; x_wconf 88' lang='lat' dir='ltr'>iidem</span> <span class='ocrx_word' id='word_1_96' title='bbox 874 866 1068 904; x_wconf 81' lang='lat' dir='ltr'>exponentes</span> <span class='ocrx_word' id='word_1_97' title='bbox 1092 859 1254 892; x_wconf 84' lang='lat' dir='ltr'>humiliter</span> 
     </span>
     <span class='ocr_line' id='line_1_19' title="bbox 514 912 1254 958; baseline -0.003 -12"><span class='ocrx_word' id='word_1_98' title='bbox 514 913 686 958; x_wconf 88' lang='lat' dir='ltr'>supplicari</span> <span class='ocrx_word' id='word_1_99' title='bbox 711 914 852 947; x_wconf 82' lang='lat' dir='ltr'>fecerunt</span> <span class='ocrx_word' id='word_1_100' title='bbox 880 919 914 946; x_wconf 91' lang='lat' dir='ltr'>ut</span> <span class='ocrx_word' id='word_1_101' title='bbox 937 913 997 946; x_wconf 89' lang='lat' dir='ltr'>sibi</span> <span class='ocrx_word' id='word_1_102' title='bbox 1022 913 1060 946; x_wconf 90' lang='lat' dir='ltr'>de</span> <span class='ocrx_word' id='word_1_103' title='bbox 1084 912 1254 945; x_wconf 89' lang='lat' dir='ltr'>absolutio-</span> 
     </span>
     <span class='ocr_line' id='line_1_20' title="bbox 514 965 1254 1011; baseline -0.003 -12"><span class='ocrx_word' id='word_1_104' title='bbox 514 965 563 999; x_wconf 90' lang='lat' dir='ltr'>nis</span> <span class='ocrx_word' id='word_1_105' title='bbox 580 966 734 1000; x_wconf 84' lang='lat' dir='ltr'>beneficio</span> <span class='ocrx_word' id='word_1_106' title='bbox 752 971 780 999; x_wconf 86' lang='lat' dir='ltr'>ct</span> <span class='ocrx_word' id='word_1_107' title='bbox 801 972 996 1011; x_wconf 89' lang='lat' dir='ltr'>opportunae</span> <span class='ocrx_word' id='word_1_108' title='bbox 1012 965 1254 1010; x_wconf 85' lang='lat' dir='ltr'>dispensationis</span> 
     </span>
     <span class='ocr_line' id='line_1_21' title="bbox 515 1018 1253 1064; baseline -0.001 -12"><span class='ocrx_word' id='word_1_109' title='bbox 515 1019 615 1063; x_wconf 77' lang='lat' dir='ltr'>gratia</span> <span class='ocrx_word' id='word_1_110' title='bbox 640 1019 670 1052; x_wconf 91' lang='lat' dir='ltr'>in</span> <span class='ocrx_word' id='word_1_111' title='bbox 697 1020 879 1064; x_wconf 87' lang='lat' dir='ltr'>praemissis</span> <span class='ocrx_word' id='word_1_112' title='bbox 903 1019 1070 1064; x_wconf 85' lang='lat' dir='ltr'>providere</span> <span class='ocrx_word' id='word_1_113' title='bbox 1101 1019 1139 1052; x_wconf 89' lang='lat' dir='ltr'>de</span> <span class='ocrx_word' id='word_1_114' title='bbox 1163 1018 1253 1052; x_wconf 91' lang='lat' dir='ltr'>beni-</span> 
     </span>
     <span class='ocr_line' id='line_1_22' title="bbox 515 1072 1070 1117; baseline -0.002 -12"><span class='ocrx_word' id='word_1_115' title='bbox 515 1072 633 1116; x_wconf 78' lang='lat' dir='ltr'>gnitate</span> <span class='ocrx_word' id='word_1_116' title='bbox 657 1073 832 1117; x_wconf 73' lang='lat' dir='ltr'>apostolica</span> <span class='ocrx_word' id='word_1_117' title='bbox 857 1073 1070 1116; x_wconf 84' lang='lat' dir='ltr'>dignaremur.</span> 
     </span>
    </p>

    <p class='ocr_par' dir='ltr' id='par_1_6' title="bbox 512 1125 1254 2608">
     <span class='ocr_line' id='line_1_23' title="bbox 559 1125 1254 1170; baseline -0.003 -11"><span class='ocrx_word' id='word_1_118' title='bbox 559 1125 575 1169; x_wconf 63' lang='grc' dir='ltr'><strong>ἓ</strong></span> <span class='ocrx_word' id='word_1_119' title='bbox 591 1125 620 1159; x_wconf 67' lang='lat'>2.</span> <span class='ocrx_word' id='word_1_120' title='bbox 638 1126 701 1159; x_wconf 90' lang='lat' dir='ltr'>Nos</span> <span class='ocrx_word' id='word_1_121' title='bbox 717 1125 823 1169; x_wconf 83' lang='lat' dir='ltr'>igitur,</span> <span class='ocrx_word' id='word_1_122' title='bbox 837 1126 962 1159; x_wconf 85' lang='lat' dir='ltr'>eosdem</span> <span class='ocrx_word' id='word_1_123' title='bbox 981 1130 1171 1170; x_wconf 85' lang='lat' dir='ltr'>exponentes</span> <span class='ocrx_word' id='word_1_124' title='bbox 1189 1135 1254 1168; x_wconf 92' lang='lat' dir='ltr'>spe-</span> 
     </span>
     <span class='ocr_line' id='line_1_24' title="bbox 515 1178 1254 1223; baseline -0.003 -11"><span class='ocrx_word' id='word_1_125' title='bbox 515 1179 646 1213; x_wconf 86' lang='lat' dir='ltr'>cialibus</span> <span class='ocrx_word' id='word_1_126' title='bbox 670 1179 830 1213; x_wconf 86' lang='lat' dir='ltr'>savoribus</span> <span class='ocrx_word' id='word_1_127' title='bbox 855 1185 884 1212; x_wconf 85' lang='lat' dir='ltr'>et</span> <span class='ocrx_word' id='word_1_128' title='bbox 901 1179 1010 1222; x_wconf 82' lang='lat' dir='ltr'>gratiis</span> <span class='ocrx_word' id='word_1_129' title='bbox 1035 1178 1184 1223; x_wconf 88' lang='lat' dir='ltr'>prosequi</span> <span class='ocrx_word' id='word_1_130' title='bbox 1204 1189 1254 1211; x_wconf 87' lang='lat' dir='ltr'>vo-</span> 
     </span>
     <span class='ocr_line' id='line_1_25' title="bbox 514 1232 1253 1276; baseline -0.001 -11"><span class='ocrx_word' id='word_1_131' title='bbox 514 1232 624 1274; x_wconf 88' lang='lat' dir='ltr'>lentes,</span> <span class='ocrx_word' id='word_1_132' title='bbox 645 1236 675 1267; x_wconf 89' lang='lat' dir='ltr'>et</span> <span class='ocrx_word' id='word_1_133' title='bbox 708 1243 817 1266; x_wconf 89' lang='lat' dir='ltr'>eorum</span> <span class='ocrx_word' id='word_1_134' title='bbox 853 1233 1029 1276; x_wconf 80' lang='lat' dir='ltr'>singulares</span> <span class='ocrx_word' id='word_1_135' title='bbox 1061 1242 1211 1276; x_wconf 83' lang='lat' dir='ltr'>personas</span> <span class='ocrx_word' id='word_1_136' title='bbox 1236 1241 1253 1264; x_wconf 88' lang='lat' dir='ltr'>a</span> 
     </span>
     <span class='ocr_line' id='line_1_26' title="bbox 515 1285 1253 1332; baseline -0.003 -12"><span class='ocrx_word' id='word_1_137' title='bbox 515 1285 1253 1332; x_wconf 85' lang='lat' dir='ltr'>quibusvisexcommunicationis,suspensionis</span> 
     </span>
     <span class='ocr_line' id='line_1_27' title="bbox 514 1338 1254 1383; baseline -0.007 -8"><span class='ocrx_word' id='word_1_138' title='bbox 514 1346 544 1375; x_wconf 89' lang='lat' dir='ltr'>et</span> <span class='ocrx_word' id='word_1_139' title='bbox 561 1340 729 1380; x_wconf 81' lang='lat' dir='ltr'>interdicti,</span> <span class='ocrx_word' id='word_1_140' title='bbox 749 1339 881 1383; x_wconf 86' lang='lat' dir='ltr'>aliisque</span> <span class='ocrx_word' id='word_1_141' title='bbox 898 1338 1117 1372; x_wconf 87' lang='lat' dir='ltr'>ecclesiasticis</span> <span class='ocrx_word' id='word_1_142' title='bbox 1134 1344 1254 1371; x_wconf 91' lang='lat' dir='ltr'>senten-</span> 
     </span>
     <span class='ocr_line' id='line_1_28' title="bbox 514 1391 1253 1437; baseline -0.004 -9"><span class='ocrx_word' id='word_1_143' title='bbox 514 1395 574 1437; x_wconf 88' lang='lat' dir='ltr'>tiis,</span> <span class='ocrx_word' id='word_1_144' title='bbox 602 1393 742 1427; x_wconf 87' lang='lat' dir='ltr'>censuris</span> <span class='ocrx_word' id='word_1_145' title='bbox 762 1398 792 1426; x_wconf 89' lang='lat' dir='ltr'>et</span> <span class='ocrx_word' id='word_1_146' title='bbox 808 1393 927 1437; x_wconf 90' lang='lat' dir='ltr'>poenis,</span> <span class='ocrx_word' id='word_1_147' title='bbox 945 1403 961 1425; x_wconf 88' lang='lat' dir='ltr'>a</span> <span class='ocrx_word' id='word_1_148' title='bbox 975 1393 1043 1425; x_wconf 92' lang='lat' dir='ltr'>iure</span> <span class='ocrx_word' id='word_1_149' title='bbox 1060 1392 1106 1425; x_wconf 88' lang='lat' dir='ltr'>vel</span> <span class='ocrx_word' id='word_1_150' title='bbox 1132 1392 1171 1424; x_wconf 91' lang='lat' dir='ltr'>ab</span> <span class='ocrx_word' id='word_1_151' title='bbox 1197 1391 1253 1426; x_wconf 92' lang='lat' dir='ltr'>ho-</span> 
     </span>
     <span class='ocr_line' id='line_1_29' title="bbox 513 1445 1252 1492; baseline -0.005 -10"><span class='ocrx_word' id='word_1_152' title='bbox 513 1448 620 1488; x_wconf 87' lang='lat' dir='ltr'>mine,</span> <span class='ocrx_word' id='word_1_153' title='bbox 644 1446 753 1492; x_wconf 86' lang='lat' dir='ltr'>quavis</span> <span class='ocrx_word' id='word_1_154' title='bbox 777 1446 942 1480; x_wconf 81' lang='lat' dir='ltr'>occasione</span> <span class='ocrx_word' id='word_1_155' title='bbox 968 1446 1015 1479; x_wconf 88' lang='lat' dir='ltr'>vel</span> <span class='ocrx_word' id='word_1_156' title='bbox 1041 1447 1136 1479; x_wconf 78' lang='lat' dir='ltr'>causa</span> <span class='ocrx_word' id='word_1_157' title='bbox 1161 1445 1230 1478; x_wconf 89' lang='lat' dir='ltr'>latis</span> <span class='ocrx_word' id='word_1_158' title='bbox 1245 1472 1252 1486; x_wconf 90' lang='lat'>‚</span> 
     </span>
     <span class='ocr_line' id='line_1_30' title="bbox 513 1498 1252 1546; baseline -0.004 -12"><span class='ocrx_word' id='word_1_159' title='bbox 513 1501 665 1546; x_wconf 89' lang='lat' dir='ltr'>siquibus</span> <span class='ocrx_word' id='word_1_160' title='bbox 675 1499 914 1544; x_wconf 86' lang='lat' dir='ltr'>quomodolibet</span> <span class='ocrx_word' id='word_1_161' title='bbox 930 1498 1095 1532; x_wconf 89' lang='lat' dir='ltr'>innodatae</span> <span class='ocrx_word' id='word_1_162' title='bbox 1106 1499 1252 1539; x_wconf 83' lang='lat' dir='ltr'>existunt,</span> 
     </span>
     <span class='ocr_line' id='line_1_31' title="bbox 512 1549 1253 1595; baseline -0.004 -10"><span class='ocrx_word' id='word_1_163' title='bbox 512 1552 551 1585; x_wconf 88' lang='lat' dir='ltr'>ad</span> <span class='ocrx_word' id='word_1_164' title='bbox 577 1552 721 1585; x_wconf 76' lang='lat' dir='ltr'>effectum</span> <span class='ocrx_word' id='word_1_165' title='bbox 746 1550 958 1595; x_wconf 90' lang='lat' dir='ltr'>praesentium</span> <span class='ocrx_word' id='word_1_166' title='bbox 987 1549 1253 1593; x_wconf 86' lang='lat' dir='ltr'>consequendum,</span> 
     </span>
     <span class='ocr_line' id='line_1_32' title="bbox 512 1603 1253 1639; baseline -0.004 0"><span class='ocrx_word' id='word_1_167' title='bbox 512 1605 624 1639; x_wconf 89' lang='lat' dir='ltr'>harum</span> <span class='ocrx_word' id='word_1_168' title='bbox 665 1604 746 1637; x_wconf 89' lang='lat' dir='ltr'>serie</span> <span class='ocrx_word' id='word_1_169' title='bbox 788 1604 984 1637; x_wconf 84' lang='lat' dir='ltr'>absolventes</span> <span class='ocrx_word' id='word_1_170' title='bbox 1024 1608 1054 1635; x_wconf 60' lang='lat' dir='ltr'>et,</span> <span class='ocrx_word' id='word_1_171' title='bbox 1094 1603 1253 1637; x_wconf 87' lang='lat' dir='ltr'>absolutas</span> 
     </span>
     <span class='ocr_line' id='line_1_33' title="bbox 513 1656 1254 1701; baseline -0.004 -9"><span class='ocrx_word' id='word_1_172' title='bbox 513 1660 580 1694; x_wconf 85' lang='lat' dir='ltr'>sore</span> <span class='ocrx_word' id='word_1_173' title='bbox 592 1662 763 1698; x_wconf 51' lang='lat' dir='ltr'>censentes</span> <span class='ocrx_word' id='word_1_174' title='bbox 777 1657 956 1690; x_wconf 90' lang='lat' dir='ltr'>huiusmodi</span> <span class='ocrx_word' id='word_1_175' title='bbox 973 1656 1254 1701; x_wconf 86' lang='lat' dir='ltr'>supplicationibus</span> 
     </span>
     <span class='ocr_line' id='line_1_34' title="bbox 513 1711 1254 1756; baseline -0.004 -9"><span class='ocrx_word' id='word_1_176' title='bbox 513 1713 662 1753; x_wconf 87' lang='lat' dir='ltr'>inclinati,</span> <span class='ocrx_word' id='word_1_177' title='bbox 679 1712 734 1745; x_wconf 88' lang='lat' dir='ltr'>tibi</span> <span class='ocrx_word' id='word_1_178' title='bbox 755 1722 812 1756; x_wconf 87' lang='lat' dir='ltr'>per</span> <span class='ocrx_word' id='word_1_179' title='bbox 829 1717 1010 1756; x_wconf 87' lang='lat' dir='ltr'>praesentes</span> <span class='ocrx_word' id='word_1_180' title='bbox 1027 1711 1254 1744; x_wconf 88' lang='lat' dir='ltr'>committimus</span> 
     </span>
     <span class='ocr_line' id='line_1_35' title="bbox 513 1764 1253 1806; baseline -0.004 -5"><span class='ocrx_word' id='word_1_181' title='bbox 513 1772 543 1801; x_wconf 88' lang='lat' dir='ltr'>et</span> <span class='ocrx_word' id='word_1_182' title='bbox 567 1766 764 1806; x_wconf 88' lang='lat' dir='ltr'>mandamus,</span> <span class='ocrx_word' id='word_1_183' title='bbox 780 1771 824 1805; x_wconf 87' lang='lat' dir='ltr'>ut,</span> <span class='ocrx_word' id='word_1_184' title='bbox 847 1765 928 1797; x_wconf 88' lang='lat' dir='ltr'>veris</span> <span class='ocrx_word' id='word_1_185' title='bbox 952 1764 1157 1798; x_wconf 81' lang='lat' dir='ltr'>existentibus</span> <span class='ocrx_word' id='word_1_186' title='bbox 1180 1775 1253 1798; x_wconf 88' lang='lat' dir='ltr'>nar-</span> 
     </span>
     <span class='ocr_line' id='line_1_36' title="bbox 512 1817 1254 1863; baseline -0.003 -10"><span class='ocrx_word' id='word_1_187' title='bbox 512 1820 610 1862; x_wconf 87' lang='lat' dir='ltr'>ratis,</span> <span class='ocrx_word' id='word_1_188' title='bbox 644 1819 772 1853; x_wconf 90' lang='lat' dir='ltr'>eosdem</span> <span class='ocrx_word' id='word_1_189' title='bbox 812 1822 1027 1863; x_wconf 84' lang='lat' dir='ltr'>exponentes,</span> <span class='ocrx_word' id='word_1_190' title='bbox 1063 1817 1254 1862; x_wconf 89' lang='lat' dir='ltr'>illorumque</span> 
     </span>
     <span class='ocr_line' id='line_1_37' title="bbox 514 1871 1252 1917; baseline -0.004 -10"><span class='ocrx_word' id='word_1_191' title='bbox 514 1874 666 1917; x_wconf 82' lang='lat' dir='ltr'>singulos,</span> <span class='ocrx_word' id='word_1_192' title='bbox 690 1873 715 1906; x_wconf 85' lang='lat' dir='ltr'>si</span> <span class='ocrx_word' id='word_1_193' title='bbox 740 1873 801 1906; x_wconf 91' lang='lat' dir='ltr'>hoc</span> <span class='ocrx_word' id='word_1_194' title='bbox 821 1882 838 1904; x_wconf 87' lang='lat' dir='ltr'>a</span> <span class='ocrx_word' id='word_1_195' title='bbox 856 1877 886 1904; x_wconf 91' lang='lat' dir='ltr'>te</span> <span class='ocrx_word' id='word_1_196' title='bbox 906 1871 1070 1904; x_wconf 87' lang='lat' dir='ltr'>humiliter</span> <span class='ocrx_word' id='word_1_197' title='bbox 1094 1871 1252 1915; x_wconf 85' lang='lat' dir='ltr'>petierint,</span> 
     </span>
     <span class='ocr_line' id='line_1_38' title="bbox 513 1925 1253 1971; baseline -0.003 -11"><span class='ocrx_word' id='word_1_198' title='bbox 513 1926 658 1971; x_wconf 81' lang='lat' dir='ltr'>imposita</span> <span class='ocrx_word' id='word_1_199' title='bbox 683 1926 759 1970; x_wconf 89' lang='lat' dir='ltr'>ipsis</span> <span class='ocrx_word' id='word_1_200' title='bbox 783 1931 813 1958; x_wconf 87' lang='lat' dir='ltr'>et</span> <span class='ocrx_word' id='word_1_201' title='bbox 836 1935 946 1958; x_wconf 88' lang='lat' dir='ltr'>eorum</span> <span class='ocrx_word' id='word_1_202' title='bbox 971 1925 1099 1957; x_wconf 88' lang='lat' dir='ltr'>cuilibet</span> <span class='ocrx_word' id='word_1_203' title='bbox 1122 1925 1253 1958; x_wconf 88' lang='lat' dir='ltr'>arbitrio</span> 
     </span>
     <span class='ocr_line' id='line_1_39' title="bbox 513 1977 1253 2024; baseline -0.005 -11"><span class='ocrx_word' id='word_1_204' title='bbox 513 1983 567 2014; x_wconf 87' lang='lat' dir='ltr'>tuo</span> <span class='ocrx_word' id='word_1_205' title='bbox 579 1979 684 2024; x_wconf 78' lang='lat' dir='ltr'>aliqua</span> <span class='ocrx_word' id='word_1_206' title='bbox 705 1977 896 2023; x_wconf 77' lang='lat' dir='ltr'>poenitentia</span> <span class='ocrx_word' id='word_1_207' title='bbox 917 1977 1055 2019; x_wconf 88' lang='lat' dir='ltr'>salutari,</span> <span class='ocrx_word' id='word_1_208' title='bbox 1070 1977 1253 2010; x_wconf 91' lang='lat' dir='ltr'>renunciato</span> 
     </span>
     <span class='ocr_line' id='line_1_40' title="bbox 513 2031 1251 2078; baseline -0.007 -11"><span class='ocrx_word' id='word_1_209' title='bbox 513 2033 602 2078; x_wconf 87' lang='lat' dir='ltr'>prius</span> <span class='ocrx_word' id='word_1_210' title='bbox 632 2043 688 2077; x_wconf 92' lang='lat' dir='ltr'>per</span> <span class='ocrx_word' id='word_1_211' title='bbox 719 2031 846 2065; x_wconf 89' lang='lat' dir='ltr'>eosdem</span> <span class='ocrx_word' id='word_1_212' title='bbox 872 2036 1063 2075; x_wconf 78' lang='lat' dir='ltr'>exponentes</span> <span class='ocrx_word' id='word_1_213' title='bbox 1088 2035 1118 2063; x_wconf 90' lang='lat' dir='ltr'>et</span> <span class='ocrx_word' id='word_1_214' title='bbox 1142 2040 1251 2063; x_wconf 90' lang='lat' dir='ltr'>eorum</span> 
     </span>
     <span class='ocr_line' id='line_1_41' title="bbox 514 2083 1253 2130; baseline -0.008 -9"><span class='ocrx_word' id='word_1_215' title='bbox 514 2086 656 2130; x_wconf 85' lang='lat' dir='ltr'>singulos</span> <span class='ocrx_word' id='word_1_216' title='bbox 681 2084 843 2129; x_wconf 90' lang='lat' dir='ltr'>quibusvis</span> <span class='ocrx_word' id='word_1_217' title='bbox 868 2083 1050 2117; x_wconf 86' lang='lat' dir='ltr'>recursibus</span> <span class='ocrx_word' id='word_1_218' title='bbox 1070 2083 1108 2116; x_wconf 89' lang='lat' dir='ltr'>ad</span> <span class='ocrx_word' id='word_1_219' title='bbox 1134 2083 1253 2116; x_wconf 85' lang='lat' dir='ltr'>iudices</span> 
     </span>
     <span class='ocr_line' id='line_1_42' title="bbox 514 2135 1252 2182; baseline -0.007 -9"><span class='ocrx_word' id='word_1_220' title='bbox 514 2139 610 2173; x_wconf 88' lang='lat' dir='ltr'>laicos</span> <span class='ocrx_word' id='word_1_221' title='bbox 634 2149 691 2182; x_wconf 90' lang='lat' dir='ltr'>per</span> <span class='ocrx_word' id='word_1_222' title='bbox 715 2148 769 2171; x_wconf 87' lang='lat' dir='ltr'>eos</span> <span class='ocrx_word' id='word_1_223' title='bbox 794 2148 849 2171; x_wconf 89' lang='lat' dir='ltr'>seu</span> <span class='ocrx_word' id='word_1_224' title='bbox 875 2147 985 2170; x_wconf 89' lang='lat' dir='ltr'>eorum</span> <span class='ocrx_word' id='word_1_225' title='bbox 1012 2135 1139 2169; x_wconf 88' lang='lat' dir='ltr'>nomine</span> <span class='ocrx_word' id='word_1_226' title='bbox 1164 2136 1195 2168; x_wconf 92' lang='lat' dir='ltr'>in</span> <span class='ocrx_word' id='word_1_227' title='bbox 1215 2136 1252 2168; x_wconf 79' lang='lat' dir='ltr'>li-</span> 
     </span>
     <span class='ocr_line' id='line_1_43' title="bbox 514 2190 1253 2235; baseline -0.007 -8"><span class='ocrx_word' id='word_1_228' title='bbox 514 2194 598 2227; x_wconf 84' lang='lat' dir='ltr'>tibus</span> <span class='ocrx_word' id='word_1_229' title='bbox 629 2198 659 2226; x_wconf 87' lang='lat' dir='ltr'>et</span> <span class='ocrx_word' id='word_1_230' title='bbox 683 2192 786 2226; x_wconf 89' lang='lat' dir='ltr'>causis</span> <span class='ocrx_word' id='word_1_231' title='bbox 810 2191 991 2225; x_wconf 89' lang='lat' dir='ltr'>huiusmodi</span> <span class='ocrx_word' id='word_1_232' title='bbox 1016 2190 1253 2235; x_wconf 87' lang='lat' dir='ltr'>quomodolibet</span> 
     </span>
     <span class='ocr_line' id='line_1_44' title="bbox 513 2243 1251 2286; baseline -0.007 -5"><span class='ocrx_word' id='word_1_233' title='bbox 513 2246 630 2281; x_wconf 88' lang='lat' dir='ltr'>habitis</span> <span class='ocrx_word' id='word_1_234' title='bbox 654 2251 685 2279; x_wconf 87' lang='lat' dir='ltr'>et</span> <span class='ocrx_word' id='word_1_235' title='bbox 709 2246 807 2286; x_wconf 81' lang='lat' dir='ltr'>sactis,</span> <span class='ocrx_word' id='word_1_236' title='bbox 830 2256 865 2278; x_wconf 87' lang='lat' dir='ltr'>ac</span> <span class='ocrx_word' id='word_1_237' title='bbox 891 2245 957 2277; x_wconf 88' lang='lat' dir='ltr'>sine</span> <span class='ocrx_word' id='word_1_238' title='bbox 981 2244 1082 2277; x_wconf 90' lang='lat' dir='ltr'>litium</span> <span class='ocrx_word' id='word_1_239' title='bbox 1108 2249 1139 2277; x_wconf 90' lang='lat' dir='ltr'>et</span> <span class='ocrx_word' id='word_1_240' title='bbox 1163 2243 1251 2277; x_wconf 92' lang='lat' dir='ltr'>colli-</span> 
     </span>
     <span class='ocr_line' id='line_1_45' title="bbox 514 2297 1254 2345; baseline -0.007 -11"><span class='ocrx_word' id='word_1_241' title='bbox 514 2300 681 2345; x_wconf 83' lang='lat' dir='ltr'>tigantium</span> <span class='ocrx_word' id='word_1_242' title='bbox 696 2298 876 2332; x_wconf 86' lang='lat' dir='ltr'>huiusmodi</span> <span class='ocrx_word' id='word_1_243' title='bbox 891 2297 1097 2342; x_wconf 85' lang='lat' dir='ltr'>praeiudicio,</span> <span class='ocrx_word' id='word_1_244' title='bbox 1114 2307 1149 2330; x_wconf 89' lang='lat' dir='ltr'>ac</span> <span class='ocrx_word' id='word_1_245' title='bbox 1166 2297 1254 2330; x_wconf 89' lang='lat' dir='ltr'>dum-</span> 
     </span>
     <span class='ocr_line' id='line_1_46' title="bbox 515 2349 1254 2397; baseline -0.008 -9"><span class='ocrx_word' id='word_1_246' title='bbox 515 2354 610 2388; x_wconf 91' lang='lat' dir='ltr'>modo</span> <span class='ocrx_word' id='word_1_247' title='bbox 623 2352 681 2397; x_wconf 88' lang='lat' dir='ltr'>ipsi</span> <span class='ocrx_word' id='word_1_248' title='bbox 699 2357 888 2396; x_wconf 84' lang='lat' dir='ltr'>exponentes</span> <span class='ocrx_word' id='word_1_249' title='bbox 909 2351 1028 2384; x_wconf 89' lang='lat' dir='ltr'>nullum</span> <span class='ocrx_word' id='word_1_250' title='bbox 1051 2351 1098 2383; x_wconf 89' lang='lat' dir='ltr'>ius</span> <span class='ocrx_word' id='word_1_251' title='bbox 1114 2349 1153 2383; x_wconf 90' lang='lat' dir='ltr'>de</span> <span class='ocrx_word' id='word_1_252' title='bbox 1172 2360 1254 2383; x_wconf 84' lang='lat' dir='ltr'>novo</span> 
     </span>
     <span class='ocr_line' id='line_1_47' title="bbox 515 2402 1254 2452; baseline -0.008 -11"><span class='ocrx_word' id='word_1_253' title='bbox 515 2412 685 2452; x_wconf 84' lang='lat' dir='ltr'>propterea</span> <span class='ocrx_word' id='word_1_254' title='bbox 710 2405 884 2449; x_wconf 88' lang='lat' dir='ltr'>acquirant,</span> <span class='ocrx_word' id='word_1_255' title='bbox 900 2414 917 2437; x_wconf 87' lang='lat' dir='ltr'>a</span> <span class='ocrx_word' id='word_1_256' title='bbox 933 2403 1097 2448; x_wconf 86' lang='lat' dir='ltr'>quibusvis</span> <span class='ocrx_word' id='word_1_257' title='bbox 1113 2402 1254 2436; x_wconf 88' lang='lat' dir='ltr'>censuris</span> 
     </span>
     <span class='ocr_line' id='line_1_48' title="bbox 515 2455 1254 2503; baseline -0.009 -9"><span class='ocrx_word' id='word_1_258' title='bbox 515 2463 545 2494; x_wconf 83' lang='lat' dir='ltr'>et</span> <span class='ocrx_word' id='word_1_259' title='bbox 569 2459 680 2503; x_wconf 88' lang='lat' dir='ltr'>poenis</span> <span class='ocrx_word' id='word_1_260' title='bbox 705 2457 934 2498; x_wconf 85' lang='lat' dir='ltr'>ecclesiasticis,</span> <span class='ocrx_word' id='word_1_261' title='bbox 958 2468 1014 2501; x_wconf 88' lang='lat' dir='ltr'>per</span> <span class='ocrx_word' id='word_1_262' title='bbox 1031 2467 1085 2490; x_wconf 91' lang='lat' dir='ltr'>eos</span> <span class='ocrx_word' id='word_1_263' title='bbox 1105 2455 1254 2500; x_wconf 90' lang='lat' dir='ltr'>praemis-</span> 
     </span>
     <span class='ocr_line' id='line_1_49' title="bbox 516 2508 1253 2557; baseline -0.007 -11"><span class='ocrx_word' id='word_1_264' title='bbox 516 2522 625 2546; x_wconf 87' lang='lat' dir='ltr'>sorum</span> <span class='ocrx_word' id='word_1_265' title='bbox 649 2511 814 2546; x_wconf 87' lang='lat' dir='ltr'>occasione</span> <span class='ocrx_word' id='word_1_266' title='bbox 839 2510 1078 2557; x_wconf 90' lang='lat' dir='ltr'>quomodolibet</span> <span class='ocrx_word' id='word_1_267' title='bbox 1104 2508 1253 2550; x_wconf 86' lang='lat' dir='ltr'>incursis,</span> 
     </span>
     <span class='ocr_line' id='line_1_50' title="bbox 515 2562 1254 2608; baseline -0.005 -9"><span class='ocrx_word' id='word_1_268' title='bbox 515 2565 701 2599; x_wconf 85' lang='lat' dir='ltr'>auctoritate</span> <span class='ocrx_word' id='word_1_269' title='bbox 724 2566 832 2598; x_wconf 77' lang='lat' dir='ltr'>nostra</span> <span class='ocrx_word' id='word_1_270' title='bbox 856 2563 1029 2608; x_wconf 72' lang='lat' dir='ltr'>apostolica</span> <span class='ocrx_word' id='word_1_271' title='bbox 1057 2562 1199 2596; x_wconf 90' lang='lat' dir='ltr'>absolvas</span> <span class='ocrx_word' id='word_1_272' title='bbox 1223 2566 1254 2595; x_wconf 90' lang='lat' dir='ltr'>et</span> 
     </span>
    </p>
   </div>
   <div class='ocr_carea' id='block_1_6' title="bbox 1270 1129 1273 2612">
    <p class='ocr_par' dir='ltr' id='par_1_7' title="bbox 1270 1129 1273 2612">
     <span class='ocr_line' id='line_1_51' title="bbox 1270 1129 1273 2612; baseline 0 0"><span class='ocrx_word' id='word_1_273' title='bbox 1270 1129 1273 2612; x_wconf 95' lang='lat' dir='ltr'> </span> 
     </span>
    </p>
   </div>
   <div class='ocr_carea' id='block_1_7' title="bbox 1288 435 2026 531">
    <p class='ocr_par' dir='ltr' id='par_1_8' title="bbox 1288 435 2026 531">
     <span class='ocr_line' id='line_1_52' title="bbox 1288 435 2025 480; baseline -0.001 -10"><span class='ocrx_word' id='word_1_274' title='bbox 1288 447 1341 470; x_wconf 90' lang='lat' dir='ltr'>eos</span> <span class='ocrx_word' id='word_1_275' title='bbox 1356 463 1364 477; x_wconf 88' lang='lat'>‚</span> <span class='ocrx_word' id='word_1_276' title='bbox 1388 436 1461 480; x_wconf 85' lang='lat' dir='ltr'>quia</span> <span class='ocrx_word' id='word_1_277' title='bbox 1495 435 1636 469; x_wconf 84' lang='lat' dir='ltr'>censuris</span> <span class='ocrx_word' id='word_1_278' title='bbox 1660 436 1843 470; x_wconf 89' lang='lat' dir='ltr'>huiusmodi</span> <span class='ocrx_word' id='word_1_279' title='bbox 1868 436 1913 470; x_wconf 85' lang='lat' dir='ltr'>sic</span> <span class='ocrx_word' id='word_1_280' title='bbox 1937 436 2025 480; x_wconf 83' lang='lat' dir='ltr'>ligati</span> 
     </span>
     <span class='ocr_line' id='line_1_53' title="bbox 1289 489 2026 531; baseline 0 -9"><span class='ocrx_word' id='word_1_281' title='bbox 1289 489 1416 522; x_wconf 90' lang='lat' dir='ltr'>missam</span> <span class='ocrx_word' id='word_1_282' title='bbox 1442 494 1472 521; x_wconf 90' lang='lat' dir='ltr'>et</span> <span class='ocrx_word' id='word_1_283' title='bbox 1496 489 1556 522; x_wconf 89' lang='lat' dir='ltr'>alia</span> <span class='ocrx_word' id='word_1_284' title='bbox 1581 489 1686 522; x_wconf 92' lang='lat' dir='ltr'>divina</span> <span class='ocrx_word' id='word_1_285' title='bbox 1710 489 1822 531; x_wconf 85' lang='lat' dir='ltr'>officia,</span> <span class='ocrx_word' id='word_1_286' title='bbox 1834 499 1897 523; x_wconf 90' lang='lat' dir='ltr'>non</span> <span class='ocrx_word' id='word_1_287' title='bbox 1921 494 2026 523; x_wconf 89' lang='lat' dir='ltr'>tamen</span> 
     </span>
    </p>
   </div>
   <div class='ocr_carea' id='block_1_8' title="bbox 2045 230 2218 260">
    <p class='ocr_par' dir='ltr' id='par_1_9' title="bbox 2045 230 2218 260">
     <span class='ocr_line' id='line_1_54' title="bbox 2045 230 2218 260; baseline 0.023 -4"><span class='ocrx_word' id='word_1_288' title='bbox 2045 230 2092 256; x_wconf 77' lang='lat' dir='ltr'>An.</span> <span class='ocrx_word' id='word_1_289' title='bbox 2109 230 2136 257; x_wconf 93' lang='lat' dir='ltr'>C.</span> <span class='ocrx_word' id='word_1_290' title='bbox 2154 232 2218 260; x_wconf 75' lang='lat'>¹656</span> 
     </span>
    </p>
   </div>
   <div class='ocr_carea' id='block_1_9' title="bbox 1288 541 2070 586">
    <p class='ocr_par' dir='ltr' id='par_1_10' title="bbox 1288 541 2070 586">
     <span class='ocr_line' id='line_1_55' title="bbox 1288 541 2070 586; baseline 0.003 -12"><span class='ocrx_word' id='word_1_291' title='bbox 1288 542 1318 574; x_wconf 89' lang='lat' dir='ltr'>in</span> <span class='ocrx_word' id='word_1_292' title='bbox 1343 546 1557 586; x_wconf 89' lang='lat' dir='ltr'>contemptum</span> <span class='ocrx_word' id='word_1_293' title='bbox 1584 541 1732 584; x_wconf 87' lang='lat' dir='ltr'>clavium,</span> <span class='ocrx_word' id='word_1_294' title='bbox 1758 541 1968 584; x_wconf 81' lang='lat' dir='ltr'>celebrarunt,</span> <span class='ocrx_word' id='word_1_295' title='bbox 1993 547 2027 575; x_wconf 88' lang='lat' dir='ltr'>ut</span> <span class='ocrx_word' id='word_1_296' title='bbox 2067 573 2070 576; x_wconf 83' lang='lat'><strong>.</strong></span> 
     </span>
    </p>
   </div>
   <div class='ocr_carea' id='block_1_10' title="bbox 1287 593 2026 850">
    <p class='ocr_par' dir='ltr' id='par_1_11' title="bbox 1287 593 2026 850">
     <span class='ocr_line' id='line_1_56' title="bbox 1287 593 2026 638; baseline 0.003 -12"><span class='ocrx_word' id='word_1_297' title='bbox 1287 594 1484 638; x_wconf 78' lang='lat' dir='ltr'>praefertur,</span> <span class='ocrx_word' id='word_1_298' title='bbox 1509 594 1747 638; x_wconf 87' lang='lat' dir='ltr'>quomodolibet</span> <span class='ocrx_word' id='word_1_299' title='bbox 1778 593 1937 628; x_wconf 69' lang='lat' dir='ltr'>contracta</span> <span class='ocrx_word' id='word_1_300' title='bbox 1952 621 1960 635; x_wconf 95' lang='lat'>,</span> <span class='ocrx_word' id='word_1_301' title='bbox 1985 594 2026 628; x_wconf 90' lang='lat' dir='ltr'>ita</span> 
     </span>
     <span class='ocr_line' id='line_1_57' title="bbox 1287 646 2026 691; baseline 0.003 -12"><span class='ocrx_word' id='word_1_302' title='bbox 1287 646 1370 691; x_wconf 90' lang='lat' dir='ltr'>quod</span> <span class='ocrx_word' id='word_1_303' title='bbox 1395 646 1448 679; x_wconf 84' lang='lat' dir='ltr'>illa</span> <span class='ocrx_word' id='word_1_304' title='bbox 1473 652 1503 680; x_wconf 91' lang='lat' dir='ltr'>et</span> <span class='ocrx_word' id='word_1_305' title='bbox 1527 646 1663 680; x_wconf 91' lang='lat' dir='ltr'>eisdem¹</span> <span class='ocrx_word' id='word_1_306' title='bbox 1689 647 1872 691; x_wconf 86' lang='lat' dir='ltr'>praemissis</span> <span class='ocrx_word' id='word_1_307' title='bbox 1891 657 1954 681; x_wconf 91' lang='lat' dir='ltr'>non</span> <span class='ocrx_word' id='word_1_308' title='bbox 1974 647 2026 681; x_wconf 89' lang='lat' dir='ltr'>ob-</span> 
     </span>
     <span class='ocr_line' id='line_1_58' title="bbox 1288 700 2026 743; baseline 0.003 -10"><span class='ocrx_word' id='word_1_309' title='bbox 1288 700 1449 743; x_wconf 87' lang='lat' dir='ltr'>stantibus,</span> <span class='ocrx_word' id='word_1_310' title='bbox 1467 701 1491 734; x_wconf 91' lang='lat' dir='ltr'>si</span> <span class='ocrx_word' id='word_1_311' title='bbox 1516 701 1636 734; x_wconf 89' lang='lat' dir='ltr'>nullum</span> <span class='ocrx_word' id='word_1_312' title='bbox 1658 701 1743 741; x_wconf 89' lang='lat' dir='ltr'>aliud</span> <span class='ocrx_word' id='word_1_313' title='bbox 1766 701 1952 735; x_wconf 88' lang='lat' dir='ltr'>canonicum</span> <span class='ocrx_word' id='word_1_314' title='bbox 1969 701 2026 735; x_wconf 90' lang='lat' dir='ltr'>ob·</span> 
     </span>
     <span class='ocr_line' id='line_1_59' title="bbox 1288 753 2025 798; baseline 0.003 -12"><span class='ocrx_word' id='word_1_315' title='bbox 1288 753 1376 787; x_wconf 89' lang='lat' dir='ltr'>sistat</span> <span class='ocrx_word' id='word_1_316' title='bbox 1408 753 1689 798; x_wconf 85' lang='lat' dir='ltr'>impedimentum,</span> <span class='ocrx_word' id='word_1_317' title='bbox 1721 754 1915 798; x_wconf 86' lang='lat' dir='ltr'>servatisque</span> <span class='ocrx_word' id='word_1_318' title='bbox 1950 754 2025 788; x_wconf 71' lang='lat' dir='ltr'>alias</span> 
     </span>
     <span class='ocr_line' id='line_1_60' title="bbox 1288 805 2026 850; baseline 0.001 -12"><span class='ocrx_word' id='word_1_319' title='bbox 1288 805 1458 848; x_wconf 81' lang='lat' dir='ltr'>servandis,</span> <span class='ocrx_word' id='word_1_320' title='bbox 1484 807 1621 840; x_wconf 89' lang='lat' dir='ltr'>clericali</span> <span class='ocrx_word' id='word_1_321' title='bbox 1646 807 1837 848; x_wconf 84' lang='lat' dir='ltr'>charactere,</span> <span class='ocrx_word' id='word_1_322' title='bbox 1863 817 1926 850; x_wconf 90' lang='lat' dir='ltr'>quo</span> <span class='ocrx_word' id='word_1_323' title='bbox 1949 806 2026 840; x_wconf 79' lang='lat' dir='ltr'>alias</span> 
     </span>
    </p>
   </div>
   <div class='ocr_carea' id='block_1_11' title="bbox 1288 855 2060 905">
    <p class='ocr_par' dir='ltr' id='par_1_12' title="bbox 1288 855 2060 905">
     <span class='ocr_line' id='line_1_61' title="bbox 1288 855 2060 905; baseline 0.003 -15"><span class='ocrx_word' id='word_1_324' title='bbox 1288 857 1347 890; x_wconf 90' lang='lat' dir='ltr'>rite</span> <span class='ocrx_word' id='word_1_325' title='bbox 1371 857 1511 901; x_wconf 86' lang='lat' dir='ltr'>insigniti</span> <span class='ocrx_word' id='word_1_326' title='bbox 1537 859 1662 900; x_wconf 80' lang='lat' dir='ltr'>suerint,</span> <span class='ocrx_word' id='word_1_327' title='bbox 1680 859 1825 905; x_wconf 92' lang='lat' dir='ltr'>illiusque</span> <span class='ocrx_word' id='word_1_328' title='bbox 1842 858 2025 903; x_wconf 82' lang='lat' dir='ltr'>privilegiis,</span> <span class='ocrx_word' id='word_1_329' title='bbox 2058 855 2060 857; x_wconf 45' lang='lat'>¹</span> 
     </span>
    </p>
   </div>
   <div class='ocr_carea' id='block_1_12' title="bbox 1287 911 2028 1487">
    <p class='ocr_par' dir='ltr' id='par_1_13' title="bbox 1287 911 2027 1221">
     <span class='ocr_line' id='line_1_62' title="bbox 1288 911 2025 955; baseline 0.003 -12"><span class='ocrx_word' id='word_1_330' title='bbox 1288 921 1324 944; x_wconf 92' lang='lat' dir='ltr'>ac</span> <span class='ocrx_word' id='word_1_331' title='bbox 1348 915 1411 943; x_wconf 90' lang='lat' dir='ltr'>tam</span> <span class='ocrx_word' id='word_1_332' title='bbox 1436 911 1629 954; x_wconf 87' lang='lat' dir='ltr'>minoribus,</span> <span class='ocrx_word' id='word_1_333' title='bbox 1655 922 1750 955; x_wconf 91' lang='lat' dir='ltr'>quam</span> <span class='ocrx_word' id='word_1_334' title='bbox 1775 912 1867 945; x_wconf 88' lang='lat' dir='ltr'>etiam</span> <span class='ocrx_word' id='word_1_335' title='bbox 1893 911 1952 945; x_wconf 90' lang='lat' dir='ltr'>rite</span> <span class='ocrx_word' id='word_1_336' title='bbox 1976 921 2025 945; x_wconf 85' lang='lat' dir='ltr'>sa-</span> 
     </span>
     <span class='ocr_line' id='line_1_63' title="bbox 1288 963 2026 1008; baseline 0.001 -12"><span class='ocrx_word' id='word_1_337' title='bbox 1288 963 1350 997; x_wconf 89' lang='lat' dir='ltr'>cris</span> <span class='ocrx_word' id='word_1_338' title='bbox 1375 969 1404 996; x_wconf 89' lang='lat' dir='ltr'>et</span> <span class='ocrx_word' id='word_1_339' title='bbox 1429 964 1665 1008; x_wconf 72' lang='lat' dir='ltr'>presbyteratus</span> <span class='ocrx_word' id='word_1_340' title='bbox 1686 964 1850 999; x_wconf 92' lang='lat' dir='ltr'>ordinibus</span> <span class='ocrx_word' id='word_1_341' title='bbox 1874 964 1929 1005; x_wconf 90' lang='lat' dir='ltr'>uti,</span> <span class='ocrx_word' id='word_1_342' title='bbox 1949 969 1978 997; x_wconf 90' lang='lat' dir='ltr'>et</span> <span class='ocrx_word' id='word_1_343' title='bbox 1994 964 2026 998; x_wconf 90' lang='lat' dir='ltr'>in</span> 
     </span>
     <span class='ocr_line' id='line_1_64' title="bbox 1288 1017 2026 1051; baseline 0.001 -2"><span class='ocrx_word' id='word_1_344' title='bbox 1288 1017 1348 1050; x_wconf 90' lang='lat' dir='ltr'>illis</span> <span class='ocrx_word' id='word_1_345' title='bbox 1362 1018 1454 1051; x_wconf 89' lang='lat' dir='ltr'>etiam</span> <span class='ocrx_word' id='word_1_346' title='bbox 1474 1017 1505 1050; x_wconf 90' lang='lat' dir='ltr'>in</span> <span class='ocrx_word' id='word_1_347' title='bbox 1527 1017 1634 1051; x_wconf 88' lang='lat' dir='ltr'>altaris</span> <span class='ocrx_word' id='word_1_348' title='bbox 1656 1017 1830 1051; x_wconf 90' lang='lat' dir='ltr'>ministerio</span> <span class='ocrx_word' id='word_1_349' title='bbox 1847 1017 2026 1051; x_wconf 87' lang='lat' dir='ltr'>ministrare</span> 
     </span>
     <span class='ocr_line' id='line_1_65' title="bbox 1287 1069 2027 1115; baseline 0 -12"><span class='ocrx_word' id='word_1_350' title='bbox 1287 1070 1385 1103; x_wconf 87' lang='lat' dir='ltr'>libere</span> <span class='ocrx_word' id='word_1_351' title='bbox 1403 1075 1433 1103; x_wconf 88' lang='lat' dir='ltr'>et</span> <span class='ocrx_word' id='word_1_352' title='bbox 1448 1070 1533 1104; x_wconf 90' lang='lat' dir='ltr'>licite</span> <span class='ocrx_word' id='word_1_353' title='bbox 1557 1070 1677 1115; x_wconf 89' lang='lat' dir='ltr'>possint</span> <span class='ocrx_word' id='word_1_354' title='bbox 1701 1074 1731 1105; x_wconf 89' lang='lat' dir='ltr'>et</span> <span class='ocrx_word' id='word_1_355' title='bbox 1754 1070 1887 1111; x_wconf 90' lang='lat' dir='ltr'>valeant,</span> <span class='ocrx_word' id='word_1_356' title='bbox 1904 1080 1939 1104; x_wconf 86' lang='lat' dir='ltr'>ac</span> <span class='ocrx_word' id='word_1_357' title='bbox 1956 1069 2027 1114; x_wconf 90' lang='lat' dir='ltr'>qui-</span> 
     </span>
     <span class='ocr_line' id='line_1_66' title="bbox 1287 1123 2025 1168; baseline 0 -12"><span class='ocrx_word' id='word_1_358' title='bbox 1287 1123 1363 1156; x_wconf 87' lang='lat' dir='ltr'>libet</span> <span class='ocrx_word' id='word_1_359' title='bbox 1386 1133 1496 1157; x_wconf 90' lang='lat' dir='ltr'>eorum</span> <span class='ocrx_word' id='word_1_360' title='bbox 1522 1123 1621 1168; x_wconf 90' lang='lat' dir='ltr'>possit</span> <span class='ocrx_word' id='word_1_361' title='bbox 1639 1128 1670 1157; x_wconf 91' lang='lat' dir='ltr'>et</span> <span class='ocrx_word' id='word_1_362' title='bbox 1691 1124 1798 1166; x_wconf 88' lang='lat' dir='ltr'>valeat,</span> <span class='ocrx_word' id='word_1_363' title='bbox 1816 1123 1899 1157; x_wconf 79' lang='lat' dir='ltr'>dicta</span> <span class='ocrx_word' id='word_1_364' title='bbox 1923 1128 2025 1157; x_wconf 90' lang='lat' dir='ltr'>aucto-</span> 
     </span>
     <span class='ocr_line' id='line_1_67' title="bbox 1288 1177 1573 1221; baseline -0.004 -10"><span class='ocrx_word' id='word_1_365' title='bbox 1288 1178 1378 1211; x_wconf 87' lang='lat' dir='ltr'>ritate</span> <span class='ocrx_word' id='word_1_366' title='bbox 1403 1177 1573 1221; x_wconf 86' lang='lat' dir='ltr'>dispenses.</span> 
     </span>
    </p>

    <p class='ocr_par' dir='ltr' id='par_1_14' title="bbox 1287 1230 2028 1487">
     <span class='ocr_line' id='line_1_68' title="bbox 1332 1230 2026 1275; baseline -0.001 -11"><span class='ocrx_word' id='word_1_367' title='bbox 1332 1231 1346 1275; x_wconf 65' lang='grc' dir='ltr'><strong>ἓ</strong></span> <span class='ocrx_word' id='word_1_368' title='bbox 1369 1230 1399 1264; x_wconf 84' lang='lat'>3.</span> <span class='ocrx_word' id='word_1_369' title='bbox 1424 1231 1493 1264; x_wconf 85' lang='lat' dir='ltr'>Non</span> <span class='ocrx_word' id='word_1_370' title='bbox 1517 1230 1713 1264; x_wconf 80' lang='lat' dir='ltr'>obstantibus</span> <span class='ocrx_word' id='word_1_371' title='bbox 1736 1230 1926 1274; x_wconf 87' lang='lat' dir='ltr'>apostolicis,</span> <span class='ocrx_word' id='word_1_372' title='bbox 1943 1230 2026 1263; x_wconf 89' lang='lat' dir='ltr'>acin</span> 
     </span>
     <span class='ocr_line' id='line_1_69' title="bbox 1288 1283 2026 1328; baseline 0 -12"><span class='ocrx_word' id='word_1_373' title='bbox 1288 1284 1515 1317; x_wconf 88' lang='lat' dir='ltr'>universalibus</span> <span class='ocrx_word' id='word_1_374' title='bbox 1544 1283 1852 1328; x_wconf 83' lang='lat' dir='ltr'>provincialibusque</span> <span class='ocrx_word' id='word_1_375' title='bbox 1875 1288 1906 1316; x_wconf 90' lang='lat' dir='ltr'>et</span> <span class='ocrx_word' id='word_1_376' title='bbox 1935 1293 2026 1328; x_wconf 81' lang='lat' dir='ltr'>syno-</span> 
     </span>
     <span class='ocr_line' id='line_1_70' title="bbox 1287 1337 2027 1381; baseline -0.001 -11"><span class='ocrx_word' id='word_1_377' title='bbox 1287 1337 1409 1370; x_wconf 88' lang='lat' dir='ltr'>dalibus</span> <span class='ocrx_word' id='word_1_378' title='bbox 1423 1337 1563 1371; x_wconf 89' lang='lat' dir='ltr'>conciliis</span> <span class='ocrx_word' id='word_1_379' title='bbox 1577 1337 1677 1378; x_wconf 88' lang='lat' dir='ltr'>editis,</span> <span class='ocrx_word' id='word_1_380' title='bbox 1688 1337 1888 1381; x_wconf 80' lang='lat' dir='ltr'>generalibus</span> <span class='ocrx_word' id='word_1_381' title='bbox 1901 1337 1947 1369; x_wconf 90' lang='lat' dir='ltr'>vel</span> <span class='ocrx_word' id='word_1_382' title='bbox 1961 1347 2027 1380; x_wconf 91' lang='lat' dir='ltr'>spe-</span> 
     </span>
     <span class='ocr_line' id='line_1_71' title="bbox 1287 1389 2028 1433; baseline -0.001 -9"><span class='ocrx_word' id='word_1_383' title='bbox 1287 1391 1429 1433; x_wconf 84' lang='lat' dir='ltr'>cialibus,</span> <span class='ocrx_word' id='word_1_384' title='bbox 1454 1391 1730 1424; x_wconf 86' lang='lat' dir='ltr'>constitutionibus</span> <span class='ocrx_word' id='word_1_385' title='bbox 1762 1395 1792 1424; x_wconf 91' lang='lat' dir='ltr'>et</span> <span class='ocrx_word' id='word_1_386' title='bbox 1824 1389 2028 1424; x_wconf 87' lang='lat' dir='ltr'>ordinationi-</span> 
     </span>
     <span class='ocr_line' id='line_1_72' title="bbox 1287 1443 2026 1487; baseline 0 -11"><span class='ocrx_word' id='word_1_387' title='bbox 1287 1444 1354 1484; x_wconf 90' lang='lat' dir='ltr'>bus,</span> <span class='ocrx_word' id='word_1_388' title='bbox 1375 1443 1551 1487; x_wconf 86' lang='lat' dir='ltr'>ceterisque</span> <span class='ocrx_word' id='word_1_389' title='bbox 1575 1443 1742 1477; x_wconf 85' lang='lat' dir='ltr'>contrariis</span> <span class='ocrx_word' id='word_1_390' title='bbox 1762 1443 2026 1487; x_wconf 88' lang='lat' dir='ltr'>quibuscumque.</span> 
     </span>
    </p>
   </div>
   <div class='ocr_carea' id='block_1_13' title="bbox 1331 1496 2029 1542">
    <p class='ocr_par' dir='ltr' id='par_1_15' title="bbox 1331 1496 2029 1542">
     <span class='ocr_line' id='line_1_73' title="bbox 1331 1496 2029 1542; baseline 0.001 -12"><span class='ocrx_word' id='word_1_391' title='bbox 1331 1498 1441 1531; x_wconf 90' lang='lat' dir='ltr'>Datum</span> <span class='ocrx_word' id='word_1_392' title='bbox 1472 1498 1599 1539; x_wconf 86' lang='lat' dir='ltr'>Romae,</span> <span class='ocrx_word' id='word_1_393' title='bbox 1623 1497 1705 1542; x_wconf 88' lang='lat' dir='ltr'>apud</span> <span class='ocrx_word' id='word_1_394' title='bbox 1729 1497 1759 1531; x_wconf 90' lang='lat' dir='ltr'>S.</span> <span class='ocrx_word' id='word_1_395' title='bbox 1784 1496 1913 1530; x_wconf 83' lang='lat' dir='ltr'>Mariam</span> <span class='ocrx_word' id='word_1_396' title='bbox 1936 1496 2029 1531; x_wconf 86' lang='lat' dir='ltr'>Maio·</span> 
     </span>
    </p>
   </div>
   <div class='ocr_carea' id='block_1_14' title="bbox 1287 1550 2026 1702">
    <p class='ocr_par' dir='ltr' id='par_1_16' title="bbox 1287 1550 2026 1702">
     <span class='ocr_line' id='line_1_74' title="bbox 1287 1550 2026 1592; baseline -0.001 -8"><span class='ocrx_word' id='word_1_397' title='bbox 1287 1561 1365 1592; x_wconf 91' lang='lat' dir='ltr'>rem,</span> <span class='ocrx_word' id='word_1_398' title='bbox 1379 1551 1437 1585; x_wconf 88' lang='lat' dir='ltr'>sub</span> <span class='ocrx_word' id='word_1_399' title='bbox 1460 1552 1576 1584; x_wconf 91' lang='lat' dir='ltr'>annulo</span> <span class='ocrx_word' id='word_1_400' title='bbox 1601 1551 1778 1592; x_wconf 81' lang='lat' dir='ltr'>Piscatoris,</span> <span class='ocrx_word' id='word_1_401' title='bbox 1795 1551 1845 1584; x_wconf 90' lang='lat' dir='ltr'>die</span> <span class='ocrx_word' id='word_1_402' title='bbox 1864 1561 1938 1585; x_wconf 81' lang='lat' dir='ltr'>xxiv</span> <span class='ocrx_word' id='word_1_403' title='bbox 1953 1550 2026 1584; x_wconf 89' lang='lat' dir='ltr'>maii</span> 
     </span>
     <span class='ocr_line' id='line_1_75' title="bbox 1288 1604 1901 1649; baseline -0.003 -10"><span class='ocrx_word' id='word_1_404' title='bbox 1288 1615 1415 1645; x_wconf 68' lang='lat' dir='ltr'>uncuu,</span> <span class='ocrx_word' id='word_1_405' title='bbox 1433 1604 1634 1649; x_wconf 80' lang='lat' dir='ltr'>pontificatus</span> <span class='ocrx_word' id='word_1_406' title='bbox 1653 1605 1752 1639; x_wconf 86' lang='lat' dir='ltr'>nostri</span> <span class='ocrx_word' id='word_1_407' title='bbox 1771 1614 1853 1637; x_wconf 87' lang='lat' dir='ltr'>auno</span> <span class='ocrx_word' id='word_1_408' title='bbox 1869 1614 1901 1637; x_wconf 89' lang='lat'>11.</span> 
     </span>
     <span class='ocr_line' id='line_1_76' title="bbox 1325 1666 1911 1702; baseline -0.003 -7"><span class='ocrx_word' id='word_1_409' title='bbox 1325 1668 1380 1695; x_wconf 84' lang='lat' dir='ltr'>Dat.</span> <span class='ocrx_word' id='word_1_410' title='bbox 1399 1667 1443 1695; x_wconf 88' lang='lat' dir='ltr'>die</span> <span class='ocrx_word' id='word_1_411' title='bbox 1458 1667 1492 1694; x_wconf 73' lang='lat'>24</span> <span class='ocrx_word' id='word_1_412' title='bbox 1508 1667 1570 1694; x_wconf 88' lang='lat' dir='ltr'>maii</span> <span class='ocrx_word' id='word_1_413' title='bbox 1589 1667 1666 1702; x_wconf 83' lang='lat'>1656,</span> <span class='ocrx_word' id='word_1_414' title='bbox 1682 1666 1778 1702; x_wconf 77' lang='lat' dir='ltr'>pontif.</span> <span class='ocrx_word' id='word_1_415' title='bbox 1795 1673 1911 1694; x_wconf 81' lang='lat' dir='ltr'>annon.</span> 
     </span>
    </p>
   </div>
   <div class='ocr_carea' id='block_1_15' title="bbox 1552 1732 1761 1737">
    <p class='ocr_par' dir='ltr' id='par_1_17' title="bbox 1552 1732 1761 1737">
     <span class='ocr_line' id='line_1_77' title="bbox 1552 1732 1761 1737; baseline 0 0"><span class='ocrx_word' id='word_1_416' title='bbox 1552 1732 1761 1737; x_wconf 95' lang='lat' dir='ltr'> </span> 
     </span>
    </p>
   </div>
   <div class='ocr_carea' id='block_1_16' title="bbox 1618 1807 1701 1840">
    <p class='ocr_par' dir='ltr' id='par_1_18' title="bbox 1618 1807 1701 1840">
     <span class='ocr_line' id='line_1_78' title="bbox 1618 1807 1701 1840; baseline -0.024 0"><span class='ocrx_word' id='word_1_417' title='bbox 1618 1807 1701 1840; x_wconf 88' lang='lat' dir='ltr'>CVII.</span> 
     </span>
    </p>
   </div>
   <div class='ocr_carea' id='block_1_17' title="bbox 1290 1887 2028 2028">
    <p class='ocr_par' dir='ltr' id='par_1_19' title="bbox 1290 1887 2028 2028">
     <span class='ocr_line' id='line_1_79' title="bbox 1290 1887 2028 1932; baseline -0.003 -11"><span class='ocrx_word' id='word_1_418' title='bbox 1290 1888 1380 1928; x_wconf 81' lang='lat' dir='ltr'>Quod</span> <span class='ocrx_word' id='word_1_419' title='bbox 1393 1888 1532 1932; x_wconf 79' lang='lat' dir='ltr'>episcopi</span> <span class='ocrx_word' id='word_1_420' title='bbox 1545 1887 1664 1921; x_wconf 83' lang='lat' dir='ltr'>Italiae</span> <span class='ocrx_word' id='word_1_421' title='bbox 1673 1887 1924 1930; x_wconf 77' lang='lat' dir='ltr'>insularumque</span> <span class='ocrx_word' id='word_1_422' title='bbox 1938 1887 2028 1919; x_wconf 78' lang='lat' dir='ltr'>adia-</span> 
     </span>
     <span class='ocr_line' id='line_1_80' title="bbox 1331 1939 2027 1984; baseline -0.003 -10"><span class='ocrx_word' id='word_1_423' title='bbox 1331 1942 1472 1975; x_wconf 82' lang='lat' dir='ltr'>centium</span> <span class='ocrx_word' id='word_1_424' title='bbox 1497 1940 1540 1974; x_wconf 83' lang='lat' dir='ltr'>ad</span> <span class='ocrx_word' id='word_1_425' title='bbox 1564 1940 1701 1983; x_wconf 77' lang='lat' dir='ltr'>synodos</span> <span class='ocrx_word' id='word_1_426' title='bbox 1730 1939 1932 1984; x_wconf 72' lang='lat' dir='ltr'>perayendas</span> <span class='ocrx_word' id='word_1_427' title='bbox 1952 1950 2027 1973; x_wconf 81' lang='lat' dir='ltr'>con-</span> 
     </span>
     <span class='ocr_line' id='line_1_81' title="bbox 1330 2001 1474 2028; baseline 0 -1"><span class='ocrx_word' id='word_1_428' title='bbox 1330 2001 1474 2028; x_wconf 70' lang='lat' dir='ltr'>ventam.</span> 
     </span>
    </p>
   </div>
   <div class='ocr_carea' id='block_1_18' title="bbox 1479 2064 1832 2098">
    <p class='ocr_par' dir='ltr' id='par_1_20' title="bbox 1479 2064 1832 2098">
     <span class='ocr_line' id='line_1_82' title="bbox 1479 2064 1832 2098; baseline -0.006 -5"><span class='ocrx_word' id='word_1_429' title='bbox 1479 2065 1644 2093; x_wconf 77' lang='lat' dir='ltr'>Alexander</span> <span class='ocrx_word' id='word_1_430' title='bbox 1668 2065 1748 2098; x_wconf 82' lang='lat' dir='ltr'>Papa</span> <span class='ocrx_word' id='word_1_431' title='bbox 1768 2064 1832 2092; x_wconf 84' lang='lat' dir='ltr'>vu.</span> 
     </span>
    </p>
   </div>
   <div class='ocr_carea' id='block_1_19' title="bbox 1319 2127 1995 2205">
    <p class='ocr_par' dir='ltr' id='par_1_21' title="bbox 1319 2127 1995 2205">
     <span class='ocr_line' id='line_1_83' title="bbox 1496 2127 1806 2158; baseline -0.006 -3"><span class='ocrx_word' id='word_1_432' title='bbox 1496 2127 1681 2155; x_wconf 83' lang='lat' dir='ltr'>Venerabilis</span> <span class='ocrx_word' id='word_1_433' title='bbox 1701 2127 1806 2158; x_wconf 77' lang='lat' dir='ltr'>frater,</span> 
     </span>
     <span class='ocr_line' id='line_1_84' title="bbox 1319 2170 1995 2205; baseline -0.003 -6"><span class='ocrx_word' id='word_1_434' title='bbox 1319 2172 1450 2199; x_wconf 79' lang='lat' dir='ltr'>salutem</span> <span class='ocrx_word' id='word_1_435' title='bbox 1474 2174 1506 2198; x_wconf 80' lang='lat' dir='ltr'>et</span> <span class='ocrx_word' id='word_1_436' title='bbox 1528 2172 1725 2205; x_wconf 85' lang='lat' dir='ltr'>apostolicam</span> <span class='ocrx_word' id='word_1_437' title='bbox 1744 2170 1995 2198; x_wconf 79' lang='lat' dir='ltr'>benedictionem.</span> 
     </span>
    </p>
   </div>
   <div class='ocr_carea' id='block_1_20' title="bbox 1286 2240 2026 2550">
    <p class='ocr_par' dir='ltr' id='par_1_22' title="bbox 1286 2240 2026 2550">
     <span class='ocr_line' id='line_1_85' title="bbox 1330 2240 2026 2286; baseline -0.003 -10"><span class='ocrx_word' id='word_1_438' title='bbox 1330 2244 1414 2276; x_wconf 88' lang='lat' dir='ltr'>Inter</span> <span class='ocrx_word' id='word_1_439' title='bbox 1438 2247 1542 2276; x_wconf 86' lang='lat' dir='ltr'>cetera</span> <span class='ocrx_word' id='word_1_440' title='bbox 1557 2270 1564 2284; x_wconf 91' lang='lat'>‚</span> <span class='ocrx_word' id='word_1_441' title='bbox 1593 2252 1673 2286; x_wconf 87' lang='lat' dir='ltr'>quae</span> <span class='ocrx_word' id='word_1_442' title='bbox 1698 2242 1782 2275; x_wconf 90' lang='lat' dir='ltr'>clare</span> <span class='ocrx_word' id='word_1_443' title='bbox 1806 2251 1843 2275; x_wconf 90' lang='lat' dir='ltr'>ac</span> <span class='ocrx_word' id='word_1_444' title='bbox 1865 2241 1956 2285; x_wconf 88' lang='lat' dir='ltr'>plane</span> <span class='ocrx_word' id='word_1_445' title='bbox 1979 2240 2026 2274; x_wconf 90' lang='lat' dir='ltr'>di-</span> 
     </span>
     <span class='ocr_line' id='line_1_86' title="bbox 1287 2293 2025 2337; baseline -0.003 -9"><span class='ocrx_word' id='word_1_446' title='bbox 1287 2295 1400 2329; x_wconf 87' lang='lat' dir='ltr'>vinitus</span> <span class='ocrx_word' id='word_1_447' title='bbox 1425 2295 1614 2328; x_wconf 87' lang='lat' dir='ltr'>sacrosancti</span> <span class='ocrx_word' id='word_1_448' title='bbox 1629 2294 1802 2328; x_wconf 89' lang='lat' dir='ltr'>Tridentini</span> <span class='ocrx_word' id='word_1_449' title='bbox 1821 2293 1948 2328; x_wconf 87' lang='lat' dir='ltr'>Concilii</span> <span class='ocrx_word' id='word_1_450' title='bbox 1960 2303 2025 2337; x_wconf 64' lang='lat' dir='ltr'>,pa-</span> 
     </span>
     <span class='ocr_line' id='line_1_87' title="bbox 1286 2346 2025 2391; baseline -0.003 -10"><span class='ocrx_word' id='word_1_451' title='bbox 1286 2354 1349 2382; x_wconf 89' lang='lat' dir='ltr'>tres</span> <span class='ocrx_word' id='word_1_452' title='bbox 1373 2348 1442 2391; x_wconf 79' lang='lat' dir='ltr'>lege</span> <span class='ocrx_word' id='word_1_453' title='bbox 1467 2353 1657 2388; x_wconf 87' lang='lat' dir='ltr'>sanxerunt,</span> <span class='ocrx_word' id='word_1_454' title='bbox 1683 2347 1759 2380; x_wconf 90' lang='lat' dir='ltr'>illud</span> <span class='ocrx_word' id='word_1_455' title='bbox 1788 2346 1929 2390; x_wconf 82' lang='lat' dir='ltr'>profecto</span> <span class='ocrx_word' id='word_1_456' title='bbox 1953 2355 2025 2379; x_wconf 90' lang='lat' dir='ltr'>cum</span> 
     </span>
     <span class='ocr_line' id='line_1_88' title="bbox 1287 2399 2026 2446; baseline -0.003 -11"><span class='ocrx_word' id='word_1_457' title='bbox 1287 2401 1397 2446; x_wconf 88' lang='lat' dir='ltr'>primis</span> <span class='ocrx_word' id='word_1_458' title='bbox 1414 2401 1482 2443; x_wconf 85' lang='lat' dir='ltr'>suit,</span> <span class='ocrx_word' id='word_1_459' title='bbox 1500 2406 1534 2434; x_wconf 87' lang='lat' dir='ltr'>ut</span> <span class='ocrx_word' id='word_1_460' title='bbox 1552 2401 1692 2444; x_wconf 81' lang='lat' dir='ltr'>singulos</span> <span class='ocrx_word' id='word_1_461' title='bbox 1716 2400 1746 2434; x_wconf 90' lang='lat' dir='ltr'>in</span> <span class='ocrx_word' id='word_1_462' title='bbox 1771 2410 1868 2433; x_wconf 89' lang='lat' dir='ltr'>annos</span> <span class='ocrx_word' id='word_1_463' title='bbox 1885 2399 2026 2444; x_wconf 88' lang='lat' dir='ltr'>episcopi</span> 
     </span>
     <span class='ocr_line' id='line_1_89' title="bbox 1286 2454 2025 2501; baseline -0.005 -11"><span class='ocrx_word' id='word_1_464' title='bbox 1286 2455 1420 2501; x_wconf 85' lang='lat' dir='ltr'>synodos</span> <span class='ocrx_word' id='word_1_465' title='bbox 1446 2456 1630 2497; x_wconf 85' lang='lat' dir='ltr'>indicerent,</span> <span class='ocrx_word' id='word_1_466' title='bbox 1650 2454 1875 2498; x_wconf 86' lang='lat' dir='ltr'>haberentque,</span> <span class='ocrx_word' id='word_1_467' title='bbox 1899 2458 1929 2486; x_wconf 90' lang='lat' dir='ltr'>et</span> <span class='ocrx_word' id='word_1_468' title='bbox 1953 2463 2025 2487; x_wconf 87' lang='lat' dir='ltr'>sua-</span> 
     </span>
     <span class='ocr_line' id='line_1_90' title="bbox 1287 2505 2024 2550; baseline -0.004 -8"><span class='ocrx_word' id='word_1_469' title='bbox 1287 2520 1358 2542; x_wconf 90' lang='lat' dir='ltr'>rum</span> <span class='ocrx_word' id='word_1_470' title='bbox 1383 2509 1586 2542; x_wconf 87' lang='lat' dir='ltr'>ecclesiarum</span> <span class='ocrx_word' id='word_1_471' title='bbox 1612 2508 1680 2541; x_wconf 90' lang='lat' dir='ltr'>loca</span> <span class='ocrx_word' id='word_1_472' title='bbox 1700 2507 1866 2550; x_wconf 83' lang='lat' dir='ltr'>diligenter</span> <span class='ocrx_word' id='word_1_473' title='bbox 1891 2505 2024 2548; x_wconf 89' lang='lat' dir='ltr'>obirent,</span> 
     </span>
    </p>
   </div>
   <div class='ocr_carea' id='block_1_21' title="bbox 516 2613 2024 2662">
    <p class='ocr_par' dir='ltr' id='par_1_23' title="bbox 516 2613 2024 2662">
     <span class='ocr_line' id='line_1_91' title="bbox 516 2613 2024 2662; baseline -0.004 -9"><span class='ocrx_word' id='word_1_474' title='bbox 516 2619 653 2660; x_wconf 82' lang='lat' dir='ltr'>totaliter</span> <span class='ocrx_word' id='word_1_475' title='bbox 677 2618 802 2660; x_wconf 85' lang='lat' dir='ltr'>liberes,</span> <span class='ocrx_word' id='word_1_476' title='bbox 820 2617 981 2662; x_wconf 89' lang='lat' dir='ltr'>dictasque</span> <span class='ocrx_word' id='word_1_477' title='bbox 1001 2626 1120 2662; x_wconf 86' lang='lat' dir='ltr'>poenas</span> <span class='ocrx_word' id='word_1_478' title='bbox 1145 2616 1204 2650; x_wconf 90' lang='lat' dir='ltr'>illis</span> <span class='ocrx_word' id='word_1_479' title='bbox 1224 2613 1273 2656; x_wconf 81' lang='lat' dir='ltr'>etl</span> <span class='ocrx_word' id='word_1_480' title='bbox 1324 2625 1334 2650; x_wconf 89' lang='lat'>1</span> <span class='ocrx_word' id='word_1_481' title='bbox 1353 2622 1423 2651; x_wconf 82' lang='lat' dir='ltr'>Edit.</span> <span class='ocrx_word' id='word_1_482' title='bbox 1435 2622 1514 2651; x_wconf 65' lang='grc' dir='ltr'><strong>Μαίη.</strong></span> <span class='ocrx_word' id='word_1_483' title='bbox 1530 2622 1595 2659; x_wconf 81' lang='lat' dir='ltr'>legit</span> <span class='ocrx_word' id='word_1_484' title='bbox 1608 2621 1734 2651; x_wconf 74' lang='lat' dir='ltr'>eiusdem</span> <span class='ocrx_word' id='word_1_485' title='bbox 1748 2628 1798 2657; x_wconf 82' lang='lat' dir='ltr'>pro</span> <span class='ocrx_word' id='word_1_486' title='bbox 1813 2619 1920 2649; x_wconf 70' lang='lat' dir='ltr'>eisdem</span> <span class='ocrx_word' id='word_1_487' title='bbox 1933 2618 2024 2655; x_wconf 62' lang='lat' dir='ltr'>(mr).</span> 
     </span>
    </p>
   </div>
   <div class='ocr_carea' id='block_1_22' title="bbox 2041 1240 2216 1263">
    <p class='ocr_par' dir='ltr' id='par_1_24' title="bbox 2041 1240 2216 1263">
     <span class='ocr_line' id='line_1_92' title="bbox 2041 1240 2216 1263; baseline 0 -1"><span class='ocrx_word' id='word_1_488' title='bbox 2041 1241 2153 1262; x_wconf 72' lang='lat' dir='ltr'>Contraria</span> <span class='ocrx_word' id='word_1_489' title='bbox 2161 1240 2216 1263; x_wconf 77' lang='lat' dir='ltr'>toltit</span> 
     </span>
    </p>
   </div>
   <div class='ocr_carea' id='block_1_23' title="bbox 2067 2244 2204 2267">
    <p class='ocr_par' dir='ltr' id='par_1_25' title="bbox 2067 2244 2204 2267">
     <span class='ocr_line' id='line_1_93' title="bbox 2067 2244 2204 2267; baseline 0 -1"><span class='ocrx_word' id='word_1_490' title='bbox 2067 2244 2204 2267; x_wconf 76' lang='lat' dir='ltr'>Prooemium.</span> 
     </span>
    </p>
   </div>
  </div>
 </body>
</html>
