2202 3190
215 177 301 205 Amc.
324 177 391 205 1662

242 766 350 788 Clausulas
363 767 398 787 ad·

217 793 253 814 dit.

284 1403 398 1424 Contrarii-

215 1429 310 1455 derogat.

245 2458 359 2486 Exposita).

438 169 501 203 758

413 389 583 416 conventus
601 384 631 416 B.
658 384 738 416 Petri
764 384 801 417 de
832 385 963 418 Nolaseo
988 385 1152 417 subiicitur

413 437 608 470 obedientiae
644 437 717 470 dicti
751 438 966 482 procuratoris
997 438 1152 481 generalis

413 491 464 533 qni
492 490 687 533 superiorem
715 496 744 523 et
769 492 917 524 sxnniliain
940 492 968 524 in
994 502 1030 524 eo
1056 492 1152 524 collo-

413 554 483 576 care
509 544 630 586 debeat,
659 544 779 577 nullum
805 545 1031 588 praeiudicium
1058 545 1151 577 fuisse

413 596 531 629 illatum
558 597 770 640 superioritati
796 609 831 631 ac
857 598 1062 630 iurisdictioni
1092 608 1152 630 me-

413 651 525 682 morati
552 651 657 683 vicarii
673 651 838 694 generalis,
856 652 1041 684 auctoritate
1059 662 1150 694 prae-

412 702 506 743 dicta,
527 708 635 736 tenore
661 705 884 747 praesentium,
911 705 1116 737 declaramus.

457 756 471 798 ξ
488 755 517 788 4.
540 757 746 790 Decernentcs
772 758 894 790 easdem
913 762 1091 800 praesentes
1107 757 1152 788 lit-

414 814 494 840 teras
519 819 644 852 semper
667 810 784 851 firmas,
814 810 931 842 validas
955 816 984 842 et
1010 810 1151 842 efficaces

413 862 545 894 existere
571 869 601 894 et
626 863 702 903 sore,
724 874 858 906 suosque
884 864 1041 906 plenarios
1061 863 1150 895 etin-

413 917 518 956 teg-ros
538 915 666 948 effectus
687 916 790 948 sortiri
813 921 842 947 ct
860 916 1011 955 obtinere,
1029 926 1063 948 ac
1081 915 1151 955 illis,

412 967 450 999 ad
468 979 546 1011 quos
571 973 687 1012 spectat
705 974 733 1001 et
750 980 807 1012 pro
825 974 966 1012 ternpore
991 969 1150 1012 spectabit,

412 1021 594 1064 plenissime
620 1022 784 1065 suffragari
801 1050 807 1063 ‚
825 1023 931 1066 sicque
952 1023 982 1055 in
1001 1023 1152 1066 praemis-

412 1075 453 1106 sis
470 1085 526 1118 per
543 1086 759 1119 quoscumque
784 1076 900 1108 iudices
925 1075 1102 1109 ordinarios
1123 1080 1152 1108 et

412 1127 582 1170 delegatOS,
600 1129 691 1161 etiam
719 1139 883 1161 causarum
909 1129 1013 1173 palatii
1032 1133 1152 1172 aposto-

412 1181 461 1213 lici
487 1181 656 1223 auditores,
675 1182 804 1215 iudicari
830 1188 859 1215 et
877 1182 999 1215 deliniri
1026 1183 1152 1223 debere,

412 1244 447 1266 ac
472 1234 596 1267 irritum
630 1239 659 1268 et
684 1235 775 1268 inane
810 1236 833 1267 si
869 1247 957 1269 secus
984 1246 1079 1279 super
1102 1236 1151 1268 his

412 1297 429 1318 a
453 1298 634 1332 quoquam,
659 1288 767 1331 quavis
792 1289 992 1330 auctoritate,
1018 1289 1152 1321 scienter

413 1339 459 1371 vel
486 1340 678 1382 ignoranter,
703 1341 871 1384 contigerit
894 1342 1048 1374 attentari.

458 1393 472 1435 ἓ
504 1393 533 1425 5.
566 1394 633 1426 Non
669 1394 864 1428 obstantibus
894 1394 1062 1438 praedictis
1088 1404 1148 1427 no-

413 1446 486 1478 stris
511 1446 632 1487 litteris,
650 1457 771 1480 necnon
797 1447 944 1480 omnibus
968 1452 998 1480 et
1022 1447 1152 1490 singulis

414 1499 495 1539 illis,
515 1510 594 1542 quae
620 1500 649 1532 in
675 1501 718 1533 eis
743 1501 899 1533 voluimus
922 1511 985 1534 non
1010 1500 1151 1541 obstare,

414 1552 589 1595 ceterisque
615 1553 781 1585 contrariis
806 1553 1071 1597 quibuscumque.

457 1605 567 1638 Datum
591 1606 718 1646 Romae,
740 1606 820 1650 apud
847 1607 876 1639 S.
902 1607 1029 1639 Mariam
1056 1606 1150 1639 Maio-

412 1669 490 1699 rem,
509 1659 565 1691 sub
586 1660 700 1692 annulo
730 1660 907 1700 Piscatoris,
925 1660 976 1692 die
1004 1670 1089 1694 xxvn
1108 1660 1151 1693 ia-

412 1713 513 1746 nuarii
524 1723 664 1755 mnecxn,
676 1714 875 1757 pontificatus
889 1715 988 1747 nostri
1002 1725 1083 1748 anno
1097 1724 1150 1748 vn.

450 1775 506 1801 ilat.
525 1776 568 1803 die
582 1776 614 1803 ‘27
632 1776 744 1803 ianuarii
765 1777 841 1812 1662,
858 1777 953 1812 pontif¹
977 1785 1047 1804 anno
1063 1783 1107 1803 vu.

686 1893 880 1926 CCCLXXVI.

413 1961 557 1996 Licentia
580 1963 771 1996 tentionibus
790 1963 1058 2006 Coum-osyacionis
1075 1964 1150 1997 Ere-

456 2016 616 2048 ‘mv'lartcm
643 2016 941 2050 Camaldulensium
971 2016 1151 2060 recipiendi

458 2073 487 2100 et
518 2068 714 2101 admittendi
744 2069 787 2101 ad
816 2069 1048 2112 professionem
1080 2080 1148 2102 eum

458 2131 682 2154 conversorum
707 2132 899 2163 numerum,
917 2133 978 2166 quo
1003 2133 1081 2166 opus
1106 2133 1151 2155 re-

456 2175 591 2216 spective
617 2175 797 2215 habuerint,
830 2186 894 2208 non
920 2175 1061 2209 obstante
1084 2180 1149 2209 sla-

459 2231 525 2260 tuto
545 2227 649 2260 dietae
666 2238 723 2271 per
736 2229 847 2261 Brevis
864 2229 1057 2262 Sanctitalis
1073 2240 1150 2263 suae

457 2281 645 2322 confirmato
658 2280 677 2313 ¹.

608 2353 775 2379 Alexander
794 2353 874 2387 Papa
892 2354 955 2385 VII,

555 2396 591 2423 ad
610 2397 742 2424 futuram
762 2398 806 2424 rei
829 2398 1008 2424 memoriam.

459 2455 474 2497 ξ
498 2455 527 2487 1.
553 2456 670 2499 Exponi
696 2458 785 2490 nobis
809 2469 909 2502 nuper
934 2459 1073 2491 fecerunt
1098 2458 1147 2491 di-

415 2506 485 2539 lecti
512 2508 564 2540 filii
600 2510 774 2543 visitatores
798 2511 1055 2554 (longi-egationis
1079 2512 1151 2544 Ere-

454 2569 461 2593 l
485 2568 521 2595 Ex
542 2568 646 2604 aegest.
669 2570 693 2596 in
714 2572 814 2598 secret,
838 2572 913 2599 Brev.

983 178 1161 202 BULLARIUM
1185 177 1339 202 ROMANUM

413 227 486 266 nati,
507 226 544 258 de
565 226 818 269 congregationis
843 235 937 269 super
962 231 1042 259 statu
1064 230 1169 270 regu-l

414 279 524 310 larium
551 278 714 321 deputatae
739 278 881 319 consilio,
907 289 942 311 ex
971 279 1169 312 memoratis]

412 332 527 364 nostris
552 331 679 370 litteris,
696 342 756 374 qua
783 337 871 374 parte
895 332 1169 375 p1·aen01ni11atus;

1186 226 1331 259 mitat-um
1349 225 1644 266 Camaldulensium,
1664 226 1747 269 quod
1764 232 1835 259 ante
1852 237 1920 261 sex-

1185 279 1323 320 ennium,
1352 289 1422 310 cuin
1449 278 1632 311 crederetur
1655 279 1756 312 dictae
1783 279 1920 322 Congre-

1186 331 1301 374 gationi
1328 331 1435 363 utilius
1457 331 1521 364 sore
1543 331 1718 364 ministerio
1743 331 1920 365 oblatorum

1186 395 1277 428 quam
1305 395 1528 417 conversorum
1550 385 1604 425 uti,
1626 385 1655 417 in
1681 385 1814 428 quadam
1840 385 1923 418 dieta

1186 438 1324 470 eiusdem
1347 438 1600 481 congregationis
1625 442 1772 472 statutum
1798 438 1855 472 suit
1883 448 1923 471 ne

1186 492 1224 524 de
1244 497 1348 524 cetero
1374 492 1485 524 fratres
1510 492 1652 525 conversi
1674 492 1703 524 in
1725 492 1822 536 ipsam
1844 492 1924 526 Con-

1186 544 1400 587 gregationem
1423 544 1639 588 reciperentur
1647 555 1655 585 ;
1670 545 1753 588 quod
1774 549 1922 578 statutum

1186 597 1337 638 subinde⁷
1366 597 1439 640 quia
1471 597 1571 630 dietae
1603 597 1702 630 dietae
1726 597 1854 630 facultas
1879 597 1924 630 sic

1186 650 1339 684 statuendi
1369 660 1431 683 non
1468 650 1686 694 competebat,
1711 661 1728 683 a
1752 651 1842 684 nobis
1866 660 1924 695 per

1186 704 1334 747 quasdam
1369 709 1490 737 nostras
1515 705 1545 736 in
1570 704 1663 736 simili
1695 705 1795 738 forma
1819 704 1924 737 Brevis

1186 758 1304 790 litteras
1329 758 1509 791 confirmari
1535 758 1748 791 obtinuerunt.

1231 812 1245 853 ,Q
1269 811 1297 844 2.
1323 812 1397 844 Cum
1418 817 1531 853 autem,
1545 812 1630 850 sicut
1646 811 1754 857 eadem
1773 810 1925 855 expositio

1187 865 1404 907 subiungebat,
1419 865 1627 907 Congregatio
1644 865 1781 908 praefata
1797 864 1836 896 ab
1853 864 1925 898 inde

1187 918 1264 951 citra
1289 928 1402 961 magno
1435 924 1495 950 tam
1522 918 1553 949 in
1581 918 1798 961 spiritualibus
1831 927 1924 961 quam

1188 971 1217 1003 in
1240 971 1466 1014 temporalibus
1486 971 1594 1004 assecta
1615 971 1709 1003 suerit
1726 970 1924 1011 detrimento,

1187 1024 1280 1067 idque
1305 1034 1340 1056 ex
1366 1034 1402 1057 eo
1423 1023 1517 1067 quod,
1535 1034 1605 1056 cuin
1627 1023 1721 1056 oblati
1747 1023 1784 1056 ad
1808 1023 1926 1067 profes-

1186 1077 1304 1110 sionem
1331 1087 1392 1110 non
1418 1077 1631 1118 admittantur,
1656 1076 1710 1109 sed
1734 1086 1857 1119 semper
1881 1075 1927 1108 di-

1187 1131 1265 1163 mitti
1292 1130 1420 1173 possint,
1439 1130 1557 1163 interea
1575 1130 1605 1162 in
1627 1129 1768 1163 eamdem
1789 1129 1925 1172 Congre-

1186 1185 1343 1227 gationem
1364 1185 1400 1216 ad
1421 1183 1607 1227 praestanda
1625 1183 1735 1216 viliora
1752 1183 1925 1216 ministeria

1186 1247 1278 1270 nemo
1296 1242 1439 1280 receptus
1457 1237 1523 1277 suit,
1541 1237 1592 1280 qui
1611 1241 1736 1270 onestae
1764 1235 1926 1279 civilisque

1186 1290 1372 1323 conditionis
1398 1290 1494 1330 soret,
1519 1296 1548 1322 et
1571 1295 1670 1322 artem
1696 1289 1831 1333 aliquam
1857 1298 1924 1321 me-

1186 1343 1348 1376 chanicam
1375 1344 1665 1387 calle1·et;cmnque
1690 1343 1807 1375 dictum
1832 1347 1926 1375 statu-

1187 1402 1250 1429 tum
1284 1397 1412 1440 antiquo
1443 1401 1635 1429 memoratae
1667 1395 1925 1439 Congregationis

1186 1450 1326 1483 instituto
1351 1449 1550 1482 adversetur:
1576 1449 1667 1482 nobis
1691 1454 1859 1493 propterea
1876 1449 1924 1481 di·

1186 1503 1225 1535 cti
1251 1508 1440 1546 exponentes
1468 1502 1629 1535 humiliter
1653 1502 1824 1546 supplicari
1849 1502 1926 1535 fece-

1186 1561 1259 1588 runt
1290 1561 1324 1589 ut
1348 1556 1380 1588 in
1404 1556 1584 1599 praemissis
1612 1559 1789 1599 opportune
1819 1555 1925 1599 provi-

1185 1609 1259 1642 dere
1278 1614 1308 1641 et
1325 1614 1358 1642 ut
1382 1609 1461 1641 insra
1482 1608 1645 1652 indulgere
1669 1608 1708 1641 de
1731 1608 1924 1652 benignitate

1185 1663 1358 1705 apostolica
1383 1662 1495 1705 d10nat
1498 1673 1605 1702 emm

1230 1716 1244 1759 ἓ
1268 1715 1297 1748 3.
1323 1716 1385 1749 Nos
1410 1715 1515 1758 igitur,
1534 1715 1619 1759 ipsos
1639 1719 1829 1758 exponentes
1853 1724 1923 1759 spe·
1937 1722 2082 1777 affigam?
2084 1722 2121 1774 ⁰³3

1186 1769 1316 1802 cialibus
1341 1769 1500 1801 favoribus
1525 1772 1554 1801 et
1578 1768 1686 1811 gratiis
1709 1767 1856 1811 prosequi
1873 1778 1924 1801 vo-
1937 1778 1988 1798 tam.

1185 1822 1300 1865 lentes
1326 1826 1488 1855 eteorum
1521 1821 1695 1864 singulares
1730 1831 1882 1865 personas
1906 1831 1924 1854 a

1185 1876 1347 1918 quibusvis
1372 1875 1713 1917 excommunicationis,
1743 1874 1922 1919 suspensio-

1184 1929 1232 1962 nis
1250 1934 1279 1961 et
1296 1929 1463 1971 interdicti,
1478 1929 1610 1973 aliisque
1624 1928 1842 1962 ecclesiasticis
1858 1937 1925 1961 sen-

1185 1982 1299 2022 tentiis,
1325 1982 1465 2014 censuris
1491 1986 1521 2013 et.
1544 1981 1662 2025 poenis,
1680 1991 1696 2013 a
1720 1981 1787 2014 iure
1812 1981 1859 2013 vel
1883 1980 1922 2013 ab

1185 2035 1321 2077 bomine,
1340 2035 1448 2078 quavis
1473 2035 1638 2068 occasione
1662 2035 1708 2068 vel
1734 2035 1827 2068 causa
1843 2034 1922 2075 latis,

1184 2087 1208 2119 si
1223 2088 1337 2131 quibus
1351 2087 1587 2131 quomodolibet
1600 2087 1764 2120 innodatae
1777 2087 1922 2127 existunt,

1184 2141 1221 2173 ad
1246 2141 1390 2174 effectum
1420 2141 1633 2185 praesentium
1664 2141 1825 2174 dumtaxat
1849 2150 1924 2174 con-

1184 2194 1399 2238 sequendum,
1425 2195 1535 2227 barum
1562 2194 1642 2227 serie
1666 2194 1861 2227 absolventes
1893 2198 1923 2227 et

1184 2247 1342 2280 absolutas
1366 2248 1432 2281 sore
1457 2252 1628 2287 censentes,
1645 2247 1825 2280 huiusmodi
1850 2256 1922 2290 sup-

1184 2301 1403 2344 plicationibus
1417 2301 1565 2341 inclinati,
1584 2300 1728 2334 omnibus
1746 2305 1776 2333 et
1792 2300 1923 2343 singulis

1184 2353 1361 2387 nationibus
1386 2353 1485 2387 dictae
1505 2353 1773 2397 Congregationis‚
1793 2358 1826 2386 ut
1850 2363 1921 2386 eum

1184 2408 1317 2440 fratrum
1344 2418 1567 2441 conversorum
1593 2417 1769 2449 numerum,
1787 2417 1849 2450 quo
1872 2417 1921 2440 re-

1184 2460 1320 2504 spective
1337 2471 1416 2504 opus
1432 2460 1609 2502 habuerint,
1624 2460 1753 2493 servatis
1769 2460 1844 2493 alias
1861 2469 1923 2492 ser-

1184 2512 1302 2553 vandis,
1328 2513 1357 2545 in
1376 2512 1517 2545 eamdem
1538 2512 1819 2555 Congregationem
1846 2511 1922 2544 reci-

1166 2559 1259 2609 {pere
1275 2592 1282 2606 ‚
1315 2571 1344 2598 et
1375 2576 1432 2599 suo
1456 2571 1598 2610 tempore
1630 2565 1668 2598 ad
1692 2565 1920 2609 professionem

1939 178 1989 205 An.
2001 178 2029 206 C.
2048 178 2116 207 166²

1965 823 2054 845 Motiva.

2171 122 2202 208 t
