2243 3205
240 252 289 277 Αιι.
311 251 338 276 (;.
363 252 428 278 1658
473 242 536 273 5370

240 446 294 466 aliae
303 446 384 466 litt->rac
395 453 423 468 re·

240 475 358 493 censentur.

437 297 579 341 Gregorii
596 298 856 342 praedecessoris,
875 308 1006 341 quarum
1029 303 1118 332 tenor
1132 309 1176 331 se-

439 351 544 395 quitur
560 361 566 383 :

482 404 497 447 ἓ
520 402 572 436 31.
602 403 776 447 Greyorius
792 404 965 448 episcopus,
985 414 1092 436 servus
1117 414 1176 435 ser-

439 467 550 489 rorum
568 457 637 496 Dei,
657 456 783 489 dilectis
804 457 885 499 filiis
908 457 1015 502 priori
1032 457 1177 500 yenerali

438 513 466 541 ct
486 508 642 552 fratribus
659 509 763 542 sancti
779 509 882 542 Pauli
895 510 999 554 primi
1015 509 1177 542 Eremitae

438 561 494 594 sub
514 562 624 605 reyulti
646 562 677 596 S.
701 561 883 605 Auqustim·
900 563 936 595 in
952 562 1129 606 Hunyarici
1149 567 1177 595 et

437 614 516 647 aliis
534 614 650 647 mundi
663 614 814 658 partibus
830 614 1024 654 constituti&
1040 614 1176 646 salutem

439 671 466 700 el
489 666 697 711 apostolicam
719 667 979 701 benedictionem.
1001 667 1113 700 Sacrae
1130 676 1177 699 ve-

439 725 521 753 strae
538 720 709 764 religionis,
723 720 780 753 sub
795 731 855 764 qua
870 720 1035 753 mundanis
1050 719 1177 752 abiectis

440 773 595 815 illecebris
618 773 765 807 devotum
791 783 826 806 ae
854 773 997 806 sedulum
1024 772 1175 816 impendi-

439 825 477 859 tis
501 825 633 859 Domino
657 826 858 866 famulatum,
889 830 1090 869 promeretur
1120 825 1177 858 ho-

438 884 552 920 nestas,
572 885 616 919 ut,
636 889 690 912 vos
715 884 744 912 et
768 880 835 912 loca
861 884 963 912 vestra
988 878 1176 923 specialibus

439 932 547 975 gratiis
564 937 593 964 et
610 932 769 965 favoribus
788 937 1024 976 prosequentes,
1050 932 1101 964 illa
1122 942 1175 964 ro-

439 984 487 1017 bis
512 983 644 1017 libenter
662 985 881 1026 concedamus,
898 996 955 1029 per
971 994 1051 1028 quae
1064 984 1176 1016 divinis

440 1036 598 1080 obsequiis
623 1047 658 1069 ac
683 1037 784 1070 studio
802 1038 872 1081 piae
890 1037 970 1070 vitae
988 1036 1125 1081 quietius
1146 1041 1176 1069 et

441 1088 600 1122 liberalius
626 1100 735 1122 vacare
759 1089 894 1133 possitis.

484 1143 499 1185 g
515 1141 566 1174 3⁶2.
585 1141 663 1175 Hinc
681 1147 726 1174 est
742 1142 826 1186 quod
843 1153 908 1183 nos,
926 1141 1175 1175 consideratione

441 1195 593 1227 carissimi
619 1195 650 1227 in
674 1195 797 1229 Christo
821 1195 876 1228 filii
901 1195 999 1228 nostri
1026 1194 1173 1228 Ludovici

441 1248 524 1291 regis
548 1249 726 1291 IIungariae
751 1248 879 1281 illustris
899 1248 989 1281 nobis
1006 1258 1100 1291 super
1115 1248 1175 1280 hoc

442 1302 602 1335 humiliter
635 1302 838 1346 supplicantis
868 1307 898 1334 et
926 1301 1036 1334 vestris
1062 1301 1092 1333 in
1118 1301 1175 1334 hac

442 1361 530 1400 parte
555 1356 837 1401 supplicationibus
862 1355 1020 1395 inclinati,
1045 1364 1172 1387 monas-

442 1412 528 1453 teria,
553 1411 720 1454 prioratus,
745 1420 780 1443 ac
804 1410 872 1442 loca
893 1414 1006 1449 vestra,
1024 1419 1102 1452 quae
1120 1409 1176 1440 im-

441 1464 688 1510 praesentiarum
714 1463 844 1503 babetis‚
860 1468 890 1495 et
913 1467 1091 1506 praestante
1116 1462 1175 1494 Do-

442 1518 527 1551 mino
545 1517 634 1550 iustis
649 1516 750 1550 modis
764 1517 794 1548 in
808 1522 967 1559 posterum
986 1514 1175 1556 obtinebitis,

442 1582 512 1605 cum
538 1570 679 1603 ecclesiis
711 1580 764 1602 seu
795 1569 940 1602 oratoriis
972 1568 1175 1609 eorumdem,

441 1636 477 1658 ac
500 1624 643 1669 personis
669 1624 698 1655 in
724 1623 767 1655 eis
795 1622 979 1666 degentibus
1004 1621 1176 1666 praesenti-

440 1678 498 1712 bus
523 1682 552 1710 et
574 1676 697 1717 futuris,
717 1687 734 1709 a
759 1675 972 1709 iurisdictione
989 1685 1023 1708 ac
1037 1675 1177 1708 dominio

441 1737 470 1764 et
494 1734 647 1776 potestate
678 1730 936 1762 dioecesanorum
967 1734 997 1761 et
1028 1738 1177 1772 quorum-

441 1795 575 1828 cumque
600 1783 833 1817 ordinariorum
860 1782 996 1815 iudicum
1013 1809 1020 1822 ,
1045 1781 1177 1815 auctori-

442 1844 503 1872 tate
526 1838 705 1882 apostolica,
732 1843 839 1870 tenore
863 1836 1086 1880 praesentium,
1111 1836 1176 1868 exi-

443 1893 556 1925 mimus
581 1897 611 1924 et
633 1891 768 1924 totaliter
794 1890 985 1923 liberamus:
1006 1889 1176 1923 districtius

442 1944 616 1977 inhibentes
641 1943 835 1977 dioecesanis
860 1948 890 1975 et
914 1942 982 1975 aliis
1010 1942 1176 1974 ordinariis

441 1998 702 2041 quibuscumque,
726 2007 764 2028 ne
790 1996 819 2028 in
847 1996 1062 2036 monastreria,
1096 1995 1177 2038 prio-

443 2055 537 2090 ratus,
562 2051 608 2082 vel
643 2050 710 2083 loca
742 2054 865 2089 vestra,
891 2053 944 2080 aut
978 2048 1124 2081 ecclesias
1149 2053 1178 2080 et

442 2103 578 2137 oratoria
599 2102 797 2142 eorumdem,
823 2102 869 2134 vel
895 2111 1046 2145 personas
1067 2101 1097 2133 in
1118 2101 1177 2134 illis

442 2157 598 2200 (legentes,
623 2161 801 2200 praesentes
826 2156 871 2187 vel
897 2155 1026 2196 futuras,
1052 2155 1177 2188 iurisdi-

442 2210 575 2243 etionem
594 2210 729 2253 aliquam
748 2219 894 2242 exercere
909 2213 1123 2252 praesumant,
1143 2219 1178 2240 ae

442 2264 656 2303 decernentes,
670 2262 853 2296 auctoritate
866 2262 1014 2305 praefata,
1029 2265 1179 2295 monaste-

443 2317 498 2359 ria,
518 2317 687 2361 prioratus,
712 2326 748 2348 ac
772 2315 849 2355 loca,
874 2325 995 2348 necnon
1021 2315 1178 2356 ccclesias,

443 2370 601 2412 oratoria,
626 2379 661 2402 ac
686 2379 837 2413 personas
862 2368 1063 2405 huiusmodi,
1090 2368 1178 2402 nobis

444 2429 473 2455 et
496 2422 693 2467 Apostolicae
717 2421 787 2455 Sedi
820 2421 997 2454 immediate
1030 2422 1155 2455 subesse
1171 2450 1178 2463 ,

444 2487 479 2509 ac
504 2476 628 2509 irritum
654 2480 683 2510 et
708 2475 814 2518 inane,
841 2476 864 2507 si
890 2485 979 2508 secus
1000 2485 1095 2519 super
1120 2475 1179 2508 boc

444 2540 460 2561 a
484 2538 658 2572 quoquam,
682 2528 792 2573 quavis
817 2528 1021 2570 auctoritate,
1046 2527 1179 2560 scienter

444 2581 491 2614 vel
511 2581 703 2624 ignoranter,
728 2581 893 2624 contigerit
917 2581 1071 2613 attentari.
1097 2580 1178 2613 Nulli

445 2644 521 2677 ergo
545 2634 673 2667 omnino
696 2634 861 2667 hominum
894 2635 984 2667 liceat
1016 2634 1095 2666 lianc
1119 2644 1175 2677 pa-

1022 251 1196 275 BULLARIUM
1223 250 1376 274 ROMANUM

1211 299 1314 340 ginam
1341 302 1466 330 nostrae
1491 297 1714 340 exemptionis,
1740 297 1943 337 liberationis,

1212 350 1403 383 inhibitionis
1432 354 1461 382 et
1493 348 1722 382 constitutionis
1754 349 1942 391 infringere,

1210 404 1256 435 vel
1283 404 1308 435 ei
1334 413 1409 435 ausu
1435 402 1601 435 temerario
1623 401 1801 441 contraire;
1826 402 1849 434 si
1875 403 1944 445 quis

1210 461 1311 488 autem
1336 456 1396 489 boc
1413 461 1565 488 attentare
1586 455 1844 498 praesumpserit,
1867 455 1945 487 indi-

1210 509 1387 552 gnationem
1424 508 1646 552 omnipotentis
1679 508 1731 540 Dei
1764 519 1798 540 ac
1834 507 1943 540 beato-

1211 572 1280 593 rum
1302 562 1383 594 Petri
1409 566 1438 593 et
1463 561 1548 593 Pauli
1574 560 1786 604 apostolorum
1820 560 1886 593 eius
1913 570 1946 593 se

1210 614 1332 647 noverit
1356 613 1566 646 incursurum.

1246 674 1340 702 Datum
1354 673 1518 710 Anapiuael,
1536 682 1577 701 xvi
1595 674 1724 700 kalendas
1739 673 1866 708 octobris,
1880 674 1947 701 Pon-

1211 719 1326 746 tificatus
1355 719 1439 746 nostri
1475 727 1543 745 anno
1575 725 1627 751 vti,
1658 717 1855 745 iucarnationis
1883 725 1947 745 vero

1210 764 1367 791 Dominieae
1387 770 1551 790 nccetxxvu.

1255 826 1335 870 {33
1363 826 1399 858 Et
1423 826 1556 869 denique
1575 835 1631 869 per
1659 824 1755 858 felicis
1776 824 1946 857 memoriae

1210 880 1373 912 Mai-tinum
1401 879 1513 922 Papam
1541 879 1562 910 Y
1587 878 1860 922 praedecessorem
1890 886 1945 910 no-

1210 938 1307 964 strum
1321 936 1447 975 accepto
1459 931 1541 974 quod
1555 936 1645 963 antea
1658 930 1757 963 dictus
1771 929 1947 963 Bonifacius

1209 986 1293 1029 Papa
1309 984 1394 1017 Vlll²
1409 984 1642 1028 praedecessor,
1666 984 1806 1027 ipsorum
1832 982 1947 1027 prioris

1209 1043 1237 1071 et
1263 1039 1393 1070 fratrum
1419 1036 1565 1080 precibus
1591 1046 1740 1077 annuens,
1765 1040 1796 1069 et
1819 1035 1947 1079 cupiens

1209 1096 1242 1123 ut
1267 1091 1424 1135 praefatus
1448 1090 1572 1123 illorum
1592 1089 1675 1123 Ordo
1689 1099 1725 1122 eo
1749 1089 1945 1122 felicioribus

1210 1143 1379 1188 proficeret
1414 1143 1636 1184 incrementis,
1675 1153 1737 1186 quo
1773 1142 1947 1175 maioribus

1209 1197 1316 1240 gratiis
1347 1197 1427 1230 foret
1459 1196 1496 1228 ab
1522 1196 1630 1228 eadem
1663 1194 1741 1228 Sede
1767 1194 1946 1238 Apostolica

1210 1249 1431 1291 communitus,
1458 1248 1643 1281 auctoritate
1667 1247 1837 1291 apostolica
1858 1253 1888 1280 et
1908 1247 1946 1279 ir-

1210 1302 1387 1345 refragabili
1413 1301 1633 1334 constitutione
1658 1300 1882 1344 prohibuerat,
1907 1310 1947 1332 ne

1209 1356 1302 1400 aliqui
1329 1356 1375 1388 vel
1400 1355 1523 1399 aliquis,
1541 1354 1676 1388 cuiusvis
1704 1359 1811 1393 status,
1831 1353 1946 1396 gradus

1210 1420 1263 1443 seu
1297 1409 1484 1442 conditionis
1514 1408 1660 1440 existeret
1685 1408 1731 1440 vel
1756 1406 1946 1447 existerent,

1210 1463 1345 1507 aliquam
1371 1472 1537 1506 personam
1556 1460 1734 1504 religiosam
1753 1460 1800 1493 vel
1818 1460 1945 1492 fratrem

1210 1517 1282 1549 dicti
1309 1516 1433 1549 Ordinis
1466 1515 1641 1559 professum
1676 1514 1722 1547 vel
1760 1523 1945 1546 conversum

1210 1569 1248 1602 de
1272 1569 1354 1602 dicto
1379 1568 1493 1602 Ordine
1512 1568 1541 1600 in
1567 1565 1693 1600 fratrem
1720 1567 1850 1600 alieuius
1870 1567 1946 1600 alte-

1212 1624 1275 1656 rius
1304 1623 1428 1656 Ordinis
1464 1622 1550 1666 paris
1589 1632 1642 1654 seu
1679 1621 1770 1653 etiam
1803 1620 1948 1653 arctioris

1211 1677 1361 1720 recipere,
1380 1686 1434 1709 seu
1448 1676 1523 1708 alias
1540 1675 1576 1707 ad
1595 1674 1820 1718 professionem
1840 1674 1948 1707 admit-

1211 1735 1287 1770 tere,
1312 1729 1378 1762 sinc
1403 1728 1528 1772 speciali
1553 1727 1676 1760 lieentia
1700 1732 1729 1759 et
1750 1725 1948 1770 Apostolicae

1211 1782 1298 1815 Sedis
1316 1785 1467 1825 potestate
1484 1780 1613 1812 faciente
1634 1780 1759 1823 plenam
1779 1782 1808 1812 et
1825 1789 1948 1822 expres-

1211 1847 1275 1869 sam
1302 1836 1339 1868 de
1364 1835 1462 1867 verbo
1477 1834 1515 1866 ad
1530 1833 1660 1866 verbum
1681 1833 1718 1865 de
1735 1832 1947 1876 prohibitione

1210 1888 1390 1922 huiusmodi
1416 1887 1616 1927 mentionem,
1631 1886 1669 1918 de
1694 1891 1798 1919 cetero
1824 1886 1880 1918 sub
1898 1897 1948 1919 ex-

1211 1941 1501 1976 communicationis
1516 1941 1616 1983 poena
1632 1940 1742 1983 quovis
1757 1939 1849 1972 modo
1862 1950 1948 1983 prae-

1211 2000 1348 2029 sumeret
1366 2006 1419 2028 seu
1437 1999 1686 2038 praesumerent,
1703 1993 1946 2037 prohibitionem

1212 2053 1417 2094 praesentem,
1436 2058 1471 2080 ac
1495 2047 1566 2080 inde
1591 2052 1696 2080 secuta
1720 2056 1947 2090 quaecumque,

1212 2103 1320 2136 eadem
1346 2101 1516 2146 apostolica
1547 2100 1730 2133 auctoritate
1760 2099 1949 2143 approbavit

1212 2161 1241 2188 et
1261 2154 1470 2193 confirmavit,
1493 2159 1531 2194 et,
1553 2164 1608 2197 per
1628 2153 1703 2185 alias
1723 2153 1852 2193 litteras,
1877 2163 1947 2196 per-

1212 2218 1303 2242 sonas
1318 2208 1473 2240 dictorum
1493 2207 1623 2239 fratrum
1643 2212 1671 2237 ct
1689 2206 1766 2246 loca,
1785 2205 1814 2238 in
1836 2205 1948 2250 quibus·

1212 2262 1316 2295 divino
1346 2266 1447 2293 essent
1481 2260 1645 2303 mancipati
1679 2259 1850 2303 obsequio,
1876 2269 1946 2292 cum

1212 2313 1359 2347 omnibus
1382 2311 1493 2351 bonis,
1520 2321 1598 2354 quae
1624 2316 1697 2343 tunc
1722 2310 1948 2343 rationabiliter

1212 2367 1423 2412 possidebant,
1444 2371 1495 2398 aut
1521 2365 1551 2397 in
1577 2365 1715 2397 futurum
1735 2364 1822 2397 iustis
1847 2363 1948 2397 modis

1212 2420 1340 2464 adipisci
1362 2424 1514 2463 poterant,
1529 2418 1586 2450 sub
1603 2418 1632 2451 S.
1651 2417 1732 2450 Petri
1754 2416 1948 2461 protectione

1212 2473 1358 2516 suscepit,
1377 2478 1468 2516 atque
1488 2471 1635 2510 decimas,
1653 2475 1763 2509 terras,
1781 2469 1947 2513 possessio-

1211 2537 1277 2566 nes,
1302 2527 1422 2565 domos,
1447 2526 1562 2566 vineas,
1588 2525 1696 2557 hortos
1727 2528 1758 2556 et
1782 2523 1841 2555 alia
1864 2523 1946 2556 hona

1246 2599 1259 2625 1
1281 2597 1323 2624 Sic
1343 2597 1406 2632 legit
1425 2596 1488 2624 edit.
1510 2595 1590 2624 Main.
1612 2597 1648 2627 (a.
1666 2595 1713 2627 τ.).

1246 2643 1263 2668 2
1279 2641 1313 2668 Ex
1325 2649 1405 2676 supra
1416 2644 1441 2667 et
1454 2640 1523 2667 infra
1533 2639 1645 2667 diversis
1659 2638 1802 2674 tegendum
1815 2637 1944 2672 ¹1(n.r.).

1959 250 2007 276 Αη.
2028 249 2136 279 ‹2165ss

2009 837 2108 859 Martinus
2122 838 2138 857 v

1961 865 2068 884 transitum
2113 865 2140 886 ad

1960 890 2012 910 anas
2030 890 2140 915 religiones
2167 911 2169 914 ,

1961 917 2074 942 prohibuit.
