2243 3205
475 198 539 231 540

448 256 541 289 modo
566 258 751 299 spectantes,
780 254 856 286 nibil
881 254 1010 288 omnino
1041 253 1184 297 legendo,

448 308 624 342 minoribus
644 308 822 352 provinciae
848 313 877 340 et
893 307 953 340 loci
972 307 1082 350 sigillis
1107 307 1184 339 benc

448 363 592 403 munitas,
610 362 646 394 ad
667 361 891 405 provincialem
909 361 1076 394 novissime
1094 360 1185 393 abso-

448 417 557 456 lutum,
583 415 629 447 vel
655 426 692 448 eo
721 414 885 447 deficiente
910 414 948 446 ad
974 414 1182 457 antiquiorem

447 470 478 501 in
512 468 664 511 religione
698 472 820 511 patrem
852 467 904 510 qui
940 466 1184 511 provincialatus

446 522 493 553 vel
525 521 704 564 provinciae
729 520 905 561 vicariatus,
939 520 987 552 vel
1022 519 1184 561 utriusque

446 575 578 614 defectu,
607 574 660 618 qui
685 573 912 606 definitoriatus
935 572 1038 605 officio
1063 572 1185 604 functus

445 627 548 669 suerit,
575 630 633 660 una
659 638 728 659 cum
755 626 865 669 sigillis
891 625 1070 670 provmciae
1095 624 1181 657 desc-

446 686 516 714 rant
548 685 578 713 ct
614 680 790 722 assignent3
824 679 982 723 praedicta
1014 689 1106 718 vero,
1131 676 1183 709 ubi

445 733 646 778 provincialis
662 733 824 766 absolutus
841 737 893 766 aut
916 742 997 764 unus
1017 742 1054 763 ex
1079 740 1185 774 supra-

446 787 535 821 dictis
553 787 635 820 iuxta
652 786 881 830 praescriptum
898 785 1039 818 ordinem
1061 793 1186 827 accepe-

446 840 496 881 rit,
515 841 540 873 is
560 841 676 884 absque
703 841 791 873 mora
820 843 990 872 convocato
1007 837 1185 870 definitorio

446 894 538 927 saciet
564 893 671 926 vicarii
696 892 897 937 provincialis
922 891 1105 924 electionem
1121 918 1128 932 ,
1154 890 1183 922 in

446 959 508 991 qua
522 953 625 981 votum
640 948 775 980 activum
790 947 855 990 ipse
869 956 940 979 cum
956 943 1184 983 definitoribus,

446 1007 508 1034 tam
541 1001 731 1041 actualibus,
756 1010 848 1043 quam
875 999 927 1042 qui
953 997 1028 1031 olim
1055 994 1182 1039 saeere¹,

446 1053 596 1094 habebit3
625 1053 783 1098 passivum
808 1063 883 1085 vero
908 1061 1017 1085 omnes
1042 1061 1121 1094 quos
1146 1050 1182 1082 ad

445 1107 706 1151 provincialatum
727 1105 843 1138 babere
867 1109 980 1137 statuta
997 1104 1182 1137 decernunt:

446 1159 529 1203 quod
555 1159 579 1192 si
605 1159 747 1192 minister
767 1158 922 1201 generalis
939 1157 1019 1190 intra
1037 1162 1100 1189 tres
1116 1156 1183 1189 dies

446 1213 603 1254 consistat,
621 1211 830 1246 consulendus
851 1214 906 1251 est,
923 1216 953 1243 et
977 1210 1042 1242 eius
1059 1219 1184 1252 respon-

445 1265 492 1299 sio
517 1265 728 1309 expectanda;
754 1265 777 1297 si
804 1269 909 1297 tamen
933 1263 1058 1305 longius
1083 1261 1181 1304 absit,

445 1329 483 1352 eo
508 1319 685 1352 inconsulto
702 1318 755 1351 fiat
775 1317 901 1351 electio:
928 1317 957 1349 in
979 1316 1115 1360 capitulo
1133 1327 1183 1348 au-

445 1378 506 1405 tem
518 1372 701 1416 provinciali
719 1371 863 1416 proxime
883 1370 1035 1413 sequenti,
1052 1370 1076 1402 si
1094 1369 1182 1401 bien-

444 1426 497 1459 nio
533 1426 655 1468 integro
687 1435 741 1458 seu
777 1424 807 1456 in
840 1423 962 1456 duobus
997 1422 1183 1454 definitoriis

445 1478 652 1512 consecutivis
682 1477 863 1521 provinciae
886 1475 1035 1508 vicariatu
1059 1474 1182 1507 functus

444 1532 549 1572 suerit,
573 1531 610 1564 ad
636 1530 894 1575 provincialatum
916 1529 1045 1561 minime
1065 1527 1181 1560 assumi

444 1585 553 1625 valeat,
578 1584 632 1616 sed
658 1588 722 1616 toto
748 1582 885 1615 triennio
904 1580 1107 1625 consequenti
1133 1591 1181 1613 ex-

444 1638 688 1682 provincialatus
705 1637 773 1670 iure
793 1635 937 1679 gaudeat.

489 1692 520 1725 Si
545 1692 613 1735 quis
631 1691 777 1724 definitor
791 1689 920 1722 actualis
941 1688 1103 1728 moriatur,
1118 1687 1181 1720 sive

444 1745 505 1777 alia
528 1745 648 1778 ratione
668 1743 832 1783 vacaverit,
849 1743 916 1775 eius
940 1742 1010 1775 loco
1035 1741 1183 1783 subroge-

444 1803 496 1830 tur
513 1802 543 1830 et
566 1808 624 1841 pro
649 1797 819 1839 subrogato
839 1795 990 1828 habeatur
1012 1795 1082 1838 ipso
1101 1795 1181 1827 sacto

444 1850 497 1894 qui
522 1850 680 1894 antiquior
704 1850 736 1882 in
760 1849 913 1892 religione
937 1848 1181 1892 provincialatus

444 1904 491 1936 vel
509 1904 676 1937 vicariatus
700 1902 910 1946 provincialis,
928 1907 966 1943 et,
985 1901 1021 1933 iis
1038 1900 1182 1933 deficien-

445 1956 545 1999 tibus,
570 1956 798 2000 definitoriatus
823 1965 953 1987 munere
983 1954 1057 1986 alias
1083 1953 1181 1986 functi

444 2015 526 2050 sunt;
547 2011 571 2042 si
592 2020 666 2042 vero
692 2009 768 2041 tales
784 2008 950 2047 defuerint,
968 2007 1181 2049 subrogentur

444 2063 607 2105 guardiam
632 2062 768 2095 actuales
793 2061 823 2093 in
849 2060 1000 2103 religione
1025 2059 1180 2102 antiquio-

444 2126 512 2156 res,
527 2115 716 2158 subrogatus
733 2118 835 2148 autem
857 2113 1002 2146 ultimum
1026 2112 1130 2145 locum
1150 2112 1180 2144 in

444 2179 592 2202 consessu
609 2169 722 2202 habeat
739 2168 820 2200 inter
836 2167 976 2210 reliquos
990 2165 1180 2205 definitores,

443 2227 473 2254 et
505 2222 534 2254 in
565 2222 702 2266 capitulo
733 2220 913 2265 provinciae
941 2219 1083 2263 proxime
1108 2219 1180 2251 sub-

443 2275 584 2319 sequenti
609 2274 647 2307 ad
668 2274 849 2307 huiusmodi
866 2273 1095 2306 definitoriatus
1116 2283 1181 2304 mu-

442 2337 501 2360 nus
525 2327 641 2360 assumi
666 2326 795 2359 minime
807 2326 916 2367 valeat,
940 2326 965 2358 si
989 2325 1115 2358 biennio
1132 2325 1180 2357 in-

443 2385 533 2422 tegro
557 2381 588 2413 in
616 2391 653 2414 eo
685 2390 816 2413 munere
846 2379 946 2412 extitit
977 2389 1031 2412 seu
1055 2377 1180 2411 duobus

443 2433 628 2466 delinitoriis
652 2433 787 2466 adsuerit
812 2445 840 2465 iv.

487 2486 502 2530 ἓ
525 2486 554 2519 ⁶2.
580 2487 655 2520 Cum
681 2492 795 2529 autem,
821 2486 900 2520 sicut
925 2486 1033 2519 eadem
1054 2484 1178 2529 exposi-

247 207 294 233 Αη.
314 206 343 233 C.
362 206 429 234 1660

267 2491 428 2516 confirmantur.

481 2604 492 2630 t
514 2601 625 2630 Videtur
639 2601 783 2638 legendum
796 2602 877 2637 fuere
891 2609 940 2637 pro
953 2602 1047 2637 facere
1061 2602 1101 2636 (n.
1117 2600 1163 2635 τ.).

1023 206 1200 230 BULLARIUM
1225 204 1378 229 ROMANUM

1964 202 2013 228 An.
2034 202 2063 228 C..
2084 201 2152 231 ¹660

1221 253 1263 285 tio
1288 251 1505 294 subiungebat,
1524 250 1596 283 dicti
1622 255 1814 294 exponentes
1831 250 1956 284 decreta

1220 305 1410 346 huiusmodi,
1428 316 1485 349 pro
1499 304 1631 337 firmiori
1651 304 1775 337 illorum
1791 303 1958 336 subsisten-

1220 360 1261 391 tia'i
1280 365 1309 391 ct
1333 358 1558 399 observatione,
1580 357 1768 401 apostolicae
1788 356 1956 390 confirma-

1220 412 1313 445 tionis
1351 417 1476 444 nostrae
1509 411 1623 444 robore
1653 410 1839 444 communiri
1866 420 1953 442 sum·

1221 475 1348 508 mopere
1372 465 1565 497 desiderent:
1590 474 1662 506 nos,
1687 463 1853 507 specialem
1881 462 1957 506 ipsis

1219 518 1445 561 exponentibus
1470 518 1603 560 gratiam
1630 517 1731 550 facere
1755 516 1903 555 volentes,
1929 519 1959 547 et

1220 581 1329 603 corum
1363 570 1538 613 singulares
1567 579 1717 613 personas
1748 579 1765 601 a
1797 567 1958 612 quibusvis

1220 623 1564 663 excommunicationis,
1585 628 1653 664 etc„
1674 622 1785 654 harum
1812 621 1893 654 serie
1909 620 1960 653 ab·

1220 677 1373 710 solventes
1389 682 1418 709 et
1434 677 1593 709 absolutas
1610 676 1676 709 sore
1696 680 1867 715 censentes,
1888 684 1959 718 sup-

1219 730 1439 773 plicationibus
1463 740 1572 762 eorum
1597 729 1726 762 nomine
1749 728 1840 761 nobis
1865 737 1958 771 super

1220 783 1280 816 lioc
1304 783 1466 816 humiliter
1492 782 1646 826 porrectis
1671 781 1821 822 inclinati,
1846 781 1884 814 de
1909 790 1958 813 ve-

1219 837 1406 869 nerabilium
1436 837 1567 869 fratrum
1597 840 1778 869 nostrorum
1803 834 1832 868 S.
1860 834 1894 866 R.
1923 833 1956 866 E.

1220 889 1425 922 cardinalium
1457 889 1590 932 negotiis
1623 894 1653 921 et
1677 887 1958 922 consultationibus

1219 943 1439 986 cpiscoporum
1451 948 1481 975 ct
1490 942 1682 985 regularium
1694 940 1957 985 praepositorum,

1218 995 1270 1038 qui
1289 995 1481 1039 praeinserta
1499 995 1623 1028 decreta
1639 998 1754 1026 attente
1782 1004 1818 1026 ac
1835 998 1957 1026 mature

1218 1048 1435 1081 discusserunt
1451 1053 1481 1081 ct
1503 1048 1732 1088 examinarunt,
1751 1046 1892 1089 consilio,
1910 1056 1958 1079 ea-

1218 1101 1287 1134 dem
1313 1101 1458 1141 decreta,
1485 1107 1641 1144 tamquam
1666 1100 1847 1144 provinciae
1871 1107 1958 1143 prae-

1218 1155 1296 1187 fatae
1320 1155 1403 1188 bono
1428 1155 1573 1197 regimini
1599 1158 1817 1195 consentanea,
1843 1157 1954 1185 aucto-

1218 1208 1307 1241 ritate
1329 1208 1511 1251 apostolica,
1530 1213 1638 1240 tenore
1663 1206 1886 1250 praesentium,
1907 1215 1957 1248 ap-

1217 1261 1388 1303 probamus
1402 1266 1431 1293 ct
1443 1260 1676 1299 confirmamus,
1691 1259 1813 1302 illisque
1827 1258 1956 1291 inviola-

1218 1314 1287 1346 bilis
1297 1313 1487 1357 apostolicae
1500 1313 1656 1345 firmitatis
1671 1312 1769 1345 robur
1780 1311 1955 1353 adiicimus,

1217 1377 1253 1399 ac
1277 1366 1408 1410 proinde
1429 1365 1512 1400 iuxta
1537 1376 1646 1399 eorum
1667 1365 1799 1398 sormam
1819 1369 1849 1397 et
1874 1368 1957 1398 teno-

1217 1431 1284 1452 rem
1317 1420 1347 1452 in
1380 1420 1502 1453 casibus
1527 1418 1701 1463 expressis,
1727 1417 1886 1461 perpetuis
1910 1417 1957 1450 su-

1217 1473 1295 1506 turis
1320 1474 1526 1517 temporibus,
1544 1473 1576 1505 in
1597 1472 1704 1505 eadem
1723 1471 1885 1515 provincia
1901 1470 1957 1504 ob-

1217 1527 1333 1559 servari
1353 1527 1537 1559 mandamus
1555 1531 1585 1558 et
1604 1524 1826 1568 praecipimus.

1261 1580 1275 1623 ἓ
1299 1579 1328 1612 3.
1347 1580 1556 1612 Decernentes
1573 1578 1696 1611 easdem
1714 1582 1893 1620 praesentes
1909 1576 1956 1609 lit·
1983 1585 2152 1622 rfaosqnusia.

1217 1639 1298 1665 teras
1315 1643 1440 1676 semper
1461 1633 1579 1672 firmas,
1596 1637 1665 1671 eto,
1684 1630 1790 1674 sicque
1807 1630 1837 1663 in
1863 1640 1954 1673 prae·
1968 1613 2025 1658 &iisd-⁸
2041 1618 2086 1633 ⁰³⁵⁰
2102 1613 2152 1633 *³¹¹*

1216 1687 1319 1719 missis
1333 1697 1389 1730 per
1402 1695 1618 1730 quoscumque
1632 1684 1750 1717 iudices
1764 1683 1952 1716 ordinarios

1215 1745 1284 1780 ete,
1309 1739 1432 1772 definiri
1457 1739 1583 1778 debere,
1603 1748 1639 1770 ac
1663 1737 1833 1770 irritum·et
1852 1737 1953 1777 inane,

1215 1793 1239 1826 si
1258 1803 1357 1833 secus,
1374 1798 1442 1833 etc,
1460 1791 1627 1834 contigerit
1643 1789 1797 1823 attentari.

1259 1846 1273 1889 ἓ
1305 1845 1334 1877 4.
1366 1846 1434 1878 Non
1464 1844 1658 1877 obstantibus
1692 1842 1893 1886 praemissis,
1917 1852 1953 1874 ac

1216 1897 1490 1932 constitutionibus
1515 1902 1544 1929 et
1562 1896 1810 1929 ordinationibus
1826 1899 1953 1938 aposto-

1215 1952 1292 1993 licis,
1310 1962 1441 1993 necnon,
1460 1956 1614 1994 quatenus
1635 1960 1715 1994 opus
1736 1949 1784 1990 sit,
1806 1948 1954 1992 primodi-

1215 2006 1254 2038 cti
1273 2005 1396 2038 Ordinis
1423 2010 1452 2037 et
1469 2003 1660 2047 provinciae,
1681 2003 1812 2046 aliisque
1830 2001 1954 2045 quibus-

1216 2058 1260 2091 vis
1275 2085 1282 2099 ,
1314 2063 1387 2098 etc.‚
1420 2057 1451 2089 in
1481 2057 1672 2090 contrarium
1704 2055 1953 2100 praemissorum

1215 2111 1451 2155 quomodolibet
1468 2110 1635 2150 concessis,
1657 2107 1849 2142 confirmatis
1863 2112 1893 2141 et
1909 2107 1955 2140 in-

1214 2164 1354 2205 novatis,
1379 2164 1492 2207 quibus
1524 2163 1672 2196 omnibus
1697 2168 1726 2195 et
1750 2161 1890 2204 singulis,
1915 2160 1952 2193 it-

1215 2218 1316 2250 Iorum
1342 2223 1467 2250 tenores
1483 2215 1710 2260 praesentibus,
1729 2220 1797 2258 etc.‚
1810 2215 1869 2247 hac
1885 2213 1952 2247 vice

1214 2271 1373 2303 dumtaxat
1397 2269 1575 2313 specialiter
1596 2273 1625 2301 et
1649 2278 1795 2312 expresse
1819 2267 1953 2310 deroga-

1214 2334 1283 2356 mus
1295 2334 1302 2363 ·‚
1315 2322 1491 2365 ceterisque
1504 2321 1669 2355 contrariis
1690 2320 1951 2364 quibuscumque.

1256 2377 1367 2410 Datum
1390 2376 1517 2416 Romae,
1532 2374 1614 2418 apud
1628 2375 1657 2408 S.
1676 2374 1813 2415 Petrum,
1826 2373 1884 2406 sub
1901 2383 1952 2406 an-

1212 2429 1287 2462 nulo
1303 2428 1480 2469 piscatoris,
1496 2428 1546 2460 die
1563 2437 1642 2461 xva
1663 2426 1813 2459 februarii
1834 2435 1950 2468 iiDCLx,

1211 2482 1412 2527 pontificatus
1429 2481 1528 2514 nostri
1546 2490 1626 2514 anno
1644 2490 1672 2513 v.

1247 2545 1305 2573 Dat.
1326 2544 1370 2573 die
1388 2545 1423 2573 26
1441 2543 1570 2571 februarii
1592 2543 1679 2577 1660,
1706 2541 1800 2578 pontif.
1819 2548 1888 2570 anno
1906 2547 1951 2568 vs

2037 1848 2151 1875 nei-ugano

1968 1875 2127 1898 contrariorum.
