2185 3188
41 201 89 230 An.
105 201 134 229 C.
156 200 225 229 1655

281 248 424 292 suffultis
450 248 678 293 (Cappuccz'nis
709 246 857 291 exceptis)
885 247 979 280 licere

282 303 434 336 mulieres
450 302 492 335 ad
510 303 658 335 habitum
679 301 704 335 T
704 302 919 334 erle'arz'arum
935 311 980 333 re-

283 358 407 401 cipere,
435 361 533 400 alque
566 356 608 389 ad
640 357 724 400 ipsos
748 366 800 388 eas
824 354 981 388 vestiendi

283 411 423 453 officium
446 411 607 454 pertinere
619 409 637 442 ¹.

433 499 603 527 Alexander
622 499 700 533 Papa
720 499 784 531 VII,

364 548 400 573 ad
420 549 592 579 perpetuam
611 544 656 572 rei
676 543 857 571 memoriam.

67 637 225 660 neereiumsa-
285 626 299 669 g
324 626 353 658 1.
379 625 541 659 Emanavit
572 635 674 668 nuper
706 635 723 657 a
748 623 980 656 venerabilibus

41 669 91 686 erae
112 670 226 690 congrega·

43 692 105 712 tinnis
124 692 224 721 *commin
240 679 392 713 fratribus
416 680 531 713 nostris
548 684 671 711 sanctae
692 679 849 711 Romanae
875 678 980 710 Eccle-

41 718 226 767 ὖῖιῖἶιένζῖἶῖἔιῖἶ
241 734 305 767 siae
325 733 534 767 cardinalibus
551 733 631 765 sacri
655 732 783 766 Concilii
808 732 979 766 Tridentini

41 771 87 793 ω’
241 787 466 831 interpretibus
491 787 652 820 decretum
670 786 787 820 tenoris
811 786 979 830 sequentis,

241 841 400 875 videlieet:
423 854 436 873 ‹<
454 841 508 874 Die
525 851 565 875 xv
584 841 656 873 maii
673 851 777 874 MDCLv
798 852 886 874 sacra
904 852 978 874 eon-

240 896 381 939 gregatio
418 894 739 928 eminentissimorum
773 895 977 928 cardinalium

239 949 367 983 Concilii
391 949 564 982 Tridentini
589 949 808 992 interpretum,
834 949 979 982 omnibus

239 1009 361 1036 mature
374 1003 549 1047 perpensis,
567 1003 687 1036 censuit
704 1002 894 1035 servandum
912 1014 979 1036 esse

238 1057 399 1090 decretum
418 1056 510 1089 huius
525 1067 632 1090 sacrae
645 1056 900 1100 congregationis
918 1057 980 1090 edi-

238 1116 303 1143 tum
328 1111 378 1143 die
395 1121 436 1144 xx
456 1110 633 1144 decembris
657 1121 777 1144 MDCKVI
802 1112 919 1144 tenoris
936 1121 980 1144 se-

238 1164 376 1208 quentis:
408 1176 420 1195 t(
438 1164 492 1197 Die
511 1174 551 1197 xx
566 1164 742 1197 decembris
756 1174 874 1198 uncxw
891 1175 979 1197 sacra

239 1217 442 1260 congregatio
474 1217 798 1250 eminentissimorum
830 1217 975 1251 cardina-

239 1270 314 1303 lium
339 1271 467 1304 Concilii
491 1270 663 1303 Tridentini
688 1271 907 1315 interpretum,
932 1272 979 1304 in-

239 1324 393 1357 stantibus
424 1324 572 1357 fratribus
604 1325 699 1358 Tertii
731 1325 856 1358 Ordinis
881 1327 978 1358 sancti

240 1377 408 1418 Francisci,
433 1378 554 1411 censuit
577 1379 792 1422 superioribus
818 1379 976 1422 regulari-

241 1431 299 1464 bus
332 1432 497 1464 sufficienti
534 1432 679 1465 facultate
710 1433 749 1465 ad
780 1433 811 1465 id
844 1433 979 1467 suffultis

241 1484 461 1528 (Cappuccinis
482 1485 630 1529 exceptis)
654 1486 749 1519 licere
774 1487 922 1520 mulieres
942 1487 980 1519 ad

240 1537 419 1571 huiusmodi
438 1538 577 1571 habitum
588 1539 812 1572 Tertiariarum
828 1539 981 1584 recipere²

239 1594 332 1634 atque
356 1591 394 1623 ad
418 1591 502 1634 ipsos
520 1602 571 1624 eas
591 1592 740 1626 vestiendi
762 1593 899 1626 officium
914 1604 982 1637 per-

239 1648 339 1677 tinere
365 1655 392 1676 i).

296 1716 318 1748 Ι.
335 1715 436 1759 Episc.
454 1716 648 1749 Tusculanus
667 1717 751 1750 card.
766 1718 978 1752 Saccumum.

370 1778 486 1812 Fame.
505 1778 693 1820 Pilumnus,
708 1779 736 1812 S.
751 1790 859 1823 congr.
878 1791 956 1814 secr.

68 1865 207 1893 snpplicatio.
283 1859 297 1902 ἓ
321 1858 350 1892 Q.
377 1859 452 1892 Cum
477 1864 581 1891 autem
606 1859 749 1892 firmiora
766 1859 827 1892 sint
846 1870 892 1901 ea,
910 1860 979 1904 qui-

238 1913 297 1945 bus
321 1913 408 1946 Sedis
425 1913 621 1956 Apostolicae
645 1913 766 1946 accedit
789 1914 978 1955 auctoritas,

239 1966 329 1999 nobis
353 1972 520 2010 propterea
550 1967 681 2000 dilectus
710 1967 794 2000 silius
819 1968 978 2001 Romanus

241 2030 258 2052 a
281 2020 458 2054 Constantia
481 2026 669 2064 procurator
700 2021 833 2054 fratrum
863 2022 978 2055 Refor-

240 2077 397 2108 matorum
421 2075 516 2107 Tertii
541 2074 665 2109 Ordinis
695 2076 794 2109 sancti
819 2076 977 2110 Francisci

240 2127 352 2171 regno³
368 2128 517 2161 Franciae
532 2129 694 2162 humiliter
711 2130 881 2174 supplicari
897 2131 976 2173 fecit,

240 2187 274 2214 ut
303 2182 530 2225 praeinsertum
563 2183 798 2227 praedictorum
832 2184 977 2217 cardina-

240 2235 316 2268 lium
334 2235 495 2269 deeretum
513 2236 562 2269 die
575 2247 616 2270 xv
635 2238 708 2270 maii
727 2238 871 2282 proxime
889 2249 978 2282 prac-

241 2289 323 2322 teriti
348 2295 544 2332 emanatura,
569 2302 631 2335 quo
655 2291 739 2324 aliud
764 2292 857 2325 otiam
883 2303 977 2336 supra

239 2342 391 2376 insertum
411 2344 529 2376 servari
550 2345 724 2386 mandatur,
743 2356 800 2389 pro
826 2346 909 2379 illius
928 2347 978 2379 tir-

239 2397 331 2430 miori
350 2397 558 2439 subsistentia,
573 2399 761 2433 confirmare
779 2400 817 2433 dc
835 2399 977 2444 benigni-

238 2455 299 2484 tate
323 2451 495 2495 apostolica
519 2451 729 2495 dignaremur.

273 2534 284 2559 1
304 2532 339 2559 Ex
356 2532 464 2565 Regest.
481 2533 508 2559 in
524 2533 625 2560 Secret.
648 2533 781 2561 Breviuin.

271 2576 287 2603 2
304 2575 372 2603 Edit.
388 2576 467 2604 Maia.
479 2577 541 2613 legit
557 2578 749 2613 reci'pien.pro
760 2579 887 2613 recipere
898 2579 975 2614 (uxr).

272 2620 288 2647 3
307 2620 460 2657 Legendum
479 2623 562 2657 reyni
583 2622 624 2650 vel
643 2623 676 2652 in
696 2631 785 2658 reque
799 2624 837 2659 (a.
854 2625 905 2657 T.).

835 198 1021 222 ALEXANDER

1046 197 1091 221 vn
1114 198 1163 221 PP.
1686 188 1727 221 29
1774 197 1823 224 An.
1838 197 1866 225 c.
1889 197 1957 226 1655

1058 247 1073 289 ἓ
1100 245 1130 278 3.
1156 246 1218 279 Nos
1249 246 1363 289 igitur,
1395 247 1540 280 eumdem
1577 247 1754 280 Romanum

1014 299 1202 343 specialibus
1231 300 1390 332 favoribus
1420 306 1450 333 et
1475 300 1583 343 gratiis
1608 299 1757 343 prosequi

1015 354 1163 393 volentes,
1184 359 1214 386 et
1233 363 1250 385 a
1270 353 1431 396 quibusvis
1456 353 1757 387 excommunicatio-

1014 407 1082 447 nis,
1108 407 1323 450 suspensionis
1355 412 1385 439 ct,
1417 407 1596 449 interdicti,
1621 408 1755 451 aliisque

1014 461 1234 493 ecclesiasticis
1258 461 1436 502 sententiis,
1455 462 1596 494 censuris
1622 467 1651 494 et
1675 472 1753 505 poe—

1014 515 1072 554 nis,
1097 525 1114 547 a
1137 515 1206 547 iure
1231 515 1278 547 vel
1304 515 1342 547 ab
1366 515 1504 555 homine,
1532 516 1643 558 quavis
1664 527 1755 549 occa-

1015 568 1101 602 sione
1118 569 1166 601 vel
1184 569 1375 609 eausalatis,
1397 569 1422 601 si
1448 569 1561 612 quibus
1585 570 1757 612 quomodo-

1014 622 1090 654 libet
1114 622 1280 655 innodatus
1306 622 1419 661 existit,
1441 622 1479 654 ad
1505 622 1649 655 effectum
1669 634 1756 667 prae-

1014 676 1148 708 sentium
1177 676 1338 709 dumtaxat
1359 676 1625 719 consequendum,
1643 678 1755 711 harum

1014 730 1095 762 serie
1112 729 1329 763 absolventes²
1349 735 1378 763 et
1399 730 1577 762 absolutum
1599 730 1665 763 sore
1682 741 1755 763 cen-

1014 789 1128 824 sentes,
1156 783 1336 816 huiusmodi
1357 784 1646 827 supplicationibus
1671 784 1756 817 incli-

1013 838 1087 878 nati,
1112 837 1273 871 decretum
1299 837 1492 878 huiusmodi,
1513 837 1685 881 apostolica
1705 848 1757 871 au-

1014 891 1168 932 ctoritate,
1181 898 1287 925 tenore
1297 892 1522 935 praesentium,
1531 892 1757 925 confirmamus

1014 950 1043 977 et
1059 945 1284 989 approbamus,
1302 945 1408 988 illique
1429 945 1618 978 inviolabilis
1635 949 1757 988 aposto·

1014 998 1091 1031 licae
1115 998 1273 1032 firmitatis
1297 999 1396 1032 robur
1420 999 1603 1039 adiicimus,
1628 1009 1663 1031 ac
1687 1008 1756 1031 om-

1014 1063 1067 1085 nes
1093 1058 1123 1086 et
1142 1053 1284 1096 singulos
1314 1058 1376 1086 tam
1402 1053 1478 1086 iuris
1499 1064 1592 1097 quam
1617 1053 1688 1085 sacti
1706 1052 1756 1085 de-

1013 1108 1121 1148 sectus,
1139 1108 1164 1140 si
1181 1107 1235 1151 qui
1253 1107 1389 1151 desuper
1406 1107 1644 1151 quomodolibet
1660 1107 1755 1140 inter-

1014 1161 1165 1201 venerint,
1191 1162 1384 1205 supplemus.

1057 1216 1072 1258 ἓ,
1095 1214 1126 1247 4.
1145 1215 1355 1248 Decernentcs
1372 1220 1553 1259 praesentes
1571 1215 1691 1249 litteras
1708 1225 1757 1247 va-

1013 1268 1102 1309 lidas,
1127 1269 1235 1301 sirmas
1260 1272 1289 1302 et
1313 1269 1456 1302 efficaces
1480 1268 1612 1302 existere
1632 1274 1661 1301 et
1677 1268 1755 1309 sore,

1013 1332 1148 1366 suosque
1178 1322 1336 1366 plenarios
1372 1327 1402 1355 ct
1433 1323 1573 1365 integros
1605 1321 1755 1363 effectus,

1013 1376 1118 1410 sortiri
1144 1383 1173 1410 et
1198 1376 1350 1419 obtinere,
1365 1381 1395 1409 et
1418 1377 1456 1409 ab
1481 1377 1628 1410 omnibus
1644 1381 1673 1410 et
1692 1377 1756 1409 sin-

1013 1430 1105 1473 gulis,
1123 1441 1202 1474 quos
1220 1431 1291 1463 illae
1312 1435 1506 1463 concernunt
1532 1435 1561 1463 et
1585 1429 1757 1473 quomodo-

1014 1484 1088 1516 libet
1102 1489 1294 1517 concernent
1311 1484 1342 1516 in
1363 1485 1515 1526 futurum,
1533 1484 1756 1517 inviolabiliter

1014 1542 1044 1570 et
1060 1538 1245 1571 inconcusse
1262 1538 1434 1580 observari,
1457 1538 1565 1581 sicque
1584 1549 1640 1582 per
1660 1548 1755 1581 quos-

1014 1602 1150 1635 cumque
1174 1591 1294 1625 iudices
1319 1597 1349 1624 et
1374 1592 1619 1634 commissarios,
1645 1592 1755 1635 quavis

1014 1645 1197 1680 auctoritate
1222 1646 1387 1688 fungentes
1413 1651 1443 1678 et
1467 1646 1642 1686 suncturos‚
1661 1646 1754 1679 etiarn

1014 1709 1179 1732 causarum
1205 1699 1310 1743 palatii
1336 1698 1481 1742 postolIci
1506 1699 1679 1740 auditores,
1708 1699 1756 1732 iu-

1013 1752 1111 1785 dicari
1138 1758 1167 1785 et
1191 1752 1314 1785 deliniri
1344 1752 1481 1793 debere,
1506 1763 1541 1785 ac
1571 1752 1697 1785 irritum
1726 1757 1756 1785 et

1013 1806 1115 1846 inane,
1129 1805 1154 1838 si
1169 1816 1258 1838 secus
1273 1805 1430 1849 superbis
1451 1816 1468 1838 a
1488 1816 1658 1848 quoquam,
1679 1816 1755 1849 qua-

1013 1859 1058 1891 vis
1082 1859 1290 1899 auotoritate,
1315 1859 1450 1892 scienter
1477 1859 1522 1892 vel
1551 1859 1755 1902 ignoranter,

1013 1913 1181 1956 contigerit
1205 1913 1361 1946 attentari.

1057 1967 1125 2010 55.
1150 1968 1219 2001 Non
1253 1967 1450 2000 obstantibus
1482 1967 1685 2011 praemissis,
1720 1973 1954 2023 30[g‡{35ffl⁰⁰⁰“'

1013 2021 1288 2055 constitutionibus
1305 2027 1335 2054 et
1359 2018 1610 2054 ordinationibus
1634 2026 1756 2065 aposto·
1886 2017 1891 2023 ’

1013 2075 1090 2117 licis,
1105 2085 1227 2108 necnon
1244 2075 1318 2110 dicti
1335 2075 1470 2116 Ordinis,
1489 2075 1582 2108 etiam
1601 2075 1756 2108 iuramen-

1012 2134 1054 2169 to,
1080 2129 1319 2162 confirmatione
1351 2129 1540 2173 apostolica,
1567 2130 1614 2162 vel
1647 2129 1755 2173 quavis

1012 2182 1161 2216 firmitate
1186 2183 1246 2215 alia
1271 2183 1445 2223 roboratis,
1471 2183 1594 2216 statutis
1619 2188 1649 2215 ct
1673 2193 1751 2216 eon-

1012 2236 1240 2279 suetudinibus,
1266 2237 1439 2281 privilegiis
1464 2247 1600 2281 quoque,
1627 2237 1753 2271 indultis

1012 2296 1041 2323 et
1065 2291 1177 2324 litteris
1201 2291 1393 2335 apostolicis,
1419 2291 1581 2334 quibusvis
1607 2291 1679 2323 dicti
1700 2291 1753 2324 Or-

1011 2343 1092 2376 dinis
1117 2344 1346 2387 superioribus,
1367 2344 1517 2376 fratribus
1543 2349 1570 2376 et
1597 2344 1751 2387 personis,

1011 2397 1068 2429 sub
1089 2397 1339 2441 quibuscumque
1354 2398 1523 2430 verborum
1544 2397 1705 2431 tenoribus
1723 2402 1753 2429 et

1011 2452 1130 2492 formis,
1156 2462 1191 2484 ac
1216 2462 1287 2484 cum
1313 2451 1475 2495 quibusvis
1504 2451 1595 2483 etiam
1623 2451 1753 2495 deroga-

1011 2506 1165 2539 toriarum
1190 2505 1399 2549 derogatoriis
1428 2504 1559 2549 aliisque
1591 2505 1749 2539 efficacio-

1806 1221 1955 1243 Praesentibus

1771 1249 1831 1270 aatdit
1841 1252 1955 1270 auctorita-

1772 1278 1820 1298 tem.

1047 2626 1057 2650 1
1079 2623 1146 2651 Male
1166 2623 1228 2651 edit.
1251 2623 1331 2651 Maia.
1348 2623 1413 2659 legit
1428 2623 1628 2651 absolvendum
1645 2624 1684 2658 (n.
1701 2624 1748 2657 r).
