2243 3205
285 190 334 216 An.
352 189 380 217 c.
402 191 464 218 mei
512 181 577 215 686

311 782 430 803 clausulae.

311 2423 449 2449 Suppuratio.

484 239 609 272 indultis
635 244 664 271 et
695 240 805 273 litteris
835 241 1012 284 apostolicis
1038 242 1068 274 in
1094 248 1220 275 contra-

483 292 563 325 rium
583 293 828 336 praemissorum
844 295 1080 338 quomodolibet
1094 306 1222 329 conces-

483 345 534 385 sis,
550 346 743 379 confirmatis
760 352 788 379 et
807 347 979 388 innovatis;
996 349 1110 392 quibus
1127 349 1224 382 omni-

482 398 540 430 bus
566 404 595 430 et
620 399 760 442 singulis,
787 401 910 433 illorum
934 407 1057 435 tenores
1082 413 1224 446 praesen-

484 452 564 485 tibus
592 463 649 495 pro
674 453 764 496 plene
796 459 825 486 et
854 455 1044 488 sufficienter
1069 456 1223 499 expressis

482 515 517 537 ac
543 505 580 538 de
599 507 694 539 verbo
712 507 749 539 ad
767 508 898 540 verbum
916 509 1040 542 insertis
1061 510 1223 549 habentes,

484 557 544 590 illis
565 559 639 591 alias
665 559 694 591 in
723 570 779 593 suo
801 561 915 594 robore
939 562 1165 605 permansuris,
1186 561 1223 594 ad

482 612 728 655 praemissorum
755 613 910 656 effectum⁷
936 615 993 647 liae
1019 615 1084 647 vice
1105 615 1224 647 dumta-

484 670 544 704 xat,
570 666 746 708 specialiter
779 672 808 698 et
833 678 980 710 expresse
1012 668 1223 710 derogamus;

483 718 657 762 ceterisque
682 715 849 753 contrariis
874 721 1134 764 quibuscumque.

527 772 542 814 ἓ
566 771 594 804 4.
617 773 767 806 Volumus
789 780 892 806 autem
912 780 955 813 ut,
984 774 1008 806 si
1034 774 1223 817 permutatio

483 823 660 858 huiusmodi
681 826 787 868 vigore
812 827 1022 870 praesentium
1050 827 1113 868 fiat,
1132 827 1224 860 iuris-

483 877 656 919 dictiones,
689 889 801 912 census
826 885 855 911 et
879 880 938 911 alia
971 880 1039 912 iura
1071 880 1224 913 secundo-

482 931 564 964 dicta
596 943 654 975 pro
685 943 884 976 quacumque
915 933 1067 967 evictione
1092 934 1220 966 iurisdi-

483 985 632 1027 ctionum,
655 996 803 1018 censuum
823 991 852 1019 et
869 986 1002 1019 aliorum
1030 987 1144 1020 iurium
1163 987 1223 1031 pri-

483 1038 705 1078 modictorum,
725 1039 754 1070 in
772 1044 917 1071 eventum
936 1050 998 1083 quo
1017 1040 1093 1072 haec
1113 1040 1223 1083 quovis

483 1091 577 1124 modo
602 1092 699 1123 evinci
726 1093 906 1135 contingat,
934 1103 1060 1136 semper
1085 1093 1222 1137 obligata

482 1148 511 1175 et
530 1143 559 1176 in
580 1145 683 1187 speeie
707 1145 916 1189 hypothecata
941 1152 1132 1178 remaneant.

526 1198 635 1230 Datum
652 1199 778 1241 Romae,
797 1199 878 1242 apud
898 1199 925 1231 S.
942 1199 1080 1242 Petrum,
1099 1200 1156 1232 sub
1173 1210 1224 1232 an-

483 1251 556 1284 nulo
585 1251 772 1292 Piscatoris,
799 1252 847 1285 die
877 1262 940 1285 xxn
965 1253 1072 1296 aprilis
1094 1263 1221 1295 MDCLXI,

482 1304 684 1347 pontificatus
708 1305 806 1338 nostri
833 1315 914 1338 anno
936 1315 987 1338 vn.

517 1366 574 1393 Dat.
596 1367 639 1394 die
658 1367 691 1393 212
712 1367 804 1402 aprilis
827 1367 903 1402 1661,
921 1368 1016 1402 pontif.
1035 1376 1105 1394 anno
1127 1374 1172 1394 vn.

744 1508 949 1543 cccxxxlx.

484 1590 646 1623 Concessio
670 1590 919 1633 privileqiorunz
941 1591 1159 1636 praelationis
1192 1596 1221 1625 et

525 1654 587 1675 non
623 1643 856 1686 appellationis
888 1644 1095 1688 suspensivae
1119 1649 1222 1688 usque

524 1695 567 1728 ad
587 1707 749 1729 summam
777 1697 951 1730 ducentum
975 1698 1223 1741 quinquaqinta

524 1753 689 1781 scutorum
720 1754 866 1783 monetae
896 1760 1050 1782 romanae
1084 1751 1219 1782 univer-

524 1802 616 1834 sitati
640 1807 668 1835 et
694 1803 875 1836 horninibus
900 1808 1116 1836 mercatorum
1139 1804 1219 1846 fun-

524 1855 687 1888 daealium
705 1856 743 1888 de
771 1857 851 1889 Urbe
873 1867 933 1899 pro
959 1867 1095 1889 suarum
1117 1858 1222 1900 pretio

524 1909 703 1947 mercium,
738 1919 794 1941 sen
824 1919 934 1941 rerum
967 1909 1218 1952 fundacalium,

524 1971 607 2004 quae
632 1961 674 1993 ad
698 1972 794 1994 usum
826 1962 1094 1994 indumentorum
1119 1963 1222 1995 inser-

524 2015 618 2046 viunt
635 2014 819 2055 dumtaxat,
840 2016 935 2047 inccta
951 2016 1091 2058 formam
1108 2016 1222 2049 Brevis

527 2067 652 2099 Urbani
674 2067 757 2100 VIII
771 2069 1003 2100 mercatoribus
1020 2068 1057 2101 cte
1081 2068 1222 2111 fundaco

524 2121 670 2160 concessi,
684 2121 735 2153 uta¹
751 2121 821 2153 illis
838 2121 1032 2163 fruebantur
1049 2126 1223 2165 antequam

524 2183 633 2205 eornm
650 2174 844 2206 universitas
861 2175 900 2206 ab
918 2175 1127 2207 universitate
1144 2185 1224 2207 nter-

524 2229 670 2259 catorum
693 2226 730 2259 de
754 2227 893 2269 fundaeo
918 2232 1124 2271 separaretur
1137 2226 1156 2261 ¹.

675 2307 842 2334 Alexander
864 2308 943 2341 Papa
965 2308 1028 2342 VII,

623 2351 658 2377 ad
685 2351 818 2378 futuram
838 2352 881 2379 rei
904 2352 1085 2379 memoriam.

526 2420 541 2462 ἓ
565 2420 594 2452 t.
620 2421 739 2464 Exponi
766 2422 858 2455 nobis
882 2432 985 2466 nuper
1017 2422 1157 2455 fecerunt
1181 2422 1225 2455 di-

481 2471 552 2506 lecti
578 2473 632 2506 filii
659 2475 845 2508 universitas
871 2481 900 2508 et
932 2476 1076 2509 consules
1103 2486 1224 2509 merca-

519 2589 528 2613 1
554 2587 590 2613 Ex
612 2587 717 2622 Regest.
740 2589 764 2614 in
786 2589 887 2617 Secret.
910 2591 992 2617 Brev.

1058 184 1243 218 'numanum
1268 194 1422 219 ROMANUM

1258 246 1361 276 torum
1388 243 1596 276 sundacalium
1611 244 1760 277 ecclesiae
1780 245 1808 278 S.
1822 244 1994 279 Sebastiani

1257 301 1284 327 et
1311 296 1463 329 Valentini
1488 296 1581 330 huius
1606 302 1731 330 nostrae
1762 298 1860 331 almae
1884 298 1994 340 Urbis,

1257 348 1340 392 quod
1367 349 1424 393 ipsi
1450 360 1560 383 eorum
1587 350 1662 384 artis
1689 361 1810 384 merces
1830 356 1861 384 et
1884 361 1934 385 res
1957 352 1995 385 ad

1257 401 1512 436 indumentorum
1549 414 1638 436 usum
1673 404 1766 436 variis
1802 410 1831 437 et
1866 404 1996 438 diversis

1257 455 1399 498 personis
1423 467 1482 499 pro
1508 456 1582 500 ipsis
1608 457 1806 500 emptoribus
1824 467 1996 501 eorumque

1257 508 1420 549 uxoribus,
1442 508 1515 542 filiis
1540 513 1569 542 et
1594 509 1728 551 familiis,
1745 510 1850 542 habita
1874 509 1935 543 fide
1958 509 1996 543 de

1257 561 1368 604 pretio,
1393 567 1427 594 ut
1450 562 1622 606 plurimum
1645 563 1779 596 vendere
1804 568 1876 596 sunt
1895 563 1994 604 soliti;

1257 614 1321 655 sed,
1340 615 1464 658 quando
1483 626 1542 659 pro
1567 616 1777 649 satisfactione
1802 616 1926 657 instant,
1947 616 1995 649 vel

1256 678 1314 711 per
1357 668 1531 702 anteriores
1567 680 1621 702 seu
1653 669 1792 713 potiores
1824 669 1995 703 creditores

1257 721 1475 763 excluduntur,
1501 722 1547 754 vel
1574 733 1631 765 per
1655 722 1814 755 dilatorias
1839 723 1996 767 exceptio-

1257 785 1311 807 nes
1332 780 1384 807 aut
1398 775 1622 819 appellationes
1640 775 1759 809 tamdiu
1777 771 1994 819 defatigantur,

1257 832 1290 859 ut
1309 838 1370 860 non
1397 828 1462 860 sine
1489 827 1608 870 ingenti
1634 838 1742 862 eorum
1761 828 1882 862 iactura
1898 829 1996 863 credi-

1257 885 1322 913 tum
1341 885 1495 923 cogantur
1512 881 1664 914 amittere.

1301 934 1315 976 g
1339 933 1368 966 Ξ).
1387 934 1463 967 Cum
1484 940 1599 976 autem,
1618 934 1698 967 sicut
1715 934 1822 967 eadem
1841 935 1995 979 expositio

1257 987 1478 1030 subiungebat,
1497 988 1572 1020 alias
1584 998 1640 1031 per
1657 988 1755 1020 felicis
1768 989 1995 1023 recordationis

1257 1040 1416 1073 Urbanum
1432 1041 1546 1084 Papam
1565 1041 1629 1074 VIlI
1649 1041 1925 1084 praedecessorem
1942 1053 1996 1076 no-

1257 1146 1378 1179 toribus
1411 1147 1449 1179 de
1474 1147 1607 1180 sundaco
1632 1152 1662 1179 et
1683 1148 1856 1181 mercantia
1879 1159 1997 1182 nuncu-

1256 1199 1335 1242 patis
1360 1199 1460 1232 dictae
1486 1199 1577 1232 Urbis
1603 1210 1777 1244 eorumque
1808 1201 1996 1235 haeredibus

1257 1256 1285 1286 et
1306 1253 1540 1285 successoribus
1561 1253 1642 1286 inter
1663 1259 1764 1286 cetera
1782 1254 1875 1287 suerit
1898 1254 1997 1287 indul-

1257 1311 1321 1338 tum
1338 1334 1345 1347 ,
1369 1306 1451 1350 quod
1484 1317 1542 1350 pro
1568 1307 1720 1340 mercium
1757 1318 1792 1340 ac
1825 1317 1932 1340 rerum
1957 1307 1996 1341 ad

1258 1359 1397 1402 ipsorum
1424 1364 1522 1391 artem
1549 1360 1756 1403 spectantium
1783 1361 1901 1404 pretio,
1926 1365 1997 1405 post

1256 1412 1390 1455 pistores
1404 1417 1433 1444 et
1444 1413 1651 1446 aromatarios
1664 1413 1803 1446 eiusdem
1819 1413 1921 1454 Urbis,
1932 1424 1996 1447 om-

1256 1465 1348 1497 nibus
1369 1470 1399 1497 et
1423 1465 1554 1507 singulis
1571 1466 1639 1498 aliis
1663 1466 1824 1510 quibusvis
1848 1466 1996 1508 defuncti,

1257 1517 1329 1551 licet
1353 1518 1563 1551 anterioribus
1584 1522 1637 1552 aut
1655 1519 1847 1562 potioribus,
1865 1519 1996 1553 credito-

1257 1571 1345 1603 ribus
1370 1572 1463 1604 etiam
1485 1571 1640 1614 quaslibet
1665 1571 1872 1615 obligationes
1896 1583 1998 1606 came-

1256 1624 1337 1656 rales
1363 1629 1392 1656 et
1417 1624 1542 1668 publica
1567 1625 1782 1667 instrumenta,
1800 1625 1892 1658 etiam
1913 1625 1997 1658 iura-

1257 1683 1361 1711 mento
1382 1684 1410 1710 et
1434 1678 1542 1721 quavis
1566 1678 1742 1722 hypotheca
1765 1679 1882 1720 vallata,
1903 1679 1996 1712 etiam

1257 1733 1350 1764 causa
1379 1731 1460 1764 dotis
1493 1736 1522 1763 et
1550 1731 1706 1774 quaslibet
1736 1731 1811 1764 alias
1841 1732 1996 1764 clausulas

1257 1795 1311 1817 seu
1330 1784 1465 1816 cautelas
1482 1783 1511 1816 in
1530 1794 1561 1816 se
1586 1784 1779 1817 continentes
1800 1783 1996 1827 habentibus,

1257 1847 1355 1880 usque
1369 1837 1406 1869 ad
1421 1847 1575 1869 summam
1593 1836 1821 1880 quinquaginta
1834 1842 1996 1870 scutorum

1258 1896 1401 1924 monetae
1418 1901 1566 1924 romanae
1592 1896 1710 1923 tantum
1732 1891 1950 1934 praeferantur
1966 1896 1997 1924 et

1256 1944 1409 1988 praeferri
1435 1944 1576 1985 debeant,
1593 1944 1765 1979 dummodo
1785 1945 1888 1988 quoad
1908 1945 1996 1978 dotes

1256 1998 1408 2040 probetur
1434 1998 1535 2030 versio
1556 1998 1586 2030 in
1603 1998 1769 2030 utilitatem
1794 1998 1852 2030 viri
1877 2003 1908 2031 et.
1923 2008 1997 2032 uxo-

1258 2051 1301 2083 ris
1319 2062 1353 2084 ac
1371 2051 1508 2084 filiorum
1524 2051 1554 2083 in
1572 2051 1793 2084 communione
1809 2052 1995 2092 viventium;

1258 2109 1432 2147 praeterea,
1450 2104 1534 2147 quod
1553 2105 1583 2136 in
1597 2105 1698 2137 causis
1711 2105 1895 2138 eorumdem
1914 2115 1997 2138 mer-

1258 2151 1399 2190 catorum
1418 2167 1480 2190 non
1491 2162 1582 2205 ‘esset
1601 2158 1688 2190 locus
1712 2157 1913 2201 appellationi
1930 2168 1995 2191 sus-

1257 2210 1405 2253 pensivae
1438 2220 1497 2253 pro
1530 2212 1565 2242 ea
1596 2211 1801 2254 pecuniarum
1833 2211 1994 2244 dumtaxat

1258 2264 1390 2303 summa,
1409 2273 1468 2306 pro
1486 2274 1547 2307 qua
1566 2263 1596 2296 in
1614 2264 1715 2296 causis
1732 2265 1996 2297 aromatariorum

1258 2322 1287 2349 et
1311 2316 1466 2360 pistorum
1496 2317 1729 2360 praedictorum
1761 2317 1869 2360 vigore
1893 2317 1998 2350 indul·

1259 2373 1361 2403 torum
1403 2369 1651 2414 apostolicorum
1691 2371 1735 2404 eis
1771 2380 1994 2404 concessorum

1258 2428 1367 2456 contra
1392 2423 1517 2456 eosdem
1543 2433 1605 2456 non
1630 2423 1721 2457 datur
1752 2424 1871 2467 pariter
1894 2423 1997 2467 appel-

1257 2477 1331 2510 latio
1348 2476 1539 2520 suspensiva,
1560 2482 1654 2520 prout
1669 2477 1699 2509 in
1717 2476 1904 2520 quibusdam
1922 2475 1996 2510 dicti

1259 2530 1373 2563 Urbani
1393 2530 1644 2573 praedecessoris
1663 2530 1774 2562 litteris
1797 2529 1847 2562 die
1871 2539 1937 2562 xva
1956 2529 1999 2562 ia-

1239 2583 1359 2624 tnuarii
1385 2592 1524 2616 iuncxmu
1554 2582 1692 2625 desuper
1721 2583 1752 2614 in
1776 2582 1869 2614 simili
1893 2582 1996 2614 forma

2009 197 2057 225 An.
2073 198 2101 225 C.
2122 199 2184 228 ¹66¹
2199 210 2200 224 i

2036 945 2121 971 Motivn,

1257 1099 1355 1126 strum
1381 1094 1576 1127 universitati
1610 1100 1639 1127 et
1663 1095 1844 1128 hominibus
1868 1106 1995 1130 merca·
2036 1102 2040 1106 '
