2243 3205
264 201 310 228 An.
330 200 358 226 C.
380 200 446 226 1660

302 480 410 496 tlratnrvm
433 482 443 495 a

261 510 272 523 a
294 505 387 524 nonanis
409 504 444 523 ab·

261 532 330 550 solut.

303 1166 437 1187 Confirmatio

254 1193 341 1213 decreti.

278 1538 386 1570 Clausulas
398 1544 434 1566 ap·

251 1569 316 1592 pontt.

248 1911 359 1932 Contraria
370 1912 423 1933 tollit

492 191 556 224 564

463 258 620 287 recursus,
644 257 706 280 non
731 247 926 280 obstantibus
951 247 1200 291 quibuscumque

463 302 491 333 iu
518 300 709 333 contrarium
731 301 924 333 facientibus.

507 354 699 387 FItANtztstths
725 354 872 387 cadinalis
897 355 1083 395 Pitumnus,
1109 364 1199 398 prae-

463 409 558 440 l'ectus
575 420 601 440 υ.

506 460 565 503 §2
586 461 661 493 Cum
681 464 782 494 autem
802 461 942 494 firmiora
960 462 1020 493 sint
1038 462 1099 501 illa,
1121 471 1199 504 quae

461 514 548 546 Sedis
572 514 769 557 Apostolicae
794 514 950 557 praesidio
972 520 1001 547 et
1027 514 1199 547 munimine

459 568 667 607 roborantur;
696 567 768 600 binc
793 572 839 601 est
858 568 941 611 quod
963 578 1029 611 nos,
1050 568 1199 611 praemis-

458 631 565 653 sorum
603 621 742 653 omnium
769 626 798 653 et
823 621 1021 663 singulorum
1058 621 1196 654 firmitati

458 680 487 706 et
512 674 681 707 inviolabili
715 674 925 707 observationi
951 674 1117 718 providere
1141 685 1196 707 cu-

455 728 585 771 pientes,
606 738 642 760 ac
659 727 806 760 dilectum
832 728 930 760 filium
957 730 1194 771 procuratorem

455 781 635 823 generalem
650 780 750 813 dictae
764 781 1023 823 Congrcgationis
1037 780 1196 813 Cassinen-

455 834 496 867 sis
524 834 714 878 specialibus
739 832 900 867 favoribus
930 840 959 866 ct
987 834 1096 876 gratiis
1120 845 1194 878 pro-

454 888 540 931 sequi
567 888 715 927 volentes,
737 892 766 919 et
785 898 802 919 a
827 887 988 930 quibusvis
1013 897 1191 920 excommu-

453 940 630 981 nicationis,
656 946 724 982 ctc.,
743 941 855 973 barum
881 940 961 973 serie
986 940 1192 979 absolventes,

453 998 483 1025 et
507 994 684 1026 absolutum
703 993 770 1026 sore
787 998 966 1035 censentes,
986 993 1191 1037 supplicatio-

452 1047 545 1080 nibus
570 1047 635 1080 eius
660 1047 788 1080 nomine
812 1046 903 1080 nobis
927 1057 1022 1090 super
1047 1047 1107 1080 boc
1134 1047 1191 1079 liu-

454 1100 569 1132 militer
594 1100 748 1144 porrectis
774 1100 926 1142 inclinati,

497 1154 512 1196 ἓ
537 1153 565 1186 3.
584 1154 749 1186 Decretum
775 1153 1014 1197 praeinsertum,
1032 1163 1067 1186 ac
1087 1153 1191 1186 omnia

453 1212 482 1239 et.
499 1207 621 1250 singula
639 1207 668 1239 in
686 1217 722 1240 eo
740 1211 894 1246 contenta,
915 1207 1101 1239 auctoritate
1122 1217 1193 1250 apo-

452 1261 572 1301 stolica,
590 1265 698 1293 tenore
722 1260 946 1303 praesentium,
967 1260 1192 1292 confirmamus

452 1319 482 1347 et
506 1314 742 1358 approbamus,
767 1313 874 1356 illique
904 1313 1090 1346 inviolabilis
1115 1324 1190 1357 apo-

451 1368 578 1401 stolicae
614 1367 770 1400 firmitatis
804 1366 904 1399 robur
940 1366 1124 1408 adiicimus‘,
1156 1377 1191 1400 ac

451 1432 560 1454 omnes
581 1426 610 1453 et
631 1421 771 1463 singulos
799 1420 876 1452 iuris
898 1425 927 1451 et
946 1420 1016 1453 facti
1042 1420 1190 1460 desectus,

450 1475 474 1507 si
501 1475 553 1518 qui
579 1474 714 1517 desuper
746 1472 984 1516 quomodolibet
1008 1473 1187 1505 intervene-

450 1527 522 1569 rint,
535 1527 727 1571 supplemus.
742 1526 950 1558 Decernentes
964 1525 1087 1558 easdem
1102 1536 1190 1569 prae-

449 1586 552 1613 sentes
576 1581 694 1612 litteras
723 1589 844 1612 necnon
869 1579 1030 1612 decretum
1068 1579 1190 1622 praein-

448 1639 566 1667 sertum
589 1639 618 1666 ct
647 1634 676 1666 in
703 1633 733 1665 in
764 1633 817 1665 illo
838 1636 983 1666 contenta
1007 1632 1187 1665 huiusmodi

448 1698 573 1731 semper
598 1687 697 1729 firma,
726 1691 796 1727 etc.,
821 1686 927 1729 sicque
953 1686 982 1717 in
1008 1685 1188 1729 praemissis

447 1752 505 1785 per
523 1750 739 1784 quoscumque
757 1739 885 1779 iudices
901 1744 968 1781 etc„
990 1739 1113 1772 definiri
1134 1739 1187 1772 de-

446 1795 533 1835 bere,
555 1805 590 1827 ac
616 1794 740 1826 irritum
766 1798 796 1826 et
821 1793 922 1833 inane,
944 1793 967 1825 si
997 1803 1096 1833 secus,
1129 1798 1186 1834 etc,

448 1847 614 1890 contigerit
638 1846 791 1881 attentari.

493 1901 507 1943 g
538 1900 567 1932 4.
595 1900 663 1932 Non
695 1899 890 1932 obstantibus
921 1899 1122 1943 praemissis,
1151 1910 1186 1931 ac

447 1953 722 1986 constitutionibus
758 1958 789 1985 et
827 1952 1078 1985 ordinationibus
1113 1963 1186 1996 apo-

446 2007 574 2048 stolicis,
608 2017 740 2047 necnon,
772 2011 926 2049 quatenus
958 2016 1037 2049 opus
1066 2006 1113 2048 sit,
1140 2006 1182 2038 di-

445 2066 512 2093 ctae
537 2060 794 2103 Congrcgationis
823 2059 1024 2099 Cassinensis,
1056 2059 1185 2103 eiusque

446 2114 709 2146 monasteriorum
736 2112 931 2156 quorumvis,
957 2118 1025 2154 etc.,
1047 2112 1181 2145 robora⁴

445 2168 492 2209 tis,
511 2167 632 2201 statutis
658 2172 687 2199 et
704 2166 993 2206 consiietudinilMffi‚
1011 2166 1185 2209 privilegiis

445 2233 581 2266 quoque,
600 2221 727 2254 indultis
747 2226 776 2253 et
796 2221 908 2253 litteris
933 2220 1122 2264 apostolicis,
1141 2221 1184 2253 ei-

445 2274 599 2319 demquc¹
624 2274 865 2317 Congregationi
884 2274 1067 2315 Cassincnsi,
1097 2274 1181 2307 eius-

445 2339 505 2371 que
530 2328 737 2368 monasteriis,
763 2338 799 2360 ac
820 2328 944 2360 illorum
967 2327 1184 2370 superioribus

446 2387 475 2413 et
509 2382 691 2422 monacbis,
719 2382 849 2425 aliisque
875 2380 1017 2424 personis
1048 2380 1180 2423 quibus-

445 2434 537 2473 libet,
566 2434 622 2466 sub
648 2434 901 2477 quibuscumque
936 2433 1106 2466 verborum
1138 2438 1183 2466 te-

443 2487 584 2527 noribus,
610 2492 678 2528 etc.,
707 2487 966 2531 iri-stantibusque
991 2492 1020 2520 et
1047 2487 1114 2519 aliis
1135 2487 1184 2520 de-

481 2602 494 2628 1
517 2601 607 2630 Potius
627 2601 685 2638 lege
705 2602 796 2630 eidem
817 2603 856 2636 (n.
872 2601 921 2635 r.).

2222 0 2243 24 1¹.

2221 64 2224 87 t

1043 200 1220 223 nonantula
1247 198 1400 222 ROMANUM
1988 196 2034 222 An.
2052 195 2082 222 C.
2102 195 2167 223 ¹660
2221 220 2224 239 ,

1235 246 1337 288 cretis,
1364 246 1394 277 in
1419 255 1534 288 genere
1558 245 1605 278 vel
1634 244 1664 277 in
1693 245 1806 288 specie,
1834 255 1869 278 ac
1895 245 1971 278 alias

1235 300 1264 332 in
1291 299 1482 332 contrarium
1522 298 1759 342 quomodolibet
1794 298 1969 339 concessis,

1234 353 1415 396 approbatis
1436 358 1466 385 ct
1490 352 1662 391 innovatis;
1686 351 1800 395 quibus
1825 352 1970 385 omnibus

1234 411 1264 437 et
1284 405 1424 448 singulis,
1443 405 1563 438 etiamsi
1581 415 1639 448 pro
1656 405 1783 438 illorum
1805 404 1970 438 sufficienti

1234 458 1439 501 derogatione
1464 458 1501 490 de
1527 458 1586 491 illis
1606 468 1778 502 corumque
1800 458 1870 491 totis
1888 463 1971 490 teno-

1233 511 1322 544 ribus
1347 512 1501 555 specialis,
1518 517 1587 552 ete,
1603 522 1666 544 non
1690 516 1793 545 autem
1814 521 1870 555 per
1890 511 1971 544 clau-

1233 565 1315 597 sulas
1339 565 1502 608 generales
1521 564 1602 597 idem
1621 564 1836 608 importantes,
1853 564 1970 597 mentio

1232 629 1285 651 seu
1311 619 1437 662 quaevis
1462 619 1521 651 alia
1546 618 1707 662 expressio
1728 617 1880 658 habenda,
1900 622 1969 658 etc„

1232 672 1357 705 illorum
1397 678 1541 714 tenores,
1571 672 1688 704 formas
1726 676 1756 704 et
1789 670 1970 705 occasiones

1230 725 1456 768 praesentibus,
1481 730 1549 765 etc,
1574 724 1751 768 specialiter
1770 729 1800 757 et
1823 733 1969 768 expresse

1229 778 1435 821 derogamus3
1457 778 1632 822 ceterisque
1656 778 1821 811 contrariis
1841 777 1969 822 quibus·
2223 779 2224 811 l

1229 843 1373 876 cumque.
2223 850 2224 876 t

1272 886 1287 928 ἓ
1304 885 1332 918 5.
1352 885 1502 918 Volumus
1516 891 1620 918 autem
1635 890 1668 918 ut
1682 884 1862 917 earumdem
1880 894 1968 928 prae·
2017 895 2165 922 'transumpto-

1227 939 1361 971 sentium
1381 939 1556 971 litterarum
1573 938 1785 982 transumptis,
1803 937 1895 970 etiam
1914 937 1968 970 im·
1981 927 2026 944 '⁰¹¹¹
2041 922 2099 943 nm

1227 992 1354 1035 pressis,
1377 1002 1480 1032 manu,
1506 997 1574 1034 etc.,
1599 992 1707 1024 eadem
1734 1001 1863 1035 prorsus
1889 990 1967 1024 fides
2223 1014 2224 1030 t

1228 1045 1257 1077 in
1276 1045 1390 1079 iudicio
1412 1050 1441 1078 et
1459 1051 1544 1078 extra
1565 1045 1761 1086 adhibeatur,
1781 1055 1861 1089 quae
1880 1054 1968 1088 prae·
2223 1059 2224 1093 ἦ

1226 1098 1367 1131 sentibus
1388 1098 1463 1142 ipsis
1481 1098 1694 1139 adhiberetur,
1712 1098 1735 1130 si
1757 1098 1860 1131 forent
1884 1097 1968 1130 exhi·
2223 1100 2224 1110 ¹

1227 1151 1308 1184 bitae
1327 1152 1373 1184 vel
1393 1157 1545 1184 ostensae.

1270 1205 1379 1237 Datum
1402 1205 1529 1244 Romae,
1551 1204 1633 1247 apud
1662 1204 1691 1237 S.
1718 1204 1845 1236 Mariam
1872 1203 1967 1236 Maio-

1228 1269 1313 1300 rem,
1339 1259 1397 1291 sub
1426 1258 1543 1290 annulo
1572 1257 1750 1297 piscatoris,
1765 1257 1814 1289 die
1833 1267 1866 1291 xt
1886 1257 1969 1300 apri-

1227 1312 1263 1344 lis
1295 1322 1408 1351 noem,
1434 1312 1634 1356 pontificatus
1653 1311 1751 1344 nostri
1775 1320 1856 1344 anno
1881 1320 1921 1343 vl.

1262 1375 1318 1401 Dat.
1342 1375 1383 1401 die
1406 1376 1432 1401 11
1458 1374 1551 1409 aprilis
1573 1374 1656 1407 1660,
1678 1373 1774 1409 pontif.
1797 1381 1868 1400 anno
1883 1380 1920 1399 νι.

1522 1515 1665 1549 CCXCllI.

1224 1596 1287 1629 Dat
1312 1596 1443 1629 modum
1468 1596 1611 1639 faciendi
1632 1596 1831 1639 provisiones
1855 1600 1885 1629 et
1909 1594 1965 1628 ele-

1269 1650 1387 1682 ctiones
1411 1650 1447 1682 in
1465 1649 1619 1692 capitulis
1635 1648 1840 1692 qeneralibus
1857 1653 1885 1682 et
1902 1648 1965 1682 die-

1269 1703 1309 1735 tis
1328 1702 1592 1746 Conqreqati'onis
1612 1702 1811 1736 cassinensis
1830 1701 1964 1736 Ordinis

1265 1757 1372 1789 sancte?
1386 1755 1564 1788 Benedicti.

1415 1835 1580 1863 Alexander
1600 1836 1677 1869 Papa
1697 1835 1746 1862 VI!
1760 1856 1766 1868 ,

1344 1881 1379 1907 ad
1400 1883 1576 1914 perpetuam
1596 1880 1641 1907 rei
1662 1881 1841 1907 memoriam.
2219 1896 2222 1912 .

1265 1951 1309 1984 Ad
1334 1951 1524 1995 apostolicae
1550 1951 1710 1993 dignitatis
1734 1950 1866 1994 apicem,
1888 1960 1957 1983 me·
2002 1957 2124 1979 Exordium-

1221 2005 1288 2037 ritis
1313 2005 1385 2037 licet
1410 2005 1599 2048 imparibus,
1624 2004 1729 2036 divina
1754 2004 1959 2048 dispositione

1220 2058 1328 2099 evecti,
1347 2058 1376 2090 in
1402 2069 1470 2091 eam
1496 2058 1664 2102 praecipue
1685 2068 1793 2091 curam
1818 2058 1959 2091 sollicitis

1219 2111 1329 2143 studiis
1356 2111 1557 2151 intendimus,
1578 2116 1611 2143 ut
1635 2111 1855 2154 religiosorum
1881 2110 1960 2144 viro-

1220 2176 1289 2197 rum
1316 2165 1373 2197 sub
1395 2165 1480 2198 suavi
1500 2165 1578 2197 vitae
1603 2164 1794 2197 monasticae
1814 2164 1888 2208 iugo
1913 2164 1960 2197 Al-

1221 2218 1330 2250 tissimi
1363 2218 1522 2261 obsequiis
1557 2217 1753 2250 addictorum
1779 2227 1955 2260 congrega-

1221 2271 1318 2304 tiones
1344 2270 1511 2303 salubriter
1528 2270 1715 2312 dirigantur,
1736 2270 1959 2303 laudabilibus-

1219 2335 1278 2368 que
1304 2324 1452 2357 institutis
1474 2324 1537 2356 suis
1556 2324 1762 2364 inhaerentes,
1780 2324 1911 2357 feliciter
1927 2323 1958 2356 in

1218 2378 1300 2420 dies,
1325 2377 1528 2411 benedicente
1552 2377 1695 2418 Domino,
1720 2377 1885 2421 proficiant
1909 2377 1955 2410 in-

1218 2431 1394 2464 crementis.

1262 2486 1276 2528 g
1302 2485 1330 2517 1.
1356 2485 1472 2528 ltaque,
1502 2489 1534 2517 ut
1558 2484 1753 2528 provisiones
1778 2489 1807 2517 et
1831 2483 1956 2517 electio-

1217 2548 1272 2571 nes
1291 2537 1322 2570 in
1339 2538 1484 2582 capitulis
1505 2537 1705 2581 generalibus
1725 2542 1755 2571 ct
1772 2536 1864 2570 dietis
1881 2536 1956 2570 Con-

1217 2591 1409 2635 gregationis
1433 2591 1621 2625 Cassinensis
1638 2591 1762 2626 Ordinis
1787 2590 1885 2625 sancti
1902 2589 1956 2623 Be-

2004 2487 2082 2508 Statuit
2097 2489 2120 2508 ut
2134 2488 2155 2509 in

1971 2513 2064 2535 rubrica.
