2185 3188
41 207 90 232 An.
111 204 141 231 C.
166 203 233 230 1655

95 851 110 871 Α
132 852 225 872 censuris

45 878 140 899 absolvit.

70 2291 144 2312 Annuit
158 2292 236 2318 petitis,

832 201 1017 224 ALEXANDEP.
1044 200 1087 223 vn
1112 201 1159 223 PP.

236 249 428 292 Vallonffius,
444 249 608 282 Flandrica
626 260 700 283 vero
715 248 877 294 provincia
891 251 976 282 certo

236 307 379 346 tempore
405 307 526 335 careret
550 302 745 347 provinciali,
773 302 827 335 sed
851 312 869 334 a
896 301 978 334 vica-

237 356 286 388 rio
304 355 443 398 generali
469 361 649 399 regeretur;
676 365 828 399 cumque,
847 354 978 387 diversis

238 409 349 442 exinde
359 408 607 442 dissensionibus
625 409 895 452 incommodisque
906 408 978 441 hinc

239 462 310 495 inde
342 462 502 503 subortis,
527 463 640 495 fratres
670 462 771 495 dictae
795 461 978 494 Flandricae

239 516 430 560 provinciae,
448 516 613 549 occasione
631 515 831 549 comitiorum
853 525 980 558 genera-

239 569 315 602 lium
341 569 465 603 Ordinis
489 569 619 613 praefati
645 569 814 602 novissime
841 568 871 600 in
896 568 980 601 Urbe

240 628 421 656 coactorum
448 633 505 666 pro
537 622 723 656 stabilienda
758 622 978 665 religiosorum

239 676 387 720 utrinque
410 686 486 720 pace
513 681 606 719 atque
632 676 812 718 concordia,
837 675 875 708 ad
900 675 980 708 hanc

239 729 383 763 Sanctam
406 729 516 762 Sedem
535 739 684 762 recursus
702 729 885 762 habuerint:
908 729 980 762 hinc

241 787 286 816 est
302 783 396 826 quod,
417 783 627 816 dissensiones
652 788 680 816 et
706 783 906 816 incommoda
926 783 981 815 liu-

240 835 376 869 iusmodi
409 846 572 869 removere
590 863 597 877 ,
626 836 809 880 dictumque
838 836 979 869 Zelosum

241 889 430 933 specialibus
455 889 615 922 favoribus
645 895 673 922 et
698 889 808 932 gratiis
832 889 980 934 prosequi

241 943 390 985 volentes,
408 948 438 976 et
462 954 479 975 a
503 943 666 987 quibusvis
687 943 983 976 excommunicatio-

241 997 309 1038 nis,
335 998 549 1042 suspensionis
586 1004 616 1031 et
652 998 826 1037 interdicti,
852 998 981 1041 aliisque

243 1051 460 1085 ecclesiasticis
486 1051 658 1091 sententiis,
684 1051 826 1085 censuris
846 1057 875 1083 et
899 1062 978 1095 poe-

242 1105 301 1145 nis,
326 1116 342 1138 a
368 1105 435 1139 iure
460 1106 507 1139 vel
532 1106 570 1138 ab
595 1105 735 1146 homine,
764 1104 873 1148 quavis
898 1115 984 1138 occa-

244 1158 331 1192 sione
356 1159 402 1192 vel
431 1161 524 1192 causa
548 1159 636 1201 latis⁷
663 1159 687 1192 si
712 1158 827 1202 quibus
851 1169 983 1202 quomo-

244 1212 360 1245 dolibet
404 1212 569 1246 innodatus
604 1212 728 1252 existit,
760 1212 796 1244 ad
839 1211 983 1245 effectum

243 1266 454 1310 praesentium
472 1266 631 1300 dumtaxat
651 1265 918 1309 consequendum,
936 1266 986 1298 lia—

244 1331 314 1354 rum
341 1320 421 1353 serie
442 1320 637 1353 absolventes
662 1325 692 1352 et
716 1319 893 1352 absolutum
919 1320 985 1353 sore

246 1379 418 1414 censentes,
447 1373 731 1417 supplicationibus
763 1373 829 1405 eius
859 1373 986 1406 nomine

246 1426 336 1460 nobis
361 1437 455 1470 super
486 1427 546 1460 hoc
576 1426 740 1459 humiliter
765 1426 920 1470 porrectis
945 1426 987 1459 in-

247 1480 364 1520 clinati,
394 1480 431 1513 de
457 1480 682 1513 venerabilium
710 1480 841 1512 fratrum
868 1484 988 1513 nostro-

246 1545 317 1567 rum
344 1539 467 1567 sauctae
488 1534 646 1568 Romanae
668 1534 825 1567 Ecclesiae
849 1534 987 1566 cardina-

248 1588 322 1621 lium
348 1588 483 1630 negotiis
508 1593 537 1620 et
562 1587 843 1621 consultationibus
869 1588 989 1631 episco-

247 1652 363 1686 porum
382 1645 411 1675 ct
431 1641 624 1684 regularium
650 1641 903 1685 praepositorum
923 1641 989 1684 (qui

247 1699 373 1739 parim,
403 1705 524 1728 necnon
558 1695 705 1727 dilectum
738 1695 858 1738 pariter
890 1694 988 1727 filium

249 1755 462 1782 correctorem
485 1749 664 1791 generalem
688 1748 827 1780 eiusdem
855 1748 990 1787 Ordinis,

249 1812 284 1836 ac
316 1802 408 1834 etiam
441 1802 652 1835 venerabilem
687 1802 814 1834 fratrem
846 1807 988 1835 nostrum

250 1855 476 1888 Bernardinum
495 1857 677 1899 episcopum
700 1856 904 1888 Sabinensem
925 1866 991 1889 san-

250 1915 316 1943 ctae
343 1910 501 1943 Romanae
525 1910 683 1942 Ecclesiae
707 1910 864 1953 praefatae
889 1910 990 1943 cardi-

250 1963 352 1995 nalem
378 1963 511 2006 Spadam
536 1968 752 2006 nuncupatum
772 1963 845 1995 dicti
867 1963 992 1996 Ordinis

251 2016 333 2060 apud
346 2027 403 2049 nos
423 2023 453 2049 et
473 2017 583 2049 Sedem
600 2017 812 2060 Apostolicam
838 2021 993 2060 protecto-

251 2081 318 2103 rem
344 2071 468 2115 saepius
492 2072 666 2115 respective
690 2071 888 2112 audiverunt,
914 2082 989 2105 cau-

252 2135 381 2167 samque
415 2130 536 2157 mature
567 2124 783 2157 discusserunt
813 2131 842 2157 et
874 2125 911 2158 ad
937 2136 993 2158 nos

252 2179 440 2220 retulerunt)
455 2178 596 2220 consilio,
612 2178 783 2222 praefatam
798 2178 992 2221 provinciam

253 2231 409 2273 Belgicam
428 2231 565 2264 inunum
585 2242 709 2275 corpus,
727 2231 912 2265 auctoritate
924 2242 995 2275 apo-

253 2284 362 2318 stolica
380 2312 386 2325 ,
417 2290 525 2318 tenore
550 2285 760 2328 praesentium
776 2312 783 2326 ‚
810 2286 972 2318 reunimus
987 2313 994 2325 ‚

253 2338 450 2382 pristinoque
469 2343 498 2371 et
518 2338 545 2371 ei
569 2339 600 2371 in
625 2349 687 2382 quo
714 2344 784 2372 ante
810 2338 994 2372 divisionem

255 2392 472 2435 reperiebatur
495 2390 616 2435 statui¹,
646 2396 811 2436 utramque
836 2393 993 2426 nationem

256 2445 384 2489 eiusque
418 2450 589 2478 conventus
624 2446 681 2478 sub
713 2456 774 2480 uno
811 2447 996 2490 provinciali

256 2498 409 2540 unientes,
428 2498 633 2539 restituimus,
654 2500 748 2532 modo
773 2504 802 2533 et
827 2500 927 2534 forma
953 2500 997 2533 in-

293 2617 303 2642 1
327 2614 392 2642 Mate
412 2614 475 2642 edit.
498 2614 577 2643 Maia.
599 2614 664 2651 legit
683 2617 789 2643 elatum
808 2616 846 2651 (a.
869 2618 916 2651 τ.).

1010 247 1193 292 srascriptis,
1220 248 1372 281 videlicet:
1399 248 1515 288 Primo,
1534 247 1617 291 quod
1639 248 1751 280 fratres

1011 302 1195 335 Flandricae
1212 302 1269 334 sub
1291 302 1444 344 regimine
1462 301 1569 334 vicarii
1596 300 1752 343 generalis

1011 366 1046 388 ac
1065 355 1284 398 collegiarum'
1307 355 1522 387 amovibiliuin
1551 359 1753 398 perseverent

1013 419 1111 452 usque
1135 408 1173 440 ad
1199 408 1370 451 capitulum
1393 408 1585 451 provinciale
1612 406 1752 440 eiusdem

1012 462 1193 505 provinciae
1210 460 1352 503 Belgicae
1379 461 1522 504 proxime
1547 461 1576 493 in
1602 460 1755 493 Michaeli-

1013 515 1062 547 tiis
1087 515 1158 547 anni
1183 524 1300 548 ,uncina
1332 514 1572 547 celetuaiuluin:
1600 514 1754 553 Secundo,

1014 568 1147 601 babeant
1173 573 1279 601 votum
1307 567 1336 600 in
1362 567 1445 600 dicto
1471 567 1607 610 capitulo
1632 567 1755 610 provin-

1014 622 1083 656 ciali
1108 622 1181 655 anni
1206 632 1323 655 MDCLvi
1344 620 1526 653 huiusmodi
1553 621 1686 653 vicarius
1705 631 1756 663 ge-

1014 676 1128 708 neralis
1145 675 1354 708 Flandroruui
1374 685 1444 707 curn
1461 674 1525 707 suis
1539 674 1679 716 collegis,
1693 684 1755 706 non

1014 729 1118 761 minus
1143 739 1237 772 quam
1259 727 1461 772 provincialis
1486 732 1515 760 et
1536 727 1674 769 collegae
1691 727 1757 759 Val-

1016 784 1133 824 lonum,
1148 787 1177 815 et
1193 792 1345 815 numerus
1362 782 1535 814 electorum
1553 782 1650 823 aequa
1668 780 1756 813 lance

1015 837 1147 870 libretur
1171 837 1252 869 inter
1272 841 1440 880 utramque
1465 835 1641 874 nationem3
1659 844 1757 877 quare

1015 901 1072 934 pro
1097 890 1149 923 illa
1175 890 1241 923 vice
1265 894 1385 922 tantum
1415 893 1619 932 compareant
1644 897 1753 920 corre-

1016 949 1118 977 ctores
1153 954 1187 977 ac
1213 942 1373 976 commissi
1395 946 1606 975 conventuum
1627 941 1758 974 Antuer-

1016 997 1151 1040 piensis‚
1178 995 1407 1038 Bruxellensis⁷
1433 994 1757 1035 Gerardiinontensis,

1016 1062 1052 1084 ac
1072 1050 1251 1084 Leodicnsis
1276 1061 1335 1094 pro
1359 1050 1484 1083 natione
1514 1049 1697 1091 Flandrica,
1723 1059 1757 1082 ac

1018 1109 1228 1137 conventuum
1269 1103 1532 1145 tandei-lacensis,
1568 1103 1758 1145 lnsulensis‚

1018 1159 1186 1192 Montensis
1211 1163 1240 1191 et
1263 1158 1433 1191 Duacensis
1457 1168 1515 1201 pro
1539 1157 1665 1190 natione
1690 1157 1760 1189 val-

1019 1212 1139 1251 lonica3
1157 1223 1214 1244 nec
1239 1212 1364 1244 interim
1394 1212 1432 1244 ab
1450 1214 1511 1244 una
1531 1211 1577 1244 vel
1595 1211 1654 1243 alia
1673 1214 1760 1254 parte

1019 1277 1118 1299 novus
1152 1266 1397 1299 correctoriatus
1433 1266 1593 1308 erigatur:
1629 1265 1760 1304 Tertio,

1020 1319 1194 1363 praesideat
1219 1319 1249 1351 in
1278 1320 1331 1352 illo
1357 1319 1492 1363 capitulo
1522 1319 1653 1351 dilectus
1678 1319 1761 1351 lilius

1020 1379 1126 1407 noster
1151 1379 1179 1406 et
1205 1373 1292 1406 Sedis
1319 1375 1476 1417 praefatae
1502 1374 1532 1405 iu
1558 1373 1683 1415 Belgico
1708 1373 1758 1404 in-

1020 1427 1208 1467 ternuntius,
1225 1433 1277 1459 aut
1306 1428 1343 1459 ab
1369 1438 1415 1468 eo,
1442 1427 1465 1459 si
1486 1426 1594 1459 adesse
1620 1437 1681 1459 non
1706 1438 1761 1470 po-

1021 1482 1102 1522 terit,
1120 1481 1367 1521 substituendus,
1386 1481 1424 1513 ad
1445 1480 1623 1524 sopiendas,
1642 1480 1665 1512 si
1683 1492 1762 1524 quae

1022 1540 1236 1574 occurrerent,
1251 1534 1459 1573 dillicultatcs;
1472 1534 1524 1577 qui
1542 1534 1763 1573 internuntius,

1022 1595 1074 1622 aut
1091 1589 1128 1622 ab
1149 1600 1185 1622 eo
1207 1589 1403 1629 substitutus,
1423 1589 1592 1632 capitulum
1616 1599 1765 1621 convoca-

1024 1643 1068 1677 bit
1093 1644 1122 1675 in
1148 1647 1302 1676 conventu
1334 1642 1538 1681 ssruwllonsi,
1561 1647 1613 1674 aut
1639 1642 1762 1675 Ander-

1024 1697 1149 1735 laccnsi,
1164 1702 1257 1740 prout
1275 1697 1385 1729 melius
1401 1696 1546 1740 expedire
1566 1696 1764 1728 iudicaverit:

1023 1750 1160 1791 Quarto⁷
1192 1750 1327 1782 liberum
1361 1750 1399 1782 sit
1431 1750 1505 1781 inibi
1540 1749 1765 1793 provincialem

1024 1804 1140 1846 eligere
1165 1803 1203 1835 de
1229 1803 1351 1845 gremio
1376 1803 1570 1839 Vallonicae,
1596 1803 1643 1835 vel
1669 1803 1763 1835 Flan-

1024 1857 1129 1890 dricae
1154 1857 1305 1891 nationis:
1331 1856 1384 1889 sed
1410 1867 1569 1900 [astutulo
1590 1856 1627 1889 de
1645 1856 1767 1899 gremio

1025 1911 1208 1943 Flandricae
1222 1910 1326 1949 fuerit,
1341 1914 1504 1944 teneantur
1516 1910 1657 1954 sequenti
1677 1910 1768 1942 trien-

1025 1965 1077 1997 nio
1104 1965 1190 1997 illum
1217 1965 1334 2007 eligere
1365 1964 1403 1997 de
1433 1964 1556 2007 gremio
1583 1964 1768 2004 Vallonicae,

1026 2023 1078 2050 aut
1103 2018 1273 2057 viceversa‚
1290 2022 1319 2051 et
1343 2018 1383 2051 ila
1408 2017 1556 2061 deinceps
1573 2018 1768 2057 alternat.im;

1026 2077 1223 2104 correctores
1248 2077 1352 2104 autem
1380 2077 1589 2104 conventuum
1620 2071 1770 2104 Flandro-

1027 2136 1096 2157 rum
1123 2135 1248 2168 semper
1269 2125 1426 2167 eligentur
1452 2135 1468 2157 e
1493 2125 1615 2167 gremio
1636 2125 1770 2158 nationis

1028 2179 1220 2220 Flandricae⁷
1240 2179 1321 2211 sieut
1340 2190 1356 2211 e
1374 2179 1497 2221 gremio
1514 2179 1691 2212 Vallonicae
1712 2190 1770 2223 pro

1029 2233 1214 2266 Vallonicis:
1241 2233 1373 2273 Quinto,
1400 2243 1415 2265 e
1440 2233 1563 2275 gremio
1589 2233 1771 2265 Flandricae

1028 2286 1162 2319 nationis
1194 2291 1381 2319 censeantur
1414 2286 1561 2327 Ftandri,
1587 2286 1772 2319 Leodienses

1028 2350 1086 2383 pro
1107 2350 1199 2380 nunc,
1218 2345 1246 2372 et
1267 2340 1318 2372 alii
1344 2340 1539 2383 provinciam
1567 2339 1658 2372 bodie
1683 2340 1771 2373 Flan-

1030 2393 1148 2426 dricam
1175 2393 1417 2431 constituentes3
1445 2398 1472 2425 et
1499 2392 1643 2426 similiter
1664 2404 1679 2426 e
1705 2404 1772 2436 gre-

1031 2447 1093 2479 mio
1108 2447 1272 2479 Vallonum
1288 2445 1450 2479 Vallones‘Z
1464 2451 1493 2479 et
1510 2447 1559 2479 alii
1576 2447 1770 2491 provinciam

1030 2500 1123 2534 hodie
1158 2500 1350 2533 Vallouicam
1380 2500 1625 2534 constituentes:
1662 2501 1771 2541 Sexto,

1067 2574 1077 2598 1
1097 2571 1206 2597 Videtur
1221 2571 1365 2605 legendum
1381 2572 1554 2603 collessarum
1572 2574 1608 2598 (n.
1626 2572 1674 2607 τ.).

1013 2627 1014 2634 i
1065 2618 1081 2643 ⁶2
1102 2616 1171 2644 Edit.
1190 2616 1268 2645 Main.
1286 2616 1350 2651 legit
1370 2617 1502 2645 Vallouos
1517 2619 1554 2652 (a.
1567 2617 1616 2652 τ.).

1672 189 1714 223 95
1760 199 1811 226 Aa.
1834 197 1860 224 c.
1885 198 1952 224 1655
