2243 3205
310 222 356 246 An.
373 220 401 247 C.
425 221 490 247 1658

368 281 490 301 Ptaeamucz

309 308 392 328 litter-1³
412 311 490 327 statum

310 338 400 360 ternpore·
409 341 426 353 tu
436 340 481 354 vnrn

309 367 330 380 {a
354 361 491 386 pulsandas

309 388 373 409 nibet.

336 1234 445 1254 thermum
462 1236 486 1254 ir-

334 1270 376 1280 asu«,

536 212 600 244 :J'i'i

551 271 565 312 ξς
589 268 618 301 8.
637 269 791 308 Ceterum,
809 274 841 301 ut
858 274 1038 312 praesentes
1058 269 1178 301 litterae
1195 268 1243 301 de-

506 320 587 354 bitae
604 321 781 355 executioni
800 321 1038 362 demandentur,
1056 322 1243 366 illarumque

506 375 682 417 ignorantia
700 386 716 407 a
734 374 857 407 nemine
881 375 1040 418 praetendi
1059 375 1166 418 possit,
1188 386 1242 407 nec
1260 382 1261 399 ³

506 428 537 460 in
562 427 749 460 oblivionem
783 433 812 460 et
843 428 1079 462 desuetudinem
1111 428 1242 467 abeant,

506 486 679 513 memorato
706 481 821 514 vicario
856 485 963 524 nostro
997 481 1125 525 eiusque
1150 481 1243 513 vices-

504 533 624 576 gerenti
650 533 858 577 iniungimus,
883 540 916 567 ut
940 534 1121 568 earumdem
1147 544 1239 577 prae-

504 586 637 619 sentium
666 592 806 620 tenorem
839 587 869 620 in
902 588 1017 621 idioma
1047 588 1174 629 vulgare
1199 588 1239 618 ti-

504 639 614 673 deliter
639 640 811 681 transferri,
829 652 864 674 ac
883 641 1065 673 translatum
1091 639 1242 683 imprimi,

505 699 534 726 et
558 698 644 726 sexto
666 704 791 737 quoque
816 704 932 734 mense,
948 703 1060 737 nempe
1084 692 1259 726 doriiiiiica‹

503 746 606 790 prima
633 746 789 779 Adventus
818 751 847 780 et
871 746 1027 780 dominica
1057 746 1147 778 tertia
1171 750 1242 789 post

503 800 717 832 Pentecostem
741 800 769 832 in
787 799 914 843 publica
940 800 1048 832 mensa
1069 798 1241 843 praedicto-

503 863 571 884 rum
591 852 854 886 monasteriorum
871 852 1043 896 respective
1055 851 1174 895 perlegi
1192 862 1241 884 cu-

502 909 581 945 rent,
598 905 656 938 sub
675 905 792 938 eisdem
817 905 926 949 poenis
948 905 1131 949 privationis
1157 904 1240 937 vocis

501 957 619 991 activae
639 964 669 991 et
688 959 828 1002 passivae
845 969 880 991 ac
905 958 1092 999 officiorum,
1121 963 1184 991 tam
1203 957 1240 990 ab

503 1011 667 1044 abbatissis
692 1017 721 1044 et
749 1011 918 1055 priorissis,
939 1021 1031 1055 quam
1056 1021 1073 1043 a
1098 1010 1239 1054 superio-

503 1064 589 1096 ribus
621 1064 782 1105 localibus,
807 1076 844 1098 eo
869 1064 937 1108 ipso
962 1063 1180 1106 incurrendis,
1205 1074 1240 1096 ac

503 1117 746 1160 reintegratione
760 1117 908 1150 adversus
926 1128 1041 1161 poenas
1058 1116 1239 1150 huiusmodi

503 1169 572 1202 Sedi
599 1169 776 1213 praedictae
802 1175 921 1202 tantum
948 1170 1117 1202 reservata.

547 1223 606 1266 ἓξ).
628 1223 835 1255 Decernentes
860 1222 941 1266 ipsas
965 1227 1144 1266 praesentes
1164 1221 1240 1254 litte-

503 1288 563 1318 ωε,
580 1280 610 1310 et
633 1275 663 1308 in
684 1275 728 1308 eis
748 1280 892 1310 contenta
916 1286 1125 1320 quecumque,
1147 1274 1238 1307 etiam

502 1341 538 1362 ex
556 1341 593 1362 eo
610 1329 694 1373 quod
711 1329 851 1373 quilibet,
865 1329 957 1362 etiam
974 1328 1101 1372 speciali
1122 1329 1194 1361 nota
1211 1333 1241 1360 et

501 1383 702 1426 expressione
727 1382 823 1425 digni,
841 1383 871 1415 in
891 1382 1072 1426 praemissis
1090 1381 1239 1415 interesse

501 1436 662 1477 habentes,
680 1448 735 1469 seu
753 1437 869 1469 babere
886 1435 1123 1480 quomodolibet
1146 1446 1238 1479 prae-

503 1490 674 1531 tendentes,
700 1490 759 1523 illis
785 1500 846 1522 non
873 1489 1099 1530 consenserint,
1124 1494 1177 1521 aut
1201 1488 1239 1522 ad

501 1554 537 1576 ca
563 1544 663 1577 vocati
689 1549 718 1577 et
742 1543 848 1585 auditi,
875 1554 929 1576 seu
954 1554 1085 1585 causae,
1109 1547 1239 1586 propter

501 1607 578 1640 quas
603 1597 728 1630 eaedem
754 1601 935 1640 praesentes
959 1601 1160 1636 emanarunt,
1185 1595 1238 1628 ad-

501 1651 623 1692 ductae,
638 1650 814 1683 verilicatae
830 1656 882 1683 aut
897 1650 1080 1683 iustiticatae
1098 1660 1160 1683 non
1177 1650 1239 1682 sue-

500 1704 573 1745 rint,
594 1709 647 1736 aut
666 1715 702 1737 ex
728 1703 786 1736 alia
811 1714 1010 1747 quacumque
1039 1703 1238 1746 ‹prantumvis

501 1757 552 1802 pia
573 1762 602 1790 et
630 1757 826 1801 privilegiata
856 1758 971 1798 causa,
1000 1756 1125 1798 colore,
1153 1767 1238 1800 prae-

501 1817 586 1843 textu
619 1817 648 1844 et
673 1810 785 1854 capite,
811 1810 903 1843 ctiam
937 1810 967 1842 in
995 1820 1131 1854 corpore
1161 1810 1238 1845 iuris

501 1865 617 1905 clauso,
634 1864 720 1897 nullo
745 1874 880 1907 unquam
906 1869 1047 1908 tempore
1072 1864 1109 1897 de
1134 1865 1238 1898 subre-

501 1918 626 1962 ptionis,
645 1918 690 1951 vel
709 1917 901 1961 obreptionis
918 1920 970 1950 aut
985 1917 1136 1950 nullitatis
1153 1918 1237 1959 vitio,

501 1981 555 2004 seu
577 1970 755 2003 intentionis
772 1975 897 2003 nostrae
916 1970 1016 2003 aliove
1031 1970 1171 2014 quolibet
1188 1971 1238 2005 de-

502 2025 583 2057 fectu
611 2024 724 2064 notari,
747 2023 937 2067 impugnari,
966 2023 997 2055 in
1026 2023 1072 2056 ius
1102 2025 1148 2056 vel
1169 2035 1238 2058 con-

502 2077 686 2111 troversiam
725 2077 889 2116 revocari,
922 2076 959 2109 ad
986 2077 1136 2110 terminos
1161 2077 1238 2111 iuris

501 2130 607 2164 reduci
626 2158 634 2171 ,
659 2136 711 2163 aut
735 2130 884 2163 adversus
917 2130 984 2162 illas
1017 2130 1238 2174 quodcumque

502 2184 593 2227 iuris,
614 2184 694 2225 sacti,
720 2183 767 2216 vel
792 2184 911 2225 gratiae
937 2183 1111 2216 remedium
1133 2184 1234 2228 impe-

501 2237 577 2271 trari
602 2248 704 2281 posse,
723 2236 776 2270 sed
793 2236 890 2269 dictas
907 2241 1088 2280 praesentes
1113 2248 1238 2281 semper

501 2292 619 2331 firmas,
639 2290 754 2324 validas
771 2296 800 2324 et
814 2290 955 2324 efficaces
969 2290 1101 2324 existere
1115 2296 1144 2324 et
1161 2292 1237 2334 sore,

501 2355 536 2379 ae
561 2344 598 2377 ab
623 2344 768 2377 omnibus
793 2348 823 2377 et
846 2343 987 2386 singulis,
1008 2343 1046 2376 ad
1071 2355 1150 2387 quos
1167 2355 1238 2388 spe-

501 2404 563 2431 ctat
582 2403 612 2431 et
632 2409 690 2442 pro
719 2403 859 2441 tempore
885 2397 1147 2441 quandocumque
1170 2408 1239 2442 spe-

502 2451 607 2493 ctabit,
629 2450 850 2484 inviolabiliter
875 2450 1053 2491 observari,
1078 2450 1184 2494 sicque
1209 2456 1239 2484 et

502 2515 564 2537 non
589 2504 678 2537 aliter
703 2504 733 2536 in
751 2503 930 2547 praemissis
949 2513 1006 2547 per
1023 2514 1238 2548 quoscumque

503 2557 619 2590 iudices
636 2557 813 2590 ordinarios
830 2562 860 2590 et
873 2557 1042 2600 delegatos,
1061 2557 1153 2590 etiam
1170 2567 1238 2590 cau-

502 2620 606 2642 sarum
643 2610 746 2653 palatii
786 2609 948 2653 apostolici
987 2609 1170 2652 auditores,
1203 2620 1238 2642 ae

1089 220 1267 245 nL'LLAfflUM
1293 220 1446 243 ROMANUM

1278 267 1416 301 eiusdem
1443 268 1471 300 S.
1493 268 1526 301 R.
1548 268 1580 300 13.
1600 268 1782 308 cardinales,
1800 269 1891 302 etiam
1916 268 1954 301 de
1971 268 2013 301 la-

1279 326 1343 353 tere
1361 321 1490 363 legatos,
1513 326 1542 353 et
1559 320 1636 353 alios
1655 320 1820 364 quoslibet,
1838 321 1946 365 quavis
1963 331 2014 353 au-

1278 373 1420 407 ctoritate
1445 379 1474 406 et
1499 377 1652 417 potestate
1673 373 1836 416 fungentes
1861 380 1888 406 et
1914 385 2013 417 qnan-

1277 427 1455 470 doeumque
1480 427 1661 468 suncturos,
1686 426 1807 459 sublata
1833 426 1877 459 eis
1902 432 1931 459 et
1955 438 2009 460 eo-

1277 490 1347 512 rum
1380 479 1508 512 cuilibet
1535 479 1642 523 quavis
1675 479 1764 512 aliter
1796 478 1952 512 iudicandi
1985 483 2015 514 et

1259 532 1502 576 'interpretandi
1528 532 1671 566 facultate
1695 538 1725 565 et
1749 532 1944 573 auctoritate,
1969 531 2014 564 iu-

1276 584 1374 618 dicari
1399 590 1429 618 et
1454 585 1577 618 definiri
1612 585 1748 626 debere,
1774 595 1810 618 ac
1833 584 1957 618 irritum
1985 589 2015 617 et

1277 637 1377 678 inane,
1391 637 1416 670 si
1436 648 1526 670 secus
1545 648 1638 681 super
1656 637 1704 670 his
1721 648 1738 670 a
1755 647 1925 681 quoquam,
1942 648 2015 681 qua-

1277 690 1321 723 vis
1349 690 1551 731 auctoritate,
1577 690 1710 724 scienter
1735 691 1782 724 vel
1808 690 2014 734 ignoranter,

1275 743 1443 786 contigerit
1463 742 1617 777 attentari.

1320 797 1335 839 ἐ
1361 796 1408 830 10.
1434 797 1502 830 Non
1527 796 1723 830 obstantibus
1744 796 1942 841 praemissis,
1967 807 2014 836 ac,

1275 855 1428 894 quatenus
1445 861 1524 894 opus
1544 850 1597 891 sit,
1627 852 1731 884 nostra
1756 855 1786 883 et
1811 849 2015 883 cancellariae

1275 903 1464 947 apostolicae
1488 904 1599 947 regula
1631 903 1669 937 de
1697 913 1759 936 non
1786 902 1922 936 tollendo
1944 902 2014 936 iure

1275 956 1426 1000 quaesito,
1451 956 1582 1000 aliisque
1603 955 1880 990 constitutionibus
1904 960 1934 989 et
1958 966 2011 989 or-

1275 1009 1488 1043 dinationibus
1523 1009 1720 1054 apostolicis,
1750 1019 1873 1043 necnon
1905 1018 2013 1043 mona-

1275 1062 1455 1105 steriorum,
1472 1068 1694 1104 conventuum,
1708 1061 1865 1104 ordinum,
1886 1072 2015 1105 congre·

1275 1116 1437 1159 gationum
1463 1121 1493 1149 et
1518 1116 1734 1150 institutorum
1763 1115 1959 1157 huiusmodi,
1985 1119 2016 1150 et

1275 1168 1343 1201 aliis
1368 1168 1544 1212 quibusvis,
1569 1169 1661 1203 etiam
1687 1169 1873 1211 iuramento,
1899 1168 2014 1202 confir-

1276 1223 1411 1256 matione
1435 1223 1616 1266 apostoliea,
1635 1223 1681 1255 vel
1698 1223 1758 1255 alia
1784 1221 1892 1266 quavis
1917 1221 2014 1255 firmi·

1276 1282 1335 1309 tate
1350 1276 1515 1316 roboratis,
1537 1276 1658 1309 statutis
1676 1281 1705 1309 et
1723 1275 2013 1316 consuetudinibus,

1275 1330 1366 1363 etiam
1392 1329 1713 1370 immemorabilibus,
1738 1328 1912 1373 privilegiis
1935 1339 2013 1373 quo-

1274 1394 1349 1427 que,
1374 1382 1501 1416 indultis
1530 1389 1559 1415 et
1587 1382 1699 1415 litteris
1728 1382 1925 1426 apostolicis,
1957 1382 2013 1415 sub

1273 1436 1525 1480 quibuscumque
1543 1435 1711 1468 verborum
1731 1434 1891 1468 tenoribus
1912 1439 1942 1468 et
1954 1435 2014 1468 sor-

1274 1490 1352 1531 mis,
1376 1501 1411 1524 ac
1436 1501 1506 1524 cuni
1533 1490 1695 1534 quibusvis
1721 1489 1814 1523 etiarn
1847 1489 2014 1532 derogato-

1275 1545 1392 1577 riarum
1418 1544 1648 1587 derogatoriis,
1673 1543 1804 1586 aliisque
1829 1542 2011 1577 efficaciori-

1274 1597 1349 1638 bus,
1374 1597 1598 1630 efficacissimis
1623 1602 1652 1630 et
1677 1596 1810 1630 insolitis
1844 1595 2011 1638 clausulis,

1274 1651 1532 1694 irritantibusque
1546 1655 1575 1684 et
1596 1650 1663 1683 aliis
1684 1650 1828 1691 decretis,
1847 1649 1876 1682 in
1897 1659 2013 1692 genere

1275 1707 1320 1739 vel
1352 1706 1381 1738 in
1414 1705 1537 1749 specie,
1573 1717 1608 1737 ac
1643 1704 1718 1737 alias
1754 1704 1784 1736 in
1819 1703 2010 1737 eontrarium

1274 1759 1520 1803 praemissorum
1560 1757 1796 1801 quomodolibet
1835 1758 2012 1796 concessis,

1273 1812 1466 1846 confirmatis
1486 1816 1516 1844 et
1540 1811 1710 1851 innovatis3
1728 1810 1842 1854 quibus
1866 1811 2012 1845 omnibus

1273 1872 1302 1900 et
1326 1865 1468 1908 singulis,
1494 1865 1613 1898 ctiamsi
1627 1876 1685 1909 pro
1706 1864 1832 1898 illorum
1846 1865 2012 1899 sufficienti

1272 1919 1476 1961 derogatione
1500 1918 1537 1951 de
1572 1917 1633 1951 illis
1666 1928 1841 1963 eorumque
1866 1919 1938 1952 totis
1969 1922 2012 1953 te-

1272 1973 1402 2006 noribus
1428 1972 1592 2016 specialis,
1618 1971 1781 2015 specifica,
1810 1982 1958 2015 expressa
1982 1978 2012 2006 et

1273 2026 1441 2066 individua,
1467 2036 1502 2058 ac
1527 2025 1564 2058 de
1590 2025 1686 2058 verbo
1719 2024 1756 2057 ad
1782 2025 1924 2066 verbmn,
1948 2036 2011 2059 non

1272 2085 1375 2112 autem
1401 2089 1458 2122 per
1479 2079 1634 2112 clausulas
1660 2078 1824 2121 generales
1848 2077 1931 2111 idem
1953 2078 2010 2111 im—

1272 2137 1451 2176 portantes,
1488 2131 1605 2164 mentio
1639 2141 1692 2163 seu
1724 2130 1852 2174 quaevis
1876 2131 1935 2164 alia
1960 2142 2012 2164 ex-

1272 2185 1392 2229 pressio
1417 2184 1556 2218 facienda
1582 2190 1635 2217 aut
1659 2184 1762 2227 aliqua
1781 2184 1840 2216 alia
1858 2184 2012 2228 exquisita

1273 2239 1373 2272 forma
1397 2238 1434 2270 ad
1459 2237 1520 2270 hoc
1541 2237 1692 2270 servanda
1710 2237 1799 2277 soret,
1816 2237 1941 2271 illorum
1967 2243 2012 2271 te-

1272 2301 1375 2332 nores,
1400 2291 1516 2324 formas
1541 2296 1570 2323 et
1594 2290 1775 2324 occasiones
1795 2290 2012 2334 praesentibus

1273 2354 1331 2387 pro
1348 2343 1439 2387 plene
1452 2348 1482 2376 et
1496 2343 1687 2376 sufficienter
1701 2343 1866 2386 expressis,
1883 2343 2012 2376 servatis

1273 2403 1302 2430 et
1327 2396 1450 2430 insertis
1478 2396 1651 2440 respective
1673 2396 1832 2437 habentes,
1852 2396 1913 2430 illis
1936 2397 2011 2430 alias

1273 2450 1304 2482 in
1323 2460 1380 2483 suo
1394 2449 1509 2483 robore
1527 2449 1753 2493 permansuris,
1771 2448 1808 2481 ad
1825 2449 2012 2493 praemisso-

1273 2514 1342 2536 rum
1369 2503 1513 2537 effectum
1540 2502 1716 2547 specialiter
1741 2508 1770 2536 et
1794 2513 1938 2547 expresse
1962 2502 2012 2536 de-

1272 2566 1442 2599 rogamus;
1473 2556 1648 2600 ceterisque
1681 2555 1845 2589 contrariis
1875 2555 2008 2600 quibus-

1273 2621 1416 2653 cumque.

2029 220 2077 246 An.
2094 220 2121 247 C.
2144 221 2206 250 ¹658
2242 234 2243 238 ¹

2055 808 2166 831 Contrarii·
2172 810 2205 832 de·
2240 814 2241 820 ¹

2029 837 2096 861 rogat.
