2263 3215
516 206 524 237 l
536 206 576 236 *sto
1052 213 1230 238 nerianum

476 261 666 302 inliruiitate,
688 271 742 293 seu
761 261 866 304 aliquo
894 272 1094 305 quocumque
1120 262 1213 305 impe-

474 315 612 347 dimento
638 314 780 353 detentis,
801 315 854 357 qui
876 325 971 358 supra
998 325 1144 358 expressa
1167 316 1211 347 rel

474 379 582 400 vorum
609 368 711 411 aliqua
744 373 903 411 praestare
935 368 1154 410 nequiret-int,
1180 363 1231 428 mi

475 421 524 451 illa
546 420 754 452 confessarius
771 430 806 452 ex
825 420 885 452 iam
906 420 1086 464 approbatis
1104 420 1142 452 ab
1160 420 1213 453 Or·
1229 429 1231 470 t

473 473 601 505 dinariis
626 479 696 506 ante
721 475 931 517 praesentium
957 471 1230 517 publication‹‚=m,¹

473 538 524 558 seu
544 527 765 570 approbandis,
785 527 828 560 eis
851 528 879 560 in
897 528 956 560 alia
974 527 1094 571 pietatis
1116 537 1211 570 opera
1228 552 1230 574 ἶ

472 586 677 619 roumiulare,
703 580 749 612 vel
776 580 806 612 in
831 580 913 613 aliud
933 581 1111 624 proximum
1135 585 1230 619 tem-3'

473 645 530 675 pus
563 644 737 677 prorogare
770 635 887 678 possit,
920 645 1018 677 eaque
1048 623 1229 682 iniungere,¹

471 698 550 729 quae
577 687 635 730 ipsi
665 688 858 731 poenitentes
889 688 1012 720 efficere
1045 686 1229 730 potei·unt,]

473 741 588 782 pariter
606 741 806 774 concedimus
824 747 851 773 ct
869 741 1077 783 indulgemus.

517 795 531 836 ὲ
555 794 583 826 5.
611 794 741 838 Insuper
765 794 911 827 omnibus
932 798 960 827 et
980 793 1112 836 singulis
1130 793 1210 826 cliri-

272 839 333 879 ι”..”.’ῗ“Ἶ
399 839 657 880 ’”Ὶ“’.<Ιί1ἰι]ι·1ὼιιε
692 848 854 891 utriusque
885 858 1001 887 sexus,
1032 853 1091 879 tam
1124 847 1228 889 laicisl

471 911 563 943 quam
589 900 817 939 ecclesiasticis,
843 901 1037 933 secularilms
1066 905 1094 932 et
1118 892 1228 942 regu-y

471 954 599 993 laribus,
621 954 757 988 cuiusvis
782 954 927 995 Ordinis,
957 954 1209 997 congregationis

471 1011 500 1041 ct
525 1007 666 1047 instituti,
686 1012 746 1039 tam
773 1007 802 1039 in
829 1007 910 1039 Urbe
936 1007 1096 1050 praedicta
1115 1018 1207 1050 quam

470 1065 556 1092 extra
575 1070 642 1092 eain
662 1060 779 1103 ubique
795 1059 950 1096 locorum,
969 1063 1001 1092 ut
1022 1061 1208 1102 praefertur,

469 1113 674 1155 degentibus,
700 1113 856 1145 licentiam
882 1113 1083 1145 concedimus
1112 1119 1142 1145 et
1167 1114 1209 1145 l'a-

470 1167 637 1207 cultatem,
663 1171 695 1201 ut
719 1166 776 1199 sibi
802 1166 839 1199 ad
866 1167 948 1199 liunc
974 1166 1120 1199 effectum
1155 1166 1227 1208 cli-¹

469 1230 543 1262 gere
576 1220 696 1264 possint
727 1231 957 1264 quemcumque
987 1219 1206 1264 presbyterum

471 1274 500 1304 iu
521 1273 757 1313 confessarium,
779 1278 839 1305 tam
856 1274 1029 1305 secularem
1048 1284 1141 1316 quam
1159 1284 1209 1306 eu-

471 1326 564 1358 iusvis
589 1325 713 1358 Ordinis
737 1326 927 1368 regularem,
953 1336 988 1358 ex
1014 1326 1208 1369 approbatis,

471 1386 499 1411 ut
528 1379 748 1423 praemittitur,
763 1390 779 1411 a
802 1380 943 1412 locorum
958 1379 1140 1420 Ordinariis,
1155 1380 1206 1423 qui

469 1444 521 1465 eos
538 1433 576 1465 ab
593 1433 739 1466 omnibus
771 1433 1114 1473 excommunicationis,
1140 1443 1207 1465 sus—

470 1487 628 1529 pensionis
656 1492 686 1519 et
705 1486 773 1519 aliis
802 1486 1019 1519 ecclesiasticis
1046 1486 1207 1518 sententiis

469 1545 498 1571 rt
522 1540 674 1580 censuris,
691 1550 708 1572 a
726 1539 793 1572 iure
811 1540 856 1571 vel
882 1539 920 1571 ab
946 1538 1082 1577 homine,
1099 1539 1208 1582 quavis

468 1594 561 1625 eausa
579 1593 648 1625 latis
665 1603 720 1625 seu
748 1592 884 1632 inflictis,
904 1602 1025 1625 necnon
1052 1593 1090 1624 ab
1111 1593 1208 1625 omni-

467 1646 525 1678 bus
545 1646 682 1689 peccatis
697 1673 704 1686 ,
732 1645 932 1685 excessibus,
965 1645 1149 1677 criminibus
1179 1650 1209 1677 et

468 1699 588 1732 delictis
616 1699 816 1743 quantumvis
837 1698 984 1741 gravibus
1013 1703 1041 1730 et
1070 1698 1205 1731 enormi·

467 1753 536 1793 bus,
561 1753 653 1785 etiam
672 1753 814 1786 locorum
834 1751 1007 1785 Ordinariis
1035 1751 1099 1784 sive
1116 1751 1207 1784 nobis

468 1810 497 1839 el
523 1805 594 1839 Sedi
616 1805 811 1849 Apostolicae
836 1805 928 1837 etiam
955 1805 984 1836 in
1016 1804 1128 1837 litteris
1156 1804 1205 1836 die

467 1860 587 1893 Coenae
612 1859 735 1892 Domini
768 1858 828 1900 legi
862 1858 960 1890 solitis
992 1857 1146 1890 contentis
1177 1863 1207 1890 et

467 1912 542 1944 alias
566 1922 622 1956 per
645 1922 861 1956 quascumque
881 1916 1004 1944 nostras
1028 1914 1081 1943 aut
1098 1911 1224 1943 Roma-¹

466 1975 580 1998 nortun
595 1965 781 1998 Pontificum
795 1964 1071 2008 praedecessorum
1086 1969 1206 1996 nostro-

467 2030 537 2052 rum
556 2019 949 2061 constitutiones,quarum
977 2023 1101 2050 tenores
1121 2027 1206 2060 prae-

467 2072 606 2105 sentibus
630 2072 738 2105 haberi
765 2071 908 2104 volumus
941 2082 997 2114 pro
1027 2070 1205 2114 expressis,

467 2126 765 2169 quomodocumque
791 2125 967 2165 reservatis,
988 2124 1019 2156 in
1044 2124 1112 2157 soro
1137 2134 1206 2156 con-

467 2180 624 2223 scientiae,
649 2185 679 2213 et
703 2180 761 2212 liae
782 2180 848 2212 vice
868 2184 987 2211 tantum
1006 2179 1081 2221 (non
1103 2183 1206 2210 tamen

466 2244 482 2266 a
508 2234 640 2266 crimine
665 2233 817 2276 haeresis)
843 2232 1006 2265 absolvere
1026 2237 1056 2264 et
1072 2231 1206 2263 liberare

467 2288 605 2327 valeant,
624 2292 653 2320 et
671 2287 797 2329 insuper
816 2291 884 2319 vota
905 2294 1123 2328 quaecumque
1148 2284 1207 2326 (re-

466 2340 592 2383 ligionis
618 2345 647 2372 vt
672 2339 821 2372 castitatis
846 2338 996 2382 exceptis)
1019 2338 1047 2370 in
1073 2338 1132 2370 alia
1156 2337 1205 2381 pia

467 2399 496 2426 et
521 2394 668 2427 salutaria
694 2404 790 2436 opera
821 2398 1037 2431 commutare,
1068 2391 1204 2423 iniuncta

468 2453 569 2480 lamen
594 2448 638 2480 eis
664 2451 692 2480 ct
717 2458 827 2480 eorum
854 2446 983 2479 cuilibet
1007 2446 1037 2478 in
1062 2444 1206 2488 supradi-

467 2500 523 2533 ctis
550 2501 694 2533 omnibus
716 2500 839 2533 casibus
860 2499 1049 2543 poenitentia
1067 2497 1204 2538 salutari,

466 2554 596 2597 aliisque
621 2554 758 2586 eiusdem
785 2553 965 2586 confessarii
999 2552 1128 2585 arbitrio
1161 2552 1204 2584 in-

277 216 323 239 λιι,
347 215 372 238 tl.
401 214 465 239 lt».'›('1

467 2608 639 2651 iungendis.

1255 212 1408 238 nouantur
2001 211 2050 237 An.
2066 207 2103 238 c(
2118 202 2180 241 teat}

1292 263 1348 304 gli.
1364 264 1573 305 Quapropter,
1591 265 1700 294 tenore
1717 260 1942 303 praesentium,
1956 259 1986 291 in
2029 271 2116 292 ominati
2129 273 2180 294 utne-

1249 315 1360 347 rirtute
1382 320 1505 346 sanctae
1526 313 1721 346 obedientiae
1739 313 1880 345 districte
1898 301 2180 356 p1·ae-{5tl¹¹‘p⁰ul‚ll33‡lf¹¹'

1248 369 1382 411 cipimus
1409 371 1437 401 et
1463 366 1648 399 mandamus
1682 366 1829 399 omnibus
1863 371 1891 398 et
1917 365 1986 408 qui-

1249 421 1445 463 buscumque
1483 419 1713 453 venerabilibus
1749 419 1897 452 fratribus
1933 428 1986 461 pa-

1248 473 1403 512 triarchis,
1419 473 1676 516 archiepiscopis,
1695 472 1852 515 episcopis
1872 476 1902 504 et
1919 471 1986 504 aliis

1247 526 1375 558 eeclesia
1383 537 1449 558 rum
1466 526 1604 569 prelatis,
1620 536 1653 558 ae
1667 525 1917 569 quibuscumque
1935 524 1987 557 Or—

1246 579 1375 611 ‹linariis
1393 579 1534 612 locorum
1557 579 1748 622 ubicumque
1773 578 1985 619 existentibus,

1246 642 1421 674 corumque
1447 632 1571 664 x'Icariis
1596 638 1625 665 et
1649 631 1847 671 officialibus,
1873 631 1930 671 vel,
1950 631 1986 663 iis

1246 685 1480 725 deficientibus,
1511 685 1571 717 illis
1595 685 1648 729 qui
1673 696 1780 717 curam
1807 685 1985 717 animarum

1227 741 1400 779 1‹:x‹=i'rt·ttl,
1420 743 1461 777 ut,
1481 749 1550 770 eum
1574 738 1785 781 praesentium
1810 737 1985 770 litterarum

1227 787 1439 833 'traustuupta
1465 796 1517 822 aut
1541 791 1681 833 exempla
1715 790 1807 823 etiam
1834 790 1986 833 impressa

1244 843 1433 886 acceperint,
1455 843 1506 875 illa
1526 843 1629 875 statim
1652 844 1771 887 absque
1797 843 1859 876 ulla
1885 844 1985 882 mora,

1245 897 1455 930 retardatione
1490 897 1535 928 rel
1569 896 1795 940 impedimento
1828 907 1883 940 per
1914 906 1985 928 suas

1244 949 1392 982 ecclesias
1417 955 1446 982 et
1471 949 1641 988 dioeceses,
1667 949 1853 992 provincias,
1883 949 1986 983 civita-

1245 1007 1298 1042 tes,
1324 1002 1448 1045 oppida,
1477 1008 1575 1035 terras
1600 1007 1628 1034 et
1654 1002 1720 1035 loca
1746 1001 1925 1046 publicent,
1957 1006 1986 1036 et

1244 1056 1396 1099 publicari
1436 1056 1566 1096 faciant,
1593 1056 1819 1099 ecclesiamque
1849 1066 1902 1089 seu
1928 1065 1982 1088 ec-

1244 1109 1353 1142 clesias
1379 1109 1547 1142 visitandas
1572 1109 1635 1145 ubi,
1653 1113 1686 1143 ut
1711 1109 1932 1153 praemittitur,
1955 1108 1985 1141 id

1244 1162 1418 1195 faciendum
1445 1162 1660 1204 iudicaverint,
1686 1162 1858 1204 designent.

1288 1216 1301 1257 ξ
1327 1215 1354 1247 7.
1382 1216 1448 1247 Non
1474 1215 1664 1249 intendimus
1688 1218 1790 1248 aulem
1817 1225 1873 1258 per
1896 1225 1985 1259 prae·
2025 1225 2070 1246 Nou
2093 1226 2180 1248 intenuit

1243 1273 1345 1300 sentes
1359 1278 1452 1311 super
1469 1269 1573 1310 aliqua
1599 1268 1840 1311 irregularitate,
1856 1268 1984 1311 publiea
1998 1255 2179 1309 fiis‘pe‘t'tissssmciiff

1245 1321 1289 1353 vel
1315 1322 1453 1362 occulta,
1478 1323 1573 1360 nota,
1598 1321 1730 1358 defectu,
1760 1307 2179 1365 incapacitate,fiii-i'mun'wffi'

1243 1385 1297 1407 seu
1317 1375 1509 1408 inhabilitate
1535 1385 1662 1418 quoquo
1680 1375 1774 1408 modo
1791 1375 1983 1418 dispensare,

1244 1428 1289 1460 rel
1315 1428 1451 1470 aliquam
1487 1428 1662 1460 laeultatem
1694 1428 1835 1460 tribuere
1858 1428 1984 1472 dispen-

1242 1480 1339 1523 sandi,
1356 1491 1409 1513 seu
1432 1481 1627 1521 liabilitandi,
1648 1487 1677 1514 et
1696 1481 1724 1513 in
1742 1481 1908 1525 pristinum
1926 1487 1984 1514 sta-

1244 1538 1306 1567 tum
1336 1534 1531 1577 restituendi,
1557 1535 1649 1567 etiam
1675 1535 1705 1567 in
1724 1535 1792 1568 soro
1814 1534 1980 1568 conscien-
2236 1579 2238 1581 q

1244 1588 1319 1627 tiae,
1338 1599 1439 1632 neque
1457 1588 1551 1621 etiam
1577 1588 1701 1621 easdem
1728 1593 1909 1632 praesentes
1934 1588 1980 1630 iis,
2235 1591 2236 1609 l

1241 1643 1292 1686 qui
1314 1653 1330 1675 a
1355 1643 1447 1676 nobis
1464 1648 1493 1675 et
1510 1642 1690 1686 Apostolica
1708 1642 1796 1683 Sede,
1812 1642 1860 1675 vel
1875 1642 1980 1686 aliquo

1242 1697 1391 1739 praelato,
1410 1707 1464 1729 seu
1490 1696 1592 1728 iudice
1616 1696 1826 1729 ecclesiastico
1850 1705 1979 1728 excom-

1242 1750 1402 1790 municati,
1422 1750 1576 1793 suspensi,
1595 1749 1761 1789 interdicti,
1779 1759 1832 1782 seu
1858 1748 1933 1782 alias
1950 1748 1983 1781 in

1241 1803 1408 1837 sententias
1433 1808 1461 1835 et
1486 1813 1634 1835 censuras
1663 1802 1808 1835 incidisse
1832 1801 1981 1835 declarati

1242 1857 1286 1889 vel
1313 1856 1437 1899 publice
1463 1856 1640 1890 denunciati
1665 1856 1797 1896 fuerint,
1816 1855 1874 1888 nisi
1900 1855 1981 1888 intra

1242 1914 1363 1952 tempus
1380 1909 1453 1942 dieti
1472 1909 1587 1941 mensis
1603 1909 1818 1949 satisfecerint,
1836 1914 1889 1941 aut
1905 1918 1978 1941 cum

1241 1962 1381 2006 partibus
1406 1962 1687 2003 concordaverint,
1708 1963 1772 1995 ullo
1798 1961 1892 1995 modo
1916 1962 1980 1994 suf-

1240 2016 1355 2058 fragari
1382 2026 1473 2059 posse
1497 2021 1549 2048 aut
1573 2015 1697 2049 debere.

1284 2070 1299 2112 ξ
1324 2070 1352 2102 8.
1378 2070 1446 2103 Non
1474 2069 1671 2102 obstantibus
1704 2069 1980 2103 constitutionibus
1995 2073 2174 2096 Cofflrariawfflt·

1241 2128 1267 2155 et
1294 2122 1544 2155 ordinationibus
1568 2122 1768 2166 apostolicis,
1793 2122 1978 2166 praesertim

1240 2176 1354 2220 quibus
1379 2176 1507 2209 sat-ultas
1532 2176 1712 2209 absolvendi
1738 2177 1769 2209 in
1794 2176 1888 2210 certis
1906 2181 1980 2210 tunc

1241 2230 1394 2274 expressis
1411 2230 1535 2263 casibus
1552 2230 1592 2263 ita
1606 2230 1746 2263 Romano
1759 2230 1902 2264 Pontifici
1919 2240 1979 2274 pro

1242 2288 1381 2326 tempore
1396 2283 1536 2316 existenti
1554 2288 1744 2323 reservatur,
1759 2286 1792 2316 ut
1809 2293 1866 2315 nee
1886 2283 1979 2316 etiam

1240 2335 1357 2368 similes
1382 2336 1427 2367 vel
1454 2335 1620 2368 dissimiles
1652 2336 1920 2378 indulgentiarum
1948 2341 1980 2369 et

1240 2389 1419 2422 facultatum
1446 2388 1626 2421 huiusmodi
1659 2388 1899 2430 concessiones,
1919 2387 1979 2421 nisi

1239 2442 1276 2475 de
1295 2442 1354 2475 illis
1372 2452 1519 2485 expressa
1544 2442 1661 2475 mentio
1688 2447 1741 2474 aut
1770 2441 1912 2484 specialis
1929 2440 1979 2474 de-

1239 2496 1361 2539 rogatio
1386 2496 1461 2535 fiat,
1491 2495 1636 2539 cuiquam
1664 2494 1830 2537 suffragari
1852 2499 1976 2537 queant,

1237 2559 1360 2582 necnon
1381 2549 1490 2591 regula
1508 2550 1615 2581 nostra
1633 2548 1671 2580 de
1687 2558 1750 2580 non
1769 2546 1976 2581 concedendis

1239 2602 1437 2645 indulgentiis
1462 2602 1499 2634 ad
1522 2602 1627 2642 instar,
1645 2612 1680 2634 ac
1697 2610 1973 2645 (piorumcumque
