2243 3205
60 184 106 210 An.
121 182 150 209 C.
173 181 240 208 1660

91 1250 228 1271 Prooemium.

94 1623 233 1649 supplicatio.

252 227 417 268 innovatis;
441 227 556 271 quibus
580 228 726 262 omnibus
744 233 774 261 et
793 228 934 271 singulis,
952 227 989 260 il-

251 281 355 314 lorum
381 286 504 315 tenores
528 282 757 326 praesentibus,
783 287 850 322 etc„
877 281 991 325 specia-

252 334 323 367 liter
348 339 378 368 et
404 345 548 379 expresse
577 336 791 379 derogamus;
818 334 991 378 ceterisque

254 388 420 421 contrariis
444 389 706 432 quibuscumque.

297 441 409 474 Datum
435 442 563 482 Romae,
589 442 670 486 apud
695 442 723 475 S.
745 442 874 475 Mariam
899 441 993 475 Maio-

257 505 333 536 rem,
350 494 407 527 sub
429 495 543 528 annulo
559 495 736 536 piscatoris,
750 495 799 528 die
823 505 865 528 xli
890 494 992 527 martii

254 556 373 587 MDCLX,
393 547 594 590 pontificatus
617 548 716 580 nostri
733 558 815 580 anno
834 558 862 580 v.

289 609 348 636 Dat.
365 609 409 636 die
427 609 458 636 1⁶2
474 609 563 636 martii
581 610 658 644 1660,
674 610 772 645 pontis.
790 618 862 637 anno
877 617 901 637 v.

528 752 728 786 CCLXXXIX.

254 831 378 865 Statuit
402 832 647 865 celebrationem
672 832 889 875 capitulorum
906 844 996 876 yene-

299 884 427 917 ralium
466 886 727 928 conqreqationis
768 886 996 919 Camaldulen-

299 938 388 970 sium
403 937 537 971 Ordinis
546 939 652 971 sancti
666 938 837 972 Benedicti
845 939 883 972 de
896 944 996 972 cetero

300 990 487 1033 faciendam
522 1000 586 1023 esse
622 990 659 1023 de
696 991 923 1035 quinquennio
961 993 997 1025 in

301 1043 576 1088 quinquennium,
601 1047 656 1076 etc.
667 1042 686 1077 ¹.

458 1123 624 1150 Alexander
640 1122 719 1157 Papa
733 1123 795 1157 VII,

401 1168 437 1195 ad
457 1168 589 1195 futuram
608 1167 654 1195 rei
674 1168 854 1196 memoriam.

312 1239 469 1272 Ecclesiae
505 1238 676 1272 catholicae
712 1238 857 1282 regimini
895 1239 1000 1272 divina

259 1293 463 1338 dispositione
488 1292 718 1337 praesidentes,
743 1293 781 1325 ad
807 1304 842 1326 ea
866 1293 999 1327 libenter

260 1347 461 1387 intendimus,
478 1357 535 1390 per
560 1357 639 1390 quae
660 1347 941 1390 congregationum
960 1348 1000 1380 vi-

262 1411 371 1435 rorum
396 1401 464 1433 leve
489 1400 602 1434 Christi
634 1400 744 1443 iugum
769 1401 827 1434 sub
851 1401 999 1434 laudabili

262 1455 342 1488 vitae
366 1455 558 1487 monasticae
577 1455 718 1488 instituto
734 1455 927 1488 trahentium
945 1455 1001 1488 uti-

260 1508 338 1541 litati
363 1513 543 1552 opportune
567 1508 743 1542 consultum
762 1508 800 1541 iri
818 1509 849 1542 in
869 1509 1001 1543 Domino

261 1561 463 1595 arbitramur.

307 1615 322 1658 g
346 1614 375 1648 1.
401 1614 520 1658 Exponi
546 1614 702 1658 siquidem
727 1614 818 1649 nobis
838 1625 939 1659 nuper
960 1616 1002 1649 se-

263 1674 372 1702 cerunt
392 1668 497 1702 dilecti
515 1669 571 1701 filii
598 1669 693 1702 abbas
717 1669 873 1712 generalis
899 1680 934 1702 ae
960 1670 1002 1702 vi-

263 1721 407 1755 sitatores
431 1731 554 1755 necnon
582 1727 770 1765 procurator
798 1722 953 1765 generalis
974 1727 1003 1755 et

263 1775 445 1808 definitores
455 1775 1002 1818 congregationisCamaldulensium

263 1829 491 1862 monachorum
524 1829 650 1862 Ordinis
686 1829 783 1863 sancti
819 1829 1003 1872 Benedicti,

264 1882 349 1927 quod
367 1882 474 1915 eadem
496 1882 701 1926 congregatio
726 1882 806 1916 felici
827 1882 954 1926 quidem
974 1883 1004 1915 in

264 1935 330 1968 dies
354 1946 410 1979 per
434 1936 487 1968 Dei
513 1936 644 1978 gratiam
668 1936 698 1968 in
715 1936 931 1980 spiritualibus
953 1947 1004 1969 au-

264 1993 356 2032 getur
381 1989 594 2030 incremento,
619 1989 672 2022 sed
698 2000 842 2033 magnam
869 1990 900 2022 in
925 1995 1004 2023 tem-

264 2042 426 2086 poralibus
443 2043 558 2087 patitur
584 2043 834 2086 diminutionem,
860 2043 1006 2088 illiusque

266 2097 457 2130 monasteria
482 2097 521 2130 ob
547 2098 661 2129 malam
693 2103 871 2141 temporum
897 2098 1004 2130 condi-

267 2149 393 2191 tionem,
419 2155 449 2182 et
472 2160 555 2182 nunc
580 2151 764 2193 praesertim
783 2156 915 2194 propter
940 2151 1006 2183 vili-

267 2207 360 2235 tatem
386 2203 477 2246 pretii
512 2213 686 2245 granorum
717 2208 746 2236 et
777 2204 910 2236 aliorum
941 2204 1007 2236 bla-

267 2254 380 2288 dorum
399 2255 429 2287 in
447 2256 562 2299 quibus
579 2257 750 2300 praecipue
776 2257 917 2300 ipsorum
939 2267 1006 2289 mo-

267 2309 478 2342 nasteriorum
504 2309 644 2342 redditus
669 2310 852 2349 consistunt,
875 2310 1008 2343 difficul-

268 2367 426 2406 tatemque
451 2362 503 2394 illa
536 2362 710 2404 vendendi,
744 2363 928 2397 necessitate
961 2374 1008 2396 ex-

268 2417 368 2448 trema
394 2420 599 2459 premuntur,
630 2416 706 2448 itaut
738 2416 869 2448 familias
903 2416 1008 2457 alere,

269 2479 365 2502 onera
389 2469 600 2502 incumbentia
625 2476 830 2513 supportare,
854 2481 889 2503 ac
914 2471 1009 2504 eccle-

308 2586 316 2612 1
340 2586 376 2613 Ex
397 2586 502 2621 Regest.
525 2586 550 2612 in
571 2587 672 2613 Secret.
695 2586 771 2614 Brev.

850 179 1034 203 ALEXANDER
1059 179 1102 202 VH
1126 179 1173 202 PP.

1667 170 1725 204 551

1023 227 1093 267 sias,
1118 232 1151 259 ut
1168 226 1266 270 decet,
1282 228 1362 261 tueri
1387 228 1435 261 vix
1461 229 1591 272 possint.
1606 228 1671 268 Qua
1688 233 1763 261 tem-

1023 279 1140 324 poralis
1154 285 1251 313 status
1269 280 1477 314 declinatione
1493 281 1701 322 considerata,
1716 292 1763 314 su-

1025 333 1183 377 periores¹
1203 333 1302 367 dietae
1320 335 1573 378 congregationis
1591 335 1618 367 ei
1636 335 1762 378 quidem

1025 386 1071 418 rei
1097 386 1262 420 consulere
1280 388 1382 421 conati
1404 394 1485 429 sunt,
1507 389 1662 422 renovatis
1676 388 1763 421 libris

1026 438 1241 480 aestimorum,
1265 441 1424 484 repartitis
1449 441 1560 474 melius
1593 441 1763 483 oneribus,

1027 492 1180 525 diminuto
1197 503 1329 526 numero
1350 504 1459 527 eorum
1485 494 1598 538 quibus
1618 494 1765 527 alimenta

1027 545 1065 578 ab
1090 545 1200 578 iisdem
1225 547 1422 580 monasteriis
1442 547 1595 591 praestari
1612 547 1764 590 solebant,

1027 598 1185 643 prohibita
1210 608 1364 632 novorum
1390 600 1607 634 aedificiorum
1625 606 1766 634 constru-

1028 652 1140 693 ctione,
1163 651 1245 685 victu
1261 652 1299 684 ad
1315 652 1468 685 maiorem
1492 653 1703 696 frugalitatem
1721 664 1767 686 re-

1029 704 1147 745 stricto,
1166 704 1336 738 moderatis
1360 705 1454 739 etiam
1479 706 1680 750 superiorum
1697 717 1768 750 pro-

1029 758 1217 800 visionibus,
1248 769 1283 792 ac
1318 759 1453 803 denique
1484 759 1624 793 rescissis
1654 760 1768 793 ceteris

1029 812 1177 845 omnibus
1202 813 1363 856 expensis3
1388 823 1446 846 nec
1471 818 1575 846 tamen
1599 813 1647 846 his
1671 813 1769 847 omni-

1030 865 1088 897 bus
1113 865 1245 908 aliisque
1273 876 1336 899 non
1354 866 1516 899 inutilibus
1541 866 1688 899 remediis
1713 866 1767 899 ad-

1029 918 1154 959 hibitis,
1179 924 1321 962 optatum
1346 920 1493 953 effectum
1517 920 1627 954 habuit
1657 931 1767 953 eorum

1030 971 1198 1011 industria;
1225 972 1318 1016 idque
1343 973 1391 1016 (ut
1415 973 1540 1017 quidem
1558 973 1706 1017 praelatis
1724 984 1769 1007 se-

1030 1024 1174 1058 nioribus
1209 1025 1559 1070 experientioribusque
1596 1026 1768 1070 videretur)

1032 1087 1068 1110 ex
1100 1088 1136 1111 eo
1168 1078 1252 1121 quod
1286 1079 1471 1112 eorumdem
1503 1080 1769 1113 monasteriorum

1032 1131 1182 1164 damnum
1199 1137 1229 1165 et
1253 1132 1490 1177 impossibilitas
1514 1134 1771 1177 illapsosperio-

1036 1195 1103 1218 rem
1137 1186 1168 1218 in
1201 1191 1315 1219 statum
1352 1187 1523 1220 reducendi
1554 1198 1589 1220 ex
1619 1187 1772 1221 brevitate

1033 1239 1261 1282 guberniorum
1287 1250 1341 1273 seu
1358 1241 1664 1274 administrationum
1681 1241 1774 1274 trien-

1033 1292 1151 1325 nalium
1177 1293 1306 1334 derivat,
1323 1293 1454 1328 docente
1471 1294 1665 1338 experientia
1683 1294 1774 1327 trien-

1034 1348 1121 1380 nium
1148 1347 1242 1381 rebus
1259 1348 1338 1381 bene
1359 1349 1614 1382 constabiliendis
1633 1359 1695 1382 non
1716 1349 1775 1382 sus-

1034 1401 1145 1442 fieere,
1166 1412 1236 1434 nam
1258 1402 1389 1446 praelati
1406 1402 1511 1446 primo
1533 1402 1660 1446 quidem
1683 1402 1775 1436 trien-

1034 1449 1082 1487 nii*
1102 1455 1282 1489 huiusmodi
1307 1466 1399 1497 anno,
1425 1456 1465 1489 ob
1492 1466 1603 1499 graves
1624 1467 1775 1500 expensas

1035 1513 1065 1541 et
1089 1509 1347 1552 contributiones,
1373 1520 1452 1553 quae
1469 1510 1634 1543 occasione
1655 1510 1775 1554 capitu-

1035 1563 1138 1596 lorum
1153 1563 1358 1606 generalium,
1374 1563 1532 1605 itinerum,
1547 1564 1725 1597 mutationis
1738 1564 1777 1596 sa-

1037 1616 1204 1658 miliarum,
1223 1617 1420 1660 allarumque
1440 1617 1689 1650 necessariarum
1707 1628 1777 1662 pro-

1037 1670 1191 1703 visionum
1218 1670 1305 1715 iiunt,
1321 1671 1509 1704 monasteria
1528 1671 1679 1714 pecuniis
1697 1671 1777 1705 aliis-

1037 1735 1098 1768 que
1122 1724 1386 1767 assignationibus
1417 1725 1566 1757 exhausta
1591 1725 1776 1768 reperiunt,

1037 1789 1072 1811 ac
1097 1783 1129 1810 ut
1154 1778 1327 1821 plurimum
1353 1788 1405 1811 aes
1432 1778 1567 1810 alienum
1591 1779 1778 1812 contrahere

1039 1836 1207 1874 coguntur,
1232 1831 1345 1876 vixque
1371 1835 1488 1865 tantum
1520 1842 1613 1874 agere
1637 1837 1777 1875 possunt,

1039 1890 1072 1917 ut
1097 1885 1158 1927 illa,
1184 1894 1264 1928 quac
1289 1884 1326 1917 ad
1352 1885 1542 1927 gubernium
1569 1890 1720 1929 spectant,
1745 1885 1777 1918 in

1039 1938 1174 1982 aliquem
1201 1938 1438 1971 convenientem
1461 1943 1575 1971 statum
1608 1938 1778 1978 reducant;

1040 1991 1177 2025 seeundo
1203 2002 1276 2024 vero
1301 2001 1383 2024 anno
1407 1991 1471 2024 aeri
1493 1992 1595 2025 alieno
1610 1992 1694 2036 quod
1712 1992 1779 2036 pri-

1040 2056 1091 2079 mo
1129 2056 1210 2078 anno
1246 2050 1469 2078 contraxerunt
1501 2046 1701 2079 dissolvendo
1731 2046 1779 2080 vix

1041 2102 1111 2132 sunt
1134 2109 1243 2142 pares,
1270 2099 1362 2131 tertio
1383 2104 1485 2131 autem
1508 2099 1602 2132 rebus
1628 2105 1780 2133 monaste<

1041 2153 1077 2185 rii
1104 2153 1330 2196 componendis
1355 2153 1429 2186 dant
1464 2164 1613 2198 operam,
1638 2164 1677 2187 ne
1712 2154 1779 2187 illas

1041 2205 1216 2250 implicatas
1242 2207 1430 2250 relinquant,
1451 2217 1486 2239 ac
1510 2218 1607 2240 novas
1630 2207 1781 2251 provisio->

1041 2269 1095 2291 nes
1119 2259 1221 2291 facere
1246 2259 1360 2292 debent
1384 2271 1442 2303 pro
1460 2260 1603 2303 expensis
1621 2265 1649 2292 et
1667 2260 1781 2294 contri-

1042 2312 1223 2345 butionibus
1242 2312 1433 2346 imminentis
1455 2313 1581 2357 capituli
1607 2314 1779 2357 generalis;

1043 2365 1122 2398 unde
1149 2367 1411 2399 monasteriorum
1434 2367 1611 2400 loramento
1636 2372 1666 2400 et
1691 2368 1777 2400 utili-

1043 2419 1157 2452 tatibus
1183 2419 1365 2453 incumbere
1390 2426 1558 2464 nequeunt,
1584 2421 1701 2465 quippe
1726 2421 1781 2466 qui

1043 2477 1184 2516 tempore
1223 2473 1426 2516 pecuniisque
1458 2473 1496 2506 ad
1533 2474 1562 2507 id
1596 2475 1781 2508 necessariis

1080 2589 1090 2614 1
1114 2587 1184 2615 Edit.
1202 2588 1283 2616 Main.
1298 2589 1362 2624 legit
1376 2590 1536 2625 superioris
1553 2592 1591 2626 (a.
1608 2590 1656 2625 τ.).

1777 179 1823 207 An.
1842 179 1870 207 C.
1891 180 1960 207 1660
