2243 3205
19 201 66 229 An.
81 199 109 226 C.
132 199 196 227 1661

811 201 997 225 ALEXANDER
1022 201 1066 224 VII
1086 202 1133 224 PP.

216 247 342 281 irritum
370 259 496 292 quoque
521 254 551 281 et
570 249 661 282 inane
689 249 839 292 quicquid
863 249 959 282 scien-

217 304 266 333 ter
290 301 338 333 vel
362 301 545 344 ignoranter
578 302 693 335 sactum
725 303 819 336 suerit
848 313 958 342 secus,

218 353 288 397 ipso
314 354 383 387 iure
406 355 473 388 sore
498 355 707 395 decernimus
733 355 960 389 constitutioni-

217 406 276 439 bus
301 412 330 440 et
363 408 616 441 ordinationibus
648 409 850 452 apostolicis,
881 409 959 453 stylo

218 459 326 503 palatii
352 461 492 503 (nomine
517 467 546 494 et
563 461 766 504 60311011111161
784 461 958 505 praedicto-

217 524 289 546 rum
314 513 506 552 studentium
521 541 528 554 ,
554 525 719 547 causarum
744 515 907 558 qualitates
931 520 961 548 et

218 565 401 606 instantias,
434 577 470 599 ac
495 572 619 600 tenores
649 568 905 601 constitutionum
932 573 962 601 et

218 619 471 663 privilegiorum,
489 625 519 652 et
533 620 678 652 illarum2
691 622 795 654 l'orsan
813 622 962 655 constitu-
977 621 979 629 ¹

219 673 352 714 tionum,
376 679 407 706 et
430 673 564 707 aliorum
590 675 641 707 hic
666 676 799 718 exprimi
824 686 963 708 necessa-

218 726 340 760 riorum
355 754 362 767 ,
383 732 480 760 status
505 738 670 761 causarum
697 734 759 761 tam
785 729 816 761 in
840 729 961 772 prima,

219 791 275 813 seu
299 780 446 822 secunda,
464 787 517 813 aut
541 781 684 815 ulteriori
709 783 855 815 instantia
880 783 979 816 inde-¹

220 833 284 866 cisa
297 833 480 877 pendente',
495 839 525 867 et
537 835 596 867 alia
610 846 689 879 quae
705 836 807 868 forsan
818 836 855 868 de
865 837 962 869 verbo

220 887 259 920 ad
294 887 425 920 verbum
462 888 614 921 maiorem
650 890 886 933 expressionem
911 901 980 922 re-i

221 939 356 984 quirant,
375 951 434 984 pro
457 942 549 985 plene
578 948 609 974 et
632 943 811 975 sufficenter
836 935 962 986 expres*-

222 993 265 1026 sis
289 993 399 1026 haberi
420 994 579 1037 volumus)
597 995 771 1038 ceterisque
793 995 824 1027 in
845 1001 964 1028 contra-

221 1047 307 1080 rium
331 1047 518 1081 facientibus
543 1059 606 1081 non
625 1049 820 1083 obstantibus
839 1049 964 1092 quibus-

222 1112 368 1145 cumque.
394 1102 528 1135 Audiant
552 1103 682 1146 praefati
707 1103 835 1143 iudices,
858 1103 963 1143 citent,

222 1155 395 1199 procedant
412 1160 446 1188 ut
470 1155 597 1199 petitur,
623 1161 652 1188 et
671 1156 819 1189 iustitiam
841 1157 963 1197 faciant,

221 1209 402 1253 praemissis
426 1219 490 1241 non
514 1209 720 1242 obstantibus.

267 1263 370 1296 Placet
386 1263 438 1296 A⁴.

267 1317 413 1350 Extracta
429 1317 485 1350 fuit
501 1328 649 1361 praesens
663 1318 753 1362 copia
765 1328 802 1352 ex
817 1318 877 1350 alia
893 1329 964 1351 cum

224 1381 281 1404 suo
301 1371 447 1414 originali
469 1371 643 1404 auscultata
660 1377 690 1404 et
708 1372 918 1412 collationum,
933 1377 966 1404 ut

224 1436 242 1458 a
258 1429 348 1467 tergo
365 1424 465 1458 dictae
482 1425 592 1468 copiae
606 1425 799 1468 descriptum
818 1430 874 1465 est,
890 1425 966 1458 liac⁵

225 1479 284 1512 sub
310 1478 359 1511 die
386 1489 402 1511 v
428 1478 504 1511 iunii
529 1489 601 1512 iiim„
628 1479 688 1512 Pro
714 1479 887 1521 magnificis
912 1479 966 1512 do-

225 1532 318 1565 minis
353 1531 534 1574 guardianis
575 1532 755 1574 lminaginis
797 1532 826 1565 S.
856 1532 964 1565 Salva-

226 1585 304 1619 toris
329 1586 367 1618 ad
391 1586 503 1619 Sancta
523 1586 709 1620 Sanctorum
730 1586 768 1619 de
794 1586 876 1619 Urbe
897 1596 967 1619 cou-

226 1645 275 1673 tra
306 1645 445 1672 rectores
484 1645 514 1673 et
550 1640 727 1682 collegiales
761 1641 966 1682 collegiorum

226 1693 463 1738 Capranicensis
481 1699 511 1726 et
529 1693 656 1726 Nardini
682 1694 773 1726 etiam
788 1704 805 1726 a
818 1699 906 1736 tergo
927 1693 969 1726 di-

228 1752 295 1780 ctae
319 1746 428 1790 copiae
454 1746 619 1788 intitulata,
641 1752 671 1779 et
695 1747 726 1779 in
758 1747 826 1779 filsa
851 1747 967 1779 iurium

227 1800 453 1844 productorum
475 1801 548 1833 dicti
574 1801 645 1833 anni
671 1811 734 1834 tunc
757 1806 892 1844 reperta,
918 1812 968 1833 cu-

227 1853 276 1886 ius
299 1854 452 1896 originale
476 1854 569 1887 etiam
594 1865 612 1887 a
628 1860 717 1897 tergo
735 1854 834 1887 dictae
860 1855 968 1898 copiae

229 1912 275 1940 est
298 1907 490 1951 descriptum
515 1908 610 1941 fuisse
636 1908 813 1940 restitutum
839 1912 868 1941 et
893 1919 968 1941 con—

228 1960 385 2003 signatum
416 1960 544 1994 domino
575 1962 667 1994 Petro
692 1961 729 1994 de
754 1962 908 2002 Coelano,
940 1967 969 1994 et

229 2025 300 2047 cum
326 2015 435 2048 eadem
462 2015 551 2059 copia
575 2016 748 2049 auscultata
779 2015 968 2055 concordat;

229 2068 262 2101 in
286 2068 375 2101 cuius
398 2068 492 2101 fidem
528 2069 577 2102 hic
603 2080 652 2102 me
677 2070 849 2113 subscripsi
876 2080 968 2102 manu

229 2122 361 2166 propria
372 2122 421 2154 die
431 2132 482 2155 xtv
495 2123 608 2156 mensis
620 2123 800 2156 novembris
807 2124 969 2161 iitnchl11⁶;

409 2176 544 2209 losum-ns
562 2177 724 2210 Axroruns
741 2177 881 2217 Cunus,

338 2229 443 2262 euriae
461 2239 627 2262 causarum
645 2240 789 2263 camerae
805 2230 954 2263 notarius.

270 2337 279 2363 1
302 2336 433 2372 Legerem
447 2336 572 2363 nomina
586 2339 612 2364 ec
628 2337 801 2371 cognomina
815 2339 854 2369 (n.
872 2339 921 2371 τ.).

267 2381 283 2408 2
303 2381 403 2408 Forsan
424 2381 566 2416 tegendum
586 2381 717 2409 aliarum
738 2383 777 2416 (11.
793 2384 841 2415 1.).

267 2426 283 2454 3
303 2427 374 2461 Lege
389 2427 586 2454 indecisarum
599 2427 790 2462 pendentium
806 2428 844 2462 (R.
860 2428 908 2462 T.).

268 2472 284 2498 Ιι
304 2472 374 2499 Edit.
391 2471 469 2499 Main.
487 2473 551 2506 legit
567 2473 665 2501 Placet
680 2477 705 2501 el
720 2477 850 2502 eaecracta
866 2476 904 2507 (11.
923 2476 970 2509 τ.).

268 2518 285 2544 5
304 2517 334 2544 111
351 2517 401 2544 toc.
420 2518 547 2553 parallelo
563 2518 661 2553 legitur
680 2527 713 2545 ac
734 2520 784 2546 sub
806 2519 850 2547 die
864 2521 881 2547 5
894 2520 973 2548 iunii

236 2562 307 2591 1550
318 2571 374 2598 pro
390 2563 564 2597 magnificis,
581 2567 633 2590 etc.
649 2566 689 2596 (n.
710 2566 758 2597 τ.).

270 2609 286 2636 6
305 2607 460 2643 Legendum
477 2614 578 2636 iiiuLVttt
596 2612 622 2636 ut
637 2609 663 2635 in
679 2609 737 2637 loco
761 2609 856 2644 pai-alt.
876 2610 911 2644 (n.
927 2614 970 2642 r.)⁴

1639 195 1703 228 7⁴19

1036 248 1098 292 Ipsi
1127 249 1288 291 custodes,
1320 251 1378 283 sub
1408 262 1544 294 quorum
1578 251 1734 294 gubernio

993 306 1023 333 et
1047 302 1124 334 cura
1149 302 1308 336 scholares
1334 309 1363 336 et
1395 304 1556 337 studentes
1590 305 1736 347 collegio-

993 364 1063 387 rum
1089 355 1327 398 Capranicensis
1348 362 1376 389 et
1402 358 1530 391 Nardini
1554 358 1734 391 huiusmodi

994 414 1148 450 reguntur
1181 413 1211 442 et
1242 410 1478 452 gubernantur,
1509 417 1540 444 ut
1572 412 1674 455 quiete
1706 417 1736 443 et

994 461 1124 494 honeste
1150 461 1289 494 viverent
1317 464 1401 496 iuxta
1426 465 1609 497 eorumdem
1641 466 1735 498 colle-

994 515 1119 558 giorum
1163 517 1337 559 respective
1379 518 1638 551 constitutionum
1677 519 1737 552 sor-

995 579 1100 610 mam,
1140 569 1259 601 dictum
1297 571 1485 614 rescriptum
1527 576 1591 605 tum
1631 572 1738 604 curiae

995 633 1160 655 causarum
1199 633 1342 656 camerae
1374 625 1563 667 apostolicae
1599 625 1737 667 generali

995 675 1149 716 auditori,
1175 686 1230 709 seu
1254 676 1286 708 in
1311 677 1394 709 illius
1418 678 1517 717 curia,
1543 678 1737 721 praesentari

996 730 1155 770 fecerunt,
1186 735 1282 773 prout
1316 741 1351 763 ex
1384 731 1563 774 supradicta
1596 732 1656 764 tide
1686 743 1738 765 no-

998 782 1068 814 tarii
1106 782 1206 816 eidem
1247 783 1381 816 auditori
1416 794 1559 817 camerae
1599 790 1737 828 apparet.

996 835 1072 868 Cum
1099 839 1202 869 tamen
1237 836 1336 880 ipsius
1367 838 1512 881 rescripti
1545 838 1635 881 copia
1667 850 1738 871 cum

998 889 1081 922 illius
1106 890 1251 933 originali
1277 891 1459 933 auscultata,
1477 902 1540 925 non
1558 897 1661 925 autem
1680 893 1740 925 ori-

997 943 1100 985 ginale
1125 944 1312 987 reperiatur,
1329 955 1368 977 ne
1388 955 1405 977 a
1422 945 1553 978 nimium
1577 947 1740 989 scrupolo-

998 996 1039 1028 sis
1064 996 1102 1029 de
1127 997 1223 1040 ipsius
1254 998 1399 1041 rescripti
1431 999 1588 1031 validitate
1623 999 1655 1031 in
1690 999 1739 1032 fu-

999 1055 1105 1083 turum
1136 1051 1273 1084 dubitari
1305 1053 1476 1095 contingat,
1494 1064 1553 1096 pro
1571 1058 1659 1097 parte
1686 1064 1739 1086 eo-

998 1104 1144 1136 rumdem
1169 1105 1333 1138 custodum
1368 1106 1458 1139 11011161
1494 1107 1550 1139 suit
1579 1107 1740 1140 humiliter

999 1157 1218 1200 supplicatum,
1245 1164 1292 1198 ut,
1318 1159 1355 1191 ad
1381 1170 1473 1192 omne
1498 1159 1627 1193 dubium
1654 1171 1740 1204 pror-

999 1220 1050 1242 sus
1068 1211 1255 1251 tollendum,
1269 1212 1351 1254 quod
1367 1213 1457 1256 copia
1475 1213 1618 1256 rescripti
1637 1214 1742 1246 liuius-

981 1263 1100 1303 ·modi,
1126 1264 1205 1296 sicut
1229 1266 1417 1308 praefertur,
1438 1267 1620 1308 auscultata⁷
1646 1267 1739 1300 sidem

1000 1316 1091 1349 saciat
1123 1317 1291 1359 mandare,
1324 1319 1463 1362 aliasque
1496 1320 1525 1352 in
1558 1321 1741 1363 praemissis

1000 1374 1178 1414 opportune
1203 1371 1368 1414 providere
1391 1372 1429 1405 de
1454 1373 1647 1416 benignitate
1671 1385 1743 1418 apo-

1001 1424 1108 1457 51011611
1127 1423 1342 1467 dignaremur.
1361 1427 1422 1459 Nos
1441 1426 1546 1468 igitur,
1560 1427 1742 1461 huiusmodi

1001 1478 1283 1521 supplicationibus
1305 1479 1453 1516 inclinati,
1472 1482 1655 1514 auctoritate
1673 1492 1743 1525 apo-

1002 1531 1132 1573 stolica,
1158 1542 1215 1575 per
1250 1538 1431 1575 praesentes
1462 1534 1689 1568 committimus
1713 1541 1744 1568 et

1003 1584 1197 1626 mandamus,
1223 1585 1306 1628 quod
1333 1586 1531 1629 supradictae
1549 1587 1667 1631 copiae,
1689 1588 1742 1629 sic,

1002 1643 1036 1670 ut
1056 1640 1242 1681 praefertur,
1261 1640 1462 1682 auscultatae‚
1480 1650 1497 1672 a
1517 1641 1680 1684 quibusvis
1697 1642 1743 1674 iu-

1003 1691 1123 1724 dicibus
1149 1692 1317 1724 ordinariis
1342 1698 1372 1725 et
1397 1694 1664 1735 extraordinariis,
1689 1706 1744 1728 seu

1003 1744 1152 1786 delegatis
1168 1750 1198 1777 et
1214 1745 1322 1788 quavis
1339 1745 1489 1788 dignitate
1515 1751 1544 1780 et
1561 1748 1744 1781 auctoritate

1002 1798 1206 1840 fungentibus
1238 1799 1269 1830 in
1304 1799 1420 1832 iudicio
1445 1805 1475 1832 ct
1510 1806 1597 1833 extra
1628 1801 1744 1844 ubique

1004 1852 1095 1895 plena
1116 1852 1193 1884 fides
1217 1852 1413 1893 adhibeatur,
1431 1859 1461 1886 61
1481 1855 1564 1897 quod
1589 1855 1679 1887 aliter
1704 1856 1745 1887 in-

1005 1906 1193 1949 terpretari,
1219 1907 1367 1948 cognosci
1400 1912 1453 1939 aut
1484 1908 1646 1941 terminari
1682 1919 1744 1942 uon

1004 1959 1101 2002 possit
1116 1969 1217 2003 neque
1231 1960 1340 2000 valeat,
1356 1961 1508 2003 quinimo,
1522 1962 1669 2005 quicquid
1689 1974 1746 2006 per

1004 2013 1148 2056 quemvis
1172 2013 1307 2046 iudicem
1327 2024 1343 2045 a
1360 2014 1410 2046 die
1435 2015 1643 2048 concessionis
1661 2027 1747 2059 prae·

1004 2067 1078 2099 dicti
1104 2067 1250 2110 rescripti
1275 2068 1362 2109 citra⁷
1384 2067 1422 2101 de
1443 2072 1471 2102 et
1498 2079 1593 2112 super
1617 2070 1747 2102 admini-

1005 2121 1157 2154 stratione
1174 2131 1209 2153 ac
1230 2120 1325 2155 rebus
1352 2122 1509 2155 dictorum
1528 2123 1746 2166 collegiorum,

1006 2175 1051 2207 vel
1074 2175 1287 2214 ι111ἔ1ς,601111·11
1308 2175 1440 2208 sormam
1467 2176 1619 2220 praedicti
1639 2178 1748 2210 rescri-

1006 2228 1049 2271 pti
1079 2228 1194 2260 sactum
1220 2228 1322 2270 suerit,
1350 2228 1475 2261 irritum
1500 2234 1530 2261 et
1554 2230 1670 2262 nullius
1694 2241 1746 2263 ro-

1006 2280 1091 2313 boris
1118 2281 1164 2313 rel
1191 2281 1341 2314 momenti
1367 2282 1406 2314 sit
1430 2287 1460 2314 et
1485 2292 1552 2315 esse
1570 2283 1697 2323 debeat;
1719 2289 1747 2316 et

1007 2333 1222 2373 niliilominuS,
1246 2334 1362 2377 potiori
1387 2345 1445 2377 pro
1470 2335 1600 2375 cautela,
1629 2335 1747 2368 dictum

1007 2386 1204 2430 rescriptum,
1224 2393 1377 2430 quatenus
1402 2398 1481 2431 opus
1506 2388 1554 2428 sit,
1573 2389 1680 2421 eadem
1698 2399 1748 2422 au-

1007 2440 1151 2473 ctoritate
1175 2441 1347 2483 apostolica
1372 2451 1428 2484 per
1456 2442 1580 2474 easdem
1606 2453 1750 2486 praesen-

1008 2499 1053 2526 tes
1078 2493 1312 2535 confirmamus,
1335 2494 1449 2528 illudve
1474 2495 1511 2528 dc
1536 2505 1617 2529 novo
1642 2506 1750 2530 conce-

1008 2548 1120 2580 dimus.

1052 2602 1119 2635 Non
1143 2602 1338 2635 obstantibus
1356 2603 1632 2637 constitutionibus
1651 2609 1680 2636 ct
1700 2614 1748 2636 or-

1750 205 1798 230 An.
1821 205 1847 230 C.
1866 206 1929 232 1661

1797 266 1933 292 Ρ10<61Ῑ1111111

1750 292 1858 338 ἶ16ἳ1-6111111
1880 293 1933 312 Pau·

1751 326 1763 339 Ιι
1801 335 1805 338 .
