2243 3205
38 211 86 237 An.
107 208 135 236 C.
151 208 220 236 1662

108 1655 239 1676 Recensetur

56 1682 163 1703 decretum
186 1682 240 1703 alias

56 1709 135 1730 editum
156 1715 169 1730 a
186 1709 240 1730 Pon-

57 1736 119 1757 tineo.

832 204 1019 230 ALEXANDER
1043 204 1088 227 vu
1112 204 1158 227 PP.

233 254 415 289 huiusmodi
453 254 638 288 memoratis
674 253 846 298 provinciis
886 253 976 296 regni

233 309 403 349 Franciae,
427 308 457 341 In
482 308 596 352 quibus
622 308 691 351 (uti
716 307 848 352 praefati
874 317 974 351 expo-

234 367 343 395 nentes
357 362 551 405 asserebant)
577 362 616 394 ab
643 360 888 394 immemorabili
904 366 978 393 tem-

235 425 314 459 pore
338 425 464 457 omnes,
491 415 544 458 qui
570 425 627 458 per
652 415 822 447 triennium
845 414 979 446 ministri

236 468 439 512 provincialis
464 478 595 501 munere
621 469 718 501 functi
744 468 876 508 fuerant,
903 477 979 500 voce

237 521 337 555 activa
363 522 394 554 in
419 521 597 555 definitorio
632 522 771 565 ipsarum
802 521 980 565 provincia-

237 585 308 607 rum
342 580 497 619 perpetuo
530 574 735 615 fruebantur,
771 574 981 618 omnibusque

239 627 538 671 congregationibus
574 633 603 660 et
638 628 784 671 capitulis
822 633 980 671 tamquam

239 680 422 713 definitores
452 680 596 724 perpetui
634 680 827 722 intererant,
863 680 981 712 illatum

240 733 406 767 ostendere
431 738 560 766 eatenus
589 743 653 766 non
678 733 860 773 valuerant;
893 737 923 766 et
953 733 983 765 in

241 786 351 821 eadem
377 787 573 831 expositione
598 787 776 827 subiunct0‚
794 786 877 830 quod
894 796 984 829 expo-

241 840 301 874 sito
337 840 470 872 subinde
499 840 530 872 in
567 839 704 883 capitulo
737 839 876 882 generali
911 838 984 871 dicti

243 892 367 926 Ordinis
391 893 421 926 in
447 893 556 927 eadem
580 893 662 926 Urbe
680 903 762 926 anno
788 903 882 927 MDcLi
907 893 986 926 cele-

242 945 333 980 brato
358 957 415 990 per
440 947 563 980 vocales
580 947 732 980 dictarum
752 946 986 990 provinciarum

244 1000 334 1043 regni
359 1000 507 1034 Franciae
532 1001 726 1045 praeiudicio
747 1007 777 1033 et
797 1000 987 1033 detrimento

245 1054 439 1096 huiusmodi,
461 1064 517 1098 per
543 1058 655 1088 statuta
680 1054 838 1097 generalia
863 1054 988 1087 Ordinis

246 1108 377 1153 praefati
403 1112 477 1141 tunc
502 1107 593 1148 edita,
612 1111 642 1141 et
663 1118 678 1139 a
696 1112 771 1141 tunc
788 1108 988 1141 existentium

246 1162 276 1195 S.
309 1162 342 1194 R.
376 1161 409 1194 Ε.
441 1160 647 1194 cardinalium
681 1161 816 1204 negotiis
848 1165 877 1195 et
908 1172 985 1195 con-

247 1215 467 1249 sultationibus
487 1215 713 1259 episcoporum
741 1219 769 1249 et
795 1215 989 1258 regularium

248 1269 506 1313 praepositorum
528 1268 775 1311 congregatione
793 1269 990 1309 confirmata,

248 1322 410 1355 decretum
435 1322 546 1363 suerat,
572 1327 605 1354 ut
629 1322 667 1354 ab
695 1322 886 1364 extensione,
911 1323 992 1355 sicut

249 1375 481 1420 praemittitur,
505 1385 522 1408 a
546 1375 687 1419 praefato
713 1375 839 1409 Urbano
861 1376 993 1419 praede-

251 1439 375 1462 cessore
408 1429 498 1470 sacta,
524 1429 746 1472 exciperentur
769 1429 844 1462 dicti
869 1429 993 1463 Ordinis

251 1482 441 1527 provinciae,
467 1493 547 1526 quae
566 1483 652 1525 leges
667 1483 874 1526 municipales
891 1489 995 1516 aucto-

252 1536 344 1570 ritate
372 1536 543 1580 apostolica
576 1537 716 1568 firmatas
749 1536 795 1569 vel
828 1541 995 1569 consuetu-

254 1589 342 1623 dines
367 1589 634 1623 immemorabiles
652 1589 682 1622 in
703 1589 897 1623 contrarium
916 1590 995 1624 obti-

254 1648 363 1676 nentes
379 1643 553 1676 habebant:
571 1653 638 1683 nos,
651 1643 933 1687 supplicationibus
947 1655 996 1677 eo-

254 1696 399 1730 rumdem
411 1696 635 1740 exponentium
655 1697 781 1730 nomine
798 1697 889 1730 nobis
902 1708 997 1741 super

254 1750 316 1783 hoc
339 1749 502 1782 humiliter
525 1749 680 1793 porrectis
706 1750 860 1791 inclinati,
883 1750 921 1783 de
948 1762 998 1784 re-

255 1803 443 1837 nerabilium
477 1804 608 1836 fratrum
641 1809 823 1836 nostrorum
857 1804 997 1838 eiusdem

256 1857 285 1891 S.
311 1858 345 1891 R.
371 1858 404 1890 E.
430 1857 636 1891 cardinalium
659 1857 794 1900 negotiis
820 1861 849 1892 et
875 1859 999 1891 consul-

256 1911 428 1945 tationibus
469 1911 692 1955 episcoporum
734 1916 764 1944 et
803 1912 997 1955 regularium

256 1965 510 2009 praepositorum
536 1965 677 2007 consilio,
703 1965 856 2009 praefatas
882 1965 999 1999 Urbani

256 2018 510 2063 praedecessoris
520 2018 639 2052 litteras
653 2029 715 2052 non
730 2019 1000 2062 comprehendere

258 2072 436 2116 provincias
461 2072 592 2105 fratrum
611 2072 765 2105 Minorum
787 2073 883 2106 sancti
904 2073 1000 2105 Fran-

260 2126 334 2159 cisci
353 2126 391 2159 de
406 2125 611 2159 Observantia
630 2125 719 2168 regni
734 2126 860 2166 Galliae,
875 2131 914 2167 et,
928 2126 1000 2171 quia

259 2180 331 2213 illae
355 2180 508 2212 haberent
540 2179 568 2211 in
603 2179 796 2211 contrarium
822 2180 908 2222 leges
933 2191 1001 2212 mu-

259 2233 411 2278 nicipales
435 2233 621 2266 auctoritate
645 2233 819 2276 apostolica
847 2233 1001 2273 firmatas,

262 2297 318 2321 seu
354 2286 624 2320 immemorabiles
663 2286 929 2328 consuetudines,
967 2298 1002 2320 ac

262 2345 432 2386 propterea
458 2340 488 2373 in
513 2340 604 2373 dictis
628 2340 798 2384 provinciis
818 2351 928 2374 omnes
949 2352 999 2385 pa-

262 2400 325 2428 tres
338 2394 520 2438 provinciae
535 2394 673 2437 gaudere
686 2393 801 2427 debere
814 2405 889 2428 voce
902 2396 1003 2428 activa

262 2448 293 2481 in
318 2447 465 2481 omnibus
490 2447 635 2491 capitulis
655 2453 684 2480 et
705 2448 1003 2491 congregationibus

262 2501 510 2545 provincialibus
535 2501 802 2544 quemadmodum
821 2506 949 2534 eatenus
966 2501 1004 2534 ab

264 2554 508 2587 immemorabili
534 2554 630 2597 gavisi
657 2554 793 2594 fuerant,
818 2554 1003 2588 auctoritate

265 2607 435 2652 apostolica
459 2607 665 2649 decrevimus,
683 2610 896 2651 statutumque
915 2607 945 2640 in
962 2607 1004 2640 di-

1651 191 1708 225 7511

1012 257 1062 286 cto
1089 251 1227 295 capitulo
1252 250 1391 294 generali
1417 250 1455 283 de
1479 259 1561 283 anno
1586 259 1681 283 ninom
1705 259 1753 281 ce-

1012 306 1133 339 lebrato
1170 305 1289 337 editum
1321 315 1416 348 super
1450 304 1596 347 ingressu
1626 308 1752 347 patrum

1012 357 1192 403 provinciae
1218 357 1248 389 in
1269 356 1482 390 definitorium
1497 356 1753 389 confirmavimus

1013 417 1043 445 et
1060 410 1317 455 approbavimus,
1335 415 1364 442 et
1382 409 1456 441 alias
1477 414 1572 452 prout
1590 409 1620 441 in
1638 407 1755 441 nostris

1014 465 1046 498 in
1070 464 1164 498 simili
1189 464 1291 496 forma
1317 462 1424 496 Brevis
1448 462 1559 496 litteris
1585 461 1635 494 die
1652 472 1682 495 lx
1699 471 1755 494 no-

1015 518 1153 552 vembris
1178 527 1307 551 MDCLvn
1332 517 1468 561 desuper
1494 515 1655 560 expeditis,
1681 526 1757 559 qua-

1015 583 1087 606 rum
1114 577 1256 605 tenorem
1287 570 1506 615 praesentibus
1530 581 1588 614 pro
1613 570 1704 613 plene
1728 574 1758 602 et

1016 626 1207 660 sufficienter
1243 636 1391 669 expresso
1428 625 1539 658 haberi
1579 624 1757 664 voluimus,

1017 681 1145 714 uberius
1170 679 1357 713 continetur.

1062 734 1077 777 ξ,
1102 733 1131 766 2.
1162 733 1238 766 Cum
1263 737 1383 772 autem,
1409 731 1489 764 sicut
1520 730 1651 763 dilectus
1676 729 1758 762 filius

1017 787 1143 820 Alexius
1167 787 1278 827 Nocet,
1296 786 1391 818 frater
1416 796 1451 818 ac
1476 789 1663 828 procurator
1688 793 1758 826 spe-

1019 841 1105 873 cialis
1123 840 1305 884 provinciae
1321 839 1476 872 Turoniae
1496 837 1696 871 pictaviensis
1714 836 1760 868 ‹ti-

1020 894 1062 927 eti
1087 894 1212 928 Ordinis
1235 893 1326 927 nobis
1346 903 1446 937 nuper
1464 891 1576 936 exponi
1593 891 1674 931 fecit,
1688 890 1762 923 licet

1020 948 1137 981 nemini
1156 948 1201 981 sas
1219 958 1286 981 esse
1304 946 1444 982 deberet¹
1462 946 1630 989 quicquam
1644 944 1675 977 in
1692 954 1763 977 eon-

1022 1003 1154 1035 trarium
1180 1001 1429 1045 praemissorum
1454 1003 1624 1038 attentare;
1648 998 1762 1031 nibilo-

1024 1056 1126 1088 minus
1151 1054 1257 1088 dilecti
1282 1054 1375 1087 etiam
1408 1053 1464 1085 filii
1497 1052 1639 1096 AEgidius
1664 1052 1764 1085 Nuble

1023 1115 1052 1142 et
1076 1109 1213 1141 lulianus
1238 1108 1356 1147 Brault,
1382 1116 1504 1139 necnon
1528 1107 1618 1150 pauci
1644 1106 1696 1138 alii
1718 1106 1764 1138 di-

1024 1168 1090 1196 ctae
1115 1162 1295 1206 provinciae
1320 1160 1520 1194 l'ictaviensis
1549 1160 1683 1202 fratres,
1711 1160 1765 1205 qui

1024 1217 1062 1249 ab
1088 1216 1208 1259 aliquot
1226 1215 1315 1248 annis
1332 1214 1474 1247 eamdem
1494 1213 1687 1257 provinciam
1707 1213 1765 1246 sub

1025 1269 1157 1302 diversis
1182 1269 1303 1301 frivolis
1334 1267 1548 1311 praetextibus
1578 1267 1767 1310 perturbare

1025 1333 1088 1357 non
1112 1323 1284 1362 desistunt,
1316 1331 1378 1354 non
1411 1320 1606 1354 obstantibus
1636 1320 1767 1352 diversis

1027 1375 1281 1420 congregationis
1296 1379 1543 1408 memoratorum
1561 1373 1767 1406 cardinalium

1027 1431 1162 1463 decretis
1198 1439 1256 1473 pro
1293 1428 1479 1461 stabilienda
1512 1437 1589 1472 pace
1623 1428 1653 1459 in
1686 1427 1769 1460 dicta

1028 1483 1192 1527 provincia
1217 1482 1309 1514 editis
1334 1487 1364 1513 et
1389 1492 1445 1524 per
1470 1491 1526 1514 nos
1555 1480 1770 1521 confirmatis,

1028 1537 1095 1569 ausi
1121 1536 1237 1569 fuerint
1260 1535 1383 1568 noviter
1409 1539 1518 1568 contra
1542 1535 1697 1578 praefatas
1717 1545 1771 1568 no-

1029 1596 1109 1624 stras
1134 1589 1253 1622 litteras
1278 1589 1462 1631 insurgere,
1487 1593 1517 1621 et
1541 1598 1654 1621 novam
1684 1588 1769 1622 litem

1030 1645 1165 1687 desuper
1190 1648 1299 1676 contra
1324 1653 1397 1675 suos
1423 1642 1604 1685 superiores
1629 1653 1772 1683 movere,

1032 1696 1207 1739 meritoque
1226 1695 1399 1728 timendum
1418 1695 1457 1727 sit
1474 1705 1511 1727 ne
1530 1695 1641 1727 exinde
1661 1706 1773 1738 graves

1031 1750 1241 1783 dissensiones
1274 1754 1303 1781 et
1335 1748 1570 1781 controversiae
1603 1749 1633 1781 in
1663 1749 1773 1781 eadem

1032 1804 1195 1848 provincia
1221 1803 1375 1843 oriantur,
1394 1802 1425 1834 in
1438 1812 1501 1835 non
1517 1802 1585 1834 leve
1611 1802 1773 1845 religionis

1032 1857 1167 1890 dedecus
1203 1862 1232 1889 et
1268 1855 1424 1899 regularis
1459 1855 1643 1899 disciplinae
1672 1855 1771 1888 detri-

1034 1916 1191 1951 mentum;
1215 1910 1308 1943 nobis
1333 1914 1504 1954 propterea
1528 1909 1629 1942 dictus
1649 1910 1775 1943 Alcxius

1034 1964 1197 1998 humiliter
1218 1963 1388 2007 supplicari
1408 1963 1479 1996 fecit
1496 1967 1529 1997 ut
1549 1963 1578 1995 in
1597 1964 1776 2007 praemissis

1034 2023 1212 2062 opportune
1237 2017 1405 2061 providere
1430 2016 1468 2049 de
1486 2016 1678 2059 benignitate
1702 2028 1777 2061 apo-

1034 2072 1143 2104 stolica
1170 2070 1387 2113 dignaremur.
1417 2071 1479 2103 Nos
1497 2070 1603 2113 igitur,
1629 2070 1776 2103 eumdem

1034 2125 1177 2158 Alexium
1203 2123 1392 2167 specialibus
1417 2123 1576 2156 favoribus
1609 2128 1638 2156 et
1668 2124 1777 2166 gratiis

1036 2178 1183 2223 prosequi
1207 2177 1356 2217 volentes,
1382 2181 1412 2209 et
1436 2187 1452 2209 a
1478 2176 1639 2220 quibusvis
1657 2187 1779 2210 excom-

1037 2231 1276 2272 municationis,
1302 2230 1518 2274 suspensionis
1543 2235 1572 2263 et
1598 2230 1777 2271 interdicti,

1036 2276 1166 2328 aliisque
1192 2284 1411 2317 ecclesiasticis
1435 2283 1607 2324 sententiis,
1636 2284 1778 2316 censuris

1037 2345 1065 2372 et
1090 2339 1211 2383 poenis,
1237 2349 1254 2371 a
1280 2338 1347 2371 iure
1373 2338 1420 2370 vel
1446 2338 1483 2370 ab
1508 2338 1645 2379 homine,
1671 2338 1778 2381 quavis

1037 2393 1200 2427 occasione
1223 2393 1269 2426 rel
1295 2393 1388 2425 causa
1414 2392 1494 2433 latis,
1519 2391 1543 2423 5ἰ
1569 2391 1683 2435 quibus
1704 2402 1779 2435 quo-

1038 2446 1209 2480 modolibet
1235 2445 1401 2478 innodatus
1426 2445 1544 2486 existit,
1570 2445 1607 2477 ad
1633 2444 1779 2478 effectum

1039 2499 1251 2543 praesentium
1266 2498 1425 2533 dumtaxat
1444 2499 1711 2542 consequendum,
1729 2498 1780 2531 ba-

1077 2616 1085 2641 1
1107 2614 1176 2642 Edit.
1190 2614 1268 2642 ltlain.
1287 2614 1352 2649 legit
1367 2614 1467 2642 debere
1484 2622 1532 2649 pro
1549 2614 1662 2641 debere(
1679 2616 1717 2648 (n.
1729 2614 1778 2647 T.).

1761 200 1810 227 An.
1830 199 1858 227 C.
1883 199 1949 227 1662

1796 742 1907 762 Decretum
1918 741 1958 761 hoc

1888 774 1903 787 ts
1915 774 1957 787 swr-

1774 770 1812 789 sut=
1830 775 1883 794 putu
1930 786 1933 787 ⁷

1777 802 1820 815 »art
1837 795 1930 815 mand-il.
