2263 3215
284 213 328 237 Aa
350 212 463 241 016ῡῦ
514 207 571 239 ¹12

480 264 702 307 propagandae
737 264 806 297 fidei
837 267 1087 310 praepositorum
1113 268 1214 301 consi-

481 317 532 356 lio,
559 317 610 350 tibi
645 328 700 361 per
733 324 912 361 praesentes
936 320 1162 353 committimus
1186 327 1215 353 et

481 371 674 409 mandamus,
693 376 845 413 quatenus
868 377 894 403 tc
919 374 980 404 una
1002 384 1071 405 cum
1093 374 1215 406 duobus

481 423 524 455 rel
553 423 650 456 tribus
678 423 770 455 soriis
790 424 842 456 tibi
868 425 989 468 placitis
1007 432 1036 458 ct
1057 426 1153 469 gratis
1177 427 1213 459 ad

479 482 583 520 partes
601 477 793 520 supradictas
812 478 963 518 conseras,
984 489 1019 511 ac
1036 490 1131 523 super
1149 490 1213 513 om-

479 529 570 562 nibus
603 534 629 562 et
664 530 793 573 siugulis
824 532 1005 574 praemissis
1030 543 1117 565 veras
1146 533 1214 567 sacti

480 582 725 626 informationes,
748 588 950 628 exactamque
976 585 1213 619 instructionem

479 645 584 668 sumas
609 641 638 668 et
663 636 775 680 capias,
801 648 836 669 ac
860 648 1040 681 processum
1072 649 1125 671 scu
1146 650 1215 682 pro-

479 698 585 721 cessus
609 689 743 733 desuper
769 690 902 723 sabriccs
919 697 948 724 et
966 692 1122 725 coniicias.
1141 692 1215 725 Dan-

479 746 524 774 tes
543 742 596 773 tibi
615 743 860 787 quamcumque¹
882 745 1088 777 necessariam
1118 751 1147 778 et
1163 756 1216 789 op-

478 801 646 838 portunam
673 796 846 831 facultatem
872 808 942 831 cum
969 798 1078 831 eodem
1095 799 1214 832 Tboma

478 848 606 892 eiusque
631 851 815 893 sequacibus
837 852 960 885 clericis
984 858 1014 885 ct
1040 853 1125 885 laicis
1151 854 1215 898 qui-

477 901 613 934 buslibet
630 903 727 936 libere
741 907 769 937 ct
788 903 879 944 licite,
897 911 926 937 et
939 905 1058 948 absque
1079 906 1214 940 cuiusvis

478 965 626 989 censurae
645 957 690 989 rel
702 968 819 1001 poenae
834 959 1062 992 ecclesiasticae
1077 960 1212 1002 incursu,

477 1008 529 1041 ubi
555 1014 585 1041 et
608 1010 732 1053 quando
757 1021 792 1043 ac
828 1011 918 1044 toties
943 1012 1064 1055 quoties
1097 1013 1127 1045 in
1159 1013 1214 1047 Do-

478 1061 562 1094 mino
587 1063 732 1106 expedire
757 1063 958 1107 indicaveris,
983 1076 1078 1109 super
1102 1077 1211 1099 eorum

476 1114 659 1148 reductione
684 1116 720 1148 ad
746 1118 874 1160 praefati
900 1118 1128 1163 archiepiscopi
1143 1121 1213 1153 obe-

477 1171 625 1204 dientiam
650 1173 901 1206 communicandi
928 1179 957 1206 ct
982 1174 1145 1215 tractandi,
1167 1175 1211 1219 ip-

476 1235 608 1268 sumque
625 1226 774 1259 Tliomam
793 1232 823 1259 et
843 1227 908 1259 eius
925 1238 1073 1271 sequaces
1090 1229 1127 1261 ad
1144 1229 1213 1262 obe-

476 1278 624 1311 dientiam
657 1279 834 1312 liuiusmodi
859 1281 981 1323 quotics
1011 1291 1088 1324 opus
1120 1282 1213 1314 suerit

476 1332 647 1375 respective
684 1333 868 1366 auctoritate
898 1335 1004 1366 nostra
1041 1335 1211 1377 apostolica

476 1385 661 1426 reducendi,
687 1391 717 1418 ct
741 1386 765 1418 si
792 1386 851 1419 boc
875 1396 892 1418 a
917 1392 946 1419 te
970 1387 1133 1420 humiliter
1162 1399 1212 1432 pc-

477 1438 602 1479 tierint,
627 1438 773 1483 imposita
804 1439 848 1472 eis
881 1444 910 1472 ct
942 1450 1051 1473 eorum
1085 1441 1213 1474 cuilibet

475 1492 665 1535 poenitentia
692 1492 841 1533 salutari,
866 1503 990 1526 necnon
1024 1500 1151 1538 recepto
1174 1495 1211 1527 ab

476 1545 519 1578 eis
544 1544 718 1578 iuramento
735 1545 818 1589 quod
836 1545 874 1578 de
895 1551 999 1579 cetero
1020 1546 1132 1580 similia
1149 1558 1212 1580 non

474 1599 708 1643 perpetrabunt⁷
733 1610 749 1631 a
770 1599 1001 1642 praedictorum
1028 1611 1210 1634 excessuum

475 1657 584 1692 reatu,
610 1663 645 1685 ac
670 1652 831 1696 quibusvis
856 1654 1211 1695 excommunicationis,

475 1705 687 1749 suspensionis
712 1711 741 1738 ct
766 1706 933 1746 interdicti,
958 1707 1088 1750 aliisque
1113 1708 1209 1741 eccle-

475 1759 605 1792 siasticis
626 1759 796 1801 sententiis,
813 1759 955 1792 censuris
973 1765 1001 1792 ct
1018 1761 1135 1803 poenis,
1154 1772 1211 1804 per

474 1823 527 1845 eos
560 1816 590 1846 et
622 1823 732 1845 eorum
761 1812 932 1855 quemlibet
963 1813 1208 1856 praemissorum

474 1865 637 1898 occasione
663 1865 833 1908 respective
858 1865 1001 1905 incursis,
1027 1866 1135 1898 eadem
1160 1877 1210 1900 au-

474 1919 616 1952 ctoritate
633 1918 813 1952 absolvendi
830 1923 859 1951 et
879 1919 1020 1962 plenarie
1044 1920 1208 1962 liberandi,

474 1971 596 2015 illisque
621 1977 651 2004 et
675 1982 783 2004 eorum
809 1971 936 2004 cuilibet
959 1982 1076 2014 poenas
1100 1973 1208 2005 liuius-

474 2025 557 2058 modi
583 2025 719 2067 gratiose
745 2024 921 2057 remittendi
946 2030 976 2057 et
1000 2025 1208 2065 condonandi,

473 2089 509 2111 ac
534 2088 586 2111 eos
604 2083 633 2110 et
653 2088 763 2111 eorum
789 2077 960 2121 quemlibet
983 2077 1014 2110 in
1039 2078 1206 2121 pristinum

474 2136 503 2164 et
526 2142 608 2173 euin,
634 2132 664 2163 iu
689 2142 751 2174 quo
772 2136 842 2163 ante
863 2130 1038 2174 praedictos
1063 2142 1208 2165 excessus

473 2184 709 2229 quomodolibet
729 2188 825 2226 erant,
844 2189 956 2216 statum
979 2184 1162 2218 restituendi
1179 2191 1209 2218 et

472 2238 612 2281 plenarie
626 2237 848 2281 reintegrandi,
862 2248 897 2270 ac
917 2238 954 2270 ad
968 2238 1125 2281 gremium
1143 2250 1207 2272 san-

473 2295 540 2323 ctae
564 2290 667 2324 Matris
689 2291 846 2323 Romanae
870 2291 1027 2323 Ecclesiae
1056 2291 1137 2324 dicta
1158 2303 1208 2325 au-

473 2343 615 2376 ctoritate
641 2343 820 2387 recipiendi,
842 2344 964 2387 aliaque
989 2344 1026 2376 ad
1052 2345 1080 2376 id
1105 2355 1210 2378 neces-

473 2397 553 2429 saria
587 2401 617 2429 ct
650 2402 828 2440 opportuna
858 2397 991 2439 agendi,
1018 2398 1148 2430 faciendi
1180 2404 1209 2431 et

474 2450 657 2493 exequendi,
683 2456 777 2493 prout
801 2460 851 2482 res
877 2450 941 2493 ipsa
966 2451 1116 2493 exegerit,
1141 2462 1207 2484 ser-

475 2503 551 2535 vatis
577 2508 679 2535 tamen
704 2513 827 2547 semper
853 2503 1109 2537 constitutionum
1131 2514 1207 2548 apo-

512 2619 520 2645 1
545 2618 613 2646 Edit.
634 2618 711 2646 Mam.
726 2619 798 2655 ¹legit
817 2627 994 2655 quacumque
1014 2619 1053 2655 (a.
1070 2620 1116 2655 τ.).

1056 220 1230 243 [immuunt
1258 221 1408 244 ROMANUM

1996 224 2044 249 An.
2065 225 2094 250 c.
2116 224 2181 252 ¹65ss

1249 269 1442 308 stolicarum,
1456 278 1491 301 ac
1505 268 1712 301 conciliorum
1730 270 1922 312 generalium
1939 280 1985 303 sa-

1249 332 1438 365 crorumque
1456 331 1611 355 canonum
1638 322 1904 365 dispositionibus.

1294 375 1308 418 §
1325 375 1353 408 2.
1372 376 1439 408 Non
1457 375 1652 408 obstantibus
1678 375 1774 408 felicis
1799 376 1986 409 recordatio-

1249 427 1296 459 nis
1310 428 1456 461 Bonisacii
1471 428 1571 472 Papae
1589 428 1652 460 Vlll
1670 428 1921 472 praedecessoris
1935 439 1987 462 no-

1249 480 1304 512 stri
1318 480 1356 512 de
1370 482 1441 520 una,
1459 487 1488 513 et
1504 480 1626 513 concilii
1643 481 1798 522 generalis
1816 481 1853 513 dc
1866 481 1986 515 duabus

1249 533 1349 575 dietis,
1370 534 1499 577 aliisque
1529 534 1718 578 apostolicis,
1748 545 1783 567 ac
1811 535 1842 567 in
1866 535 1987 568 univer-

1250 586 1365 619 salibus
1396 587 1702 630 provincialibusque
1726 592 1756 619 et
1786 587 1986 631 synodalibus

1250 640 1390 673 conciliis
1415 641 1519 681 editis,
1545 640 1746 683 generalibus
1770 641 1818 673 vel
1843 641 1985 684 speciali-

1249 693 1317 734 bus,
1347 694 1623 727 constitutionibus
1654 700 1683 727 ct
1714 694 1963 728 ordinationibus
1978 722 1985 735 ,

1250 756 1386 787 necnon,
1416 752 1568 790 quatenus
1599 758 1678 791 opus
1703 747 1762 788 sit,
1794 752 1985 781 memoratae

1250 799 1486 841 Angamalensis
1511 803 1538 833 et
1564 800 1695 832 aliarum
1722 800 1904 843 quarumvis
1929 810 1994 847 ecs

1249 853 1415 886 elesiarum
1441 859 1471 886 et
1496 854 1648 893 locorum,
1674 853 1765 886 etiam
1798 853 1984 895 iuramento,

1249 905 1487 939 confirmatione
1501 907 1682 950 apostolica,
1702 907 1746 939 vel
1765 907 1874 950 quavis
1891 906 1986 939 firmi—

1250 962 1309 990 tate
1323 958 1383 990 alia
1396 959 1562 1000 roboratis,
1577 959 1698 993 statutis
1709 965 1737 992 et
1751 959 1986 992 consuetudini-

1248 1010 1500 1054 bus‚privilegiis
1521 1022 1657 1056 quoque,
1675 1012 1801 1044 indultis
1827 1017 1856 1044 et
1872 1012 1985 1045 litteris

1248 1064 1426 1106 apostolicis
1459 1064 1488 1096 in
1513 1065 1704 1097 contrarium
1738 1064 1984 1108 praemissorum

1248 1116 1487 1159 quomodolibet
1504 1117 1668 1158 concessis,
1683 1117 1877 1150 confirmatis
1892 1123 1922 1150 et
1939 1118 1982 1150 in-

1247 1170 1387 1210 novatis;
1414 1171 1527 1214 quibus
1552 1172 1698 1205 omnibus
1715 1176 1745 1203 et
1762 1171 1904 1214 singulis,
1919 1171 1984 1205 itto-

1248 1233 1317 1254 rum
1338 1228 1460 1256 tenores
1478 1224 1694 1267 praesentibus
1708 1235 1767 1267 pro
1784 1224 1875 1268 plene
1889 1224 1986 1257 etsus-

1247 1276 1389 1308 sicienter
1410 1277 1566 1320 expressis
1579 1288 1615 1309 ae
1632 1277 1669 1309 de
1684 1277 1779 1309 verbo
1800 1277 1838 1309 ad
1853 1277 1983 1310 verbum

1247 1329 1372 1362 insertis
1397 1330 1557 1371 babentes,
1580 1331 1639 1363 illis
1660 1331 1734 1363 alias
1748 1331 1778 1363 in
1795 1341 1851 1364 suo
1868 1331 1984 1365 robore

1247 1383 1472 1426 permansuris,
1498 1384 1535 1416 ad
1554 1384 1801 1427 praemissorum
1828 1385 1984 1428 effectum,

1246 1436 1304 1468 hac
1320 1436 1387 1469 vice
1404 1436 1577 1477 dumtaxat,
1598 1437 1775 1480 specialiter
1793 1443 1822 1470 et
1839 1448 1985 1482 expresse

1245 1489 1451 1532 derogamus,
1477 1490 1651 1534 ceterisque
1669 1491 1836 1524 contrariis
1855 1492 1983 1535 quibus-

1245 1554 1390 1587 cumque.

1290 1597 1399 1629 Datum
1425 1597 1562 1639 Romae,
1588 1598 1669 1641 apud
1695 1598 1723 1631 S.
1749 1598 1898 1639 Petrum,
1923 1600 1982 1633 sub

1244 1652 1359 1684 annulo
1377 1651 1553 1693 PiscatoriS,
1571 1651 1620 1684 die
1638 1662 1689 1685 xix
1705 1652 1836 1686 ianuarii
1854 1663 1982 1694 MDCLVI,

1247 1705 1447 1748 pontificatus
1471 1706 1569 1738 nostri
1594 1716 1675 1739 anno
1700 1716 1719 1739 1.

1281 1765 1338 1793 Dat.
1356 1767 1399 1794 die
1418 1767 1448 1793 19
1463 1767 1578 1794 ianuarii
1596 1767 1679 1801 1656,
1699 1769 1796 1803 pontis.
1813 1776 1856 1795 an.
1874 1777 1892 1795 i.

2033 390 2124 416 peragat
2135 397 2181 414 eou-

2002 418 2006 435 t
2011 423 2051 437 rari
2056 423 2078 437 is.

1565 1891 1667 1924 LXXI.

1242 1962 1434 1995 Hortatoriu
1441 1972 1471 1994 m
1482 1962 1640 1994 um‘versz‘s
1649 1962 1684 1994 cli
1691 1962 1916 2004 rz'stifideli'bus
1922 1973 1982 2007 pro

1288 2015 1419 2058 Ioseplzo
1443 2026 1464 2047 (ι
1491 2015 1521 2047 S.
1539 2015 1645 2047 Mariii
1668 2015 1843 2049 Carmelicct
1860 2016 1984 2048 Discat-

1286 2072 1372 2100 ccalo
1389 2068 1431 2100 ad
1447 2071 1556 2111 partes
1576 2067 1719 2101 Orientis
1735 2068 1947 2111 profectum&

1435 2146 1604 2174 Alexander
1624 2148 1702 2182 Papa
1721 2148 1785 2182 Vll,

1241 2202 1395 2231 Universis
1407 2203 1667 2237 christifidelibus,
1677 2206 1738 2230 tam
1750 2203 1979 2237 ecclesiasticis,

1278 2248 1366 2275 etiam
1387 2247 1520 2275 cuiusvis
1542 2247 1670 2281 Ordinis,
1688 2247 1928 2282 congregationis
1949 2250 1980 2275 et

1276 2291 1413 2319 instituti
1433 2292 1639 2325 regularibus,
1669 2298 1754 2325 quam
1775 2292 1874 2325 laicis,
1895 2299 1981 2326 prae-

1277 2339 1380 2364 sentes
1391 2337 1510 2363 litteras
1523 2337 1717 2370 inspecturis,
1729 2337 1858 2364 salutem
1869 2340 1900 2364 et
1912 2344 1981 2371 apo-

1277 2381 1415 2408 stolicam
1435 2381 1684 2408 benedictionem.

1285 2451 1352 2493 §l
1386 2451 1461 2484 Cum
1495 2461 1551 2483 nos
1579 2451 1726 2484 dilectum
1759 2451 1857 2483 lilium
1889 2451 1975 2484 lose·
1993 2455 2176 2503 Ommgffi‘ffss'ii}
2250 2489 2259 2534 ἴ

1241 2504 1337 2548 plium
1359 2515 1375 2536 a
1393 2504 1421 2537 S.
1440 2504 1545 2544 Maria,
1557 2504 1680 2537 Ordinis
1694 2505 1823 2537 l'ratrum
1839 2504 1978 2538 eiusdem
1992 2508 2090 2530 fldefibus
2121 2508 2166 2530 1⁰⁵⁰

1280 2621 1290 2647 1
1308 2618 1346 2646 Ex
1365 2619 1476 2655 Regest.
1493 2619 1519 2647 iu
1534 2619 1636 2648 Secret.
1655 2618 1729 2646 Brev.
