2243 3205
62 160 111 187 An.
125 159 155 185 C.
180 156 244 184 1659

154 2133 238 2154 Fratres

56 2159 190 2182 &Laurentii
198 2161 238 2186 pri·

56 2187 114 2207 ninia
131 2187 237 2213 indulgen-

56 2213 102 2237 tiis,
121 2213 238 2234 immunita-

57 2239 117 2264 tibus,
133 2242 171 2260 ete.
187 2246 238 2265 gau-

57 2265 104 2286 dere
119 2267 228 2292 permittit.

855 151 1040 176 ALEXANDER
1066 151 1109 174 VH
1134 151 1180 174 PP.

257 214 315 248 per
340 214 382 243 se,
409 203 455 236 vel
479 203 586 244 alium,
612 214 666 236 seu
691 202 768 235 alios
795 212 851 234 suo
872 206 901 234 et
923 199 996 233 dieti

257 262 428 290 conventus
443 256 471 289 S.
486 257 642 290 Laurentii
661 255 852 295 nominibus,
866 249 996 298 propria
1012 257 1013 270 ¹

256 310 442 343 auctoritate
467 309 719 354 apprehendere,
745 313 774 342 et
798 307 997 351 apprehensa

256 369 410 406 perpetuo
435 363 581 404 retinere,
606 363 726 396 fruetus
751 372 893 405 quoque,
920 359 993 393 red-

256 416 358 458 ditus,
383 422 555 460 proventus
580 422 610 449 et
638 416 849 449 emolumenta
874 425 910 447 ex
936 414 997 446 illis

256 470 472 513 provenientia
488 480 705 513 quaecumque
722 480 757 502 ac
782 469 996 512 eleemosynas

256 522 334 566 ipsis
359 534 531 566 eorumque
550 523 715 556 conventui
733 522 914 555 huiusmodi
939 532 996 565 pro

256 580 399 619 tempore
424 576 519 608 factas
544 576 695 619 recipere,
724 575 905 619 percipere,
931 574 995 607 exi-

255 638 340 671 gere,
354 629 466 670 levare,
479 629 593 668 locare,
603 628 784 668 arrcndare,
798 638 995 671 recuperare,

255 692 290 714 ac
315 682 346 714 in
371 692 444 715 suos
469 692 653 714 comumnes
678 693 770 723 usus,
794 682 996 715 necessitates

255 738 285 769 et
305 735 479 775 utilitatem,
494 746 690 778 onerumque
708 735 887 768 huiusmodi
902 735 996 768 adim-

254 788 448 832 plementum
474 793 657 823 convertere
683 794 712 821 et
737 799 886 831 erogare,
914 789 996 822 dioe-

255 841 358 875 cesani
384 842 443 875 loci
469 852 522 875 seu
547 842 683 875 cuiusvis
711 842 839 874 alterius
869 842 994 875 licentia

254 895 389 939 desuper
400 896 528 928 minime
538 895 698 939 requisita,
711 896 895 929 auctoritate
908 907 996 940 prae-

253 949 338 982 dicta
362 949 480 993 pariter
504 954 660 993 perpetuo
680 949 829 992 applices,
853 950 994 992 assignes

254 1006 284 1036 et
307 1002 513 1047 appropries,
538 1002 721 1046 dictumque
750 1008 937 1036 conventum
963 1003 992 1036 S.

253 1055 396 1097 Antonii,
436 1061 600 1099 postquam
638 1056 697 1096 sie,
734 1061 766 1088 ut
801 1056 992 1099 praefertur,

253 1119 443 1153 suppressus
468 1114 498 1142 et
522 1109 674 1142 extinctus
691 1108 795 1150 suerit,
812 1109 991 1143 membrum

254 1167 284 1195 et
307 1162 471 1205 grangiam
497 1162 637 1195 eiusdem
663 1167 834 1195 conventus
859 1161 887 1195 S.
915 1163 992 1196 Lau-

254 1216 357 1256 rentii,
381 1216 520 1260 priorem
546 1219 575 1250 et
599 1216 711 1249 fratres
733 1215 842 1248 missas
864 1221 892 1248 et
909 1216 994 1249 anui-

254 1270 392 1303 versaria
415 1269 454 1303 ad
478 1280 558 1314 quae
582 1269 694 1302 fratres
723 1268 796 1302 dieti
822 1275 993 1302 conventus

253 1324 282 1357 S.
307 1324 433 1358 Antonii
458 1334 493 1356 ex
519 1322 631 1366 legatis
655 1322 715 1366 piis
739 1326 792 1356 aut
820 1323 895 1356 alias
919 1334 995 1367 quo-

255 1378 428 1412 modolibet
453 1377 637 1410 tenebantur
671 1378 701 1410 in
738 1377 869 1411 ecclesia
895 1377 993 1421 ipsius

255 1436 426 1464 conventus
451 1431 480 1464 S.
499 1430 624 1463 Antonii
647 1430 702 1473 (ita
726 1430 806 1462 sacta
824 1430 992 1463 missarum

253 1483 434 1517 huiusmodi
458 1483 696 1524 distributione,
722 1487 754 1517 ut
779 1483 887 1516 saltem
922 1483 989 1516 sin-

253 1537 335 1580 gulis
359 1536 469 1569 diebus
489 1536 655 1569 dominicis
681 1541 710 1568 et
735 1536 819 1568 sestis
844 1535 882 1568 de
907 1546 994 1579 prae-

253 1594 343 1634 cepto
367 1601 429 1623 una
454 1590 547 1623 missa
567 1590 643 1622 inibi
664 1590 841 1623 celebretur
862 1600 919 1633 per
936 1590 994 1623 sra-

253 1650 316 1678 tres
341 1643 480 1677 eiusdem
506 1649 678 1676 conventus
704 1644 732 1676 S.
758 1644 915 1676 Laurentii
934 1655 993 1688 pro

253 1703 395 1742 tempore
416 1698 600 1738 existentes,
621 1697 674 1741 qui
696 1701 798 1731 tamen
823 1698 881 1731 liae
906 1709 994 1731 occa-

252 1752 340 1786 sione
376 1757 463 1785 extra
493 1757 683 1784 conventum
719 1751 899 1785 huiusmodi
930 1762 993 1786 non

251 1810 447 1849 pernoctent,
473 1805 522 1838 vel
548 1805 685 1848 aliquem
706 1805 927 1849 presbyterum
949 1816 993 1838 se-

252 1858 390 1891 cularem
407 1885 414 1898 ,
440 1868 549 1891 eorum
583 1857 735 1898 arbitrio,
762 1858 885 1901 quoties
917 1858 992 1902 ipsis

252 1911 416 1955 placuerit,
430 1911 658 1955 deputandum)
677 1911 831 1944 celebrari
848 1917 877 1944 et
895 1911 993 1944 adim-

250 1964 331 2008 pleri
356 1964 458 1998 facere
483 1970 638 2008 perpetuo
664 1964 762 1997 teneri
784 1971 813 1997 et
838 1965 992 2008 obligatos

251 2018 338 2058 sore,
362 2017 444 2051 dieta
469 2017 654 2051 auctoritate
688 2018 838 2051 decernas
871 2024 900 2052 et
932 2019 989 2052 de-

253 2071 361 2105 clares.

296 2126 311 2169 §
336 2124 365 2158 6.
390 2125 435 2158 Ad
453 2125 530 2159 liaee
548 2124 648 2158 eidem
670 2125 839 2159 conventui
864 2126 892 2159 S.
912 2126 990 2159 Lau-

252 2179 346 2212 rentii
366 2179 410 2212 sie
431 2179 634 2222 reintegrato,
653 2190 706 2212 seu
721 2179 759 2212 de
776 2189 857 2212 novo
875 2186 991 2221 erecto,

253 2233 399 2276 illiusque
423 2233 574 2266 ecclesiae
598 2243 633 2265 ac
658 2233 756 2276 priori
781 2238 811 2266 et
842 2233 991 2266 fratribus

252 2296 312 2330 pro
337 2291 477 2329 tempore
497 2286 710 2328 existentibus,
728 2296 849 2318 necnon
867 2286 992 2329 quibus-

253 2339 298 2371 vis
322 2338 578 2372 christifidelibus
599 2338 740 2371 eamdem
755 2339 919 2371 ecclesiam
933 2350 991 2382 pro

252 2397 394 2436 tempore
417 2391 622 2432 visitantibus,
648 2397 681 2424 ut
705 2391 852 2425 omnibus
876 2397 906 2424 et
923 2392 988 2424 sin*-

252 2446 334 2489 gulis
352 2445 534 2489 privilegiis,
547 2444 683 2487 indultis,
703 2445 871 2486 favoribus,
889 2456 992 2478 exem·

253 2499 435 2543 ptionibus,
467 2498 683 2539 libertatibus,
719 2498 968 2532 immunitatibus
983 2526 990 2540 ‚

253 2553 480 2597 praerogativis
505 2558 534 2586 et
559 2552 775 2596 indulgentiis,
801 2553 893 2586 etiam
919 2553 991 2595 illis,

1030 198 1143 242 quibus
1168 202 1238 232 ante
1263 198 1360 242 ipsius
1385 203 1556 231 conventus
1577 194 1771 240 suppressio-

1030 262 1111 294 nem,
1133 251 1288 284 mediante
1309 251 1565 285 confraternitate
1589 250 1770 284 Cinctorum

1012 305 1094 338 isive
1131 305 1169 338 de
1204 305 1366 338 centzcrctti
1398 305 1570 347 vulgariter
1601 303 1707 336 vocata
1740 301 1771 334 in

1031 358 1164 391 eeclesia
1203 358 1384 391 huiusmodi
1423 360 1526 391 erecta
1570 356 1770 400 gaudebant,

1030 412 1161 456 aliisque
1171 412 1280 454 gratiis
1295 412 1457 452 universis,
1476 418 1538 444 tam
1556 409 1771 455 spiritualibus

1029 476 1124 509 quam
1138 465 1376 508 temporalibus,
1397 464 1510 508 quibus
1528 465 1578 497 alii
1600 469 1771 498 conventus

1030 518 1285 562 congregationis
1310 523 1339 551 et
1364 518 1488 551 Ordinis
1517 518 1769 562 praedictorum,

1030 572 1220 616 illorumque
1235 571 1359 616 priores
1375 577 1404 604 et
1424 572 1535 605 fratres
1549 571 1587 604 de
1605 571 1682 611 iure,
1701 581 1768 612 usu,

1030 625 1264 668 consuetudine,
1291 631 1320 658 et
1343 625 1417 657 alias
1431 624 1668 669 quomodolibet
1682 629 1771 656 utun-

1031 685 1090 720 tur,
1115 679 1262 712 sruuntur
1286 684 1315 712 et
1340 678 1487 721 gaudent,
1511 688 1546 710 ac
1575 678 1629 718 uti,
1654 677 1715 710 frui
1740 682 1770 710 et

1029 733 1166 776 gaudere
1190 736 1322 776 possunt
1335 737 1364 765 et
1384 737 1532 776 poterunt
1548 732 1658 775 quovis
1675 730 1769 764 modo

1030 786 1060 818 in
1085 786 1235 826 futurum,
1261 796 1324 819 non
1349 786 1450 819 solum
1469 785 1507 817 ad
1531 795 1642 818 eorum
1661 784 1769 824 instar,

1029 839 1082 872 sed
1103 839 1195 872 etiam
1221 850 1319 882 aeque
1345 838 1561 882 principaliter
1586 844 1615 871 et
1639 837 1770 881 parisor-

1030 892 1131 932 miter,
1157 903 1192 925 ae
1218 891 1336 935 absque
1362 892 1424 924 ulla
1444 902 1576 935 prorsus
1593 890 1770 923 differentia

1029 945 1083 986 uti,
1109 945 1182 986 srui,
1207 945 1301 989 potiri
1320 951 1349 978 et
1367 945 1504 988 gaudere
1529 944 1626 977 libere
1644 949 1673 976 et
1686 943 1770 976 licite

1028 999 1147 1041 possint
1165 1004 1194 1032 et
1209 999 1339 1041 valeant,
1365 998 1474 1032 eadem
1496 997 1682 1031 auctoritate
1700 1007 1770 1030 con-

1028 1051 1119 1085 cedas
1144 1057 1174 1085 et
1197 1052 1370 1095 indulgeas.

1072 1107 1086 1149 ἓ
1112 1106 1139 1139 7.
1165 1108 1208 1139 Ac
1232 1106 1359 1139 demum
1390 1105 1572 1139 memoratis
1602 1104 1768 1138 Francisco

1028 1160 1155 1204 quidem
1181 1171 1275 1193 unam
1301 1160 1634 1203 octuagintaquatuor,
1660 1159 1768 1192 Ioanni
1784 1179 1806 1191 [Δ

1027 1213 1191 1246 Domiuieo
1228 1224 1303 1246 vero
1339 1213 1470 1245 alteram
1511 1212 1677 1256 pensiones
1713 1222 1769 1244 seu

1027 1268 1253 1311 praestationes
1290 1278 1409 1300 annuas
1445 1267 1574 1309 triginta
1605 1272 1768 1300 scutorum

1028 1325 1171 1355 monetae
1189 1321 1343 1354 dictarum
1357 1320 1493 1365 partium
1512 1331 1607 1364 super
1621 1320 1768 1354 omnibus

1027 1379 1056 1409 et
1080 1375 1213 1418 singulis
1238 1374 1338 1415 bonis,
1359 1374 1533 1408 redditibus
1558 1379 1586 1406 et
1612 1373 1769 1417 proventi-

1027 1428 1086 1461 bus
1110 1428 1184 1461 dicti
1209 1434 1381 1461 conventus
1405 1428 1434 1461 S.
1461 1426 1618 1460 Laurentii
1639 1437 1696 1470 per
1714 1436 1767 1459 eos

1027 1482 1131 1526 quoad
1155 1482 1288 1514 vixerint
1313 1480 1552 1525 percipiendas,
1578 1479 1767 1522 exigendas,

1028 1535 1183 1575 levandas,
1208 1546 1243 1567 ac
1268 1535 1299 1567 in
1324 1545 1435 1567 eorum
1460 1544 1534 1567 usus
1552 1539 1582 1566 et
1604 1533 1768 1567 utilitatem

1028 1587 1264 1628 convertendas,
1290 1588 1396 1631 eisque
1414 1597 1472 1631 per
1495 1587 1636 1630 priorem
1657 1592 1687 1619 et
1706 1586 1768 1619 fra-

1029 1649 1090 1675 tres
1125 1642 1224 1686 ipsius
1260 1647 1432 1674 conventus
1464 1640 1492 1674 S.
1525 1639 1685 1673 Laurentii
1708 1650 1767 1684 pro

1028 1702 1170 1740 tempore
1195 1695 1362 1728 existentes
1380 1694 1468 1727 annis
1483 1693 1614 1737 singulis
1628 1704 1686 1737 pro
1704 1694 1767 1726 una

1027 1749 1059 1782 in
1083 1749 1256 1782 Nativitatis
1281 1753 1311 1780 et
1335 1758 1392 1791 pro
1418 1747 1516 1780 altera
1548 1746 1767 1779 medietatibus

1026 1802 1216 1846 pensionum
1237 1812 1292 1834 seu
1316 1801 1563 1845 praestationum
1592 1810 1768 1832 annuarum

1027 1856 1208 1889 huiusmodi
1245 1856 1275 1888 in
1310 1855 1568 1888 Annunciationis
1604 1854 1635 1886 B.
1666 1854 1702 1886 M.
1734 1853 1766 1885 V.

1027 1909 1244 1943 festivitatibus
1256 1909 1430 1952 respective
1442 1907 1676 1952 persolvendas;
1691 1907 1767 1941 itaut

1026 1974 1084 2007 pro
1109 1963 1199 1996 dictis
1223 1962 1427 2006 pensionibus
1452 1961 1562 1994 annuis
1580 1961 1624 1994 sic
1649 1960 1767 1993 eisdem

1027 2018 1193 2051 Francisco
1215 2023 1244 2050 et
1269 2016 1375 2050 Ioanni
1402 2015 1565 2048 Domiuieo
1591 2014 1767 2058 respective

1027 2071 1183 2105 solvendis
1221 2070 1326 2104 onmia
1358 2075 1387 2103 et
1418 2069 1541 2112 singula
1576 2068 1657 2101 bona
1693 2067 1767 2101 dieti

1026 2131 1199 2159 conventus
1229 2125 1259 2158 S.
1294 2123 1453 2156 Laurentii
1484 2122 1663 2166 specialiter
1688 2121 1767 2154 obli-

1026 2185 1096 2221 gata
1110 2184 1140 2212 et
1154 2178 1363 2223 livpotliccata
1388 2177 1459 2218 sint,
1481 2175 1665 2209 auctoritate
1680 2185 1767 2218 prae-

1026 2231 1108 2264 dicta
1132 2241 1283 2271 reserves,
1304 2230 1474 2263 constituas
1493 2234 1521 2262 et
1539 2229 1689 2271 assignes
1710 2238 1766 2261 nos

1026 2284 1108 2317 enim
1130 2294 1363 2327 quamcumque
1383 2282 1592 2315 necessariam
1610 2287 1640 2315 et
1656 2292 1768 2325 oppor-

1027 2344 1133 2370 tunam
1147 2337 1185 2370 ad
1199 2337 1371 2381 praemissa
1387 2336 1566 2369 facultatem
1583 2335 1638 2368 tibi
1653 2335 1765 2368 harum

1026 2391 1106 2424 serie
1131 2390 1239 2424 eadem
1265 2390 1450 2423 auctoritate
1476 2389 1646 2421 tribuimus
1664 2388 1765 2422 etiin-

1025 2444 1192 2488 partimur.

1070 2498 1084 2541 g*
1104 2497 1132 2530 8.
1152 2498 1359 2530 Decernentes
1379 2497 1502 2530 easdem
1524 2501 1703 2540 praesentes
1720 2496 1766 2529 lit-

1027 2558 1107 2585 teras
1133 2555 1161 2585 et
1186 2552 1216 2583 iu
1243 2552 1286 2584 eis
1308 2556 1505 2585 contentane
1533 2550 1602 2583 inde
1625 2550 1763 2594 legitime

1673 137 1738 171 485
1783 145 1831 172 An.
1849 145 1878 171 e.
1899 144 1967 171 1659

1854 1113 1969 1135 Pensioues

1784 1142 1881 1165 coner-uit
1891 1145 1968 1160 meiuo-

1810 1175 1834 1190 iis
1855 1167 1968 1188 Erant-isco

1785 1202 1803 1218 et
1824 1197 1940 1218 [hunulfricu-

1808 2501 1919 2522 Decretum
1938 2501 1963 2521 ir-

1781 2530 1853 2550 ritant.
