2243 3205
33 164 80 190 An.
98 161 125 188 C.
149 160 214 188 1658

55 752 155 774 Motivum
174 752 212 772 hu-

30 781 62 809 ius
78 779 212 800 Constitutio-

30 812 67 827 nis.

824 157 1009 182 ALEXANDER
1034 157 1078 180 vtt
1102 158 1149 180 Pt’.

272 208 347 241 libet
371 208 476 241 salmii
505 209 624 242 terreni
649 208 684 241 in
710 206 818 240 insulti
846 206 966 240 Gaudi-

269 262 313 294 sz'i
345 261 515 305 hospitalis
549 262 579 295 S.
612 261 746 295 Ioannis
779 259 965 302 Hierosoly-

270 313 426 348 mstani'.

226 403 341 430 Dilecto
352 403 414 430 filio
426 402 598 436 inquisitori
615 405 758 430 adversus
780 401 965 428 haereticam

262 447 444 480 pravitatem
461 447 491 474 in
507 446 609 474 insula
626 445 769 474 Metitana
785 453 801 472 a
817 446 900 472 nohis
916 446 965 473 de-

263 495 370 525 putato
383 514 390 526 ,

421 547 586 574 Alexander
607 547 685 580 Papa
706 547 766 574 VII.

439 617 552 644 Dilecta
573 617 615 643 fili
636 621 754 647 noster,

263 662 395 689 salutem
415 665 446 689 et
466 662 660 695 apostolicam
679 662 926 689 benedictionem.

273 741 288 784 ἓ
311 741 340 773 1.
365 741 466 780 Alias,
499 751 558 784 pro
584 745 671 785 parte
704 747 776 774 tunc
808 742 967 774 existentis

228 795 333 838 magni
359 794 502 837 magistri
528 795 692 838 hospitalis
712 795 741 828 S.
760 796 883 828 loannis
902 796 968 829 llie-

228 848 455 892 rosolymstani,
474 847 570 881 felicis
591 848 819 881 recordationis
840 849 967 882 Urbano

229 902 329 945 Papae
354 901 418 934 Vlll
439 901 672 945 praedecessori
693 907 801 934 nostro
816 903 967 946 exposito,

228 954 311 999 quod
337 954 424 987 valde
438 965 565 988 necesse
582 960 649 987 erat
670 955 802 988 insulam
819 955 966 997 Gaudisii,

228 1008 267 1041 ad
291 1008 437 1041 eumdem
463 1018 612 1051 magnum
644 1009 830 1051 magistrum
857 1014 886 1041 et
911 1009 967 1042 lio-

228 1062 337 1106 spitale
355 1061 550 1106 praedictum
566 1067 768 1105 spectantem,
784 1062 968 1106 crebrisque

227 1116 401 1148 Turcarum
429 1114 641 1147 invasionibus
662 1115 842 1156 obnoxiam,
870 1116 969 1148 muni-

228 1168 340 1201 mentis
357 1167 506 1201 adversus
535 1167 711 1200 invasiones
732 1168 912 1202 huiusmodi
931 1169 968 1202 de

227 1226 333 1255 cetero
366 1226 464 1253 tutam
494 1225 523 1253 et
556 1221 658 1264 quoad
690 1226 795 1264 posset
832 1221 965 1266 inexpu-

228 1274 385 1318 gnabilem
412 1274 517 1315 reddi;
543 1274 690 1318 quodque
716 1275 761 1315 id,
787 1280 968 1308 constructo

229 1328 260 1361 in
273 1331 361 1373 parte
375 1327 514 1361 eiusdem
526 1327 645 1361 insulae
659 1328 863 1362 Marsalforno
876 1329 968 1372 vulgo

228 1385 407 1426 nuncupata
432 1381 597 1415 munitioni
623 1384 859 1426 peropportuna
886 1393 968 1416 novo

228 1435 469 1480 propugnaculo
494 1446 565 1468 cum
586 1435 719 1468 evidenti
736 1435 910 1469 incolarum
925 1447 968 1469 se-

228 1489 361 1523 curitate
396 1494 426 1522 et
456 1488 555 1521 salute
587 1488 627 1522 ob
660 1489 866 1522 salubriorem
893 1489 968 1522 inibi

228 1542 305 1576 caeli
330 1542 517 1587 temperiem
535 1541 623 1575 facile
641 1541 728 1575 fieri*
752 1548 892 1586 poterat;
919 1553 969 1576 ve-

230 1606 300 1629 rum
327 1596 407 1629 vires
433 1595 610 1628 communis
634 1596 746 1628 aerarii
772 1595 845 1629 dicti
863 1596 970 1640 hospi-

229 1649 297 1682 talis
323 1648 414 1682 bellis
435 1648 477 1681 ita
493 1648 613 1682 accisae
630 1654 718 1681 erant
744 1654 776 1681 ut
794 1650 970 1694 sumptibus

227 1703 266 1736 ad
291 1702 465 1747 praemissa
489 1702 674 1736 necessariis
691 1712 891 1747 nequaquam
910 1704 969 1736 sus-

228 1757 372 1791 sicerent:
389 1756 471 1791 idem
487 1756 630 1790 Urbanus
648 1756 884 1800 praedecessor,
898 1768 970 1801 sup-

229 1810 451 1855 plicationibus
487 1810 653 1843 memorati
686 1810 791 1853 magni
828 1810 970 1853 magistri

229 1864 356 1897 nomine
376 1863 434 1897 sibi
452 1874 548 1908 super
562 1863 622 1897 hoc
636 1863 797 1897 humiliter
816 1865 970 1908 porrectis

230 1917 415 1957 inclinatus,
441 1922 514 1950 tunc
538 1917 682 1950 existenti
708 1917 885 1961 inquisitori
911 1918 970 1950 ad·-

230 1982 338 2005 versus
363 1970 552 2005 haereticam
583 1971 768 2014 pravitatem
806 1971 836 2004 in
870 1971 971 2005 insula

230 2024 375 2058 Melitana
393 2034 409 2057 a
434 2034 465 2057 se
490 2024 640 2068 deputato
665 2024 821 2059 commisit
843 2030 872 2058 et
889 2035 973 2058 man-

230 2079 333 2120 davit,
358 2083 401 2120 ut,
434 2078 514 2112 veris
543 2078 747 2112 existentibus
775 2079 971 2123 praemissis,

231 2132 333 2168 eidem
359 2143 473 2176 magno
491 2132 652 2176 magistro,
674 2138 715 2175 ut,
736 2132 774 2166 ad
800 2132 973 2177 quinquen-

231 2186 319 2221 nium
344 2185 519 2227 dumtaxat,
544 2185 810 2219 contributionem
836 2196 972 2220 annuam

232 2240 328 2274 trium
348 2245 510 2273 scutorum
528 2249 623 2283 super
643 2239 781 2283 qualibet
801 2239 898 2272 salma
915 2244 974 2273 ter-

233 2293 300 2326 reni
333 2292 416 2337 quod
450 2292 625 2326 conseritur
658 2292 688 2324 in
721 2292 803 2325 dicta
835 2292 972 2326 Gaudisii

234 2346 357 2387 insula,
389 2345 426 2378 ad
458 2345 546 2378 cuius
580 2345 706 2388 quidem
732 2344 973 2378 contributionis

233 2399 422 2434 solutionem
447 2409 557 2432 omnes
588 2404 617 2432 et
648 2398 763 2442 singuli
789 2398 887 2431 teneri
914 2398 973 2432 hu-

272 2483 281 2507 1
302 2480 337 2507 Ex
355 2481 464 2515 Regest.
482 2479 507 2506 in
523 2480 621 2506 Secret.
640 2479 717 2506 Brev.

269 2526 285 2552 2
305 2525 375 2552 Male
391 2529 418 2551 ut
435 2528 498 2559 puto
512 2523 576 2551 edit.
594 2523 673 2550 Main.
692 2523 753 2558 legit
769 2524 832 2558 frui
847 2532 896 2559 pro
910 2524 975 2559 fieri

233 2572 274 2606 (a.
292 2571 339 2605 τ.).

999 204 1133 237 iusmodi
1160 215 1368 248 possessores,
1394 210 1455 237 tam
1480 204 1549 237 laici
1574 213 1667 247 quam
1692 213 1739 236 ec-

999 257 1186 298 clesiastici,
1212 258 1304 290 etiam
1331 257 1466 291 cuiusvis
1494 257 1632 298 ordinis,
1664 266 1738 289 con-

999 311 1192 355 gregationis
1217 317 1246 344 et
1268 311 1410 353 instituti,
1429 322 1464 345 ac
1481 311 1554 344 dicti
1575 309 1740 354 hospitalis

999 365 1178 408 regulares,
1204 364 1296 397 etiam
1324 365 1389 408 ipse
1416 375 1548 408 magnus
1574 364 1739 407 magister,

999 419 1131 451 durante
1155 417 1239 451 dicto
1265 418 1480 461 quinquennio
1501 423 1692 459 tenerentur,
1711 422 1740 449 et

999 470 1185 516 opportunis
1217 470 1294 503 iuris
1327 476 1357 503 et
1386 470 1457 503 sacti
1490 470 1636 503 remediis
1670 469 1741 512 cogi

999 530 1135 569 possent,
1162 524 1203 556 ita
1229 529 1331 556 tamen
1357 529 1389 556 ut
1414 523 1604 556 contributio
1633 523 1742 556 liuius·

1001 578 1084 612 modi
1118 578 1149 610 in
1186 577 1375 611 munitiones
1411 577 1589 621 praedictae
1622 577 1741 610 insulae

1000 630 1149 671 Gaudisii,
1167 635 1197 663 et
1210 641 1271 664 non
1287 630 1317 663 in
1337 630 1413 664 alios
1429 641 1513 671 usus,
1532 630 1653 673 integre
1668 640 1742 664 con-

1000 688 1174 718 verteretur
1199 690 1229 717 et
1253 683 1393 717 converti
1413 683 1553 724 deberet,
1575 683 1740 727 imponere

1001 738 1127 780 valeret,
1142 737 1318 770 facultatem
1333 736 1496 779 concessit,
1514 741 1543 769 et
1561 736 1635 769 alias
1649 741 1742 780 prout

1002 791 1032 824 in
1057 791 1130 824 dicti
1157 790 1273 824 Urbani
1291 790 1544 835 praedecessoris
1562 789 1674 823 litteris
1691 789 1743 822 de-

1001 855 1096 888 super
1132 845 1163 877 in
1200 844 1294 877 simili
1328 844 1427 877 forma
1466 843 1572 876 Brevis
1605 843 1654 876 die
1688 853 1743 876 vni

1002 898 1125 942 augusti
1152 908 1290 931 511)ch111
1314 897 1478 941 expeditis,
1495 907 1629 941 quarum
1656 902 1743 930 teno-

1002 963 1068 985 rem
1088 952 1305 996 praesentibus
1324 962 1382 995 pro
1400 951 1491 995 plene
1508 957 1536 983 et
1550 950 1743 985 sufficienter

1002 1017 1150 1050 expresso
1174 1012 1204 1039 et
1230 1006 1380 1039 verbatim
1407 1006 1524 1038 inserto
1557 1005 1665 1038 haberi
1691 1016 1742 1039 vo-

1002 1060 1116 1100 lumus,
1141 1059 1272 1092 uberius
1298 1059 1486 1093 continetur.

1047 1113 1061 1156 ς
1085 1112 1114 1145 02.
1140 1113 1215 1146 Cum
1241 1117 1367 1153 autem,
1399 1112 1479 1145 sicut
1504 1111 1635 1145 dilectus
1660 1111 1743 1144 silius

1003 1165 1173 1198 modernus
1184 1176 1316 1208 magnus
1324 1165 1474 1208 magister
1484 1164 1646 1208 hospitalis
1657 1175 1744 1209 prae-

1002 1219 1076 1252 dicti
1090 1219 1181 1252 nobis
1198 1229 1299 1262 nuper
1317 1218 1429 1262 exponi
1448 1218 1529 1259 fecit,
1547 1218 1628 1251 dicta
1645 1218 1744 1251 insula

1002 1271 1140 1305 Gaudisii
1165 1271 1305 1305 nondum
1332 1271 1372 1304 ita
1399 1271 1518 1304 munita
1544 1271 1743 1315 reperiatur,

1002 1331 1036 1358 ut
1060 1325 1210 1358 adversus
1234 1325 1487 1369 supradictorum
1509 1324 1683 1358 Turcarum
1703 1324 1745 1356 in-

1002 1379 1143 1412 vasiones
1169 1384 1234 1412 tuta
1257 1379 1318 1419 sit;
1343 1389 1401 1412 nec
1425 1378 1463 1411 ad
1489 1377 1518 1410 id
1544 1377 1744 1411 efficiendum

1002 1433 1158 1466 sufficiant
1176 1432 1343 1466 memorati
1359 1431 1471 1465 aerarii
1493 1431 1591 1472 vires,
1617 1430 1745 1475 ipseque

1003 1497 1135 1530 magnus
1160 1486 1321 1529 magister,
1347 1496 1410 1529 quo
1435 1484 1543 1518 eadem
1570 1484 1671 1517 insula
1691 1484 1745 1517 ad-

1003 1550 1111 1573 versus
1136 1540 1312 1572 invasiones
1333 1538 1515 1572 huiusmodi
1534 1544 1598 1571 tuta
1616 1543 1646 1571 et
1663 1538 1746 1571 inex-

1002 1593 1182 1637 pugnabilis
1196 1598 1347 1637 quantum
1365 1592 1433 1625 lieri
1450 1591 1568 1636 poterit
1585 1590 1745 1633 reddatur,

1003 1647 1041 1680 de
1066 1647 1266 1691 infrascripto
1283 1646 1498 1680 subventionis
1520 1645 1636 1679 auxilio
1653 1656 1671 1678 a
1687 1655 1744 1679 no-

1003 1700 1050 1733 bis
1074 1700 1235 1745 provideri
1257 1710 1460 1744 summopere
1485 1699 1659 1732 desideret:
1677 1709 1745 1740 nOS,

1004 1753 1237 1786 considerantes
1263 1753 1392 1797 publico
1426 1753 1577 1786 interesse
1611 1751 1744 1786 insulam

1004 1806 1143 1840 Gaudisii
1160 1807 1398 1851 praescriptam,
1412 1806 1452 1840 ob
1470 1806 1536 1840 cius
1554 1816 1626 1839 cum
1644 1805 1746 1839 insula

1004 1860 1160 1901 Melitana,
1185 1871 1264 1904 quae
1290 1860 1461 1893 maximum
1486 1860 1602 1893 nedum
1628 1860 1746 1902 Italiae,

1004 1915 1057 1948 sed
1079 1915 1173 1949 totius
1198 1914 1390 1959 reipublicae
1415 1914 1603 1948 christianae
1629 1924 1747 1958 propw

1005 1969 1175 2012 gnaeulum
1196 1967 1309 2009 existit,
1328 1968 1529 2009 vicinitatem,
1547 1978 1747 2012 quacumque

1005 2021 1226 2066 opportuniori
1251 2022 1372 2054 ratione
1393 2021 1520 2061 muniri,
1541 2031 1664 2054 necnon
1685 2020 1748 2053 lau*

1005 2075 1142 2108 dabilem
1156 2075 1296 2108 eiusdem
1312 2074 1456 2108 moderni
1471 2074 1576 2118 magni
1595 2074 1746 2117 magistri,

1006 2129 1059 2174 qui
1085 2130 1178 2163 etiam
1204 2133 1302 2164 ratam
1327 2129 1570 2163 contributionis
1591 2128 1747 2161 infrascri-

1006 2189 1077 2228 ptae
1098 2194 1131 2216 se
1152 2189 1329 2227 tangentem
1351 2183 1475 2216 solvere
1493 2181 1616 2222 obtulit,
1634 2181 1691 2215 hac
1717 2181 1747 2214 iu

1006 2247 1040 2270 re
1065 2236 1308 2270 sollicitudinem
1341 2236 1514 2280 plurimum
1549 2235 1579 2267 in
1613 2234 1747 2267 Domino

1007 2289 1274 2330 commendantes,
1299 2300 1435 2333 eumque
1460 2287 1648 2333 specialibus
1668 2288 1749 2321 savo-

1007 2343 1093 2376 ribus
1107 2348 1137 2376 et
1150 2342 1259 2386 gratiis
1272 2343 1421 2387 prosequi
1437 2342 1584 2382 volentes,
1601 2346 1631 2374 et
1647 2351 1664 2373 a
1681 2341 1749 2385 qui-

1007 2397 1114 2429 busvis
1144 2396 1502 2436 excommunicationis,
1534 2394 1748 2439 suspensionis

1008 2456 1037 2484 et
1055 2449 1222 2490 interdicti,
1242 2449 1374 2493 aliisque
1392 2448 1611 2482 ecclesiasticis
1629 2453 1749 2481 senten-

1009 2505 1069 2547 tiis,
1097 2503 1237 2537 censuris
1258 2509 1287 2536 ct
1305 2503 1424 2547 poenis,
1441 2513 1457 2535 a
1473 2502 1539 2535 iure
1556 2501 1602 2535 vel
1627 2501 1667 2534 ab
1693 2502 1748 2536 ho-

1008 2559 1103 2597 mine,
1132 2557 1240 2601 quavis
1272 2557 1437 2589 occasione
1464 2557 1509 2589 vel
1538 2557 1630 2589 rausa
1656 2556 1748 2598 latis,

1640 145 1700 178 421
1752 154 1802 180 Aa.
1820 154 1847 180 c.
1866 153 1937 180 1658

1766 1120 1897 1141 Facultatum
1907 1121 1943 1141 ini⁴

1759 1148 1850 1173 ponendi
1880 1147 1943 1167 aliam

1759 1175 1936 1194 ‹·.=nt··1t›uiionem

1759 1201 1787 1221 ad
1818 1201 1942 1220 decennium

1759 1227 1863 1247 concedit.
