2243 3205
28 220 122 249 ΑΜΒ.
145 219 207 246 1661

820 218 1005 243 ALEXANDER
1030 218 1075 242 VII
1098 219 1146 242 PP.

224 267 409 300 neficiorum
435 272 464 300 et
498 268 654 301 bonorum
681 267 964 301 ecelesiasticorum

224 320 487 364 iurispatronatus
517 321 691 361 laicorum,
720 327 781 354 tam
807 331 844 354 ex
869 320 966 364 privi-

224 373 317 416 legio,
335 384 428 417 quam
455 384 491 407 ex
517 374 697 407 fundatione
728 379 758 406 et
785 373 965 413 dotatione,

224 427 271 460 vel
296 427 358 460 alio
382 438 581 471 quocumque
606 427 713 467 titulo,
739 438 809 460 cum
836 428 912 459 cura
937 432 968 459 et

225 480 291 513 sine
316 482 410 521 cura,
436 480 645 522 secularium,
670 486 700 513 et
732 481 761 513 S.
787 479 967 519 Benedicti,

225 533 254 566 S.
279 533 463 576 Augustini,
484 532 733 566 Cluniacensium
749 560 756 574 ,
785 532 968 565 Cistereien-

226 585 317 626 sium,
335 585 705 626 praemonstratensium,
731 585 760 618 S.
786 585 902 626 Basilii,
927 590 967 626 et,

225 640 278 683 qui
314 640 524 684 proprietates
555 640 758 683 redditusque
794 644 896 673 certos
932 650 968 672 ex

226 693 393 737 privilegio
426 693 471 726 vel
497 693 572 725 alias
597 693 768 736 possident,
793 693 968 726 Mendican—

227 746 315 788 tium,
330 756 365 779 ac
380 756 654 789 quorumcumque
668 746 802 779 aliorum
817 746 968 779 Ordinum

227 800 392 844 utriusque
425 810 538 840 sexus,
569 810 691 833 necnon
716 800 945 833 Cassinensium
962 827 969 840 ,

226 854 301 887 alias
326 854 355 887 S.
382 853 517 887 Iustinae
549 853 587 886 de
612 854 737 893 Padua,
762 854 969 887 Carthusien-

226 908 319 948 sium,
343 907 610 949 Lateranensium,
635 908 747 941 Montis
773 908 894 948 Oliveti,
920 907 971 941 Ca-

227 961 493 1003 maldulensium‚
526 962 555 994 S.
591 961 771 1002 Salvatoris,
797 961 966 993 Vallisum-

227 1014 338 1048 brosae
354 1042 361 1055 ‚
391 1015 420 1048 S.
451 1014 578 1057 Georgii
604 1015 634 1047 in
659 1015 754 1057 Alga,
780 1015 970 1048 Caelestino-

228 1080 298 1101 rum
321 1096 328 1109 ,
364 1068 614 1102 Cisterciensium
659 1069 689 1101 in
726 1068 970 1111 Longobardia,

228 1122 257 1155 S.
284 1121 476 1165 Hieronymi,
501 1121 786 1166 Sylvestrinorum,
812 1131 847 1154 ac
873 1121 968 1154 cleri-

228 1185 338 1208 corum
362 1175 557 1218 regularium
591 1174 754 1208 Societatis
783 1175 874 1216 Iesu,
896 1175 971 1206 alia-

228 1238 364 1272 rumque
392 1228 673 1271 congregationum
690 1254 697 1268 ,
727 1227 910 1260 societatum
943 1233 972 1260 et

228 1282 443 1315 institutorum
468 1281 673 1325 regularium,
700 1286 917 1324 exemptorum
943 1286 972 1313 et

228 1346 291 1369 non
315 1339 545 1380 exemplorum,
563 1340 593 1368 et
617 1335 745 1378 insuper
769 1334 971 1378 hospitalium

229 1390 334 1432 etiarn,
351 1399 527 1433 pauperum
545 1388 789 1432 hospitalitatem
812 1398 874 1421 non
889 1398 973 1420 exer-

229 1443 389 1485 centium,
415 1453 470 1476 seu
495 1442 576 1476 bona
602 1447 631 1475 et
656 1442 796 1475 redditus
825 1442 907 1474 ultra
932 1441 973 1473 in-

229 1497 395 1530 firmorum
418 1496 619 1530 necessitates
636 1501 666 1528 et
683 1496 753 1537 alia,
778 1506 837 1539 pro
860 1495 974 1539 quibus

231 1551 370 1586 instituta
395 1555 475 1592 sunt,
502 1551 553 1595 pia
578 1551 680 1584 officia
705 1550 879 1583 exercenda
902 1559 974 1593 pos-

231 1605 411 1645 sidentium,
424 1614 529 1638 nenon
545 1604 576 1637 B.
592 1603 706 1636 Mariae
718 1603 974 1642 Teutonicorum‚

230 1658 260 1691 S.
278 1658 384 1691 Lazari
410 1658 448 1691 de
472 1658 647 1701 Altopassu,
665 1657 786 1700 Templi
809 1655 974 1697 Dominici,

231 1716 261 1744 et
284 1711 418 1745 aliarum
444 1711 638 1751 militiarum,
658 1711 688 1743 in
714 1711 862 1743 universa
889 1710 975 1742 ltalia

231 1769 262 1797 et
287 1764 395 1797 insulis
419 1764 526 1797 Italiae
556 1763 773 1796 adiacentibus
805 1764 975 1797 consisten-

231 1818 321 1860 tium,
338 1818 510 1851 secundum
537 1828 645 1850 verum
671 1827 810 1850 annuum
837 1818 974 1850 valorem

232 1871 401 1912 fructuum,
419 1874 642 1914 proventuum,
660 1870 838 1903 reddituum
858 1876 887 1903 et
903 1870 976 1903 alio-

232 1934 304 1957 rum
336 1924 562 1968 praefatorum,
589 1923 648 1956 nisi
682 1923 772 1956 aliter
797 1934 867 1956 cum
897 1923 975 1956 Sede

233 1982 264 2010 et
283 1979 408 2011 camera
433 1977 605 2021 apostolica
630 1977 726 2009 suerit
750 1977 974 2010 concordatum

234 2030 277 2073 (S.
292 2031 326 2063 R.
341 2030 373 2062 E.
388 2030 611 2070 cardinalibus,
628 2030 680 2074 qui
697 2030 874 2074 praeteritis
889 2030 976 2063 annis

235 2087 296 2118 tam
323 2084 471 2127 prompta
503 2088 533 2115 et
565 2084 736 2126 spontanea
768 2083 976 2123 liberalitate,

234 2136 418 2180 praesertim
444 2136 474 2168 in
499 2135 634 2169 duorum
660 2136 860 2178 navigiorum
887 2147 977 2180 expc-

235 2189 353 2224 ditione
377 2189 562 2233 opulentum
582 2188 756 2222 subsidium
776 2189 977 2232 Reipublicae

236 2242 414 2287 praedictae
443 2242 677 2286 praestiterunt,
698 2242 737 2275 ob
754 2243 895 2276 assiduos
913 2253 977 2275 ma-

236 2306 379 2340 gnosque
404 2296 538 2337 labores,
566 2306 645 2339 quos
670 2296 827 2329 Ecclesiae
851 2296 977 2329 univer-

237 2351 292 2383 sali
317 2349 513 2394 impendunt,
531 2355 561 2382 et
578 2350 764 2392 gravissima
784 2360 863 2394 quae
892 2356 979 2383 tuen-

237 2403 294 2436 dae
318 2403 478 2446 dignitatis
504 2404 598 2435 causa
622 2403 777 2436 sustinent
809 2413 916 2443 onera,
942 2414 978 2435 ac

238 2455 378 2489 dominio
410 2455 568 2499 praefatae
592 2454 793 2498 Reipublicae
823 2456 978 2496 Venetae,

239 2513 268 2542 ct
293 2508 403 2541 militia
429 2508 457 2541 S.
480 2508 603 2541 Ioannis
628 2508 914 2553 llierosolymitani,
939 2509 979 2542 ob

239 2572 348 2596 causas
372 2561 552 2602 antedictas,
570 2567 599 2594 et
624 2561 717 2602 bella,
738 2572 817 2606 quae
841 2572 899 2606 pro
924 2563 980 2595 sua

241 2621 269 2648 et
295 2615 457 2648 christiani
479 2614 565 2649 orbis
584 2615 678 2648 tutela
697 2615 846 2648 adversus
863 2615 980 2648 Turcas

999 267 1155 311 praefatos
1172 277 1296 311 semper
1314 273 1438 311 gerunt,
1459 278 1517 312 pro
1535 267 1648 312 quibus
1667 267 1742 300 alie-

1000 321 1047 353 nis
1072 320 1221 353 continuo
1246 321 1387 364 indigent
1418 322 1557 364 auxiliis,
1583 321 1743 354 dumtaxat

1000 375 1169 418 exceptis);

1045 428 1060 471 g
1084 427 1112 460 5.
1139 428 1181 460 Ac
1204 427 1295 460 etiam
1322 428 1487 461 indicimus
1505 435 1534 461 et
1552 429 1743 473 imponimus

1002 492 1054 514 sex
1078 481 1195 514 similes
1220 482 1357 515 decimas
1383 483 1522 515 omnium
1544 488 1572 516 et
1598 493 1744 527 quarum-

1002 545 1138 578 cumque
1161 535 1348 578 pensionum
1375 546 1550 568 annuarum
1569 547 1664 580 super
1682 537 1744 568 sru-

1003 588 1114 628 ctibus,
1135 587 1329 628 redditibus,
1355 589 1570 632 proventibus,
1600 589 1742 630 iuribus,

1003 640 1266 681 obventionibus,
1291 641 1512 674 emolumentis
1537 647 1566 673 et
1590 641 1744 675 distribu-

1004 694 1142 728 tionibus
1155 694 1355 738 supradictis,
1373 694 1447 735 sive,
1465 705 1573 727 earum
1590 695 1670 735 loeo,
1685 695 1746 727 sru-

1004 752 1121 788 ctuum,
1142 747 1321 780 reddituum
1337 775 1344 787 ,
1370 753 1603 791 proventuum,
1628 748 1744 781 obven-

1005 801 1135 841 tionum,
1154 801 1462 842 emolumentorum,
1488 812 1524 833 ac
1549 801 1746 834 distributio-

1004 864 1078 887 num
1100 854 1281 887 huiusmodi
1301 854 1400 897 (Statu
1415 854 1542 892 Veneto,
1557 859 1589 885 ut
1612 854 1747 897 praeser-

1005 913 1065 948 tur,
1082 908 1227 951 excepto)
1253 908 1283 939 in
1308 908 1445 940 savorem
1472 917 1746 950 quorumcumque

1005 963 1092 1003 (non
1118 966 1221 995 tamen
1254 960 1460 994 cardinalium
1486 960 1745 1004 praedictorum)

1006 1019 1236 1046 reservatarum
1263 1017 1293 1047 et
1317 1013 1546 1056 assignatarum
1566 1024 1620 1045 seu
1649 1019 1748 1045 trans-

1005 1068 1161 1109 latarum,
1187 1072 1240 1099 aut
1264 1071 1496 1099 reservatorum
1523 1070 1552 1100 et
1576 1066 1747 1108 assignato-

1006 1131 1076 1153 rum
1099 1121 1144 1153 vel
1174 1120 1410 1161 translatorum,
1428 1130 1463 1152 ac
1484 1119 1745 1152 reservandarum

1006 1179 1036 1206 et
1066 1173 1326 1217 assignandarum
1358 1184 1412 1206 seu
1437 1173 1746 1212 transferendarum,

1006 1233 1059 1259 aut
1087 1227 1350 1260 rescrvandorum
1373 1233 1403 1259 et
1419 1226 1680 1269 assignandorum
1700 1226 1747 1258 vel

1007 1280 1308 1320 transferendorum,
1332 1280 1562 1324 percipiendas,
1580 1279 1748 1322 exigendas

1007 1339 1037 1366 et
1061 1333 1206 1366 levandas
1224 1334 1263 1366 ab
1281 1333 1428 1366 omnibus
1448 1339 1477 1365 et
1497 1333 1748 1376 quibuscumque

1007 1387 1216 1430 patriarchis,
1248 1386 1502 1430 archiepiscopis,
1529 1385 1695 1430 episcopis,
1721 1389 1749 1418 et

1007 1440 1075 1473 aliis
1101 1440 1304 1473 ecclesiarum
1331 1440 1487 1484 praelatis,
1505 1450 1540 1471 ac
1561 1439 1674 1472 ceteris
1699 1449 1749 1471 cu—

1009 1494 1193 1538 iuscumque
1218 1494 1395 1537 dignitatis,
1417 1493 1543 1536 gradus,
1569 1498 1676 1532 status,
1697 1503 1749 1525 or-

1008 1547 1098 1588 dinis,
1117 1547 1255 1587 militiae,
1273 1547 1460 1580 conditionis
1480 1546 1635 1590 personis,
1654 1546 1749 1577 infra-

1009 1601 1126 1645 scripto
1150 1601 1303 1634 decennio
1328 1601 1471 1641 durante,
1497 1600 1636 1644 praefata
1662 1610 1747 1643 quo—

1010 1666 1144 1699 cumque
1162 1655 1230 1688 iure
1250 1660 1279 1688 et
1305 1655 1394 1687 titulo
1419 1654 1633 1687 obtinentibus
1654 1659 1680 1686 et
1700 1654 1751 1686 ob-

1011 1709 1159 1750 tenturis,
1189 1720 1223 1742 ac
1257 1713 1415 1742 reservata
1447 1714 1477 1741 et
1508 1708 1663 1750 assignata
1695 1717 1749 1740 seu

1011 1763 1159 1796 translata
1183 1762 1372 1795 habentibus
1403 1772 1458 1794 seu
1483 1761 1636 1794 habituris
1651 1789 1658 1802 ,
1683 1771 1751 1794 nec-

1010 1827 1071 1850 non
1092 1816 1284 1855 oeconomis,
1305 1815 1622 1857 administratoribus,
1643 1825 1751 1859 perpe-

1011 1870 1071 1903 tuis
1103 1875 1132 1902 et
1156 1869 1399 1913 temporalibus,
1424 1868 1686 1911 usufructuariis,
1716 1879 1751 1901 ac

1010 1924 1140 1963 fructus,
1164 1923 1341 1967 pensiones,
1360 1933 1408 1955 res
1434 1926 1463 1956 et
1486 1923 1546 1955 alia
1570 1921 1751 1955 huiusmodi

1011 1977 1078 2009 iura
1103 1987 1139 2009 ex
1158 1986 1355 2020 quacumque
1373 1977 1467 2009 causa
1492 1975 1551 2008 sibi
1580 1975 1752 2019 apostolica

1011 2029 1196 2062 auctoritate
1219 2029 1251 2061 in
1272 2033 1335 2063 toto
1353 2029 1400 2061 vel
1426 2029 1456 2061 in
1482 2034 1570 2072 parte
1595 2033 1752 2060 reservata

1011 2094 1065 2116 seu
1090 2083 1239 2115 translata
1262 2082 1451 2115 habentibus
1471 2088 1501 2115 et
1526 2081 1688 2121 habituris,
1710 2092 1754 2114 se-

1011 2136 1170 2179 cularibus
1195 2140 1224 2170 et
1248 2136 1464 2179 regularibus,
1494 2136 1651 2175 ordinum,
1679 2145 1752 2168 con-

1012 2190 1250 2233 gregationum,
1277 2190 1459 2222 militiarum
1496 2195 1525 2222 et
1550 2189 1752 2233 hospitalium

1012 2245 1099 2287 (non
1125 2249 1228 2276 tamen
1253 2243 1282 2277 S.
1309 2243 1432 2276 Ioannis
1456 2243 1753 2286 Ilierololymitani)

1012 2297 1246 2340 praefatorum,
1271 2306 1392 2329 necnon
1425 2296 1462 2328 ab
1493 2295 1567 2339 ipsis
1592 2295 1753 2335 ecclesiis,

1012 2349 1166 2393 capitulis,
1193 2349 1409 2388 conventibus,
1430 2348 1603 2388 ordinibus,
1627 2358 1756 2391 congre—

1012 2402 1201 2445 gationibus,
1220 2402 1370 2445 collegiis,
1387 2401 1607 2445 hospitalibus,
1625 2402 1754 2443 militiis,

1014 2456 1140 2496 mensis,
1162 2456 1272 2488 massis
1290 2460 1319 2488 et
1337 2455 1423 2495 locis,
1444 2466 1644 2498 quocumque
1663 2455 1756 2498 privi-

1013 2508 1096 2551 legio
1129 2513 1158 2541 et
1183 2508 1382 2552 exemptione
1418 2508 1516 2548 reali,
1541 2508 1699 2551 personali
1726 2514 1755 2540 et

1013 2561 1122 2602 mixta,
1140 2561 1270 2605 antiqua
1295 2567 1324 2594 et
1348 2561 1601 2602 immemorabili,
1624 2561 1755 2604 pacifica

1014 2621 1043 2648 et
1068 2615 1214 2648 continua
1241 2614 1393 2653 suffultis3

1647 209 1710 243 675
1757 218 1806 244 An.
1823 219 1850 244 c.
1875 218 1936 244 1661

1790 439 1858 459 Etiam
1880 444 1943 464 super

1759 472 1877 493 pensiones.
