2243 3205
227 163 275 189 An.
292 162 319 189 C.
341 163 410 190 1660

270 2090 282 2097 ²*
298 2087 405 2111 Aginnum.

456 155 518 187 502

468 211 555 250 Quod
592 212 828 254 intelligendum
867 212 960 245 etiam
995 218 1041 246 est
1065 214 1102 247 de
1127 215 1164 247 iis

425 264 588 296 abbatibus
612 266 665 308 qui
690 265 722 297 in
746 276 802 298 suo
817 265 961 309 ingressu
978 266 1016 299 ad
1033 267 1164 300 alicuius

427 317 607 350 monasterii
633 318 775 360 regimen
806 319 976 352 notabilem
1008 330 1163 352 summam

427 371 760 416 reliquorum,nempe
777 373 939 416 pecuniae,
960 378 1012 406 aut
1032 374 1164 406 aliarum

427 435 532 456 rerum
559 424 747 465 invenerint3
783 425 926 469 quinimo
951 426 1065 460 horum
1092 426 1163 459 reli-

427 488 562 520 quorum
587 489 734 522 expressa
759 480 875 513 mentio
908 484 1001 523 atque
1022 480 1166 513 distincta

427 530 597 574 descriptio
621 531 675 564 fiat
699 532 730 564 in
754 532 912 576 principio
936 533 1018 573 libri,
1044 543 1106 576 quo
1122 543 1167 565 ra-

430 584 528 616 tiones
554 585 615 618 dati
642 590 671 618 et
695 586 815 630 accepti
840 586 1070 619 describuntur.

473 638 505 669 ln
532 638 663 681 singulis
681 639 890 680 monasteriis,
908 640 990 672 ultra
1014 639 1168 683 principa-

430 692 473 722 les
499 691 623 724 codices
648 693 750 725 exitus
766 697 795 725 et
816 693 972 734 introitus,
994 692 1168 725 habeantur

431 743 523 776 etiam
550 745 757 787 particulares
777 746 849 779 libri
867 746 896 779 in
914 745 1027 789 quibus
1052 745 1167 778 nedum

431 796 578 840 descripti
596 797 657 830 sint
683 799 821 832 redditus
847 804 876 832 et
894 809 1047 842 expensae
1067 798 1170 831 unius-

432 850 583 893 cuiusque
609 852 756 894 graneiae
781 863 836 885 seu
865 852 1034 887 massar-iae
1051 879 1058 893 ‚
1097 862 1170 885 nec-

432 913 494 935 non
520 903 611 936 index
646 904 825 938 debitorum
853 910 883 938 et
914 905 1106 938 creditorum
1132 905 1170 937 ad

433 956 557 989 easdem
583 958 803 1001 spectantium,
830 958 883 991 sed
908 959 1036 1002 insuper
1055 959 1084 990 in
1104 958 1170 1002 pri-

433 1009 492 1041 mis
517 1010 590 1043 dicti
608 1011 679 1043 libri
697 1012 820 1055 paginis
834 1018 980 1045 accurata
1000 1012 1171 1055 descriptio

433 1064 486 1095 liat
518 1064 763 1108 uniuscuiusque
798 1065 944 1108 granciae
969 1076 1023 1098 seu
1049 1076 1168 1098 massa-

433 1116 498 1148 riae
515 1143 522 1157 ,
548 1117 755 1161 exprimendo
790 1118 889 1159 fines,
914 1119 1117 1162 quantitatem
1144 1124 1174 1151 et

434 1170 616 1214 qualitatem
636 1177 805 1213 terrarum,
819 1177 849 1205 et
865 1182 945 1216 quae
966 1172 1026 1204 sint
1049 1172 1173 1212 sativae,

434 1224 593 1268 sylvosae,
619 1225 776 1266 vineatae‚
802 1231 870 1266 etc.;
896 1226 1002 1259 itidem
1032 1225 1174 1258 aedificia

435 1288 672 1322 quaecumque,
706 1279 811 1312 addito
837 1279 930 1312 etiam
964 1279 1066 1312 indice
1102 1289 1175 1322 quo-

435 1343 645 1376 rumcumque
662 1333 827 1366 mobilium
846 1337 875 1366 et
893 1333 1174 1366 instrumentorum

435 1385 627 1418 1·usti00rum
664 1385 800 1418 cuiusvis
833 1385 957 1429 generis
993 1386 1074 1419 intra
1110 1385 1176 1429 ipsa

436 1438 645 1480 existentium,
669 1439 875 1483 exprimendo
899 1450 1078 1479 numerum,
1103 1450 1177 1482 qua-

436 1492 565 1533 litatem,
580 1503 615 1525 ae
628 1492 763 1536 pretium
778 1498 1005 1535 armentorum,
1020 1492 1175 1536 pecudum

438 1549 467 1579 ct
501 1545 635 1578 aliorum
673 1556 950 1589 quorumcumque
975 1546 1177 1588 animalium,

438 1610 517 1642 quac
533 1599 562 1630 in
580 1599 654 1642 ipsis
668 1599 804 1642 granciis
818 1599 993 1643 respective
1010 1599 1177 1633 habentur:

438 1653 510 1685 libri
530 1663 603 1686 vero
621 1660 650 1686 et
670 1653 899 1697 descriptIOnes
917 1654 1098 1687 huiusmodi
1117 1655 1179 1687 sin-

438 1706 520 1748 gulis
545 1706 633 1738 annis
658 1717 675 1738 a
699 1707 916 1750 superioribus
941 1708 1083 1740 locorum
1109 1713 1179 1740 ante

440 1759 659 1800 visitationem,
691 1770 708 1792 a
736 1760 878 1804 patribus
907 1771 980 1794 vero
1015 1761 1180 1794 visitatori-

440 1812 498 1844 bus
524 1812 554 1844 in
579 1813 648 1856 ipso
673 1818 743 1846 actu
761 1813 947 1848 visitationis
963 1814 1073 1848 sedulo
1098 1814 1179 1847 revi-

441 1865 581 1898 deantur.

485 1920 541 1958 Qui
568 1925 673 1963 patres
698 1920 885 1961 visitatores,
908 1920 1024 1953 nedum
1050 1921 1180 1954 abbates

443 1978 471 2005 ct
496 1973 677 2016 superiores
712 1974 881 2015 locorum,
918 1974 972 2007 sed
1009 1975 1180 2008 monachos

442 2038 567 2069 quoque
593 2032 621 2059 et
647 2027 880 2060 commissarios
905 2027 936 2060 in
961 2029 1098 2071 granciis
1122 2040 1180 2072 pro

444 2080 644 2113 ⁴animarum¹
658 2081 782 2113 cultura
797 2081 945 2123 degentes
956 2081 1181 2124 interrogando

443 2133 617 2176 explorent,
642 2145 677 2166 ac
702 2145 760 2177 pro
785 2140 877 2178 captu
898 2145 1105 2178 personarum
1124 2135 1182 2168 dis-

443 2187 579 2230 quirant,
604 2187 655 2230 qui
682 2187 749 2220 eius
775 2188 956 2220 monasterii
978 2193 1075 2222 status
1092 2199 1181 2222 oeco-

442 2240 596 2282 nomicus,
622 2246 652 2273 et
676 2252 753 2284 quae
771 2241 1010 2274 administrandi
1031 2242 1121 2283 ratio,
1146 2243 1181 2275 fi-

443 2292 506 2333 des,
533 2303 567 2325 ae
592 2292 763 2336 diligentia,
789 2299 818 2326 et
843 2295 1028 2338 praesertim
1054 2306 1091 2328 an
1109 2306 1182 2339 pro-

444 2346 621 2379 curator-iae
647 2347 786 2389 generali
808 2348 998 2381 satisfactum
1020 2349 1073 2389 sit,
1092 2360 1137 2390 ac,
1158 2350 1182 2382 si

443 2399 568 2441 (pauido
593 2400 788 2444 comperiant
814 2401 913 2434 eidem
935 2403 1183 2445 procuratoriae,

445 2451 681 2485 cellerariorum
698 2454 885 2497 praesertim
904 2455 998 2498 culpa
1025 2460 1078 2488 aut
1099 2455 1184 2488 inlia-

482 2525 491 2548 1
510 2522 578 2549 Edit.
596 2523 673 2550 Maia.
695 2525 728 2551 ad
748 2533 832 2561 marg.
854 2525 936 2553 babet
955 2535 1112 2561 ayrorum;
1133 2527 1183 2554 du-

446 2566 500 2593 bito
521 2574 553 2593 an
571 2567 624 2594 rite
644 2570 681 2602 (a.
699 2570 746 2603 'r.).

996 165 1174 190 BULLARIUM
1200 167 1353 191 ROMANUM

1197 214 1328 256 bilitate,
1347 214 1420 247 satis
1440 216 1618 249 consultum
1632 226 1695 250 non
1709 227 1787 259 esse,
1802 217 1936 251 debeant

1198 266 1256 310 ipsi
1282 267 1456 300 visitatores
1482 267 1511 299 in
1536 273 1606 301 actu
1640 269 1833 310 visitationis,
1858 270 1935 303 assi-

1198 321 1290 362 gnata
1308 320 1395 363 prius
1413 323 1554 363 congrua
1571 321 1714 364 portione
1732 333 1790 365 pro
1808 323 1889 356 victu
1907 328 1937 356 et

1198 372 1345 405 vestiario
1370 372 1490 405 abbatis
1511 372 1561 405 et¹
1579 374 1819 416 monachorum,
1845 385 1934 408 corn-

1199 424 1377 457 missarium
1414 425 1591 469 specialiter
1625 425 1813 469 designare,
1846 431 1939 470 atque

1200 477 1340 520 obligare
1365 478 1485 511 fructus
1502 478 1594 511 unius
1615 484 1667 512 aut
1687 479 1827 523 plurium
1845 489 1939 525 gran-

1201 531 1319 563 ciarum
1344 531 1382 563 ad
1408 531 1553 564 effectum
1579 531 1698 564 debitas
1723 537 1806 565 ratas
1829 543 1940 576 procu—

1201 584 1337 616 ratoriae
1362 584 1501 626 generali
1518 585 1668 627 solvendi,
1687 585 1729 617 ita
1746 590 1779 617 ut
1797 585 1859 618 loci
1878 586 1940 619 cel-

1201 636 1334 669 lerarius
1359 637 1416 670 sub
1440 639 1543 680 poena
1568 638 1780 681 suspensionis
1806 638 1844 670 ab
1873 638 1941 671 offi-

1202 690 1250 723 cio
1275 690 1342 733 ipso
1367 690 1447 723 sacto
1472 690 1680 723 incurrendae
1705 701 1799 734 super
1827 690 1942 724 antedi-

1202 742 1447 785 ctosobligatos
1482 743 1602 776 fruetus
1639 753 1749 776 manus
1781 754 1942 787 apponere

1203 801 1345 839 nequeat,
1360 795 1414 828 sed
1434 795 1529 828 iidem
1546 801 1650 840 patres
1669 796 1853 837 visitatores,
1871 807 1944 830 con-

1204 850 1268 882 scio
1293 853 1385 893 atque
1410 849 1552 883 consulto
1566 850 1689 890 abbate,
1707 850 1773 883 eius
1791 855 1944 883 monaste-

1204 903 1243 935 rii
1266 903 1490 947 particularem
1508 904 1696 937 monachum
1715 904 1874 947 probitate
1899 909 1944 937 at-

1205 966 1266 999 que
1290 956 1452 989 habilitate
1486 957 1653 1000 probatum
1688 956 1859 1001 deputent,
1890 957 1944 1001 qui

1205 1010 1362 1053 praefatos
1386 1010 1505 1044 fructus
1528 1015 1678 1054 procuret
1701 1020 1737 1043 ac
1761 1010 1889 1052 vendat,
1914 1016 1945 1043 et

1206 1063 1307 1107 pretio
1332 1063 1433 1096 eidem
1458 1063 1696 1108 procuratoriae
1720 1064 1859 1107 generali
1895 1074 1944 1097 sa-

1207 1116 1347 1150 tissaciat.

1251 1171 1418 1204 Decretum
1442 1175 1566 1204 sanctae
1598 1171 1770 1204 memoriae
1795 1171 1946 1204 Innocen-

1208 1224 1241 1257 tii
1267 1225 1291 1257 X
1318 1224 1402 1257 circa
1427 1225 1565 1258 rationes
1589 1225 1867 1258 administrationis
1889 1236 1947 1269 per

1209 1278 1389 1312 cellerarios
1415 1278 1610 1320 reddendas,
1636 1279 1693 1311 sub
1725 1279 1776 1312 die
1801 1289 1854 1312 x111
1879 1279 1946 1313 iulii

1210 1342 1325 1366 MDCLIV
1344 1333 1471 1373 editum,
1490 1338 1519 1365 et
1536 1343 1553 1365 a
1574 1333 1623 1366 SS.
1645 1333 1678 1365 D.
1697 1333 1732 1366 N.
1751 1343 1808 1377 per
1827 1333 1947 1366 litteras

1211 1386 1241 1418 in
1265 1386 1366 1419 forma
1390 1386 1496 1419 Brevis
1530 1386 1586 1418 sub
1612 1385 1661 1419 die
1686 1396 1729 1419 v11
1760 1386 1948 1430 septembris

1211 1449 1314 1472 limem·
1336 1439 1569 1480 confirmatum,
1587 1439 1734 1473 inviolate
1751 1446 1903 1473 servetur.

1256 1493 1289 1526 ln
1303 1492 1431 1526 aedibus
1449 1493 1650 1536 granciarum
1666 1493 1797 1537 simplex
1810 1504 1846 1527 ac
1862 1504 1950 1538 prae-

1212 1548 1274 1580 cise
1291 1547 1468 1580 necessaria
1481 1547 1643 1580 dumtaxat
1658 1548 1798 1592 supellex
1812 1548 1951 1582 detinea-

1212 1606 1273 1642 tur,
1288 1606 1318 1633 et
1332 1600 1362 1633 in
1376 1600 1451 1644 ipsis
1468 1601 1552 1644 agris
1573 1601 1751 1635 excolendis
1771 1602 1951 1636 fructuosae

1213 1659 1332 1687 tantum
1360 1654 1502 1687 culturae
1519 1655 1599 1688 ratio
1619 1655 1789 1696 liabeatu1·;
1816 1656 1894 1689 nihil
1919 1656 1952 1688 in

1215 1708 1387 1750 viridariis,
1414 1708 1544 1752 aliisque
1569 1709 1751 1742 huiusmodi
1783 1710 1952 1743 amoenita-

1216 1762 1297 1795 tibus
1321 1767 1415 1805 atque
1444 1761 1563 1795 deliciis
1587 1763 1739 1806 pecuniae
1770 1763 1816 1796 vel
1847 1763 1952 1807 operis

1215 1814 1435 1858 impendendo.

1259 1868 1374 1901 Sedulo
1392 1868 1485 1901 etiarn
1503 1868 1752 1902 animadvertant
1771 1869 1952 1913 superiores

1214 1931 1253 1954 ne
1287 1922 1432 1955 monachi
1466 1923 1512 1955 vel
1547 1923 1599 1955 alii
1632 1923 1776 1966 grancias
1812 1923 1950 1956 admini-

1215 1980 1365 2016 strantes,
1391 1975 1527 2020 bospitio
1552 1982 1605 2009 aut
1634 1976 1838 2011 recreationis
1862 1977 1953 2011 titulo

1215 2028 1333 2062 amieos
1358 2034 1410 2061 aut
1434 2030 1632 2073 propinquos
1651 2030 1808 2063 seculares
1832 2035 1885 2063 aut
1908 2040 1954 2063 re-

1216 2082 1344 2126 ligiosos
1369 2083 1573 2127 excipiendo,
1599 2083 1781 2118 monasterii
1813 2084 1953 2118 redditus

1216 2136 1384 2169 insumant.

1259 2189 1373 2223 Contra
1389 2190 1550 2234 praedicta
1569 2201 1643 2224 vero
1659 2190 1890 2225 committentes
1906 2191 1954 2224 vel

1216 2243 1396 2276 omittentes
1413 2244 1515 2287 poena
1533 2243 1717 2287 privationis
1735 2243 1818 2277 vocis
1835 2244 1954 2278 activae

1217 2300 1246 2330 et
1270 2296 1410 2340 passivae
1434 2296 1558 2340 aliaque
1583 2296 1621 2329 ad
1649 2296 1814 2330 arbitrium
1848 2307 1955 2331 sacrae

1217 2349 1472 2392 congregationis
1496 2360 1555 2393 pro
1572 2349 1666 2383 modo
1681 2360 1716 2383 ac
1731 2350 1879 2394 qualitate
1892 2351 1955 2384 cul-

1217 2413 1275 2446 pae
1298 2403 1478 2446 puniantur.

1262 2456 1289 2489 Is
1315 2460 1432 2490 tantum
1458 2466 1608 2489 numerus
1624 2457 1815 2490 famulorum
1840 2458 1955 2491 secula-

1218 2508 1300 2542 rium
1326 2508 1357 2541 in
1382 2509 1574 2542 monasterio
1597 2509 1780 2553 retineatur,
1798 2510 1851 2554 qui
1867 2521 1956 2555 prae-

1257 2573 1266 2598 1
1289 2571 1429 2599 Coniunct.
1445 2574 1470 2600 et
1485 2580 1534 2600 nos
1554 2572 1679 2600 addimus
1693 2576 1731 2608 (a.
1747 2574 1795 2608 T.).

1949 171 1995 198 An.
2017 171 2046 198 C.
2065 173 2131 201 1660
2216 0 2243 205 l
