2243 3205
97 154 145 179 An.
165 151 193 179 C.
214 151 281 178 1659

291 198 379 232 nensi
394 225 402 240 ‚
426 208 549 232 necnon
584 199 705 232 dilectis
730 198 801 232 filiis
827 199 893 232 eius
917 198 1033 231 vicar-lo

293 257 323 285 et
339 252 475 293 officiali,
493 258 555 286 tam
572 253 762 286 coniunctim
780 263 872 296 quam
898 252 1033 293 divisim,

293 305 346 349 qui
371 315 428 349 per
453 306 678 339 ecclesiasticas
703 316 850 339 censuras
870 311 899 339 et
918 316 1034 349 poenas

294 359 530 403 compellendos
547 365 577 392 et
594 359 726 392 rebelles
745 359 944 403 compellant,
963 369 1033 392 cum

296 412 381 445 omni
406 413 569 457 potestatis
595 413 789 457 plenitudine
810 413 1035 447 committimus

297 471 327 498 et
351 465 554 508 iniungimus.

341 518 356 561 g
380 517 408 551 3.
423 518 632 551 Decernentes
649 518 772 552 easdem
790 524 970 563 praesentes
988 518 1036 550 lit-

299 575 380 605 teras
400 572 516 614 firmas,
531 578 599 613 etc„
615 572 721 617 sicque
740 573 771 605 in
784 572 964 617 praemissis
982 583 1038 616 per

298 635 516 669 quoscumque
541 626 658 659 iudices
684 626 873 667 ordinarios,
896 632 965 666 etc„
991 626 1038 659 de-

297 678 381 711 finiri
407 678 533 720 debere,
558 689 593 712 ac
619 679 744 712 irritum
770 686 799 713 et
825 681 927 721 inane,
954 680 977 712 si
997 691 1040 713 se-

298 741 362 773 cus,
383 736 453 772 etc„
478 732 646 774 contigerit
670 733 824 765 attentari.

342 784 357 827 ἓ
372 784 401 816 4.
416 784 483 817 Non
498 785 695 818 obstantibus
712 785 903 829 praemissis,
919 795 1040 818 necnon

298 836 397 870 felicis
422 838 650 872 recordationis
677 839 824 872 Bonifacii
852 839 1060 893 Papaegvlll3

298 889 552 934 praedecessoris
576 892 675 925 nostri
705 892 742 925 de
769 895 840 933 una,
865 896 894 926 et
918 892 1041 925 concilii

300 943 456 986 generalis
480 943 518 976 de
543 943 664 977 duabus
689 944 790 986 dietis,
823 949 891 987 etc„
921 949 950 978 et
975 944 1042 978 aliis

300 996 575 1030 constitutionibus
599 1003 629 1031 et
653 998 903 1032 ordinationibus
923 1003 1043 1042 aposto-

301 1050 381 1092 licis,
406 1060 539 1092 necnon,
559 1057 712 1095 quatenus
730 1063 808 1096 opus
834 1052 881 1093 sit,
907 1051 1041 1093 Ordinis,

301 1115 337 1138 ac
359 1104 541 1149 provinciae
566 1110 595 1138 et
615 1111 825 1138 conventuum
851 1105 1042 1145 huiusmodi,

302 1158 410 1192 aliisve
434 1159 605 1203 quibusvis
624 1164 692 1199 etc.;
710 1159 824 1203 quibus
842 1159 988 1192 omnibus
1014 1163 1044 1190 et

302 1213 444 1256 singulis,
461 1213 587 1246 illerum
610 1218 735 1247 tenores
753 1213 969 1257 praesentibus
987 1223 1044 1256 pro

301 1268 393 1312 plene
414 1272 443 1301 et
467 1267 658 1301 sufficienter
683 1267 848 1311 expressis,
879 1271 934 1301 etc.
951 1295 958 1308 ,
987 1267 1044 1300 hac

302 1321 369 1354 viee
394 1320 555 1354 dumtaxat
580 1320 756 1364 specialiter
774 1326 803 1353 et
828 1331 975 1364 expresse
992 1320 1045 1353 de-

303 1385 473 1418 rogamus;
499 1374 675 1419 ceterisque
707 1375 874 1408 contrariis
910 1375 1045 1418 quibus-

303 1438 449 1472 cumque.

348 1483 363 1527 ξ
389 1482 418 1515 5.
444 1481 594 1515 Volumus
630 1485 733 1515 aulem
769 1487 803 1514 ut
832 1482 1045 1526 praesentium

305 1536 520 1581 transumptiS,
534 1541 602 1577 ete.,
618 1536 726 1569 eadem
741 1547 872 1580 prorsus
890 1536 966 1569 fides
984 1536 1047 1569 ubi-

305 1602 367 1636 que
395 1591 539 1624 locorum
563 1596 624 1623 tam
650 1591 678 1623 in
705 1590 820 1623 iudicio
846 1601 938 1634 quam
961 1594 1047 1624 extra

306 1644 383 1678 illud
408 1644 605 1685 adhibeatur,
630 1655 710 1688 quae
735 1644 876 1688 ipsismet
901 1655 1047 1688 praesen-

305 1698 389 1732 tibus
414 1698 628 1739 adhiberetur,
646 1699 670 1731 si
700 1699 801 1732 forent
826 1698 981 1732 exhibitae
1002 1699 1047 1731 vel
1065 1697 1067 1723 ἒ

306 1757 458 1786 ostensae.

351 1807 460 1841 Datum
487 1807 517 1839 in
542 1807 622 1840 Arce
646 1806 841 1850 Gandulphi‚
866 1806 1049 1840 Albanensis

307 1860 479 1902 dioecesis,
506 1860 564 1893 sub
597 1860 712 1893 annulo
746 1860 933 1901 piscatoris,
958 1860 1008 1893 die
1032 1871 1050 1894 x

308 1914 446 1948 octobris
477 1924 602 1955 Mocmx,
635 1913 837 1957 pontificatus
865 1914 965 1947 nostri
990 1925 1047 1946 an-

308 1978 350 2001 no
375 1977 404 2000 v.

345 2029 404 2056 Dat.
422 2029 465 2056 die
486 2030 515 2057 to
540 2029 658 2056 octobris
678 2030 755 2064 1659,
773 2030 870 2065 pontis.
889 2037 961 2057 auuo
977 2038 1001 2056 v.

169 797 282 829 Dprogatio

102 827 259 848 eontsanorum.

146 1494 247 1515 'ri-ausum
265 1494 291 1514 tis

108 1521 158 1542 fidos
173 1521 243 1543 haben
260 1527 280 1542 a.

608 2155 752 2189 CCLXVI.

311 2237 415 2280 Super
440 2236 639 2279 exemptione
663 2235 833 2279 reliyionis
859 2237 896 2269 Β.
917 2236 1054 2269 Ioannis

892 150 1078 174 ALEXANDER
1102 151 1145 173 Vll
1170 152 1216 174 ΓΡ.

357 2290 417 2323 Dei
441 2293 650 2333 nuncupatae
671 2289 719 2322 ἀρ’
740 2290 811 2322 Fato
833 2290 911 2322 bene
930 2289 1054 2322 Fratelli

359 2343 399 2376 ab
435 2342 618 2375 omnimoda
652 2342 880 2375 iurisdictione
915 2342 1055 2376 Ordina-

358 2396 485 2429 riorum
499 2395 517 2428 ¹.

348 2475 362 2501 1
385 2474 418 2501 Et
437 2475 523 2502 fusius
534 2475 567 2501 de
580 2475 629 2501 hac
651 2476 763 2502 materia
786 2475 891 2502 videtur
912 2480 1004 2502 notata
1024 2476 1056 2502 ad

314 2519 427 2546 Constit.
449 2525 498 2545 nex
518 2520 568 2553 (al.
590 2519 654 2553 576)
680 2518 777 2545 l'rbaui
808 2519 865 2546 VllI
880 2541 886 2553 ,
916 2521 979 2547 tom.
1003 2527 1055 2552 xiv,

315 2570 377 2598 pag.
398 2562 458 2589 660.

1710 140 1767 173 511
1818 149 1868 176 Αῃ.
1888 148 1916 176 C.
1940 148 2007 176 1659

1263 198 1428 226 Alexander
1449 199 1527 232 Papa
1547 198 1614 232 vn,

1211 243 1246 269 ad
1266 243 1402 270 futuram
1423 242 1467 270 rei
1487 244 1666 272 memoriam.

1113 304 1233 348 Exponi
1258 305 1349 337 nobis
1369 316 1470 349 nuper
1488 306 1559 339 fecit
1577 306 1710 340 dilectus
1726 306 1808 339 filius
1852 318 1930 338 Maura
1947 317 2010 338 huius

1071 358 1183 391 Paulus
1208 358 1368 401 paganus,
1394 358 1653 402 Congregationis
1677 360 1811 392 fratrum
1827 344 1992 365 ⁰⁰⁰'¹“⁰¹¹⁰⁰¹*'

1070 411 1151 444 beati
1188 411 1313 444 Ioannis
1344 412 1398 444 Dei
1432 419 1620 455 procurator
1645 413 1810 456 generalis,

1071 464 1250 509 quod‚lieet
1267 464 1384 497 dudum
1403 465 1501 498 felicis
1519 466 1746 500 recordationis
1759 467 1812 500 Ur-

1070 519 1171 551 banus
1195 518 1276 562 Papa
1298 518 1362 550 YIlI
1382 519 1607 562 praedecessor
1629 525 1736 554 noster
1756 530 1812 563 per

1072 580 1143 603 suas
1168 569 1199 602 in
1225 569 1319 602 simili
1355 570 1457 603 forma
1483 571 1589 604 Brevis
1620 571 1739 605 litteras
1763 571 1813 604 die

1073 633 1104 656 Vl
1129 622 1195 656 iulii
1220 633 1403 656 Mncxxxxin
1421 624 1590 667 expeditas,
1608 624 1645 657 de
1664 629 1735 659 tunc
1753 624 1814 657 exi-

1073 676 1221 709 stentium
1235 676 1264 709 S.
1286 677 1320 710 R.
1335 676 1375 709 E,
1394 677 1598 710 cardinalium
1613 678 1748 721 negotiis
1766 688 1813 711 re-

1074 729 1233 773 gularium
1246 730 1500 774 praepositorum
1520 731 1662 772 consilio,
1680 730 1815 764 declara·

1075 783 1199 816 veritae
1213 783 1397 825 decreverit,
1408 789 1451 825 ut,
1462 785 1564 828 quoad
1576 785 1816 827 dictaeCongre-

1075 836 1209 880 gationis
1231 842 1403 870 conventus
1421 843 1450 870 et
1467 837 1636 882 hospitalia
1655 838 1685 871 in
1702 837 1816 882 quibus

1075 891 1178 923 forent
1195 889 1360 923 duodecim
1387 891 1536 935 religiosi,
1555 892 1694 936 episcopi
1719 891 1817 925 nulla-

1076 949 1166 976 tenus
1184 953 1216 976 se
1235 943 1428 987 ingererent,
1448 950 1477 977 et
1508 944 1612 988 quoad
1644 945 1714 978 illos
1743 954 1816 978 con-

1077 1002 1207 1037 ventus,
1236 1008 1290 1030 seu
1324 997 1511 1042 hospitalia,
1541 998 1572 1030 in
1600 998 1714 1042 quibus
1738 998 1819 1031 soret

1078 1051 1181 1083 minor
1206 1051 1430 1093 religiosorum
1455 1062 1617 1092 numerus,
1636 1051 1731 1084 iidem
1752 1051 1814 1095 epi-

1078 1104 1164 1148 scopi
1201 1110 1328 1148 possent
1365 1105 1490 1138 insimul
1525 1116 1596 1138 cum
1633 1104 1818 1149 provinciali

1078 1158 1125 1190 vel
1151 1158 1212 1191 alio
1245 1158 1357 1191 maiori
1383 1158 1522 1191 eiusdem
1561 1158 1819 1201 Congregationis

1079 1213 1243 1257 superiore
1268 1211 1304 1244 ad
1324 1212 1512 1245 revisionem
1530 1217 1753 1255 computorum
1771 1211 1820 1244 ad-

1079 1265 1319 1298 ministrationis
1333 1265 1517 1298 eorumdem
1535 1265 1736 1309 hospitalium
1750 1276 1821 1309 pro-

1080 1320 1201 1362 cedere,
1227 1319 1268 1352 ita
1297 1325 1401 1351 tamen
1422 1324 1454 1352 ut
1486 1324 1594 1353 eontra
1619 1330 1770 1363 personas
1790 1319 1821 1353 in

1079 1376 1179 1409 nihilo
1193 1386 1225 1408 se
1242 1375 1466 1417 immiscerent,

1125 1430 1140 1474 ἓ
1164 1429 1192 1462 ’1.
1219 1429 1412 1462 Venerabilis
1437 1429 1642 1463 nihilominus
1659 1430 1755 1463 frater
1773 1441 1822 1463 ar-

1081 1483 1300 1527 chiepiscopus
1315 1483 1508 1516 Calaritanus
1523 1483 1776 1527 superioritatem
1792 1484 1823 1517 in

1081 1538 1247 1582 hospitalia
1267 1537 1527 1580 Congregationis
1547 1537 1725 1581 praedictae
1742 1537 1823 1572 intra

1082 1592 1159 1625 fines
1176 1591 1328 1625 dioecesis
1353 1592 1545 1625 Calaritanae
1567 1591 1738 1635 existentia,
1759 1593 1824 1625 illa-

1082 1658 1142 1691 que
1168 1652 1229 1679 tam
1251 1647 1354 1690 quoad
1378 1647 1587 1680 visitationem
1608 1658 1701 1691 quam
1721 1648 1825 1692 quoad

1083 1701 1142 1733 alia
1158 1711 1375 1744 quaecumque
1400 1700 1457 1733 sibi
1484 1700 1621 1734 subiecta
1646 1712 1713 1734 esse
1738 1713 1826 1745 prae-

1085 1754 1191 1795 tendit,
1217 1754 1338 1798 hacque
1363 1753 1527 1787 occasione
1552 1755 1718 1788 nonnullas
1735 1755 1826 1788 dubi-

1084 1807 1217 1841 tationes
1231 1818 1287 1852 per
1301 1807 1579 1850 congregationem
1598 1808 1824 1841 venerabilium

1084 1863 1217 1894 fratrum
1244 1866 1426 1894 nostrorum
1445 1861 1584 1894 eiusdem
1603 1861 1631 1894 S.
1651 1862 1684 1894 R.
1706 1862 1738 1894 E.
1757 1873 1826 1895 car-

1085 1915 1237 1948 dinalium
1266 1914 1396 1949 Concilii
1421 1914 1593 1947 Tridentini
1619 1914 1825 1958 interpretum

1086 1969 1202 2003 resolvi
1227 1968 1330 2013 petit¹‚
1348 1980 1443 2012 super
1461 1969 1575 2013 quibus
1592 1969 1749 2002 emanavit
1773 1969 1826 2002 de-

1087 2027 1207 2057 cretum
1234 2022 1373 2055 eiusdem
1400 2023 1655 2066 congregationis
1689 2023 1827 2056 cardina-

1087 2077 1175 2117 lium,
1189 2082 1283 2120 prout
1297 2076 1475 2109 continetur
1493 2076 1523 2108 in
1540 2076 1696 2120 scriptura
1712 2076 1828 2110 tenoris

1087 2130 1139 2173 qui
1161 2129 1314 2173 sequitur,
1340 2129 1500 2162 videlicet:

1133 2183 1316 2217 Calaritana.
1331 2183 1465 2226 Supplex
1481 2183 1557 2227 petit
1571 2183 1830 2228 archiepiscopus
1846 2189 2030 2241 “fficssgiii'i'essss

1089 2236 1284 2270 Calaritanus
1305 2236 1519 2280 infrascriptas
1539 2236 1751 2270 dubitationes
1774 2248 1831 2281 per
1846 2243 1916 2264 nonis

1088 2288 1169 2321 hauc
1195 2299 1315 2322 sacram
1342 2289 1621 2332 congregationem
1648 2289 1778 2322 resolvi:

1135 2353 1152 2375 1.
1175 2343 1220 2375 An
1246 2343 1359 2376 fratres
1386 2343 1416 2375 B.
1444 2343 1568 2376 loannis
1586 2343 1650 2384 Dei,
1669 2354 1685 2375 a
1711 2343 1829 2387 magis-

1091 2401 1173 2428 tratu
1206 2396 1339 2429 civitatis
1366 2397 1464 2429 vocati
1499 2402 1526 2429 et
1560 2396 1673 2430 addicti
1705 2397 1832 2431 servitio

1093 2449 1265 2493 hospitalis,
1287 2450 1375 2483 cuius
1396 2461 1427 2482 se
1447 2450 1512 2494 ipse
1539 2450 1739 2494 magistratus
1763 2463 1834 2495 pro-

1131 2566 1137 2590 t
1164 2564 1305 2592 Yideretur
1322 2564 1409 2600 potius
1426 2565 1567 2600 legendum
1583 2567 1671 2601 petiit
1685 2567 1725 2601 (u.
1743 2572 1778 2599 T).
