2202 3190
424 177 486 209 81ss
966 189 1140 212 RULLARH'M
1167 189 1315 212 uolturium

380 239 498 282 Exponi
522 238 614 271 nobis
639 248 742 282 nuper
765 238 838 272 tecit
871 266 1024 273 .....
1051 240 1114 275 528
1165 240 1200 273 In
1224 239 1353 273 sublimi
1378 240 1468 274 Sedis
1493 241 1692 285 Apostolicae
1730 270 1735 275 .
1767 270 1772 275 .
1803 270 1809 276 .
1837 243 1900 277 252

378 291 499 334 Exponi
524 290 616 324 nobis
641 302 743 334 nuper
766 291 839 325 fecit
869 317 1021 326 .....
1050 293 1109 326 531
1165 293 1198 325 ln
1223 292 1352 326 sublimi
1380 293 1471 327 Sedis
1495 294 1695 337 Apostolicae
1733 322 1738 327 .
1769 322 1774 327 .
1805 323 1811 328 .
1839 296 1902 330 315

379 343 499 386 Exponi
524 342 617 375 nbois
643 354 746 386 nuper
769 343 842 377 fecit
869 370 1020 378 .....
1051 345 1114 378 544
1165 345 1200 378 In
1226 347 1376 389 suprema
1400 346 1490 380 Sedis
1515 346 1740 390 Apostolicae.
1768 375 1774 380 .
1805 375 1810 380 .
1837 348 1902 382 273

378 395 499 438 Exponi
524 395 615 428 nobis
640 406 742 440 nuper
767 397 841 430 fecit
870 424 1021 431 .....
1051 397 1114 431 553
1164 399 1197 431 In
1222 399 1363 442 supremi
1389 399 1585 442 apostolatus
1611 400 1746 444 fastigio.
1772 424 1778 430 ·
1805 427 1812 434 .
1838 400 1901 435 312

378 448 499 491 Exponi
523 448 615 482 nobis
640 459 742 493 nuper
767 450 840 484 fecit
871 477 1022 484 .....
1051 451 1114 485 632
1164 451 1199 483 In
1223 461 1373 494 supremo
1398 452 1540 485 iustitiae
1565 452 1680 487 throno
1707 480 1713 486 .
1740 480 1746 486 .
1773 480 1779 487 .
1806 480 1812 486 .
1837 454 1901 488 229

377 502 498 545 Exponi
523 502 615 535 nobis
640 513 743 546 nuper
766 503 841 538 fecit
867 531 1020 538 .....
1050 504 1112 539 692
1164 504 1198 537 ln
1219 515 1369 548 supremo
1394 504 1533 538 iustitiae
1559 506 1673 540 throno
1696 533 1702 539 .
1732 533 1738 539 .
1769 532 1776 539 .
1805 533 1811 540 .
1839 506 1902 540 733

376 554 496 598 Exponi
520 554 612 588 nobis
635 566 736 599 nuper
761 557 834 590 lecit
867 585 1022 591 .....
1051 557 1113 591 725
1164 556 1198 589 In
1223 566 1376 600 supremo
1400 557 1568 591 militantis
1591 558 1752 592 Ecclesiae
1773 586 1780 593 .
1807 585 1813 592 .
1839 559 1903 593 254

376 607 498 651 Expcni
523 608 615 641 nobis
639 620 744 652 nuper
767 610 841 644 fecit
867 638 1020 644 .....
1051 611 1113 644 762
1164 609 1198 642 ln
1223 620 1374 653 supremo
1401 610 1565 644 militantis
1590 611 1748 644 Ecclesiae
1774 639 1780 645 .
1807 639 1814 645 .
1839 612 1902 646 367

375 660 496 704 Exponi
522 661 614 694 nobis
637 672 741 706 nuper
764 662 837 696 fecit
870 690 1022 697 .....
1050 663 1113 697 763
1165 662 1252 696 Inter
1276 668 1392 704 cetera,
1421 674 1502 706 quae
1526 663 1609 697 clare
1633 675 1669 697 ac
1692 665 1785 708 plane
1805 691 1811 698 .
1838 664 1901 700 168

375 714 420 746 Ex
443 724 506 757 quo
531 714 743 748 humilitatem
768 722 922 750 nostram.
949 744 954 749 .
981 743 987 750 .
1015 743 1021 749 .
1049 716 1109 750 671
1164 714 1251 749 Inter
1274 720 1392 748 ceteras
1411 716 1509 749 animi
1535 716 1769 750 sollicitudines
1804 743 1809 750 .
1837 717 1901 751 656

375 766 420 799 Ex
444 767 578 800 Rotnani
603 767 766 802 Pontificis
790 768 1021 803 beneficentia.
1070 769 1108 802 21
1164 768 1250 802 Inter
1273 773 1394 802 ceteras
1418 769 1612 813 apostolicae
1636 770 1810 804 sollicitud.
1838 770 1902 805 473

375 819 419 852 Ex
444 819 577 853 Romani
602 820 765 855 Pontificis
780 822 812 855 in
833 822 987 856 eminenti
1015 848 1022 856 .
1069 822 1113 856 40
1163 821 1247 855 Inter
1270 822 1472 865 gravissimas
1496 823 1776 867 multiplicesque.
1804 850 1811 857 .
1859 823 1903 858 94

375 874 418 907 Ex
442 874 576 908 Romani
599 875 764 910 pontificis
789 876 917 920 superni
939 903 945 909 ,
976 904 981 909 ,
1013 904 1019 910 ,
1046 877 1111 910 227
1163 874 1246 907 Inter
1268 874 1469 918 gravissimas
1493 874 1772 920 multiplicesque.
1803 902 1809 909 .
1837 875 1901 909 156

1163 927 1304 961 Iustitiae
1328 928 1424 972 exigit
1448 929 1528 963 ratio
1552 935 1587 963 ut
1610 929 1772 964 Romanus
1804 956 1810 964 .
1839 929 1902 963 735

727 981 749 1014 F

1520 1036 1542 1068 L

374 1086 469 1121 Felici
494 1097 712 1132 prosperoque
736 1088 882 1132 regimini
909 1115 916 1122 .
944 1114 951 1121 .
980 1116 986 1122 .
1015 1115 1021 1122 .
1046 1089 1109 1123 643

1160 1138 1247 1173 Licet
1269 1139 1345 1172 alias
1370 1150 1427 1183 per
1448 1140 1735 1176 constitutionem.
1765 1168 1772 1174 .
1802 1168 1808 1175 .
1836 1141 1900 1175 582

729 1193 753 1227 G

1513 1246 1540 1279 M

370 1299 463 1333 Grata
484 1299 706 1334 familiaritatis
723 1300 878 1344 obsequia
913 1328 919 1333 .
947 1327 953 1334 .
981 1328 986 1333 .
1012 1327 1018 1334 .
1066 1300 1106 1333 77

372 1352 525 1386 Gravihus
550 1358 580 1387 et
603 1352 760 1387 luctuosis
785 1354 983 1397 temporibus
1009 1380 1015 1386 .
1043 1353 1108 1386 313
1159 1351 1331 1384 Maiestatis
1357 1356 1428 1384 tuae
1459 1352 1589 1385 nomine
1613 1352 1706 1386 nobis
1731 1379 1737 1386 .
1765 1380 1772 1386 .
1800 1380 1806 1386 .
1833 1353 1898 1388 602

1158 1403 1327 1437 Maiestatis
1352 1409 1424 1437 tuae
1448 1404 1579 1437 nomine
1604 1404 1696 1437 nobis
1723 1432 1729 1437 .
1760 1431 1768 1438 .
1797 1432 1804 1439 .
1833 1406 1897 1440 723

723 1458 749 1491 Η
1158 1456 1319 1490 Meditatio
1345 1457 1449 1490 cordis
1472 1458 1572 1492 nostri
1600 1458 1639 1491 ad
1663 1469 1700 1492 ea
1727 1483 1734 1492 .
1763 1485 1769 1491 .
1799 1486 1805 1492 .
1834 1459 1898 1493 573

1158 1508 1319 1543 Meditatio
1343 1510 1449 1543 cordis
1472 1512 1573 1544 nostri
1599 1511 1638 1543 ad
1662 1521 1698 1544 ea
1724 1538 1730 1545 .
1761 1538 1767 1545 .
1798 1538 1804 1544 .
1833 1512 1896 1546 577

370 1563 471 1598 Hodie
496 1575 552 1608 per
575 1564 652 1597 alias
676 1568 801 1597 nostras
825 1564 857 1598 in
882 1564 979 1598 simili
1008 1591 1014 1597 .
1042 1564 1100 1598 311
1157 1561 1320 1595 Meditatio
1345 1562 1449 1596 cordis
1474 1568 1602 1596 nostrae
1630 1564 1669 1596 ad
1695 1575 1731 1597 ea
1758 1591 1764 1597 .
1797 1591 1803 1597 .
1830 1564 1896 1599 626

1158 1614 1325 1648 Militantis
1349 1615 1518 1656 Ecclesiae,
1552 1617 1626 1649 licet
1658 1617 1808 1650 immeriti
1835 1617 1898 1651 764

732 1671 743 1704 1
1158 1668 1318 1701 Militantis
1342 1669 1502 1702 Ecclesiae
1527 1670 1675 1711 regimini
1703 1697 1709 1704 .
1735 1697 1742 1704 .
1768 1698 1774 1704 .
1801 1698 1807 1705 .
1833 1671 1896 1706 ⁴179

1158 1720 1320 1755 Militantis
1344 1722 1503 1756 Ecclesiae
1529 1723 1676 1765 regimini
1702 1750 1709 1757 .
1735 1751 1741 1757 .
1768 1751 1774 1757 .
1801 1751 1807 1758 .
1833 1725 1896 1759 332

369 1778 467 1818 lilius,
495 1777 549 1821 qui
574 1777 709 1810 charitas
734 1782 782 1811 est
806 1782 837 1810 et
860 1777 944 1811 Deus
971 1804 976 1810 .
1007 1805 1013 1811 .
1042 1777 1107 1811 494
1158 1774 1319 1809 Militantis
1342 1776 1502 1810 Ecclesiae
1526 1777 1696 1819 regimini.
1724 1804 1730 1811 .
1762 1804 1768 1810 .
1798 1805 1805 1811 .
1832 1777 1898 1812 394

370 1832 404 1865 In
429 1830 622 1874 apostolicae
647 1829 810 1873 dignitatis
834 1830 978 1873 fastigio.
1009 1857 1014 1863 .
1043 1829 1107 1863 434
1158 1828 1318 1862 Militantis
1342 1829 1502 1863 Ecclesiae
1526 1829 1676 1872 regimini
1699 1858 1704 1864 ,
1733 1858 1738 1864 .
1766 1858 1772 1864 .
1799 1858 1805 1864 .
1830 1832 1896 1866 423

368 1885 403 1918 In
426 1883 672 1927 congregatione
703 1893 867 1916 sacrorum
893 1883 1015 1917 rituum
1042 1883 1101 1916 521
1159 1881 1320 1915 Militantis
1344 1882 1502 1916 Ecclesiae
1527 1883 1693 1926 regimini.
1725 1911 1730 1916 .
1762 1911 1767 1917 .
1798 1912 1804 1918 .
1832 1885 1896 1918 447

368 1937 402 1971 In
427 1936 575 1969 eminenti
602 1936 693 1970 Sedis
718 1935 915 1979 Apostolicae
943 1963 949 1969 .
976 1962 982 1969 .
1010 1963 1017 1969 .
1064 1936 1105 1969 02
1158 1935 1320 1969 Militantis
1344 1936 1504 1970 Ecclesiae
1529 1937 1694 1980 regimini.
1725 1964 1731 1970 .
1762 1965 1767 1970 .
1799 1964 1806 1972 .
1831 1937 1896 1972 465

369 1989 403 2023 ln
429 1989 614 2032 gravissimo
640 1989 758 2027 dolore,
784 1999 847 2032 quo
873 1988 1014 2022 animum
1041 1988 1105 2022 136
1158 1988 1319 2022 Militantis
1344 1989 1504 2024 Ecclesiae
1528 1990 1695 2033 regimini.
1726 2017 1731 2023 .
1762 2018 1768 2023 .
1799 2017 1804 2023 .
1832 1991 1896 2025 476

368 2043 404 2076 ln
428 2041 476 2075 his
499 2041 697 2076 auctoritatis
722 2047 851 2075 nostrae
876 2047 981 2085 partes
1008 2068 1013 2074 .
1042 2041 1105 2075 430
1157 2042 1319 2076 Militantis
1342 2043 1504 2076 Ecclesiae
1529 2043 1690 2087 regimini.
1721 2071 1726 2076 .
1757 2071 1763 2077 .
1794 2071 1800 2077 .
1829 2043 1893 2077 523

369 2096 403 2129 In
427 2095 475 2128 his
499 2094 665 2138 pastoralis
689 2094 785 2127 officii
811 2094 911 2127 nostri
934 2121 939 2127 .
970 2121 976 2126 .
1007 2121 1012 2126 .
1041 2094 1105 2128 173
1157 2094 1316 2129 Militantis
1340 2096 1501 2130 Ecclesiae
1525 2096 1671 2140 regimini
1694 2123 1701 2129 .
1730 2123 1736 2131 .
1765 2123 1771 2129 .
1798 2118 1813 2130 .-
1833 2095 1898 2130 664

368 2151 403 2183 ln
430 2148 493 2188 his,
514 2158 596 2192 quae
620 2147 824 2181 Beatissimae
842 2148 979 2191 Virginis
1007 2175 1012 2181 .
1040 2147 1105 2182 280
1156 2147 1316 2182 Militantis
1340 2148 1500 2183 Ecclesiae
1523 2149 1696 2193 regimini.
1726 2174 1733 2183 .
1762 2177 1768 2182 .
1798 2176 1805 2183 .
1833 2148 1896 2184 703

368 2202 503 2236 lniuncti
528 2201 618 2234 nobis
642 2201 806 2245 apostolici
833 2202 978 2235 muneris
1004 2228 1011 2235 .
1039 2201 1099 2234 241

368 2254 508 2288 Innotuit
531 2254 637 2294 nobis,
664 2255 750 2298 quod
775 2255 898 2289 dudum
914 2255 1018 2288 honae
1041 2253 1104 2288 287
1509 2255 1534 2289 Ν

368 2306 506 2340 Innotuit
524 2316 626 2350 nuper
642 2307 746 2347 nobis,
766 2307 852 2351 quod
877 2333 1016 2340 .....
1042 2306 1105 2340 123

370 2359 570 2393 Inscrutabili
597 2360 720 2394 divinae
745 2360 977 2404 providentiae.
1007 2387 1013 2394 .
1041 2359 1100 2394 391
1156 2360 1292 2395 Nomine
1315 2359 1469 2394 carissimi
1494 2359 1528 2393 in
1554 2360 1675 2395 Christo
1700 2361 1756 2394 filii
1797 2385 1803 2394 .
1830 2360 1893 2395 759

372 2412 573 2445 inscrutabili
600 2412 724 2447 divinae
749 2413 939 2458 sapientiae.
969 2441 975 2446 .
1006 2441 1012 2447 .
1041 2413 1105 2448 545
1155 2414 1288 2448 Nomine
1312 2413 1502 2449 dilectorum
1528 2413 1682 2454 filiorum,
1721 2441 1726 2447 .
1757 2441 1763 2447 .
1794 2441 1799 2447 .
1829 2414 1894 2448 174

371 2464 573 2498 Inscrutabili
598 2466 719 2499 divinae
744 2467 983 2510 providentiae.
1005 2494 1012 2500 .
1040 2466 1104 2501 765
1155 2467 1288 2501 Nomine
1313 2466 1500 2501 dilectorum
1525 2466 1664 2500 filiorum
1688 2493 1694 2500 .
1725 2493 1732 2500 .
1761 2493 1767 2499 .
1798 2493 1804 2500 .
1831 2467 1895 2500 414

369 2518 404 2550 ln
427 2517 554 2551 sublimi
578 2518 668 2551 Sedis
691 2519 904 2563 Apostolicae,
932 2547 938 2553 .
969 2547 974 2553 .
1005 2547 1012 2553 .
1040 2520 1104 2554 185
1154 2521 1226 2561 Nos,
1254 2520 1393 2554 volentes
1416 2518 1548 2554 dilectos
1572 2519 1657 2553 filios
1684 2546 1690 2552 .
1720 2546 1727 2552 .
1757 2546 1763 2552 .
1793 2546 1800 2552 .
1828 2519 1887 2553 211

369 2570 404 2610 In
429 2569 555 2603 sublimi
581 2570 670 2604 Sedis
693 2572 891 2616 Apostolicae
932 2600 937 2606 .
969 2600 974 2606 .
1005 2600 1010 2606 .
1039 2573 1103 2606 222
1153 2574 1226 2615 Nos,
1254 2573 1394 2608 volentes
1418 2571 1550 2607 dilectos
1576 2571 1658 2606 filios
1685 2597 1692 2606 .
1721 2598 1727 2606 .
1757 2597 1766 2605 .
1794 2598 1800 2606 .
1828 2570 1892 2606 204
