2185 3188
35 183 84 210 An.
105 181 132 210 C.
149 180 216 209 1656

83 347 217 369 Commendat

35 376 118 397 fratrem
128 375 216 401 Hyacin-

35 403 92 423 thum
103 402 217 422 canonocis

35 431 56 449 et
70 428 163 454 capitulo
183 433 216 448 ec-

35 455 113 476 clcsiae
157 454 217 475 Coci-

35 481 111 502 nensis.

827 179 1013 202 ALEXANDER
1037 179 1082 203 vn
1106 179 1153 202 PP.

497 227 604 255 nilecti
627 226 700 261 fini,

267 273 396 299 salutem
417 275 448 299 et.
467 272 664 306 apostolicam
687 271 933 299 benedictionem.

276 334 290 377 g
317 333 344 366 1.
369 333 456 374 Cum,
482 344 541 378 pro
573 333 797 377 componendis
823 332 971 366 ecclesiae

232 387 480 430 Angamalensis,
501 387 638 421 Thomae
658 386 873 420 archidiaconi
891 386 971 419 eius-

231 440 303 473 dem
325 440 474 474 ecclesiae
499 451 555 474 seu
579 441 690 474 Serrae
707 442 814 484 oper-a,
834 445 867 473 ut
887 451 972 474 acce-

231 492 346 537 pimus,
365 493 516 535 turbatae,
535 493 680 533 dissidiis,
701 492 848 526 dilectum
873 493 971 526 silium

232 547 440 591 Hyacinthum
463 557 479 579 a
504 546 532 580 S.
560 546 721 579 Vincentio
746 546 874 580 fratrem
900 547 969 580 Dis-

232 600 405 633 calceatum
415 599 539 634 Ordinis
556 604 680 633 sanctae
698 600 811 632 Mariae
823 600 860 633 de
870 601 973 634 Monte

232 654 387 694 Carmelo,
400 654 502 686 virum
521 652 689 686 virtutibus
707 664 742 686 ac
760 653 886 697 optimis
903 664 975 698 qua-

233 707 371 740 litatibus
386 706 575 751 praeditum,
587 706 624 739 ad
640 706 706 739 illas
721 711 826 750 partes
839 707 973 740 destina-

233 771 267 793 re
293 760 540 793 decreverimus:
561 759 634 793 hinc
651 765 697 793 est
721 759 806 803 quod
827 770 883 793 nos
901 759 975 792 dile-

233 813 370 847 ctionem
395 818 531 846 vestram
564 813 777 857 praesentium
802 819 912 847 tenore
944 813 975 846 in

232 867 365 900 Domino
390 867 570 900 censuimus
594 867 832 907 adhortandam,
858 872 892 900 ut
917 877 975 911 pro

232 923 341 954 nostra
353 926 382 954 et
394 920 482 954 Sedis
493 921 689 965 Apostolicae
700 921 875 954 reverentia
889 931 977 965 prae-

233 973 351 1007 dictum
381 975 590 1019 Hyacinthum
623 975 660 1007 ad
686 985 740 1007 vos
769 974 975 1008 divertentem

234 1028 369 1072 benigne
383 1029 555 1073 excipiatis,
567 1028 674 1073 illique
687 1028 911 1072 quodcumque
925 1039 977 1073 op-

234 1087 406 1126 portunum
424 1083 575 1116 auxilium
598 1088 628 1115 et
645 1083 783 1116 favorem
799 1083 977 1127 praebeatis

235 1141 265 1169 et
288 1147 347 1179 pro
371 1136 492 1169 viribus
518 1136 679 1176 assistatis,
696 1141 730 1169 ut
750 1137 827 1180 ipse,
845 1136 977 1170 consilio

235 1193 265 1223 et
280 1199 339 1233 ope
354 1190 457 1222 vestra
474 1188 608 1231 adiutus,
622 1194 814 1222 memoratae
829 1189 977 1222 ecclesiae

236 1243 472 1286 Angamalensis
507 1254 617 1288 pacem
656 1248 685 1276 et
718 1243 920 1276 concordiam
947 1243 977 1275 in

236 1297 453 1330 executionem
479 1296 700 1330 mandatorum
732 1302 915 1330 nostrorum
940 1296 978 1329 ad

237 1350 460 1394 omnipotentis
477 1350 531 1383 Dei
549 1350 674 1383 laudem
692 1353 721 1384 et
738 1349 889 1383 dominici
910 1360 980 1393 gre-

237 1404 284 1447 gis
309 1404 441 1437 salutem
465 1403 650 1444 restituere,
676 1414 711 1437 ae
741 1403 977 1446 christifideles,

237 1458 339 1491 aliena
365 1458 547 1491 seductione
567 1462 597 1492 et
621 1458 797 1491 inconsulta
822 1458 946 1490 levitate
963 1468 979 1490 a

238 1511 412 1545 venerabili
440 1512 537 1544 fratre
564 1511 807 1556 archiepiscopo
828 1512 980 1554 Angama-

238 1566 315 1599 lensi
341 1576 451 1598 eorum
478 1571 604 1609 pastore
629 1566 806 1606 distractos,
831 1565 869 1598 ad
896 1566 979 1598 eius-

238 1619 308 1651 dem
334 1618 562 1662 archiepiscopi
589 1618 800 1651 obedientiam
828 1619 980 1652 reducere

238 1672 371 1705 Domino
396 1677 585 1716 cooperante
610 1672 718 1704 valcat.
747 1673 920 1716 implebitis
945 1675 979 1706 ea

239 1726 270 1759 in
288 1737 321 1759 re
339 1731 443 1770 partes
460 1736 608 1759 verorum
627 1726 784 1758 Ecclesiae
809 1726 980 1760 catholicae

239 1779 387 1821 filiorum,
409 1779 562 1823 nobisque
587 1779 803 1822 gratissimum
821 1780 879 1812 erit
897 1781 981 1824 quod

240 1833 476 1867 benevolentiae
513 1833 613 1866 eidem
648 1833 823 1877 Hyacinthe
860 1834 981 1878 impen-

241 1887 329 1920 detis.

284 1941 396 1974 Datum
411 1941 538 1981 Romae,
556 1940 639 1985 apud
657 1940 686 1974 S.
706 1941 843 1981 Petrum,
861 1942 919 1974 sub
933 1952 984 1974 an-

241 1995 316 2028 nulo
341 1995 518 2035 piscatoris,
543 1995 592 2028 die
618 2006 672 2029 xni
699 1995 830 2028 ianuarii
855 2006 983 2038 noemi,

242 2047 440 2092 pontificatus
464 2048 565 2081 nostri
590 2058 672 2081 anno
697 2058 716 2081 i.

278 2111 336 2138 Dat.
353 2111 396 2137 die
415 2112 446 2138 19
466 2111 578 2139 ianuarii
598 2112 674 2146 1656,
693 2112 788 2147 pontif.
808 2121 877 2140 anno
895 2119 911 2139 t.

572 2247 655 2280 LXX.

244 2319 347 2353 Mittit
370 2318 598 2361 Hyacinthum
621 2329 642 2351 α
665 2318 695 2352 S.
719 2318 885 2352 Vincentio
913 2319 986 2353 Car-

289 2371 436 2405 melilam
453 2370 692 2404 Discalceatum
717 2371 758 2403 ad
781 2372 985 2415 provinciam

288 2424 564 2468 Anqamalensem
588 2428 624 2456 ut
644 2435 740 2468 super
759 2434 879 2457 recessu
904 2425 985 2458 Tho·

289 2488 359 2510 mac
372 2476 598 2509 archidiaconi
610 2476 756 2510 ecclesiae
766 2477 986 2520 Anqamalcn-

289 2531 333 2563 sis
358 2531 491 2573 eiusque
522 2530 711 2573 sequacium
735 2530 772 2563 ab
806 2530 985 2564 obedientia

290 2584 536 2628 archiepiscopi,
564 2583 706 2629 aliisque
724 2585 912 2626 excessibus,
934 2586 984 2619 in-

1651 170 1708 203 111

1048 227 1258 270 formationes
1283 228 1390 271 capiat
1415 233 1443 260 et
1465 238 1630 272 processus
1651 228 1747 270 confi-

1049 280 1125 320 ciat,
1138 290 1211 313 cum
1228 281 1383 323 facultate
1396 279 1662 313 commwzicamlz'
1675 290 1748 312 cum

1050 333 1120 365 illis
1141 337 1168 366 et
1194 343 1242 365 eos
1263 334 1451 366 absolvendi
1475 338 1502 367 cl
1520 334 1561 366 att
1585 334 1748 375 cremium

1050 386 1079 419 S.
1104 386 1146 419 M.
1165 386 1199 419 E.
1219 387 1398 430 recipiendi
1413 386 1428 419 ¹.

1006 475 1121 503 Dilecto
1140 475 1202 502 filio
1223 474 1391 510 Hyacinthe
1413 483 1429 502 a
1450 476 1477 502 S.
1500 476 1674 509 Vincentio,
1697 476 1748 503 Or-

1042 520 1121 547 dinis
1149 520 1277 547 fratrum
1304 521 1413 547 Beatae
1444 520 1557 547 Mariae
1585 521 1619 547 de
1647 521 1748 547 Monte

1043 565 1173 592 carmelo
1212 565 1469 592 niscatceatorum
1507 568 1749 599 nuncupatorum

1041 609 1214 643 professori,

1203 672 1370 699 Alexander
1390 672 1470 705 Papa
1489 672 1551 699 vn.

1288 742 1404 770 Dilecto
1419 742 1474 775 fili,

1044 788 1173 815 salutem
1193 790 1224 815 et.
1244 787 1443 821 apostolicam
1462 787 1712 815 benedictionem.

1053 867 1067 910 ξ
1096 867 1121 899 1.
1147 866 1235 907 Cum,
1262 866 1341 899 sicut
1366 876 1428 899 non
1453 866 1518 899 sine
1539 866 1627 909 gravi
1654 866 1749 899 animi

1009 920 1109 953 nostri
1136 920 1278 954 molestia
1297 921 1334 953 ad
1352 931 1444 953 aures
1460 925 1583 953 nostras
1600 920 1751 964 pervenit,

1011 973 1143 1006 dilectus
1168 974 1252 1007 filius
1276 974 1412 1007 Thomas
1437 974 1676 1007 archidiaconus
1701 984 1753 1006 ec-

1011 1027 1124 1060 clesiae
1141 1027 1379 1070 Angamalensis
1397 1038 1451 1059 seu
1466 1027 1587 1068 Serrae,
1602 1028 1663 1059 una
1681 1037 1752 1059 cum

1012 1086 1136 1113 centum
1155 1086 1185 1114 et
1208 1081 1437 1124 quinquaginta
1466 1081 1604 1113 millibus
1621 1090 1676 1113 seu
1693 1080 1754 1113 alio

1012 1135 1127 1168 veriori
1167 1145 1301 1168 numero
1342 1135 1587 1167 christianorum
1629 1134 1754 1167 illarum

1012 1189 1159 1232 partium,
1177 1188 1215 1221 ab
1233 1189 1412 1222 obedientia
1439 1188 1625 1221 venerabilis
1650 1189 1755 1222 fratris

1012 1242 1244 1286 archiepiscopi
1262 1242 1498 1285 Angamalensis
1520 1241 1695 1282 recesserit,
1720 1252 1756 1275 ac

1012 1296 1196 1339 dignitatem
1216 1296 1426 1340 episcopalem
1445 1295 1562 1339 absque
1579 1295 1672 1328 huius
1690 1305 1756 1328 sau-

1013 1353 1079 1383 ctae
1111 1350 1199 1383 Sedis
1234 1349 1420 1383 auctoritate
1453 1349 1510 1381 sihi
1536 1349 1754 1392 arrogaverit,

1014 1403 1183 1447 {numaque
1208 1403 1378 1447 pastoralia
1411 1403 1492 1435 inter
1524 1402 1650 1435 eosdem
1677 1402 1757 1435 chri-

1014 1456 1130 1489 stianos
1166 1456 1328 1499 illegitime
1370 1456 1568 1500 invalideque
1608 1466 1757 1489 exercere

1014 1510 1272 1554 praesumpserIt,
1292 1515 1321 1543 et
1338 1510 1440 1543 forsan
1461 1515 1652 1553 praesumat,
1674 1521 1758 1543 cum*

1015 1576 1075 1609 que
1100 1576 1157 1608 per
1190 1576 1334 1598 excessus
1364 1564 1546 1597 huiusmodi
1575 1570 1605 1597 et
1631 1565 1757 1597 illorum

1015 1619 1180 1652 occasione
1206 1624 1303 1651 status
1328 1618 1466 1651 eiusdem
1487 1618 1636 1650 ecclesiae
1661 1618 1759 1661 Auga-

1017 1673 1161 1705 malensis
1186 1683 1257 1706 cum
1284 1672 1422 1705 maximo
1447 1671 1697 1705 ctu-istifidetium
1717 1672 1759 1704 di-

1015 1731 1136 1759 ctarum
1155 1725 1293 1769 partium
1313 1726 1489 1758 animarum
1508 1725 1651 1768 periculo
1670 1725 1758 1758 valde

1017 1779 1220 1822 perturbatus
1254 1779 1381 1812 existat:
1407 1789 1481 1819 1108,
1507 1789 1565 1822 pro
1590 1777 1757 1811 commissa

1016 1833 1106 1866 nobis
1130 1833 1168 1865 ab
1190 1838 1318 1865 aeterno
1345 1833 1471 1865 Pastore
1497 1832 1637 1865 omnium
1663 1832 1759 1865 eccle-

1017 1887 1134 1919 siarum
1149 1886 1359 1920 sollicitudine
1375 1886 1576 1929 universique
1591 1886 1696 1928 gregis
1707 1885 1759 1919 do-

1017 1940 1124 1972 minici
1150 1942 1237 1980 cura,
1258 1939 1492 1983 praedictorum
1511 1949 1694 1972 excessuum
1713 1939 1759 1971 in-

1017 1993 1240 2027 formationem
1266 1993 1346 2037 capi⁷
1373 2004 1407 2025 ac
1429 1992 1682 2036 perturbationes
1706 1993 1760 2025 hu-

1019 2048 1155 2081 iusmodi
1181 2048 1327 2091 componi
1353 2053 1382 2080 et
1407 2047 1525 2089 sedari,
1552 2047 1760 2091 tranquillita-

1019 2107 1145 2145 temque
1170 2101 1271 2134 eidem
1298 2101 1450 2134 ecclesiae
1475 2101 1613 2142 restitui,
1639 2111 1760 2134 necnon

1019 2161 1229 2188 memoratum
1254 2155 1417 2195 Thomam,
1444 2155 1573 2198 eiusque
1602 2165 1762 2198 sequaces,

1019 2209 1056 2241 ad
1075 2209 1213 2242 ciusdem
1235 2209 1467 2253 archiepiscopi
1486 2207 1694 2242 obedientiam
1714 2219 1763 2241 re-

1019 2263 1088 2295 duci
1111 2264 1289 2307 cupientes,
1309 2274 1343 2296 ac
1368 2263 1405 2295 de
1423 2264 1475 2295 tua
1496 2262 1565 2303 fide⁷
1584 2262 1762 2305 prudentiti,

1020 2327 1126 2349 rerum
1153 2317 1344 2360 agendarum
1371 2317 1500 2360 peritia,
1522 2315 1705 2349 dexteritate
1733 2321 1762 2349 et

1020 2370 1192 2403 catholicae
1226 2370 1388 2413 religionis
1425 2370 1491 2402 zelo
1527 2369 1698 2412 plurimum
1733 2369 1763 2401 in

1020 2424 1152 2457 Domino
1177 2424 1296 2464 confisi,
1318 2424 1355 2456 de
1382 2423 1607 2456 venerabilium
1630 2424 1761 2456 fratrum

1020 2483 1201 2512 nostrorum
1227 2478 1255 2511 S.
1283 2478 1316 2510 R.
1344 2478 1375 2510 E.
1399 2477 1604 2510 cardinalium
1631 2477 1763 2520 negocio

1055 2597 1065 2620 t
1089 2594 1126 2621 Ex
1148 2593 1254 2629 liegest.
1277 2593 1303 2619 iu
1323 2592 1424 2621 Secret.
1447 2592 1523 2620 Brev.

1762 179 1799 205 Au
1828 179 1855 205 C.
1876 179 1942 205 165ss

1794 881 1880 902 Mmiva.

1826 1789 1957 1810 facultatem

1773 1816 1958 1841 impartiturfratri

1773 1843 1891 1869 Htacyntlm
1921 1842 1957 1862 ab·

1773 1870 1867 1890 saliendi
1884 1876 1895 1889 a
1909 1875 1959 1889 ceu-

1773 1902 1827 1917 surxs
1843 1898 1863 1916 et
1878 1897 1904 1916 ad
1920 1895 1959 1916 Ec-

1773 1923 1961 1948 clesinegroinium

1774 1950 1889 1970 redut-endi
1925 1955 1959 1969 ar-

1786 1977 1944 2001 cliiepisropuin

1774 2003 1898 2029 proi-inciae
1920 2004 1960 2023 Au-

1775 2030 1908 2056 gasmait-nm.
