<?xml version="1.0" encoding="UTF-8"?>
<!DOCTYPE html PUBLIC "-//W3C//DTD XHTML 1.0 Transitional//EN"
    "http://www.w3.org/TR/xhtml1/DTD/xhtml1-transitional.dtd">
<html xmlns="http://www.w3.org/1999/xhtml" xml:lang="en" lang="en">
 <head>
  <title>
</title>
<meta http-equiv="Content-Type" content="text/html;charset=utf-8" />
  <meta name='ocr-system' content='tesseract 3.04.00' />
  <meta name='ocr-capabilities' content='ocr_page ocr_carea ocr_par ocr_line ocrx_word'/>
</head>
<body>
  <div class='ocr_page' id='page_1' title='image "./bullarumdiplomat16cath_0424.png"; bbox 0 0 2243 3205; ppageno 0'>
   <div class='ocr_carea' id='block_1_1' title="bbox 320 227 613 264">
    <p class='ocr_par' dir='ltr' id='par_1_1' title="bbox 320 227 613 264">
     <span class='ocr_line' id='line_1_1' title="bbox 320 227 613 264; baseline -0.007 -1"><span class='ocrx_word' id='word_1_1' title='bbox 320 237 369 264; x_wconf 67' lang='lat' dir='ltr'>An.</span> <span class='ocrx_word' id='word_1_2' title='bbox 385 237 413 264; x_wconf 86' lang='lat' dir='ltr'>c.</span> <span class='ocrx_word' id='word_1_3' title='bbox 437 237 503 264; x_wconf 67' lang='lat'>1858</span> <span class='ocrx_word' id='word_1_4' title='bbox 548 227 613 262; x_wconf 80' lang='grc'>390</span> 
     </span>
    </p>
   </div>
   <div class='ocr_carea' id='block_1_2' title="bbox 352 881 472 901">
    <p class='ocr_par' dir='ltr' id='par_1_2' title="bbox 352 881 472 901">
     <span class='ocr_line' id='line_1_2' title="bbox 352 881 472 901; baseline -0.008 0"><span class='ocrx_word' id='word_1_5' title='bbox 352 881 472 901; x_wconf 52' lang='lat' dir='ltr'>Concessio.</span> 
     </span>
    </p>
   </div>
   <div class='ocr_carea' id='block_1_3' title="bbox 518 285 1267 2564">
    <p class='ocr_par' dir='ltr' id='par_1_3' title="bbox 518 285 1260 859">
     <span class='ocr_line' id='line_1_3' title="bbox 518 285 1255 328; baseline 0 -11"><span class='ocrx_word' id='word_1_6' title='bbox 518 285 709 328; x_wconf 82' lang='lat' dir='ltr'>gregationis</span> <span class='ocrx_word' id='word_1_7' title='bbox 727 286 905 318; x_wconf 87' lang='lat' dir='ltr'>huiusmodi</span> <span class='ocrx_word' id='word_1_8' title='bbox 921 285 1007 328; x_wconf 83' lang='lat' dir='ltr'>eligi⁴</span> <span class='ocrx_word' id='word_1_9' title='bbox 1028 286 1255 326; x_wconf 68' lang='lat' dir='ltr'>consueverint,</span> 
     </span>
     <span class='ocr_line' id='line_1_4' title="bbox 518 338 1257 382; baseline 0.001 -13"><span class='ocrx_word' id='word_1_10' title='bbox 518 338 839 382; x_wconf 71' lang='lat' dir='ltr'>praestantissimique</span> <span class='ocrx_word' id='word_1_11' title='bbox 871 338 970 372; x_wconf 86' lang='lat' dir='ltr'>dietae</span> <span class='ocrx_word' id='word_1_12' title='bbox 1001 338 1257 381; x_wconf 84' lang='lat' dir='ltr'>Congregationis</span> 
     </span>
     <span class='ocr_line' id='line_1_5' title="bbox 519 391 1257 435; baseline -0.001 -12"><span class='ocrx_word' id='word_1_13' title='bbox 519 391 656 434; x_wconf 78' lang='lat' dir='ltr'><strong>religiosi</strong></span> <span class='ocrx_word' id='word_1_14' title='bbox 683 402 749 424; x_wconf 88' lang='lat' dir='ltr'>esse</span> <span class='ocrx_word' id='word_1_15' title='bbox 774 391 891 425; x_wconf 87' lang='lat' dir='ltr'>soleant</span> <span class='ocrx_word' id='word_1_16' title='bbox 916 391 954 423; x_wconf 89' lang='lat' dir='ltr'>ab</span> <span class='ocrx_word' id='word_1_17' title='bbox 991 391 1059 435; x_wconf 72' lang='lat' dir='ltr'>ipsa</span> <span class='ocrx_word' id='word_1_18' title='bbox 1084 392 1257 433; x_wconf 81' lang='lat' dir='ltr'>Congrega-</span> 
     </span>
     <span class='ocr_line' id='line_1_6' title="bbox 519 443 1258 488; baseline 0 -12"><span class='ocrx_word' id='word_1_19' title='bbox 519 443 602 477; x_wconf 89' lang='lat' dir='ltr'>tione</span> <span class='ocrx_word' id='word_1_20' title='bbox 617 444 646 476; x_wconf 89' lang='lat' dir='ltr'>in</span> <span class='ocrx_word' id='word_1_21' title='bbox 662 444 811 477; x_wconf 82' lang='lat' dir='ltr'>exercitio</span> <span class='ocrx_word' id='word_1_22' title='bbox 836 455 1001 477; x_wconf 88' lang='lat' dir='ltr'>munerum</span> <span class='ocrx_word' id='word_1_23' title='bbox 1024 445 1067 477; x_wconf 85' lang='lat' dir='ltr'>eis</span> <span class='ocrx_word' id='word_1_24' title='bbox 1087 444 1258 488; x_wconf 81' lang='lat' dir='ltr'>respective</span> 
     </span>
     <span class='ocr_line' id='line_1_7' title="bbox 519 496 1259 541; baseline -0.001 -12"><span class='ocrx_word' id='word_1_25' title='bbox 519 496 778 530; x_wconf 85' lang='lat' dir='ltr'>demandatorum</span> <span class='ocrx_word' id='word_1_26' title='bbox 813 497 957 541; x_wconf 86' lang='lat' dir='ltr'>probati,</span> <span class='ocrx_word' id='word_1_27' title='bbox 991 497 1180 541; x_wconf 82' lang='lat' dir='ltr'>sperandum</span> <span class='ocrx_word' id='word_1_28' title='bbox 1214 501 1259 529; x_wconf 82' lang='lat' dir='ltr'>est</span> 
     </span>
     <span class='ocr_line' id='line_1_8' title="bbox 520 550 1258 593; baseline 0 -12"><span class='ocrx_word' id='word_1_29' title='bbox 520 560 629 582; x_wconf 86' lang='lat' dir='ltr'>eorum</span> <span class='ocrx_word' id='word_1_30' title='bbox 656 550 830 583; x_wconf 84' lang='lat' dir='ltr'>ministerio</span> <span class='ocrx_word' id='word_1_31' title='bbox 855 550 1145 584; x_wconf 75' lang='lat' dir='ltr'>inconvenientilnis</span> <span class='ocrx_word' id='word_1_32' title='bbox 1170 559 1258 593; x_wconf 87' lang='lat' dir='ltr'>prae-</span> 
     </span>
     <span class='ocr_line' id='line_1_9' title="bbox 519 602 1258 636; baseline -0.001 -2"><span class='ocrx_word' id='word_1_33' title='bbox 519 603 654 634; x_wconf 88' lang='lat' dir='ltr'>narratis</span> <span class='ocrx_word' id='word_1_34' title='bbox 680 603 852 635; x_wconf 87' lang='lat' dir='ltr'>remedium</span> <span class='ocrx_word' id='word_1_35' title='bbox 879 603 1051 636; x_wconf 82' lang='lat' dir='ltr'>adhibitum</span> <span class='ocrx_word' id='word_1_36' title='bbox 1086 602 1141 634; x_wconf 85' lang='lat' dir='ltr'>iri:</span> <span class='ocrx_word' id='word_1_37' title='bbox 1167 602 1258 634; x_wconf 82' lang='lat' dir='ltr'>nobis</span> 
     </span>
     <span class='ocr_line' id='line_1_10' title="bbox 520 653 1259 699; baseline -0.001 -13"><span class='ocrx_word' id='word_1_38' title='bbox 520 660 685 699; x_wconf 85' lang='lat' dir='ltr'>propterea</span> <span class='ocrx_word' id='word_1_39' title='bbox 701 655 883 688; x_wconf 85' lang='lat' dir='ltr'>eorumdem</span> <span class='ocrx_word' id='word_1_40' title='bbox 899 655 1120 699; x_wconf 69' lang='lat' dir='ltr'>exponentium</span> <span class='ocrx_word' id='word_1_41' title='bbox 1132 653 1259 686; x_wconf 89' lang='lat' dir='ltr'>nomine</span> 
     </span>
     <span class='ocr_line' id='line_1_11' title="bbox 522 708 1260 752; baseline -0.001 -12"><span class='ocrx_word' id='word_1_42' title='bbox 522 708 682 741; x_wconf 84' lang='lat' dir='ltr'>humiliter</span> <span class='ocrx_word' id='word_1_43' title='bbox 707 709 917 752; x_wconf 77' lang='lat' dir='ltr'>supplicatum</span> <span class='ocrx_word' id='word_1_44' title='bbox 953 709 1029 748; x_wconf 90' lang='lat' dir='ltr'>fuit,</span> <span class='ocrx_word' id='word_1_45' title='bbox 1055 712 1088 741; x_wconf 87' lang='lat' dir='ltr'>ut</span> <span class='ocrx_word' id='word_1_46' title='bbox 1112 708 1142 740; x_wconf 92' lang='lat' dir='ltr'>in</span> <span class='ocrx_word' id='word_1_47' title='bbox 1173 718 1260 751; x_wconf 90' lang='lat' dir='ltr'>prae-</span> 
     </span>
     <span class='ocr_line' id='line_1_12' title="bbox 522 760 1256 806; baseline -0.003 -12"><span class='ocrx_word' id='word_1_48' title='bbox 522 761 625 795; x_wconf 87' lang='lat' dir='ltr'>missis</span> <span class='ocrx_word' id='word_1_49' title='bbox 646 768 822 806; x_wconf 87' lang='lat' dir='ltr'>opportune</span> <span class='ocrx_word' id='word_1_50' title='bbox 846 761 1023 806; x_wconf 82' lang='lat' dir='ltr'>providere,</span> <span class='ocrx_word' id='word_1_51' title='bbox 1049 761 1086 793; x_wconf 90' lang='lat' dir='ltr'>de</span> <span class='ocrx_word' id='word_1_52' title='bbox 1110 760 1256 803; x_wconf 79' lang='lat' dir='ltr'>benigni-</span> 
     </span>
     <span class='ocr_line' id='line_1_13' title="bbox 523 815 1016 859; baseline -0.002 -12"><span class='ocrx_word' id='word_1_53' title='bbox 523 819 582 849; x_wconf 88' lang='lat' dir='ltr'>tate</span> <span class='ocrx_word' id='word_1_54' title='bbox 607 816 777 859; x_wconf 76' lang='lat' dir='ltr'>apostolica</span> <span class='ocrx_word' id='word_1_55' title='bbox 804 815 1016 858; x_wconf 86' lang='lat' dir='ltr'>dignaremur.</span> 
     </span>
    </p>

    <p class='ocr_par' dir='ltr' id='par_1_4' title="bbox 522 867 1267 2564">
     <span class='ocr_line' id='line_1_14' title="bbox 567 867 1262 911; baseline -0.003 -10"><span class='ocrx_word' id='word_1_56' title='bbox 567 869 581 911; x_wconf 63' lang='grc' dir='ltr'><strong>ἓ</strong></span> <span class='ocrx_word' id='word_1_57' title='bbox 606 868 634 901; x_wconf 73' lang='grc'>3.</span> <span class='ocrx_word' id='word_1_58' title='bbox 662 869 722 901; x_wconf 75' lang='lat' dir='ltr'>Nos</span> <span class='ocrx_word' id='word_1_59' title='bbox 749 868 853 911; x_wconf 84' lang='lat' dir='ltr'>igitur,</span> <span class='ocrx_word' id='word_1_60' title='bbox 880 867 962 911; x_wconf 89' lang='lat' dir='ltr'>ipsos</span> <span class='ocrx_word' id='word_1_61' title='bbox 985 873 1175 911; x_wconf 70' lang='lat' dir='ltr'>exponentes</span> <span class='ocrx_word' id='word_1_62' title='bbox 1196 878 1262 910; x_wconf 89' lang='lat' dir='ltr'>spc-</span> 
     </span>
     <span class='ocr_line' id='line_1_15' title="bbox 523 920 1262 964; baseline -0.001 -11"><span class='ocrx_word' id='word_1_63' title='bbox 523 920 652 954; x_wconf 86' lang='lat' dir='ltr'>cialibus</span> <span class='ocrx_word' id='word_1_64' title='bbox 682 921 839 953; x_wconf 78' lang='lat' dir='ltr'>favoribus</span> <span class='ocrx_word' id='word_1_65' title='bbox 864 926 893 952; x_wconf 83' lang='lat' dir='ltr'>et</span> <span class='ocrx_word' id='word_1_66' title='bbox 918 920 1025 962; x_wconf 87' lang='lat' dir='ltr'>gratiis</span> <span class='ocrx_word' id='word_1_67' title='bbox 1043 920 1191 964; x_wconf 74' lang='lat' dir='ltr'>prosequi</span> <span class='ocrx_word' id='word_1_68' title='bbox 1211 930 1262 952; x_wconf 79' lang='lat' dir='ltr'>vo-</span> 
     </span>
     <span class='ocr_line' id='line_1_16' title="bbox 523 973 1262 1017; baseline -0.001 -11"><span class='ocrx_word' id='word_1_69' title='bbox 523 974 629 1014; x_wconf 86' lang='lat' dir='ltr'>lentes,</span> <span class='ocrx_word' id='word_1_70' title='bbox 658 980 684 1006; x_wconf 84' lang='lat' dir='ltr'>et</span> <span class='ocrx_word' id='word_1_71' title='bbox 719 985 827 1007; x_wconf 87' lang='lat' dir='ltr'>eorum</span> <span class='ocrx_word' id='word_1_72' title='bbox 862 973 1037 1016; x_wconf 85' lang='lat' dir='ltr'>singulares</span> <span class='ocrx_word' id='word_1_73' title='bbox 1068 984 1219 1017; x_wconf 73' lang='lat' dir='ltr'>personas</span> <span class='ocrx_word' id='word_1_74' title='bbox 1246 984 1262 1005; x_wconf 90' lang='lat' dir='ltr'>a</span> 
     </span>
     <span class='ocr_line' id='line_1_17' title="bbox 523 1026 1260 1070; baseline 0 -11"><span class='ocrx_word' id='word_1_75' title='bbox 523 1027 685 1070; x_wconf 79' lang='lat' dir='ltr'>quibusvis</span> <span class='ocrx_word' id='word_1_76' title='bbox 710 1027 1054 1066; x_wconf 82' lang='lat' dir='ltr'>excommunicationis,</span> <span class='ocrx_word' id='word_1_77' title='bbox 1078 1026 1260 1070; x_wconf 87' lang='lat' dir='ltr'>suspensio·</span> 
     </span>
     <span class='ocr_line' id='line_1_18' title="bbox 522 1080 1264 1123; baseline -0.001 -11"><span class='ocrx_word' id='word_1_78' title='bbox 522 1080 570 1112; x_wconf 90' lang='lat' dir='ltr'>nis</span> <span class='ocrx_word' id='word_1_79' title='bbox 606 1086 636 1112; x_wconf 88' lang='lat' dir='ltr'>et</span> <span class='ocrx_word' id='word_1_80' title='bbox 672 1080 842 1121; x_wconf 67' lang='lat' dir='ltr'>interdicti,</span> <span class='ocrx_word' id='word_1_81' title='bbox 879 1080 1010 1123; x_wconf 88' lang='lat' dir='ltr'>aliisque</span> <span class='ocrx_word' id='word_1_82' title='bbox 1048 1080 1264 1112; x_wconf 77' lang='lat' dir='ltr'>ecelesiasticis</span> 
     </span>
     <span class='ocr_line' id='line_1_19' title="bbox 524 1133 1263 1177; baseline 0.001 -12"><span class='ocrx_word' id='word_1_83' title='bbox 524 1134 707 1175; x_wconf 81' lang='lat' dir='ltr'>sententiis,</span> <span class='ocrx_word' id='word_1_84' title='bbox 744 1134 885 1166; x_wconf 81' lang='lat' dir='ltr'>censuris</span> <span class='ocrx_word' id='word_1_85' title='bbox 915 1139 944 1165; x_wconf 89' lang='lat' dir='ltr'>et</span> <span class='ocrx_word' id='word_1_86' title='bbox 976 1133 1110 1177; x_wconf 82' lang='lat' dir='ltr'>poenis,</span> <span class='ocrx_word' id='word_1_87' title='bbox 1148 1144 1163 1165; x_wconf 90' lang='lat' dir='ltr'>a</span> <span class='ocrx_word' id='word_1_88' title='bbox 1196 1133 1263 1166; x_wconf 88' lang='lat' dir='ltr'>iure</span> 
     </span>
     <span class='ocr_line' id='line_1_20' title="bbox 523 1185 1262 1230; baseline 0 -12"><span class='ocrx_word' id='word_1_89' title='bbox 523 1187 569 1218; x_wconf 85' lang='lat' dir='ltr'>vel</span> <span class='ocrx_word' id='word_1_90' title='bbox 608 1186 646 1219; x_wconf 88' lang='lat' dir='ltr'>ab</span> <span class='ocrx_word' id='word_1_91' title='bbox 682 1186 835 1228; x_wconf 86' lang='lat' dir='ltr'>bomine,</span> <span class='ocrx_word' id='word_1_92' title='bbox 874 1186 982 1230; x_wconf 85' lang='lat' dir='ltr'>quavis</span> <span class='ocrx_word' id='word_1_93' title='bbox 1018 1185 1184 1218; x_wconf 70' lang='lat' dir='ltr'>occasione</span> <span class='ocrx_word' id='word_1_94' title='bbox 1216 1187 1262 1219; x_wconf 85' lang='lat' dir='ltr'>vel</span> 
     </span>
     <span class='ocr_line' id='line_1_21' title="bbox 523 1239 1263 1283; baseline 0 -12"><span class='ocrx_word' id='word_1_95' title='bbox 523 1241 616 1271; x_wconf 76' lang='lat' dir='ltr'>causa</span> <span class='ocrx_word' id='word_1_96' title='bbox 646 1239 735 1279; x_wconf 88' lang='lat' dir='ltr'>latis,</span> <span class='ocrx_word' id='word_1_97' title='bbox 761 1240 783 1271; x_wconf 92' lang='lat' dir='ltr'>si</span> <span class='ocrx_word' id='word_1_98' title='bbox 810 1239 922 1283; x_wconf 83' lang='lat' dir='ltr'>quibus</span> <span class='ocrx_word' id='word_1_99' title='bbox 956 1239 1192 1283; x_wconf 75' lang='lat' dir='ltr'>quomodolibet</span> <span class='ocrx_word' id='word_1_100' title='bbox 1218 1240 1263 1271; x_wconf 91' lang='lat' dir='ltr'>in-</span> 
     </span>
     <span class='ocr_line' id='line_1_22' title="bbox 523 1292 1261 1336; baseline -0.001 -11"><span class='ocrx_word' id='word_1_101' title='bbox 523 1293 655 1326; x_wconf 88' lang='lat' dir='ltr'>nodatae</span> <span class='ocrx_word' id='word_1_102' title='bbox 672 1293 815 1333; x_wconf 79' lang='lat' dir='ltr'>existunt,</span> <span class='ocrx_word' id='word_1_103' title='bbox 833 1293 869 1325; x_wconf 88' lang='lat' dir='ltr'>ad</span> <span class='ocrx_word' id='word_1_104' title='bbox 889 1292 1033 1325; x_wconf 78' lang='lat' dir='ltr'>effectum</span> <span class='ocrx_word' id='word_1_105' title='bbox 1051 1293 1261 1336; x_wconf 80' lang='lat' dir='ltr'>praesentium</span> 
     </span>
     <span class='ocr_line' id='line_1_23' title="bbox 523 1345 1263 1389; baseline 0.001 -12"><span class='ocrx_word' id='word_1_106' title='bbox 523 1345 680 1378; x_wconf 78' lang='lat' dir='ltr'>dumtaxat</span> <span class='ocrx_word' id='word_1_107' title='bbox 720 1346 974 1389; x_wconf 75' lang='lat' dir='ltr'>consequendum</span> <span class='ocrx_word' id='word_1_108' title='bbox 997 1373 1004 1383; x_wconf 85' lang='lat'>‚</span> <span class='ocrx_word' id='word_1_109' title='bbox 1034 1345 1145 1378; x_wconf 84' lang='lat' dir='ltr'>liarum</span> <span class='ocrx_word' id='word_1_110' title='bbox 1183 1346 1263 1378; x_wconf 82' lang='lat' dir='ltr'>serie</span> 
     </span>
     <span class='ocr_line' id='line_1_24' title="bbox 523 1398 1263 1439; baseline 0 -9"><span class='ocrx_word' id='word_1_111' title='bbox 523 1399 721 1431; x_wconf 65' lang='lat' dir='ltr'>absolventes</span> <span class='ocrx_word' id='word_1_112' title='bbox 746 1403 775 1431; x_wconf 89' lang='lat' dir='ltr'>et</span> <span class='ocrx_word' id='word_1_113' title='bbox 800 1399 958 1432; x_wconf 85' lang='lat' dir='ltr'>absolutas</span> <span class='ocrx_word' id='word_1_114' title='bbox 984 1398 1049 1431; x_wconf 92' lang='lat' dir='ltr'>fore</span> <span class='ocrx_word' id='word_1_115' title='bbox 1074 1404 1236 1431; x_wconf 73' lang='lat' dir='ltr'>censentes</span> <span class='ocrx_word' id='word_1_116' title='bbox 1257 1426 1263 1439; x_wconf 83' lang='lat'>,</span> 
     </span>
     <span class='ocr_line' id='line_1_25' title="bbox 524 1452 1265 1496; baseline 0 -12"><span class='ocrx_word' id='word_1_117' title='bbox 524 1452 703 1485; x_wconf 84' lang='lat' dir='ltr'>huiusmodi</span> <span class='ocrx_word' id='word_1_118' title='bbox 729 1452 1012 1496; x_wconf 71' lang='lat' dir='ltr'>supplicationibus</span> <span class='ocrx_word' id='word_1_119' title='bbox 1038 1452 1195 1491; x_wconf 83' lang='lat' dir='ltr'>inclinati,</span> <span class='ocrx_word' id='word_1_120' title='bbox 1231 1458 1265 1484; x_wconf 91' lang='lat' dir='ltr'>ut</span> 
     </span>
     <span class='ocr_line' id='line_1_26' title="bbox 523 1505 1262 1549; baseline -0.001 -11"><span class='ocrx_word' id='word_1_121' title='bbox 523 1506 783 1549; x_wconf 86' lang='lat' dir='ltr'>Congregationis</span> <span class='ocrx_word' id='word_1_122' title='bbox 830 1505 1038 1547; x_wconf 80' lang='lat' dir='ltr'>Porlugalliae</span> <span class='ocrx_word' id='word_1_123' title='bbox 1082 1505 1262 1537; x_wconf 81' lang='lat' dir='ltr'>huiusmodi</span> 
     </span>
     <span class='ocr_line' id='line_1_27' title="bbox 523 1558 1264 1602; baseline -0.001 -11"><span class='ocrx_word' id='word_1_124' title='bbox 523 1559 591 1602; x_wconf 88' lang='lat' dir='ltr'>paci</span> <span class='ocrx_word' id='word_1_125' title='bbox 607 1564 636 1591; x_wconf 90' lang='lat' dir='ltr'>et</span> <span class='ocrx_word' id='word_1_126' title='bbox 651 1558 876 1601; x_wconf 76' lang='lat' dir='ltr'>tranquillitati,</span> <span class='ocrx_word' id='word_1_127' title='bbox 892 1558 1093 1601; x_wconf 85' lang='lat' dir='ltr'>eiusdemque</span> <span class='ocrx_word' id='word_1_128' title='bbox 1107 1558 1264 1601; x_wconf 84' lang='lat' dir='ltr'>regimini,</span> 
     </span>
     <span class='ocr_line' id='line_1_28' title="bbox 524 1612 1264 1656; baseline 0.001 -13"><span class='ocrx_word' id='word_1_129' title='bbox 524 1623 586 1656; x_wconf 89' lang='lat' dir='ltr'>quo</span> <span class='ocrx_word' id='word_1_130' title='bbox 612 1612 723 1645; x_wconf 83' lang='lat' dir='ltr'>melius</span> <span class='ocrx_word' id='word_1_131' title='bbox 750 1612 778 1644; x_wconf 91' lang='lat' dir='ltr'>in</span> <span class='ocrx_word' id='word_1_132' title='bbox 804 1612 936 1644; x_wconf 85' lang='lat' dir='ltr'>Domino</span> <span class='ocrx_word' id='word_1_133' title='bbox 962 1612 1028 1644; x_wconf 83' lang='lat' dir='ltr'>fieri</span> <span class='ocrx_word' id='word_1_134' title='bbox 1056 1617 1180 1655; x_wconf 86' lang='lat' dir='ltr'>potest,</span> <span class='ocrx_word' id='word_1_135' title='bbox 1206 1622 1264 1655; x_wconf 87' lang='lat' dir='ltr'>pro</span> 
     </span>
     <span class='ocr_line' id='line_1_29' title="bbox 523 1665 1264 1708; baseline 0.003 -13"><span class='ocrx_word' id='word_1_136' title='bbox 523 1665 669 1708; x_wconf 88' lang='lat' dir='ltr'>pastorali</span> <span class='ocrx_word' id='word_1_137' title='bbox 706 1667 811 1698; x_wconf 73' lang='lat' dir='ltr'>nostra</span> <span class='ocrx_word' id='word_1_138' title='bbox 848 1665 1005 1707; x_wconf 71' lang='lat' dir='ltr'>vigilantia</span> <span class='ocrx_word' id='word_1_139' title='bbox 1043 1665 1264 1705; x_wconf 74' lang='lat' dir='ltr'>consulamus,</span> 
     </span>
     <span class='ocr_line' id='line_1_30' title="bbox 523 1717 1265 1761; baseline 0 -11"><span class='ocrx_word' id='word_1_140' title='bbox 523 1728 656 1758; x_wconf 75' lang='lat' dir='ltr'>necnon,</span> <span class='ocrx_word' id='word_1_141' title='bbox 681 1724 714 1751; x_wconf 86' lang='lat' dir='ltr'>ut</span> <span class='ocrx_word' id='word_1_142' title='bbox 742 1718 780 1750; x_wconf 89' lang='lat' dir='ltr'>ab</span> <span class='ocrx_word' id='word_1_143' title='bbox 806 1719 840 1750; x_wconf 69' lang='lat' dir='ltr'>eft</span> <span class='ocrx_word' id='word_1_144' title='bbox 867 1718 977 1761; x_wconf 84' lang='lat' dir='ltr'>iurgia,</span> <span class='ocrx_word' id='word_1_145' title='bbox 1002 1717 1211 1751; x_wconf 80' lang='lat' dir='ltr'>dissensiones</span> <span class='ocrx_word' id='word_1_146' title='bbox 1236 1723 1265 1750; x_wconf 91' lang='lat' dir='ltr'>et</span> 
     </span>
     <span class='ocr_line' id='line_1_31' title="bbox 524 1771 1265 1815; baseline 0 -12"><span class='ocrx_word' id='word_1_147' title='bbox 524 1771 739 1815; x_wconf 87' lang='lat' dir='ltr'>querimoniae</span> <span class='ocrx_word' id='word_1_148' title='bbox 775 1776 1028 1807; x_wconf 82' lang='lat' dir='ltr'>reinoveantur;</span> <span class='ocrx_word' id='word_1_149' title='bbox 1068 1771 1265 1803; x_wconf 75' lang='lat' dir='ltr'>advertentes</span> 
     </span>
     <span class='ocr_line' id='line_1_32' title="bbox 524 1826 1265 1869; baseline 0 -12"><span class='ocrx_word' id='word_1_150' title='bbox 524 1826 606 1869; x_wconf 86' lang='lat' dir='ltr'>quod</span> <span class='ocrx_word' id='word_1_151' title='bbox 633 1826 743 1858; x_wconf 66' lang='lat' dir='ltr'>electio</span> <span class='ocrx_word' id='word_1_152' title='bbox 769 1831 839 1858; x_wconf 85' lang='lat' dir='ltr'>octo</span> <span class='ocrx_word' id='word_1_153' title='bbox 864 1830 1105 1869; x_wconf 85' lang='lat' dir='ltr'>procuratorum</span> <span class='ocrx_word' id='word_1_154' title='bbox 1132 1835 1265 1858; x_wconf 84' lang='lat' dir='ltr'>conven-</span> 
     </span>
     <span class='ocr_line' id='line_1_33' title="bbox 525 1879 1265 1923; baseline -0.001 -12"><span class='ocrx_word' id='word_1_155' title='bbox 525 1879 666 1917; x_wconf 84' lang='lat' dir='ltr'>tualium,</span> <span class='ocrx_word' id='word_1_156' title='bbox 691 1880 743 1923; x_wconf 89' lang='lat' dir='ltr'>qui</span> <span class='ocrx_word' id='word_1_157' title='bbox 770 1881 830 1912; x_wconf 76' lang='lat' dir='ltr'>una</span> <span class='ocrx_word' id='word_1_158' title='bbox 852 1890 922 1911; x_wconf 84' lang='lat' dir='ltr'>eum</span> <span class='ocrx_word' id='word_1_159' title='bbox 948 1879 1106 1922; x_wconf 85' lang='lat' dir='ltr'>prioribus</span> <span class='ocrx_word' id='word_1_160' title='bbox 1131 1888 1265 1911; x_wconf 86' lang='lat' dir='ltr'>conven-</span> 
     </span>
     <span class='ocr_line' id='line_1_34' title="bbox 527 1932 1261 1976; baseline 0 -12"><span class='ocrx_word' id='word_1_161' title='bbox 527 1936 624 1974; x_wconf 91' lang='lat' dir='ltr'>tuum,</span> <span class='ocrx_word' id='word_1_162' title='bbox 651 1933 702 1976; x_wconf 88' lang='lat' dir='ltr'>qui</span> <span class='ocrx_word' id='word_1_163' title='bbox 728 1944 765 1966; x_wconf 92' lang='lat' dir='ltr'>eo</span> <span class='ocrx_word' id='word_1_164' title='bbox 792 1933 858 1965; x_wconf 89' lang='lat' dir='ltr'>iure</span> <span class='ocrx_word' id='word_1_165' title='bbox 883 1933 1054 1976; x_wconf 87' lang='lat' dir='ltr'>potiuntur,</span> <span class='ocrx_word' id='word_1_166' title='bbox 1080 1932 1117 1964; x_wconf 86' lang='lat' dir='ltr'>ad</span> <span class='ocrx_word' id='word_1_167' title='bbox 1140 1932 1261 1976; x_wconf 88' lang='lat' dir='ltr'>eapitu-</span> 
     </span>
     <span class='ocr_line' id='line_1_35' title="bbox 526 1986 1264 2030; baseline 0.001 -13"><span class='ocrx_word' id='word_1_168' title='bbox 526 1986 589 2019; x_wconf 91' lang='lat' dir='ltr'>lum</span> <span class='ocrx_word' id='word_1_169' title='bbox 620 1987 767 2029; x_wconf 78' lang='lat' dir='ltr'>generale</span> <span class='ocrx_word' id='word_1_170' title='bbox 797 1987 895 2030; x_wconf 85' lang='lat' dir='ltr'>ipsius</span> <span class='ocrx_word' id='word_1_171' title='bbox 919 1986 1177 2029; x_wconf 82' lang='lat' dir='ltr'>Congregationis</span> <span class='ocrx_word' id='word_1_172' title='bbox 1197 1996 1264 2029; x_wconf 91' lang='lat' dir='ltr'>per-</span> 
     </span>
     <span class='ocr_line' id='line_1_36' title="bbox 526 2038 1265 2083; baseline 0 -12"><span class='ocrx_word' id='word_1_173' title='bbox 526 2049 601 2081; x_wconf 83' lang='lat' dir='ltr'>gere</span> <span class='ocrx_word' id='word_1_174' title='bbox 637 2045 663 2071; x_wconf 87' lang='lat' dir='ltr'>et</span> <span class='ocrx_word' id='word_1_175' title='bbox 699 2038 728 2071; x_wconf 90' lang='lat' dir='ltr'>in</span> <span class='ocrx_word' id='word_1_176' title='bbox 764 2050 800 2072; x_wconf 83' lang='lat' dir='ltr'>eo</span> <span class='ocrx_word' id='word_1_177' title='bbox 831 2044 900 2071; x_wconf 90' lang='lat' dir='ltr'>vota</span> <span class='ocrx_word' id='word_1_178' title='bbox 937 2039 1067 2071; x_wconf 82' lang='lat' dir='ltr'>reddere</span> <span class='ocrx_word' id='word_1_179' title='bbox 1103 2039 1265 2083; x_wconf 83' lang='lat' dir='ltr'>hucusque</span> 
     </span>
     <span class='ocr_line' id='line_1_37' title="bbox 527 2091 1264 2136; baseline 0.001 -13"><span class='ocrx_word' id='word_1_180' title='bbox 527 2097 765 2132; x_wconf 81' lang='lat' dir='ltr'>consueverunt,</span> <span class='ocrx_word' id='word_1_181' title='bbox 783 2091 885 2125; x_wconf 90' lang='lat' dir='ltr'>minus</span> <span class='ocrx_word' id='word_1_182' title='bbox 906 2097 1091 2136; x_wconf 87' lang='lat' dir='ltr'>opportuna,</span> <span class='ocrx_word' id='word_1_183' title='bbox 1113 2093 1264 2136; x_wconf 87' lang='lat' dir='ltr'>praemis-</span> 
     </span>
     <span class='ocr_line' id='line_1_38' title="bbox 527 2145 1263 2189; baseline 0 -12"><span class='ocrx_word' id='word_1_184' title='bbox 527 2145 569 2177; x_wconf 83' lang='lat' dir='ltr'>sis</span> <span class='ocrx_word' id='word_1_185' title='bbox 593 2145 631 2177; x_wconf 92' lang='lat' dir='ltr'>de</span> <span class='ocrx_word' id='word_1_186' title='bbox 656 2145 767 2185; x_wconf 87' lang='lat' dir='ltr'>causis,</span> <span class='ocrx_word' id='word_1_187' title='bbox 787 2146 973 2189; x_wconf 83' lang='lat' dir='ltr'>reperiatur,</span> <span class='ocrx_word' id='word_1_188' title='bbox 999 2156 1035 2178; x_wconf 82' lang='lat' dir='ltr'>ex</span> <span class='ocrx_word' id='word_1_189' title='bbox 1060 2156 1122 2189; x_wconf 88' lang='lat' dir='ltr'>quo</span> <span class='ocrx_word' id='word_1_190' title='bbox 1146 2146 1263 2178; x_wconf 88' lang='lat' dir='ltr'>bonum</span> 
     </span>
     <span class='ocr_line' id='line_1_39' title="bbox 527 2198 1264 2243; baseline 0 -12"><span class='ocrx_word' id='word_1_191' title='bbox 527 2198 688 2242; x_wconf 83' lang='lat' dir='ltr'>religionis</span> <span class='ocrx_word' id='word_1_192' title='bbox 724 2205 753 2231; x_wconf 92' lang='lat' dir='ltr'>et</span> <span class='ocrx_word' id='word_1_193' title='bbox 778 2200 955 2242; x_wconf 77' lang='lat' dir='ltr'>regularem</span> <span class='ocrx_word' id='word_1_194' title='bbox 982 2199 1177 2243; x_wconf 72' lang='lat' dir='ltr'>disciplinam</span> <span class='ocrx_word' id='word_1_195' title='bbox 1203 2209 1264 2232; x_wconf 89' lang='lat' dir='ltr'>non</span> 
     </span>
     <span class='ocr_line' id='line_1_40' title="bbox 526 2250 1265 2296; baseline 0 -12"><span class='ocrx_word' id='word_1_196' title='bbox 526 2250 593 2284; x_wconf 75' lang='lat' dir='ltr'>leve</span> <span class='ocrx_word' id='word_1_197' title='bbox 618 2252 840 2285; x_wconf 83' lang='lat' dir='ltr'>detrimentum</span> <span class='ocrx_word' id='word_1_198' title='bbox 874 2252 935 2296; x_wconf 84' lang='lat' dir='ltr'>pali</span> <span class='ocrx_word' id='word_1_199' title='bbox 969 2263 1060 2296; x_wconf 87' lang='lat' dir='ltr'>saepe</span> <span class='ocrx_word' id='word_1_200' title='bbox 1096 2252 1265 2295; x_wconf 73' lang='lat' dir='ltr'>contingit,</span> 
     </span>
     <span class='ocr_line' id='line_1_41' title="bbox 527 2306 1266 2340; baseline 0.001 -2"><span class='ocrx_word' id='word_1_201' title='bbox 527 2306 718 2340; x_wconf 84' lang='lat' dir='ltr'>inhaerendo</span> <span class='ocrx_word' id='word_1_202' title='bbox 736 2306 877 2340; x_wconf 88' lang='lat' dir='ltr'>relationi</span> <span class='ocrx_word' id='word_1_203' title='bbox 903 2306 978 2339; x_wconf 72' lang='lat' dir='ltr'>alias</span> <span class='ocrx_word' id='word_1_204' title='bbox 1003 2306 1040 2338; x_wconf 85' lang='lat' dir='ltr'>de</span> <span class='ocrx_word' id='word_1_205' title='bbox 1065 2316 1146 2339; x_wconf 88' lang='lat' dir='ltr'>anno</span> <span class='ocrx_word' id='word_1_206' title='bbox 1164 2316 1266 2339; x_wconf 73' lang='lat' dir='ltr'>MDch</span> 
     </span>
     <span class='ocr_line' id='line_1_42' title="bbox 527 2359 1264 2404; baseline -0.001 -12"><span class='ocrx_word' id='word_1_207' title='bbox 527 2359 564 2392; x_wconf 81' lang='lat' dir='ltr'>ad</span> <span class='ocrx_word' id='word_1_208' title='bbox 582 2360 751 2404; x_wconf 86' lang='lat' dir='ltr'>praefatam</span> <span class='ocrx_word' id='word_1_209' title='bbox 767 2359 971 2393; x_wconf 83' lang='lat' dir='ltr'>cardinalium</span> <span class='ocrx_word' id='word_1_210' title='bbox 987 2359 1264 2402; x_wconf 77' lang='lat' dir='ltr'>congregationem</span> 
     </span>
     <span class='ocr_line' id='line_1_43' title="bbox 528 2411 1267 2457; baseline -0.001 -12"><span class='ocrx_word' id='word_1_211' title='bbox 528 2411 624 2446; x_wconf 82' lang='lat' dir='ltr'>l&#39;aetae</span> <span class='ocrx_word' id='word_1_212' title='bbox 656 2425 713 2457; x_wconf 89' lang='lat' dir='ltr'>per</span> <span class='ocrx_word' id='word_1_213' title='bbox 738 2417 946 2447; x_wconf 85' lang='lat' dir='ltr'>memoratum</span> <span class='ocrx_word' id='word_1_214' title='bbox 976 2413 1140 2446; x_wconf 85' lang='lat' dir='ltr'>Martinum</span> <span class='ocrx_word' id='word_1_215' title='bbox 1166 2413 1267 2445; x_wconf 84' lang='lat' dir='ltr'>dictae</span> 
     </span>
     <span class='ocr_line' id='line_1_44' title="bbox 527 2466 1266 2510; baseline -0.001 -12"><span class='ocrx_word' id='word_1_216' title='bbox 527 2467 787 2510; x_wconf 75' lang='lat' dir='ltr'>Congregationis</span> <span class='ocrx_word' id='word_1_217' title='bbox 818 2467 1029 2509; x_wconf 81' lang='lat' dir='ltr'>Portugalliae</span> <span class='ocrx_word' id='word_1_218' title='bbox 1053 2466 1266 2506; x_wconf 74' lang='lat' dir='ltr'>visitatorem,</span> 
     </span>
     <span class='ocr_line' id='line_1_45' title="bbox 529 2518 1266 2564; baseline 0 -13"><span class='ocrx_word' id='word_1_219' title='bbox 529 2520 712 2554; x_wconf 82' lang='lat' dir='ltr'>auctoritate</span> <span class='ocrx_word' id='word_1_220' title='bbox 743 2520 913 2564; x_wconf 75' lang='lat' dir='ltr'>apostolica</span> <span class='ocrx_word' id='word_1_221' title='bbox 946 2518 1027 2553; x_wconf 85' lang='lat' dir='ltr'>sicut</span> <span class='ocrx_word' id='word_1_222' title='bbox 1057 2519 1266 2563; x_wconf 85' lang='lat' dir='ltr'>praemittitur</span> 
     </span>
    </p>
   </div>
   <div class='ocr_carea' id='block_1_4' title="bbox 568 2636 1211 2671">
    <p class='ocr_par' dir='ltr' id='par_1_5' title="bbox 568 2636 1211 2671">
     <span class='ocr_line' id='line_1_46' title="bbox 568 2636 1211 2671; baseline -0.005 -8"><span class='ocrx_word' id='word_1_223' title='bbox 568 2637 575 2663; x_wconf 85' lang='lat' dir='ltr'>l</span> <span class='ocrx_word' id='word_1_224' title='bbox 596 2636 663 2662; x_wconf 72' lang='lat' dir='ltr'>Edit,</span> <span class='ocrx_word' id='word_1_225' title='bbox 681 2636 758 2663; x_wconf 62' lang='lat' dir='ltr'>atain.</span> <span class='ocrx_word' id='word_1_226' title='bbox 775 2636 857 2663; x_wconf 79' lang='lat' dir='ltr'>hahet</span> <span class='ocrx_word' id='word_1_227' title='bbox 877 2636 949 2670; x_wconf 62' lang='lat' dir='ltr'>eleqi</span> <span class='ocrx_word' id='word_1_228' title='bbox 965 2645 1012 2671; x_wconf 86' lang='lat' dir='ltr'>pro</span> <span class='ocrx_word' id='word_1_229' title='bbox 1028 2636 1098 2670; x_wconf 60' lang='lat' dir='ltr'>&lt;ligi</span> <span class='ocrx_word' id='word_1_230' title='bbox 1114 2636 1147 2669; x_wconf 69' lang='lat' dir='ltr'>[n.</span> <span class='ocrx_word' id='word_1_231' title='bbox 1166 2636 1211 2670; x_wconf 83' lang='lat' dir='ltr'>T.).</span> 
     </span>
    </p>
   </div>
   <div class='ocr_carea' id='block_1_5' title="bbox 1276 348 1288 2662">
    <p class='ocr_par' dir='ltr' id='par_1_6' title="bbox 1276 348 1288 2662">
     <span class='ocr_line' id='line_1_47' title="bbox 1276 348 1288 2662; baseline 0 0"><span class='ocrx_word' id='word_1_232' title='bbox 1276 348 1288 2662; x_wconf 95' lang='lat' dir='ltr'> </span> 
     </span>
    </p>
   </div>
   <div class='ocr_carea' id='block_1_6' title="bbox 1101 236 1456 262">
    <p class='ocr_par' dir='ltr' id='par_1_7' title="bbox 1101 236 1456 262">
     <span class='ocr_line' id='line_1_48' title="bbox 1101 236 1456 262; baseline -0.006 0"><span class='ocrx_word' id='word_1_233' title='bbox 1101 237 1278 262; x_wconf 74' lang='lat' dir='ltr'><strong>BULLARIUM</strong></span> <span class='ocrx_word' id='word_1_234' title='bbox 1303 236 1456 261; x_wconf 72' lang='lat' dir='ltr'>ROMANUM</span> 
     </span>
    </p>
   </div>
   <div class='ocr_carea' id='block_1_7' title="bbox 1290 283 2037 1334">
    <p class='ocr_par' dir='ltr' id='par_1_8' title="bbox 1290 283 2037 1334">
     <span class='ocr_line' id='line_1_49' title="bbox 1290 283 2025 328; baseline -0.001 -12"><span class='ocrx_word' id='word_1_235' title='bbox 1290 285 1483 328; x_wconf 76' lang='lat' dir='ltr'>deputatum,</span> <span class='ocrx_word' id='word_1_236' title='bbox 1500 283 1670 327; x_wconf 87' lang='lat' dir='ltr'>praefatam</span> <span class='ocrx_word' id='word_1_237' title='bbox 1690 287 1760 316; x_wconf 89' lang='lat' dir='ltr'>octo</span> <span class='ocrx_word' id='word_1_238' title='bbox 1784 288 2025 327; x_wconf 88' lang='lat' dir='ltr'>procuratorum</span> 
     </span>
     <span class='ocr_line' id='line_1_50' title="bbox 1291 336 2026 380; baseline -0.001 -11"><span class='ocrx_word' id='word_1_239' title='bbox 1291 337 1473 370; x_wconf 60' lang='lat' dir='ltr'>electionem</span> <span class='ocrx_word' id='word_1_240' title='bbox 1500 337 1628 380; x_wconf 84' lang='lat' dir='ltr'>eiusque</span> <span class='ocrx_word' id='word_1_241' title='bbox 1653 346 1743 369; x_wconf 88' lang='lat' dir='ltr'>usum</span> <span class='ocrx_word' id='word_1_242' title='bbox 1776 341 1803 369; x_wconf 89' lang='lat' dir='ltr'>et</span> <span class='ocrx_word' id='word_1_243' title='bbox 1829 336 2026 370; x_wconf 87' lang='lat' dir='ltr'>consuetudi-</span> 
     </span>
     <span class='ocr_line' id='line_1_51' title="bbox 1291 388 2029 433; baseline -0.001 -11"><span class='ocrx_word' id='word_1_244' title='bbox 1291 401 1361 422; x_wconf 84' lang='lat' dir='ltr'>nem</span> <span class='ocrx_word' id='word_1_245' title='bbox 1388 390 1585 433; x_wconf 86' lang='lat' dir='ltr'>abrogandos</span> <span class='ocrx_word' id='word_1_246' title='bbox 1610 395 1640 422; x_wconf 90' lang='lat' dir='ltr'>et</span> <span class='ocrx_word' id='word_1_247' title='bbox 1664 388 1833 422; x_wconf 90' lang='lat' dir='ltr'>abolendos</span> <span class='ocrx_word' id='word_1_248' title='bbox 1858 399 1924 422; x_wconf 89' lang='lat' dir='ltr'>esse</span> <span class='ocrx_word' id='word_1_249' title='bbox 1943 388 2029 421; x_wconf 86' lang='lat' dir='ltr'>duxi-</span> 
     </span>
     <span class='ocr_line' id='line_1_52' title="bbox 1292 438 2029 487; baseline -0.001 -12"><span class='ocrx_word' id='word_1_250' title='bbox 1292 454 1370 483; x_wconf 88' lang='lat' dir='ltr'>mus,</span> <span class='ocrx_word' id='word_1_251' title='bbox 1385 447 1477 487; x_wconf 86' lang='lat' dir='ltr'>prout</span> <span class='ocrx_word' id='word_1_252' title='bbox 1492 454 1526 476; x_wconf 74' lang='lat' dir='ltr'>ex</span> <span class='ocrx_word' id='word_1_253' title='bbox 1545 438 1637 483; x_wconf 81' lang='lat' dir='ltr'>nune,</span> <span class='ocrx_word' id='word_1_254' title='bbox 1652 442 1836 475; x_wconf 76' lang='lat' dir='ltr'>auctoritate</span> <span class='ocrx_word' id='word_1_255' title='bbox 1849 442 2029 486; x_wconf 72' lang='lat' dir='ltr'>apostolica,</span> 
     </span>
     <span class='ocr_line' id='line_1_53' title="bbox 1293 494 2031 540; baseline -0.001 -12"><span class='ocrx_word' id='word_1_256' title='bbox 1293 502 1399 529; x_wconf 88' lang='lat' dir='ltr'>tenore</span> <span class='ocrx_word' id='word_1_257' title='bbox 1425 496 1648 540; x_wconf 80' lang='lat' dir='ltr'>praesentium,</span> <span class='ocrx_word' id='word_1_258' title='bbox 1673 495 1863 538; x_wconf 77' lang='lat' dir='ltr'>abrogamus</span> <span class='ocrx_word' id='word_1_259' title='bbox 1884 499 1913 527; x_wconf 90' lang='lat' dir='ltr'>et</span> <span class='ocrx_word' id='word_1_260' title='bbox 1930 494 2031 527; x_wconf 87' lang='lat' dir='ltr'>abole-</span> 
     </span>
     <span class='ocr_line' id='line_1_54' title="bbox 1293 548 2031 591; baseline -0.003 -10"><span class='ocrx_word' id='word_1_261' title='bbox 1293 561 1372 582; x_wconf 90' lang='lat' dir='ltr'>mus.</span> <span class='ocrx_word' id='word_1_262' title='bbox 1393 551 1435 582; x_wconf 66' lang='grc' dir='ltr'>Λα</span> <span class='ocrx_word' id='word_1_263' title='bbox 1459 549 1526 581; x_wconf 85' lang='lat' dir='ltr'>eius</span> <span class='ocrx_word' id='word_1_264' title='bbox 1539 550 1609 582; x_wconf 86' lang='lat' dir='ltr'>loeo</span> <span class='ocrx_word' id='word_1_265' title='bbox 1627 549 1683 589; x_wconf 81' lang='lat' dir='ltr'>ius,</span> <span class='ocrx_word' id='word_1_266' title='bbox 1701 548 1877 581; x_wconf 82' lang='lat' dir='ltr'>facultatem</span> <span class='ocrx_word' id='word_1_267' title='bbox 1900 552 1929 580; x_wconf 87' lang='lat' dir='ltr'>et</span> <span class='ocrx_word' id='word_1_268' title='bbox 1946 557 2031 591; x_wconf 82' lang='lat' dir='ltr'>prae-</span> 
     </span>
     <span class='ocr_line' id='line_1_55' title="bbox 1294 599 2033 645; baseline -0.003 -11"><span class='ocrx_word' id='word_1_269' title='bbox 1294 603 1466 645; x_wconf 73' lang='lat' dir='ltr'>rogativam</span> <span class='ocrx_word' id='word_1_270' title='bbox 1494 601 1720 635; x_wconf 85' lang='lat' dir='ltr'>interveniendi</span> <span class='ocrx_word' id='word_1_271' title='bbox 1746 607 1775 634; x_wconf 92' lang='lat' dir='ltr'>et</span> <span class='ocrx_word' id='word_1_272' title='bbox 1799 600 1947 643; x_wconf 83' lang='lat' dir='ltr'>suffragia</span> <span class='ocrx_word' id='word_1_273' title='bbox 1965 599 2033 633; x_wconf 86' lang='lat' dir='ltr'>red-</span> 
     </span>
     <span class='ocr_line' id='line_1_56' title="bbox 1293 653 2031 700; baseline -0.003 -12"><span class='ocrx_word' id='word_1_274' title='bbox 1293 655 1386 688; x_wconf 85' lang='lat' dir='ltr'>dendi</span> <span class='ocrx_word' id='word_1_275' title='bbox 1421 656 1450 688; x_wconf 92' lang='lat' dir='ltr'>in</span> <span class='ocrx_word' id='word_1_276' title='bbox 1483 656 1627 700; x_wconf 87' lang='lat' dir='ltr'>capitulis</span> <span class='ocrx_word' id='word_1_277' title='bbox 1661 655 1861 698; x_wconf 81' lang='lat' dir='ltr'>generalibus</span> <span class='ocrx_word' id='word_1_278' title='bbox 1892 653 2031 686; x_wconf 86' lang='lat' dir='ltr'>eiusdem</span> 
     </span>
     <span class='ocr_line' id='line_1_57' title="bbox 1294 706 2034 752; baseline -0.004 -10"><span class='ocrx_word' id='word_1_279' title='bbox 1294 709 1553 752; x_wconf 74' lang='lat' dir='ltr'>[longi-egationis</span> <span class='ocrx_word' id='word_1_280' title='bbox 1579 708 1795 742; x_wconf 79' lang='lat' dir='ltr'>transferimus</span> <span class='ocrx_word' id='word_1_281' title='bbox 1827 713 1857 741; x_wconf 85' lang='lat' dir='ltr'>et</span> <span class='ocrx_word' id='word_1_282' title='bbox 1886 706 2034 741; x_wconf 84' lang='lat' dir='ltr'>translata</span> 
     </span>
     <span class='ocr_line' id='line_1_58' title="bbox 1294 761 2034 796; baseline -0.001 -1"><span class='ocrx_word' id='word_1_283' title='bbox 1294 773 1360 795; x_wconf 91' lang='lat' dir='ltr'>esse</span> <span class='ocrx_word' id='word_1_284' title='bbox 1387 763 1530 796; x_wconf 84' lang='lat' dir='ltr'>volumus</span> <span class='ocrx_word' id='word_1_285' title='bbox 1548 763 1577 795; x_wconf 92' lang='lat' dir='ltr'>in</span> <span class='ocrx_word' id='word_1_286' title='bbox 1598 761 1726 795; x_wconf 88' lang='lat' dir='ltr'>totidem</span> <span class='ocrx_word' id='word_1_287' title='bbox 1745 762 1822 795; x_wconf 89' lang='lat' dir='ltr'>alios</span> <span class='ocrx_word' id='word_1_288' title='bbox 1838 761 1938 794; x_wconf 85' lang='lat' dir='ltr'>dictae</span> <span class='ocrx_word' id='word_1_289' title='bbox 1958 761 2034 795; x_wconf 90' lang='lat' dir='ltr'>Con-</span> 
     </span>
     <span class='ocr_line' id='line_1_59' title="bbox 1295 813 2033 859; baseline -0.003 -11"><span class='ocrx_word' id='word_1_290' title='bbox 1295 815 1487 858; x_wconf 84' lang='lat' dir='ltr'>gregationis</span> <span class='ocrx_word' id='word_1_291' title='bbox 1513 816 1717 859; x_wconf 82' lang='lat' dir='ltr'>professores,</span> <span class='ocrx_word' id='word_1_292' title='bbox 1735 815 1854 848; x_wconf 86' lang='lat' dir='ltr'>scilicet</span> <span class='ocrx_word' id='word_1_293' title='bbox 1878 814 1909 847; x_wconf 92' lang='lat' dir='ltr'>in</span> <span class='ocrx_word' id='word_1_294' title='bbox 1925 813 2033 847; x_wconf 83' lang='lat' dir='ltr'>ambos</span> 
     </span>
     <span class='ocr_line' id='line_1_60' title="bbox 1296 867 2034 913; baseline -0.001 -12"><span class='ocrx_word' id='word_1_295' title='bbox 1296 870 1431 911; x_wconf 87' lang='lat' dir='ltr'>collegas</span> <span class='ocrx_word' id='word_1_296' title='bbox 1456 869 1630 913; x_wconf 89' lang='lat' dir='ltr'>superioris</span> <span class='ocrx_word' id='word_1_297' title='bbox 1654 868 1810 911; x_wconf 84' lang='lat' dir='ltr'>generalis</span> <span class='ocrx_word' id='word_1_298' title='bbox 1834 867 1932 912; x_wconf 89' lang='lat' dir='ltr'>ipsius</span> <span class='ocrx_word' id='word_1_299' title='bbox 1955 867 2034 901; x_wconf 89' lang='lat' dir='ltr'>Con-</span> 
     </span>
     <span class='ocr_line' id='line_1_61' title="bbox 1297 921 2035 966; baseline -0.001 -11"><span class='ocrx_word' id='word_1_300' title='bbox 1297 923 1498 965; x_wconf 82' lang='lat' dir='ltr'>gregationis,</span> <span class='ocrx_word' id='word_1_301' title='bbox 1517 922 1568 966; x_wconf 87' lang='lat' dir='ltr'>qui</span> <span class='ocrx_word' id='word_1_302' title='bbox 1588 923 1715 956; x_wconf 88' lang='lat' dir='ltr'>totidem</span> <span class='ocrx_word' id='word_1_303' title='bbox 1741 923 1835 955; x_wconf 87' lang='lat' dir='ltr'>totius</span> <span class='ocrx_word' id='word_1_304' title='bbox 1859 921 2035 964; x_wconf 84' lang='lat' dir='ltr'>Congrega-</span> 
     </span>
     <span class='ocr_line' id='line_1_62' title="bbox 1297 974 2034 1014; baseline -0.001 -7"><span class='ocrx_word' id='word_1_305' title='bbox 1297 975 1391 1007; x_wconf 88' lang='lat' dir='ltr'>tionis</span> <span class='ocrx_word' id='word_1_306' title='bbox 1405 975 1584 1008; x_wconf 82' lang='lat' dir='ltr'>huiusmodi</span> <span class='ocrx_word' id='word_1_307' title='bbox 1604 975 1780 1009; x_wconf 82' lang='lat' dir='ltr'>visitatores</span> <span class='ocrx_word' id='word_1_308' title='bbox 1798 975 1943 1014; x_wconf 84' lang='lat' dir='ltr'>existunt,</span> <span class='ocrx_word' id='word_1_309' title='bbox 1961 974 2034 1008; x_wconf 83' lang='lat' dir='ltr'>item</span> 
     </span>
     <span class='ocr_line' id='line_1_63' title="bbox 1298 1028 2035 1071; baseline -0.001 -11"><span class='ocrx_word' id='word_1_310' title='bbox 1298 1029 1328 1061; x_wconf 92' lang='lat' dir='ltr'>in</span> <span class='ocrx_word' id='word_1_311' title='bbox 1354 1029 1555 1061; x_wconf 85' lang='lat' dir='ltr'>substitutum</span> <span class='ocrx_word' id='word_1_312' title='bbox 1582 1029 1721 1062; x_wconf 87' lang='lat' dir='ltr'>eiusdem</span> <span class='ocrx_word' id='word_1_313' title='bbox 1747 1028 1920 1071; x_wconf 89' lang='lat' dir='ltr'>superioris</span> <span class='ocrx_word' id='word_1_314' title='bbox 1945 1036 2035 1070; x_wconf 83' lang='lat' dir='ltr'>gene-</span> 
     </span>
     <span class='ocr_line' id='line_1_64' title="bbox 1299 1080 2036 1121; baseline -0.003 -7"><span class='ocrx_word' id='word_1_315' title='bbox 1299 1082 1382 1121; x_wconf 84' lang='lat' dir='ltr'>ralis,</span> <span class='ocrx_word' id='word_1_316' title='bbox 1409 1082 1437 1113; x_wconf 94' lang='lat' dir='ltr'>in</span> <span class='ocrx_word' id='word_1_317' title='bbox 1466 1088 1527 1114; x_wconf 85' lang='lat' dir='ltr'>tres</span> <span class='ocrx_word' id='word_1_318' title='bbox 1552 1082 1744 1121; x_wconf 86' lang='lat' dir='ltr'>definitores,</span> <span class='ocrx_word' id='word_1_319' title='bbox 1760 1091 1882 1114; x_wconf 85' lang='lat' dir='ltr'>necnon</span> <span class='ocrx_word' id='word_1_320' title='bbox 1907 1081 1938 1113; x_wconf 89' lang='lat' dir='ltr'>in</span> <span class='ocrx_word' id='word_1_321' title='bbox 1959 1080 2036 1113; x_wconf 87' lang='lat' dir='ltr'>vica-</span> 
     </span>
     <span class='ocr_line' id='line_1_65' title="bbox 1299 1133 2035 1177; baseline -0.003 -10"><span class='ocrx_word' id='word_1_322' title='bbox 1299 1135 1379 1167; x_wconf 89' lang='lat' dir='ltr'>rium</span> <span class='ocrx_word' id='word_1_323' title='bbox 1406 1139 1434 1168; x_wconf 82' lang='lat' dir='ltr'>et</span> <span class='ocrx_word' id='word_1_324' title='bbox 1459 1135 1643 1177; x_wconf 86' lang='lat' dir='ltr'>magistrum</span> <span class='ocrx_word' id='word_1_325' title='bbox 1665 1135 1856 1167; x_wconf 82' lang='lat' dir='ltr'>novitiorum</span> <span class='ocrx_word' id='word_1_326' title='bbox 1871 1133 2035 1166; x_wconf 81' lang='lat' dir='ltr'>memorati</span> 
     </span>
     <span class='ocr_line' id='line_1_66' title="bbox 1298 1186 2037 1230; baseline -0.004 -9"><span class='ocrx_word' id='word_1_327' title='bbox 1298 1193 1468 1221; x_wconf 81' lang='lat' dir='ltr'>conventus</span> <span class='ocrx_word' id='word_1_328' title='bbox 1489 1187 1518 1221; x_wconf 82' lang='lat' dir='ltr'>S.</span> <span class='ocrx_word' id='word_1_329' title='bbox 1536 1188 1642 1221; x_wconf 81' lang='lat' dir='ltr'>Crucis</span> <span class='ocrx_word' id='word_1_330' title='bbox 1662 1187 1905 1227; x_wconf 87' lang='lat' dir='ltr'>Colimbriensis‚</span> <span class='ocrx_word' id='word_1_331' title='bbox 1923 1186 1976 1230; x_wconf 95' lang='lat' dir='ltr'>qui</span> <span class='ocrx_word' id='word_1_332' title='bbox 1994 1186 2037 1218; x_wconf 93' lang='lat' dir='ltr'>in-</span> 
     </span>
     <span class='ocr_line' id='line_1_67' title="bbox 1298 1240 2037 1283; baseline -0.001 -11"><span class='ocrx_word' id='word_1_333' title='bbox 1298 1241 1388 1272; x_wconf 87' lang='lat' dir='ltr'>simul</span> <span class='ocrx_word' id='word_1_334' title='bbox 1408 1241 1551 1273; x_wconf 86' lang='lat' dir='ltr'>eumdem</span> <span class='ocrx_word' id='word_1_335' title='bbox 1567 1251 1733 1274; x_wconf 86' lang='lat' dir='ltr'>numerum</span> <span class='ocrx_word' id='word_1_336' title='bbox 1755 1240 1951 1273; x_wconf 87' lang='lat' dir='ltr'>octonarium</span> <span class='ocrx_word' id='word_1_337' title='bbox 1969 1249 2037 1283; x_wconf 88' lang='lat' dir='ltr'>per-</span> 
     </span>
     <span class='ocr_line' id='line_1_68' title="bbox 1298 1291 2035 1334; baseline -0.001 -9"><span class='ocrx_word' id='word_1_338' title='bbox 1298 1293 1415 1333; x_wconf 77' lang='lat' dir='ltr'>ficiunt,</span> <span class='ocrx_word' id='word_1_339' title='bbox 1441 1304 1550 1326; x_wconf 85' lang='lat' dir='ltr'>omnes</span> <span class='ocrx_word' id='word_1_340' title='bbox 1575 1304 1610 1325; x_wconf 78' lang='lat' dir='ltr'>ex</span> <span class='ocrx_word' id='word_1_341' title='bbox 1637 1293 1834 1334; x_wconf 74' lang='lat' dir='ltr'>gravioribus</span> <span class='ocrx_word' id='word_1_342' title='bbox 1858 1297 1889 1325; x_wconf 88' lang='lat' dir='ltr'>et</span> <span class='ocrx_word' id='word_1_343' title='bbox 1912 1291 2035 1334; x_wconf 82' lang='lat' dir='ltr'>dignio-</span> 
     </span>
    </p>
   </div>
   <div class='ocr_carea' id='block_1_8' title="bbox 1279 1344 2036 1389">
    <p class='ocr_par' dir='ltr' id='par_1_9' title="bbox 1279 1344 2036 1389">
     <span class='ocr_line' id='line_1_69' title="bbox 1279 1344 2036 1389; baseline -0.003 -11"><span class='ocrx_word' id='word_1_344' title='bbox 1279 1346 1384 1385; x_wconf 69' lang='lat' dir='ltr'>3ribus</span> <span class='ocrx_word' id='word_1_345' title='bbox 1405 1346 1561 1388; x_wconf 79' lang='lat' dir='ltr'>religiosis</span> <span class='ocrx_word' id='word_1_346' title='bbox 1588 1347 1617 1378; x_wconf 92' lang='lat' dir='ltr'>in</span> <span class='ocrx_word' id='word_1_347' title='bbox 1643 1347 1712 1389; x_wconf 88' lang='lat' dir='ltr'>ipso</span> <span class='ocrx_word' id='word_1_348' title='bbox 1737 1344 1874 1388; x_wconf 86' lang='lat' dir='ltr'>generali</span> <span class='ocrx_word' id='word_1_349' title='bbox 1899 1344 2036 1388; x_wconf 91' lang='lat' dir='ltr'>capitulo</span> 
     </span>
    </p>
   </div>
   <div class='ocr_carea' id='block_1_9' title="bbox 1297 1398 2040 2668">
    <p class='ocr_par' dir='ltr' id='par_1_10' title="bbox 1297 1398 2040 2135">
     <span class='ocr_line' id='line_1_70' title="bbox 1297 1398 2035 1442; baseline 0 -12"><span class='ocrx_word' id='word_1_350' title='bbox 1297 1399 1443 1442; x_wconf 81' lang='lat' dir='ltr'>eligendi,</span> <span class='ocrx_word' id='word_1_351' title='bbox 1465 1405 1557 1442; x_wconf 83' lang='lat' dir='ltr'>prout</span> <span class='ocrx_word' id='word_1_352' title='bbox 1584 1399 1757 1442; x_wconf 71' lang='lat' dir='ltr'>respective</span> <span class='ocrx_word' id='word_1_353' title='bbox 1782 1398 1854 1440; x_wconf 86' lang='lat' dir='ltr'>eligi</span> <span class='ocrx_word' id='word_1_354' title='bbox 1879 1398 2035 1431; x_wconf 87' lang='lat' dir='ltr'>dicuntur.</span> 
     </span>
     <span class='ocr_line' id='line_1_71' title="bbox 1297 1451 2036 1496; baseline -0.003 -11"><span class='ocrx_word' id='word_1_355' title='bbox 1297 1453 1339 1485; x_wconf 83' lang='lat' dir='ltr'>Ac</span> <span class='ocrx_word' id='word_1_356' title='bbox 1366 1453 1502 1496; x_wconf 80' lang='lat' dir='ltr'>insuper,</span> <span class='ocrx_word' id='word_1_357' title='bbox 1520 1464 1582 1496; x_wconf 86' lang='lat' dir='ltr'>quo</span> <span class='ocrx_word' id='word_1_358' title='bbox 1600 1452 1778 1486; x_wconf 83' lang='lat' dir='ltr'>huiusmodi</span> <span class='ocrx_word' id='word_1_359' title='bbox 1803 1452 1937 1495; x_wconf 86' lang='lat' dir='ltr'>capitula</span> <span class='ocrx_word' id='word_1_360' title='bbox 1955 1451 2036 1485; x_wconf 83' lang='lat' dir='ltr'>cele-</span> 
     </span>
     <span class='ocr_line' id='line_1_72' title="bbox 1297 1504 2037 1549; baseline -0.001 -12"><span class='ocrx_word' id='word_1_361' title='bbox 1297 1505 1403 1537; x_wconf 85' lang='lat' dir='ltr'>briora</span> <span class='ocrx_word' id='word_1_362' title='bbox 1438 1511 1466 1537; x_wconf 87' lang='lat' dir='ltr'>et</span> <span class='ocrx_word' id='word_1_363' title='bbox 1506 1506 1604 1548; x_wconf 80' lang='lat' dir='ltr'>magis</span> <span class='ocrx_word' id='word_1_364' title='bbox 1641 1506 1809 1549; x_wconf 84' lang='lat' dir='ltr'>conspicua</span> <span class='ocrx_word' id='word_1_365' title='bbox 1845 1504 2037 1544; x_wconf 86' lang='lat' dir='ltr'>reddantur,</span> 
     </span>
     <span class='ocr_line' id='line_1_73' title="bbox 1298 1557 2037 1602; baseline -0.001 -11"><span class='ocrx_word' id='word_1_366' title='bbox 1298 1559 1445 1602; x_wconf 87' lang='lat' dir='ltr'>praefatis</span> <span class='ocrx_word' id='word_1_367' title='bbox 1471 1559 1650 1601; x_wconf 74' lang='lat' dir='ltr'>vocalibus,</span> <span class='ocrx_word' id='word_1_368' title='bbox 1676 1559 1728 1602; x_wconf 89' lang='lat' dir='ltr'>qui</span> <span class='ocrx_word' id='word_1_369' title='bbox 1765 1569 1898 1591; x_wconf 88' lang='lat' dir='ltr'>numero</span> <span class='ocrx_word' id='word_1_370' title='bbox 1928 1557 2037 1601; x_wconf 83' lang='lat' dir='ltr'>viginti</span> 
     </span>
     <span class='ocr_line' id='line_1_74' title="bbox 1298 1612 2037 1655; baseline -0.003 -10"><span class='ocrx_word' id='word_1_371' title='bbox 1298 1618 1328 1645; x_wconf 85' lang='lat' dir='ltr'>et</span> <span class='ocrx_word' id='word_1_372' title='bbox 1348 1623 1409 1645; x_wconf 91' lang='lat' dir='ltr'>uno</span> <span class='ocrx_word' id='word_1_373' title='bbox 1446 1612 1604 1655; x_wconf 73' lang='lat' dir='ltr'>suffragiis</span> <span class='ocrx_word' id='word_1_374' title='bbox 1641 1623 1695 1645; x_wconf 84' lang='lat' dir='ltr'>seu</span> <span class='ocrx_word' id='word_1_375' title='bbox 1729 1612 1808 1645; x_wconf 85' lang='lat' dir='ltr'>votis</span> <span class='ocrx_word' id='word_1_376' title='bbox 1839 1612 1939 1644; x_wconf 81' lang='lat' dir='ltr'>firmis</span> <span class='ocrx_word' id='word_1_377' title='bbox 1971 1621 2037 1644; x_wconf 89' lang='lat' dir='ltr'>esse</span> 
     </span>
     <span class='ocr_line' id='line_1_75' title="bbox 1298 1665 2039 1710; baseline -0.001 -12"><span class='ocrx_word' id='word_1_378' title='bbox 1298 1666 1463 1706; x_wconf 88' lang='lat' dir='ltr'>dicuntur,</span> <span class='ocrx_word' id='word_1_379' title='bbox 1489 1677 1559 1698; x_wconf 84' lang='lat' dir='ltr'>eum</span> <span class='ocrx_word' id='word_1_380' title='bbox 1590 1666 1718 1710; x_wconf 87' lang='lat' dir='ltr'>paribus</span> <span class='ocrx_word' id='word_1_381' title='bbox 1752 1665 1979 1710; x_wconf 85' lang='lat' dir='ltr'>praerogativis</span> <span class='ocrx_word' id='word_1_382' title='bbox 2009 1670 2039 1697; x_wconf 83' lang='lat' dir='ltr'>et</span> 
     </span>
     <span class='ocr_line' id='line_1_76' title="bbox 1300 1718 2039 1762; baseline 0 -12"><span class='ocrx_word' id='word_1_383' title='bbox 1300 1718 1430 1759; x_wconf 87' lang='lat' dir='ltr'>iuribus,</span> <span class='ocrx_word' id='word_1_384' title='bbox 1456 1719 1570 1762; x_wconf 89' lang='lat' dir='ltr'>quibus</span> <span class='ocrx_word' id='word_1_385' title='bbox 1595 1719 1689 1752; x_wconf 83' lang='lat' dir='ltr'>ceteri</span> <span class='ocrx_word' id='word_1_386' title='bbox 1712 1719 1841 1762; x_wconf 82' lang='lat' dir='ltr'>praefati</span> <span class='ocrx_word' id='word_1_387' title='bbox 1864 1718 2039 1762; x_wconf 84' lang='lat' dir='ltr'>potiuntur,</span> 
     </span>
     <span class='ocr_line' id='line_1_77' title="bbox 1298 1771 2040 1816; baseline -0.001 -12"><span class='ocrx_word' id='word_1_388' title='bbox 1298 1773 1483 1806; x_wconf 88' lang='lat' dir='ltr'>auctoritate</span> <span class='ocrx_word' id='word_1_389' title='bbox 1511 1779 1536 1805; x_wconf 87' lang='lat' dir='ltr'>et</span> <span class='ocrx_word' id='word_1_390' title='bbox 1566 1778 1672 1806; x_wconf 89' lang='lat' dir='ltr'>tenore</span> <span class='ocrx_word' id='word_1_391' title='bbox 1696 1772 1864 1816; x_wconf 79' lang='lat' dir='ltr'>praedictis</span> <span class='ocrx_word' id='word_1_392' title='bbox 1890 1771 2040 1816; x_wconf 87' lang='lat' dir='ltr'>superad-</span> 
     </span>
     <span class='ocr_line' id='line_1_78' title="bbox 1299 1825 2040 1870; baseline 0 -14"><span class='ocrx_word' id='word_1_393' title='bbox 1299 1825 1422 1866; x_wconf 84' lang='lat' dir='ltr'>dimus,</span> <span class='ocrx_word' id='word_1_394' title='bbox 1448 1836 1482 1859; x_wconf 85' lang='lat' dir='ltr'>ac</span> <span class='ocrx_word' id='word_1_395' title='bbox 1517 1826 1555 1858; x_wconf 83' lang='lat' dir='ltr'>de</span> <span class='ocrx_word' id='word_1_396' title='bbox 1587 1832 1692 1859; x_wconf 86' lang='lat' dir='ltr'>cetero</span> <span class='ocrx_word' id='word_1_397' title='bbox 1724 1825 1943 1870; x_wconf 90' lang='lat' dir='ltr'>superadditos</span> <span class='ocrx_word' id='word_1_398' title='bbox 1972 1834 2040 1859; x_wconf 86' lang='lat' dir='ltr'>esse</span> 
     </span>
     <span class='ocr_line' id='line_1_79' title="bbox 1300 1879 2038 1923; baseline 0.001 -12"><span class='ocrx_word' id='word_1_399' title='bbox 1300 1879 1444 1912; x_wconf 83' lang='lat' dir='ltr'>volumus</span> <span class='ocrx_word' id='word_1_400' title='bbox 1480 1885 1701 1923; x_wconf 83' lang='lat' dir='ltr'>procuratores</span> <span class='ocrx_word' id='word_1_401' title='bbox 1739 1880 1902 1922; x_wconf 84' lang='lat' dir='ltr'>generales</span> <span class='ocrx_word' id='word_1_402' title='bbox 1933 1879 2038 1912; x_wconf 85' lang='lat' dir='ltr'>curiae</span> 
     </span>
     <span class='ocr_line' id='line_1_80' title="bbox 1300 1932 2040 1976; baseline 0.001 -12"><span class='ocrx_word' id='word_1_403' title='bbox 1300 1932 1550 1976; x_wconf 63' lang='lat' dir='ltr'>tsstyssiponensis</span> <span class='ocrx_word' id='word_1_404' title='bbox 1577 1938 1603 1965; x_wconf 88' lang='lat' dir='ltr'>et</span> <span class='ocrx_word' id='word_1_405' title='bbox 1630 1932 1763 1966; x_wconf 87' lang='lat' dir='ltr'>civitatis</span> <span class='ocrx_word' id='word_1_406' title='bbox 1796 1932 2040 1975; x_wconf 85' lang='lat' dir='ltr'>Portngallensis</span> 
     </span>
     <span class='ocr_line' id='line_1_81' title="bbox 1299 1985 2039 2028; baseline 0.003 -12"><span class='ocrx_word' id='word_1_407' title='bbox 1299 1986 1499 2028; x_wconf 86' lang='lat' dir='ltr'>praefataque</span> <span class='ocrx_word' id='word_1_408' title='bbox 1520 1985 1625 2019; x_wconf 88' lang='lat' dir='ltr'>omnia</span> <span class='ocrx_word' id='word_1_409' title='bbox 1643 1986 1673 2017; x_wconf 92' lang='lat' dir='ltr'>in</span> <span class='ocrx_word' id='word_1_410' title='bbox 1692 1985 1799 2018; x_wconf 71' lang='lat' dir='ltr'>eadem</span> <span class='ocrx_word' id='word_1_411' title='bbox 1818 1986 2039 2028; x_wconf 81' lang='lat' dir='ltr'>Congregatio-</span> 
     </span>
     <span class='ocr_line' id='line_1_82' title="bbox 1300 2038 2038 2082; baseline 0.001 -12"><span class='ocrx_word' id='word_1_412' title='bbox 1300 2049 1337 2071; x_wconf 89' lang='lat' dir='ltr'>ne</span> <span class='ocrx_word' id='word_1_413' title='bbox 1364 2038 1476 2071; x_wconf 72' lang='lat' dir='ltr'>exinde</span> <span class='ocrx_word' id='word_1_414' title='bbox 1496 2043 1648 2082; x_wconf 89' lang='lat' dir='ltr'>perpetuo</span> <span class='ocrx_word' id='word_1_415' title='bbox 1669 2039 1827 2071; x_wconf 75' lang='lat' dir='ltr'>observari</span> <span class='ocrx_word' id='word_1_416' title='bbox 1855 2038 2038 2072; x_wconf 87' lang='lat' dir='ltr'>mandamus</span> 
     </span>
     <span class='ocr_line' id='line_1_83' title="bbox 1300 2092 1576 2135; baseline 0.004 -12"><span class='ocrx_word' id='word_1_417' title='bbox 1300 2097 1329 2124; x_wconf 84' lang='lat' dir='ltr'>et</span> <span class='ocrx_word' id='word_1_418' title='bbox 1354 2092 1576 2135; x_wconf 81' lang='lat' dir='ltr'>praecipimus.</span> 
     </span>
    </p>

    <p class='ocr_par' dir='ltr' id='par_1_11' title="bbox 1300 2145 2040 2668">
     <span class='ocr_line' id='line_1_84' title="bbox 1345 2145 2040 2189; baseline 0.003 -12"><span class='ocrx_word' id='word_1_419' title='bbox 1345 2146 1359 2187; x_wconf 64' lang='grc' dir='ltr'>ξ</span> <span class='ocrx_word' id='word_1_420' title='bbox 1395 2145 1423 2177; x_wconf 73' lang='grc'>4.</span> <span class='ocrx_word' id='word_1_421' title='bbox 1460 2146 1669 2179; x_wconf 83' lang='lat' dir='ltr'>Deecrnentes</span> <span class='ocrx_word' id='word_1_422' title='bbox 1704 2145 1827 2179; x_wconf 89' lang='lat' dir='ltr'>easdem</span> <span class='ocrx_word' id='word_1_423' title='bbox 1860 2150 2040 2189; x_wconf 81' lang='lat' dir='ltr'>praesentes</span> 
     </span>
     <span class='ocr_line' id='line_1_85' title="bbox 1300 2198 2039 2242; baseline 0.003 -12"><span class='ocrx_word' id='word_1_424' title='bbox 1300 2198 1418 2232; x_wconf 88' lang='lat' dir='ltr'>litteras</span> <span class='ocrx_word' id='word_1_425' title='bbox 1437 2209 1563 2242; x_wconf 88' lang='lat' dir='ltr'>semper</span> <span class='ocrx_word' id='word_1_426' title='bbox 1581 2199 1698 2239; x_wconf 85' lang='lat' dir='ltr'>sirmas,</span> <span class='ocrx_word' id='word_1_427' title='bbox 1724 2198 1839 2231; x_wconf 83' lang='lat' dir='ltr'>validas</span> <span class='ocrx_word' id='word_1_428' title='bbox 1856 2204 1886 2232; x_wconf 88' lang='lat' dir='ltr'>et</span> <span class='ocrx_word' id='word_1_429' title='bbox 1899 2199 2039 2232; x_wconf 81' lang='lat' dir='ltr'>efficaces</span> 
     </span>
     <span class='ocr_line' id='line_1_86' title="bbox 1300 2252 2038 2296; baseline 0.001 -12"><span class='ocrx_word' id='word_1_430' title='bbox 1300 2252 1432 2285; x_wconf 84' lang='lat' dir='ltr'>existere</span> <span class='ocrx_word' id='word_1_431' title='bbox 1457 2258 1486 2285; x_wconf 89' lang='lat' dir='ltr'>et</span> <span class='ocrx_word' id='word_1_432' title='bbox 1505 2253 1580 2293; x_wconf 79' lang='lat' dir='ltr'>fore,</span> <span class='ocrx_word' id='word_1_433' title='bbox 1601 2263 1736 2296; x_wconf 82' lang='lat' dir='ltr'>suosque</span> <span class='ocrx_word' id='word_1_434' title='bbox 1760 2253 1917 2296; x_wconf 86' lang='lat' dir='ltr'>plenarios</span> <span class='ocrx_word' id='word_1_435' title='bbox 1943 2258 1972 2286; x_wconf 82' lang='lat' dir='ltr'>et</span> <span class='ocrx_word' id='word_1_436' title='bbox 1996 2253 2038 2285; x_wconf 92' lang='lat' dir='ltr'>in-</span> 
     </span>
     <span class='ocr_line' id='line_1_87' title="bbox 1301 2305 2039 2348; baseline 0.001 -11"><span class='ocrx_word' id='word_1_437' title='bbox 1301 2310 1405 2348; x_wconf 83' lang='lat' dir='ltr'>tegros</span> <span class='ocrx_word' id='word_1_438' title='bbox 1420 2305 1547 2338; x_wconf 76' lang='lat' dir='ltr'>effectus</span> <span class='ocrx_word' id='word_1_439' title='bbox 1565 2305 1670 2339; x_wconf 87' lang='lat' dir='ltr'>sortiri</span> <span class='ocrx_word' id='word_1_440' title='bbox 1693 2311 1721 2338; x_wconf 90' lang='lat' dir='ltr'>et</span> <span class='ocrx_word' id='word_1_441' title='bbox 1738 2305 1890 2347; x_wconf 83' lang='lat' dir='ltr'>obtinere,</span> <span class='ocrx_word' id='word_1_442' title='bbox 1908 2316 1943 2339; x_wconf 89' lang='lat' dir='ltr'>ae</span> <span class='ocrx_word' id='word_1_443' title='bbox 1969 2305 2039 2346; x_wconf 88' lang='lat' dir='ltr'>illis,</span> 
     </span>
     <span class='ocr_line' id='line_1_88' title="bbox 1300 2359 2038 2403; baseline 0 -12"><span class='ocrx_word' id='word_1_444' title='bbox 1300 2359 1338 2391; x_wconf 87' lang='lat' dir='ltr'>ad</span> <span class='ocrx_word' id='word_1_445' title='bbox 1355 2370 1434 2403; x_wconf 89' lang='lat' dir='ltr'>quos</span> <span class='ocrx_word' id='word_1_446' title='bbox 1458 2364 1576 2403; x_wconf 87' lang='lat' dir='ltr'>spectat</span> <span class='ocrx_word' id='word_1_447' title='bbox 1604 2365 1633 2391; x_wconf 82' lang='lat' dir='ltr'>et</span> <span class='ocrx_word' id='word_1_448' title='bbox 1650 2370 1707 2403; x_wconf 88' lang='lat' dir='ltr'>pro</span> <span class='ocrx_word' id='word_1_449' title='bbox 1730 2364 1870 2403; x_wconf 87' lang='lat' dir='ltr'>tempore</span> <span class='ocrx_word' id='word_1_450' title='bbox 1897 2359 2038 2403; x_wconf 90' lang='lat' dir='ltr'>quando-</span> 
     </span>
     <span class='ocr_line' id='line_1_89' title="bbox 1301 2411 2038 2456; baseline -0.003 -11"><span class='ocrx_word' id='word_1_451' title='bbox 1301 2423 1435 2456; x_wconf 87' lang='lat' dir='ltr'>cumque</span> <span class='ocrx_word' id='word_1_452' title='bbox 1468 2412 1631 2456; x_wconf 75' lang='lat' dir='ltr'>spectabit,</span> <span class='ocrx_word' id='word_1_453' title='bbox 1657 2412 1837 2456; x_wconf 83' lang='lat' dir='ltr'>plenissime</span> <span class='ocrx_word' id='word_1_454' title='bbox 1862 2411 2038 2454; x_wconf 80' lang='lat' dir='ltr'>suffragari,</span> 
     </span>
     <span class='ocr_line' id='line_1_90' title="bbox 1301 2466 2037 2511; baseline -0.001 -13"><span class='ocrx_word' id='word_1_455' title='bbox 1301 2466 1407 2509; x_wconf 86' lang='lat' dir='ltr'>sicque</span> <span class='ocrx_word' id='word_1_456' title='bbox 1444 2466 1473 2498; x_wconf 88' lang='lat' dir='ltr'>in</span> <span class='ocrx_word' id='word_1_457' title='bbox 1510 2466 1690 2509; x_wconf 87' lang='lat' dir='ltr'>praemissis</span> <span class='ocrx_word' id='word_1_458' title='bbox 1728 2476 1784 2508; x_wconf 87' lang='lat' dir='ltr'>per</span> <span class='ocrx_word' id='word_1_459' title='bbox 1822 2475 2037 2511; x_wconf 85' lang='lat' dir='ltr'>quoscumque</span> 
     </span>
     <span class='ocr_line' id='line_1_91' title="bbox 1301 2518 2036 2561; baseline -0.001 -10"><span class='ocrx_word' id='word_1_460' title='bbox 1301 2519 1418 2552; x_wconf 85' lang='lat' dir='ltr'>iudices</span> <span class='ocrx_word' id='word_1_461' title='bbox 1455 2519 1630 2552; x_wconf 88' lang='lat' dir='ltr'>ordinarios</span> <span class='ocrx_word' id='word_1_462' title='bbox 1662 2524 1691 2551; x_wconf 82' lang='lat' dir='ltr'>et</span> <span class='ocrx_word' id='word_1_463' title='bbox 1727 2518 1908 2561; x_wconf 86' lang='lat' dir='ltr'>delegatos,</span> <span class='ocrx_word' id='word_1_464' title='bbox 1944 2518 2036 2552; x_wconf 88' lang='lat' dir='ltr'>eliam</span> 
     </span>
     <span class='ocr_line' id='line_1_92' title="bbox 1301 2571 2037 2616; baseline -0.001 -11"><span class='ocrx_word' id='word_1_465' title='bbox 1301 2582 1466 2605; x_wconf 85' lang='lat' dir='ltr'>causarum</span> <span class='ocrx_word' id='word_1_466' title='bbox 1481 2572 1585 2615; x_wconf 88' lang='lat' dir='ltr'>palatii</span> <span class='ocrx_word' id='word_1_467' title='bbox 1598 2571 1758 2616; x_wconf 89' lang='lat' dir='ltr'>apostolici</span> <span class='ocrx_word' id='word_1_468' title='bbox 1777 2571 1945 2614; x_wconf 84' lang='lat' dir='ltr'>auditores,</span> <span class='ocrx_word' id='word_1_469' title='bbox 1961 2571 2037 2604; x_wconf 91' lang='lat' dir='ltr'>iudi-</span> 
     </span>
     <span class='ocr_line' id='line_1_93' title="bbox 1301 2625 2039 2668; baseline -0.001 -9"><span class='ocrx_word' id='word_1_470' title='bbox 1301 2627 1363 2659; x_wconf 74' lang='lat' dir='ltr'>cari</span> <span class='ocrx_word' id='word_1_471' title='bbox 1379 2632 1408 2659; x_wconf 88' lang='lat' dir='ltr'>et</span> <span class='ocrx_word' id='word_1_472' title='bbox 1422 2626 1544 2659; x_wconf 79' lang='lat' dir='ltr'>‹lefiniri</span> <span class='ocrx_word' id='word_1_473' title='bbox 1559 2626 1683 2668; x_wconf 82' lang='lat' dir='ltr'>debere,</span> <span class='ocrx_word' id='word_1_474' title='bbox 1697 2637 1731 2659; x_wconf 89' lang='lat' dir='ltr'>ac</span> <span class='ocrx_word' id='word_1_475' title='bbox 1750 2625 1871 2659; x_wconf 86' lang='lat' dir='ltr'>irritum</span> <span class='ocrx_word' id='word_1_476' title='bbox 1890 2630 1918 2658; x_wconf 90' lang='lat' dir='ltr'>et</span> <span class='ocrx_word' id='word_1_477' title='bbox 1934 2625 2039 2667; x_wconf 80' lang='lat' dir='ltr'>inane,</span> 
     </span>
    </p>
   </div>
   <div class='ocr_carea' id='block_1_10' title="bbox 2043 235 2223 270">
    <p class='ocr_par' dir='ltr' id='par_1_12' title="bbox 2043 235 2223 270">
     <span class='ocr_line' id='line_1_94' title="bbox 2043 235 2223 270; baseline 0.039 -11"><span class='ocrx_word' id='word_1_478' title='bbox 2043 235 2089 262; x_wconf 77' lang='grc' dir='ltr'>Αη.</span> <span class='ocrx_word' id='word_1_479' title='bbox 2107 236 2132 261; x_wconf 78' lang='lat' dir='ltr'>c.</span> <span class='ocrx_word' id='word_1_480' title='bbox 2156 238 2223 270; x_wconf 57' lang='lat'>¹653}</span> 
     </span>
    </p>
   </div>
   <div class='ocr_carea' id='block_1_11' title="bbox 2055 2131 2203 2199">
    <p class='ocr_par' dir='ltr' id='par_1_13' title="bbox 2055 2131 2203 2199">
     <span class='ocr_line' id='line_1_95' title="bbox 2197 2131 2200 2139; baseline 0 0"><span class='ocrx_word' id='word_1_481' title='bbox 2197 2131 2200 2139; x_wconf 42' lang='lat' dir='ltr'>i</span> 
     </span>
     <span class='ocr_line' id='line_1_96' title="bbox 2067 2142 2203 2182; baseline 0.007 -10"><span class='ocrx_word' id='word_1_482' title='bbox 2067 2178 2071 2182; x_wconf 21' lang='grc' dir='ltr'><strong><em>ἡ</em></strong></span> <span class='ocrx_word' id='word_1_483' title='bbox 2082 2151 2186 2174; x_wconf 65' lang='lat' dir='ltr'>Decretum</span> <span class='ocrx_word' id='word_1_484' title='bbox 2199 2142 2203 2166; x_wconf 37' lang='lat'>¹&gt;</span> 
     </span>
     <span class='ocr_line' id='line_1_97' title="bbox 2055 2181 2125 2199; baseline 0.014 -1"><span class='ocrx_word' id='word_1_485' title='bbox 2055 2181 2125 2199; x_wconf 76' lang='lat' dir='ltr'>ruaus.</span> 
     </span>
    </p>
   </div>
  </div>
 </body>
</html>
