2243 3205
835 176 928 200 mnux
957 175 1156 200 linamentum
1656 163 1719 198 843

318 230 444 274 Regalis
470 230 509 264 de
534 228 743 262 Maubuisson
776 229 851 262 dicti
881 229 974 263 Ordi-
998 228 1000 236 '

316 284 365 317 nis
382 283 563 317 immediate
580 281 756 315 subiicitur
777 281 972 315 iurisdictio-

314 338 347 370 ni
367 343 399 370 et
416 335 633 381 superioritati
653 335 781 368 abbatis
810 335 974 375 Cistercii,

316 389 390 423 692.

228 442 388 478 CCCXLV.
415 442 623 477 Confirmatio
649 448 678 475 et
704 441 867 474 innovatio
894 442 975 475 litte-

319 507 428 530 rarum
464 495 635 530 Clementis
666 496 732 528 VIII
768 501 797 528 et
829 495 919 528 Pauli
952 495 975 527 V

319 555 430 584 contra
460 550 571 582 fratres
606 549 733 583 Ordinis
759 549 973 582 Eremitarum

320 602 350 636 S.
369 602 536 645 Augustini
558 602 783 645 conquirentes
801 602 976 645 dignitates

322 656 355 688 in
372 657 484 689 eadem
502 655 654 699 religione
670 655 709 688 ad
727 656 974 699 requisitionem

322 719 532 753 personarum
553 715 639 742 extra
657 708 804 742 Ordinem
824 709 977 742 constitu-

322 769 440 804 tarum,
466 762 541 797 694.

233 817 407 851 CCCXLVI.
429 817 606 851 Declaratio
632 815 716 860 quod
739 815 869 849 abbates
886 816 976 849 Ordi-

322 870 371 903 nis
397 870 629 910 Cisterciensis,
657 870 711 914 qui
737 869 858 903 scilicet
881 875 977 903 utun-

322 929 375 956 tur
409 923 644 967 dispensatione
681 923 857 967 apostolica
893 923 977 956 circa

323 986 413 1010 esum
427 977 571 1010 carnium
589 977 708 1021 ubique
722 977 896 1020 acceptata,
913 987 977 1010 non

322 1030 445 1074 possint
472 1030 589 1073 privari
619 1041 696 1064 voce
726 1029 825 1063 activa
853 1036 882 1063 et
906 1041 977 1074 pas-

323 1083 388 1117 siva
424 1083 541 1116 virtute
573 1083 805 1117 sententiarum
832 1094 849 1116 a
874 1082 978 1116 visita-

324 1143 393 1170 tore
417 1137 592 1179 apostolico
617 1142 836 1170 emanatarum
862 1135 937 1170 695.

235 1188 420 1224 CCCXLVII.
452 1190 661 1223 Confirmatio
690 1189 808 1224 decreti
839 1202 976 1234 congre-

324 1243 461 1287 gationis
482 1244 705 1288 episcoporum
722 1249 752 1277 et
769 1244 978 1288 regularium,

324 1306 389 1339 quo
413 1296 596 1341 iniungitur
613 1298 752 1341 generali
778 1305 808 1332 et
833 1298 980 1332 definito-

326 1349 372 1383 rio
404 1349 532 1383 Ordinis
567 1352 670 1384 fratris
704 1351 734 1384 S.
768 1351 857 1385 Pauli
883 1352 978 1395 primi

325 1403 474 1437 eremitae
502 1404 534 1436 in
564 1415 660 1447 regno
686 1405 920 1448 Portugalliae,
946 1411 979 1438 ut

326 1455 450 1491 indulta
475 1456 612 1501 degendi
638 1464 726 1491 extra
752 1459 886 1491 claustra
912 1459 981 1493 reli-

326 1510 429 1554 gionis
462 1509 537 1544 dicti
571 1510 697 1544 Ordinis
734 1522 750 1543 a
786 1511 982 1555 quibuslibet

327 1563 571 1607 quomodolibet
595 1565 715 1607 absque
741 1564 830 1598 Sedis
850 1566 982 1608 Aposto-

329 1614 408 1651 licae
421 1617 569 1651 facultate
584 1618 712 1661 speciali
730 1618 841 1662 quavis
857 1618 895 1650 de
912 1630 982 1651 cau-

327 1680 361 1702 sa
386 1680 536 1704 concessa
564 1676 729 1711 revocent,
759 1676 787 1704 et
814 1670 982 1714 religiosos

329 1722 368 1755 ad
393 1724 540 1764 claustra,
565 1725 624 1757 sub
647 1724 867 1767 suspensionis
892 1735 908 1756 a
933 1725 981 1757 di-

328 1775 427 1816 vinis,
457 1777 819 1817 excommunicationis,
850 1778 983 1820 aliisque

328 1828 548 1863 ecclesiasticis
565 1830 709 1864 censuris
729 1837 759 1864 et
776 1831 898 1874 poenis,
913 1838 983 1872 etc,

327 1881 434 1915 redire
458 1889 591 1927 cogant,
616 1883 727 1928 ibique
752 1884 810 1917 sub
835 1885 983 1919 obedien-

331 1934 375 1968 tia
408 1937 610 1980 superiorum
644 1948 774 1971 manere
806 1943 921 1982 cogant
955 1945 983 1972 et

330 1990 541 2033 compellant,
569 1989 644 2023 697.

241 2039 441 2076 CCCXLVIII.
460 2043 586 2076 Erectio
604 2027 786 2087 provinciae
804 2045 832 2078 S.
848 2045 983 2079 Ladislai

330 2095 412 2139 regis
444 2095 475 2129 in
501 2096 668 2130 Sclavonia
694 2097 820 2131 Ordinis
851 2099 982 2132 fratrum

329 2147 487 2182 Minorum
513 2151 552 2183 de
577 2150 796 2191 Observantia,
823 2151 897 2185 699.

243 2198 419 2235 CCCXLIX.
447 2203 675 2248 Praeceptum,
703 2211 738 2238 ut
762 2205 858 2238 Breve
882 2205 983 2238 felicis

332 2255 562 2290 recordationis
595 2258 712 2291 Urbani
739 2259 828 2298 VIII,
858 2269 983 2292 necnon

331 2307 459 2342 decreta
480 2311 736 2354 congregationis
761 2312 983 2356 episcoporum

329 2366 361 2394 et
396 2362 592 2405 regularium
629 2374 725 2408 super
759 2366 984 2399 controversiis

329 2413 413 2447 inter
446 2416 558 2450 fratres
583 2417 780 2451 Recollectos
811 2424 842 2451 et
872 2420 983 2452 fratres

328 2466 368 2500 de
385 2467 588 2502 observantia
614 2471 797 2513 provinciae
815 2471 984 2505 Brittaniae

328 2518 455 2554 Ordinis
484 2521 642 2556 Minorum
670 2524 702 2557 S.
731 2523 888 2558 Francisci
917 2535 983 2557 ver-

329 2573 471 2607 tentibus
489 2581 650 2616 emanata,
666 2576 725 2610 sub
740 2576 851 2620 poenis
864 2586 985 2622 expres-

1114 227 1155 261 sis
1170 227 1199 259 in
1222 226 1293 267 illis,
1312 227 1514 270 exequutioni
1534 226 1765 260 demandentur

1115 286 1143 314 et
1167 280 1388 320 observentur,
1416 280 1488 313 700.

1027 333 1128 367 CCCL.
1158 334 1343 368 Commissio
1363 335 1481 368 nuncio
1502 335 1652 368 Franciae
1669 341 1699 368 et
1717 345 1765 367 ar-

1114 388 1318 431 chiepiscopo
1342 388 1519 421 Tholosano
1548 394 1657 421 contra
1682 388 1765 421 vica-

1115 440 1179 473 rios
1215 441 1378 482 generales
1416 441 1643 485 archiepiscopi
1678 441 1767 473 Pari-

1115 493 1229 525 siensis
1248 494 1414 528 occasione
1432 495 1526 528 edicti
1550 495 1720 528 temeraria
1737 501 1767 528 et

1115 546 1191 579 salsa
1216 548 1409 581 continentis
1446 559 1501 591 per
1537 559 1591 582 eos
1625 549 1767 592 publica-

1116 599 1150 640 ti,
1179 599 1252 632 702

1027 652 1148 685 CCCLI.
1173 653 1378 686 Confirmatio
1399 655 1611 698 quarumdam
1638 656 1765 689 ordina-

1115 706 1238 738 tionum
1251 707 1510 750 Congregationis
1523 709 1653 742 fratrum
1669 711 1769 743 sancti

1118 760 1303 804 Hieronymi
1337 761 1485 794 chnlani
1517 773 1613 805 super
1641 763 1769 797 electio*

1116 814 1210 846 nibus
1245 820 1372 857 patrum
1410 814 1607 855 definitorii‚
1644 826 1767 848 necnon

1117 874 1387 910 procuratorum,
1414 874 1441 900 ct
1469 878 1563 911 super
1599 869 1715 901 studiis
1740 875 1770 902 et

1118 921 1259 961 lecturis,
1281 932 1315 954 ac
1331 920 1623 965 praedicationibus
1642 931 1696 964 per
1712 923 1770 955 sra-

1118 980 1179 1007 tres
1204 974 1363 1008 obeundis
1383 985 1485 1018 nuper
1501 975 1671 1014 editarum,
1692 975 1767 1009 703.

1029 1027 1158 1062 CCCLII.
1185 1029 1368 1062 Commissio
1395 1028 1635 1072 archiepiscopo
1663 1029 1771 1061 civita—

1118 1082 1158 1115 tis
1187 1082 1495 1125 Caesaraugustanae
1527 1092 1621 1126 super
1654 1082 1771 1116 contri-

1118 1135 1250 1168 butione
1274 1135 1560 1169 ecclesiasticorum
1587 1136 1619 1167 in
1644 1136 1769 1178 gabella

1119 1188 1157 1221 ad
1189 1189 1326 1221 savorem
1359 1188 1524 1232 hospitalis
1557 1189 1635 1232 regii
1670 1188 1771 1233 impo-

1119 1243 1237 1281 nenda,
1262 1242 1336 1275 705.

1032 1295 1178 1329 CCCLIII.
1206 1296 1416 1339 Praeceptum
1448 1296 1669 1340 superioribus
1700 1307 1773 1340 pro-

1120 1349 1242 1382 vinciae
1256 1349 1452 1382 Brasiliensis
1474 1348 1603 1381 Ordinis
1617 1349 1771 1382 Minorum

1122 1403 1222 1436 sancti
1241 1402 1403 1436 Francisci
1422 1402 1461 1435 de
1479 1401 1697 1443 Observantia,
1715 1403 1774 1435 sub

1122 1457 1231 1499 poenis
1251 1456 1436 1499 privationis
1456 1457 1624 1499 utriusque
1641 1457 1727 1490 vocis
1745 1462 1775 1489 et

1122 1509 1313 1551 officiorum,
1339 1521 1374 1543 ac
1399 1516 1572 1553 perpetuae
1596 1510 1776 1543 inhabilita-

1123 1563 1160 1595 tis
1185 1562 1224 1596 ad
1249 1563 1372 1605 eadem,
1400 1563 1470 1607 ipso
1502 1565 1583 1597 sacto
1612 1564 1775 1597 incurren-

1122 1616 1193 1657 dis,
1220 1622 1256 1650 ut
1280 1616 1519 1660 processionem
1551 1616 1629 1650 seria
1661 1618 1775 1660 quart-21

1121 1668 1270 1702 Cinermn
1305 1669 1477 1713 quotannis
1508 1669 1575 1702 fieri
1610 1670 1734 1703 solitam
1760 1680 1777 1702 a

1123 1723 1283 1757 Tertiariis
1297 1723 1496 1757 secularibus
1514 1723 1658 1756 eiusdem
1676 1723 1775 1756 sancti

1122 1777 1282 1811 Francisci
1307 1777 1340 1810 in
1356 1778 1488 1811 Brasilia
1513 1776 1704 1821 degentibus
1721 1788 1776 1820 per

1124 1837 1297 1864 conventus
1307 1830 1408 1874 Bayae
1418 1831 1567 1864 Omnium
1577 1831 1776 1871 Sanctorum,

1123 1883 1205 1917 sicut
1236 1890 1340 1925 antea,
1368 1884 1618 1917 conventualiter
1649 1890 1679 1917 et
1704 1893 1776 1916 cum

1124 1937 1219 1970 solita
1245 1948 1338 1970 cruce
1363 1938 1518 1971 associare
1543 1938 1671 1976 faciant,
1698 1936 1772 1969 707.

1036 1989 1179 2024 CCCLIV,
1198 1990 1405 2024 Confirmatio
1423 1991 1662 2025 ordinationum
1682 1997 1711 2023 et
1729 1990 1777 2022 ‹le-

1125 2044 1335 2078 clarationum
1365 2045 1620 2088 congregationis
1648 2054 1776 2085 genera-

1125 2098 1161 2131 lis
1186 2099 1352 2132 Societatis
1380 2099 1450 2132 Iesu
1476 2099 1560 2132 circa
1584 2097 1774 2131 iurisdictio-

1123 2162 1195 2184 nem
1222 2158 1251 2184 et
1275 2152 1537 2195 gubernationem
1560 2150 1666 2184 vicarii
1686 2160 1776 2193 genc-

1126 2205 1200 2238 ralis
1225 2216 1298 2238 cum
1325 2206 1430 2238 sutura
1454 2205 1669 2244 successione,
1699 2202 1772 2236 708.

1036 2258 1166 2292 CCCLV.
1209 2260 1417 2302 Praeceptum
1452 2265 1487 2291 ut
1516 2263 1680 2291 serventur
1704 2266 1777 2289 con-

1125 2311 1306 2345 stitutiones
1330 2311 1583 2354 congregationis
1609 2310 1638 2342 S.
1666 2309 1777 2342 Mariae

1125 2365 1280 2399 Fnliensis
1313 2365 1439 2398 Ordinis
1465 2364 1687 2398 Cistcrciensis
1715 2373 1774 2395 na-

1126 2419 1221 2451 tionis
1235 2419 1418 2452 Gallicanae
1438 2418 1522 2451 circa
1541 2418 1692 2451 dicendas
1712 2416 1778 2449 cul-

1125 2483 1179 2515 pas
1210 2472 1243 2504 in
1272 2472 1429 2516 capitulo,
1455 2482 1519 2504 non
1552 2471 1697 2503 obstante
1727 2470 1779 2501 de-

1124 2529 1207 2557 creto
1228 2524 1332 2557 ultimi
1356 2524 1487 2568 capituli
1520 2522 1674 2567 generalis
1693 2521 1778 2565 quod

1125 2577 1238 2610 fratres
1269 2577 1408 2610 conversi
1442 2583 1469 2610 et
1503 2576 1610 2610 donati
1645 2573 1779 2619 publicis
