2185 3188
19 200 78 230 ,Αι
92 199 122 228 G.
142 198 212 229 ¹655

80 1171 217 1197 Praeceptum

33 1197 117 1225 legendi
133 1197 171 1218 has
187 1198 217 1217 tit-

33 1227 90 1246 teras
124 1223 219 1251 quotibet

35 1257 112 1273 menso.

815 194 1000 221 ALEXANDER
1024 193 1070 219 vn
1093 195 1141 219 Px’.

226 245 371 281 cellentia
388 246 481 280 etiam
499 244 654 290 imperiali
668 248 698 278 et
708 243 806 288 regali
821 249 850 276 et
863 243 965 276 ducali

223 300 431 343 fulgentium,
456 299 581 333 favores
603 298 816 338 recurrerint,
841 297 984 330 vinculo

226 353 561 387 excommunicationis
575 353 654 385 latae
670 351 850 390 sententiae,
864 361 881 382 a
894 349 965 393 qua¹
983 365 984 374 κ

225 406 349 440 nonnisi
365 417 421 450 per
438 416 495 439 nos
513 411 544 439 et
561 414 757 438 successores
771 409 896 437 nostros
910 403 967 435 Ro-

226 470 335 493 manos
357 459 536 499 Pontifices,
561 463 780 502 praeterquam
807 457 837 488 in
856 457 985 489 mortis>

226 513 360 546 articulo
384 512 555 554 constituti,
573 509 832 554 absolvipossint‚
849 510 967 554 pariter
983 530 985 548 Β

227 566 425 606 innodamus,
443 566 590 610 ipsosque
615 569 645 597 et
668 574 778 597 eorum
796 563 968 607 quemlibet

227 619 266 653 ad
295 629 510 663 quascumque
541 618 755 662 praelaturas,
780 616 966 659 dignitates,

228 673 341 712 officia,
364 672 490 716 gradus,
515 672 662 711 bonores,
682 669 967 703 administrationes

229 731 260 759 et
275 736 406 759 munera
423 725 454 758 in
470 725 537 769 ipsa
558 723 802 767 congregatione
826 723 968 756 obtinen-

230 779 304 812 dum
327 782 478 823 perpetuo
514 778 667 810 inhabiles
696 777 841 810 similiter
864 776 967 809 decla-

230 843 347 873 ramuS,
370 841 406 866 ac
436 832 573 866 obtentis
598 842 656 875 per
680 841 733 864 eos
758 830 967 874 praelaturis,

230 886 388 930 gradibus,
412 885 602 925 honoribus,
626 884 850 927 dignitatibus,
875 883 969 916 admi-

230 939 477 980 nistrationibus,
497 938 709 972 functionibus
734 941 764 971 et
787 937 898 970 officiis
916 937 970 970 bu-

231 993 366 1027 iusmodi
391 1003 428 1027 eo
453 993 521 1037 ipso
542 993 723 1037 privamus,
752 1002 787 1025 ae
812 992 967 1036 privatos,

231 1056 307 1080 voce
324 1052 386 1079 tam
406 1046 506 1079 activa
526 1056 620 1090 quam
646 1045 770 1090 passiva
796 1055 903 1078 carere
921 1045 987 1086 de-¹

232 1100 399 1133 cernimus.

276 1152 344 1198 56.
376 1153 553 1187 Mandantes
588 1152 710 1186 dilectis
744 1152 864 1196 pariter
898 1152 970 1185 siliis

232 1207 372 1241 omnium
397 1212 427 1240 et
451 1207 645 1250 singularum
677 1207 846 1239 domorum
880 1216 970 1249 regu-

233 1261 345 1295 larium
375 1261 474 1294 dictae
506 1261 760 1304 congregationis
792 1261 967 1304 superiori-

233 1315 292 1349 bus
315 1316 482 1355 localibus,
499 1326 583 1348 nune
607 1321 637 1348 et
660 1326 718 1359 pro
743 1320 887 1358 tempore
911 1315 971 1347 exi-

234 1369 396 1409 stentibus,
421 1369 452 1402 in
476 1370 590 1402 virtute
614 1375 738 1402 sanetae
767 1369 971 1408 obedientiae,

235 1433 271 1456 ac
295 1423 351 1456 sub
383 1423 567 1467 privationis
591 1423 676 1456 vocis
699 1423 817 1456 activae
843 1428 872 1455 et
896 1434 968 1466 pas-

235 1476 329 1516 sivae,
346 1486 381 1509 ac
405 1476 580 1509 officiorum
605 1487 662 1520 per
686 1487 739 1509 eos
761 1477 972 1516 obtentorum,

235 1540 357 1563 necnon
382 1534 550 1574 perpetuae
576 1529 779 1562 inhabilitatis
807 1530 844 1561 ad
871 1530 920 1561 illa
945 1536 973 1562 et

236 1583 350 1616 similia
371 1583 401 1615 in
421 1588 583 1626 posterum
610 1583 778 1616 obtinenda
805 1584 923 1627 poenis,
938 1594 974 1616 eo

235 1635 305 1679 ipso
334 1635 364 1667 in
396 1646 502 1668 casum
539 1636 805 1668 conti-aventionis
835 1647 891 1679 per
922 1646 975 1669 eos

236 1688 444 1728 incurrendis,
462 1694 615 1731 quatenus
641 1688 697 1731 ipsi
724 1689 754 1720 in
779 1689 896 1721 eisdem
925 1689 976 1721 do-

235 1741 338 1774 mibus
364 1741 571 1783 regularibus,
601 1742 714 1784 quibus
735 1748 904 1785 praesunt,
921 1753 975 1775 seu

235 1806 294 1840 pro
319 1801 459 1839 tempore
484 1795 694 1838 praefuerint,
720 1796 892 1839 respective
912 1782 994 1828 sin-‘³

235 1849 317 1892 gulis
347 1849 458 1892 primis
491 1849 657 1881 cuiuslibet
695 1849 809 1881 mensis
840 1849 975 1881 domini-

236 1902 280 1935 cis
305 1902 415 1934 diebus
439 1908 620 1946 praesentes
647 1902 776 1941 litteras,
793 1913 845 1935 seu
867 1900 994 1935 earum'

238 1959 478 1998 transumptum,
494 1955 524 1987 in
549 1958 656 1988 mensa
689 1956 813 1999 publice
844 1956 903 1998 legi
932 1947 994 1995 sii-J

239 2008 330 2049 ciant,
355 2019 390 2042 ac
416 2009 538 2042 illarum
571 2011 763 2054 exemplum·
786 2010 866 2042 intra
891 2011 976 2043 elau-

239 2067 302 2094 stra
320 2062 490 2105 respective
514 2062 544 2095 in
570 2063 637 2096 loeo
663 2063 845 2107 conspicuo,
864 2064 893 2096 in
914 2075 976 2107 quo

239 2114 299 2157 legi
324 2115 362 2146 ab
391 2115 537 2148 omnibus
562 2117 674 2160 possit,
700 2117 826 2149 affixum
852 2123 995 2161 semper'

238 2178 402 2201 remanere
420 2177 604 2212 procurent;
623 2182 658 2204 ae
675 2171 879 2204 decernentes
895 2172 976 2215 ipsas
993 2187 994 2190 ¹

237 2228 436 2266 praesentes,
467 2223 587 2267 illisque
617 2225 749 2258 insertas
774 2225 858 2258 Pauli
886 2237 976 2269 prae-

240 2275 414 2309 decessoris
432 2277 558 2316 littei-as,
574 2288 697 2322 semper
722 2280 840 2318 lii-mas,
863 2280 977 2311 validas

239 2333 269 2362 et
293 2329 433 2361 efficaces
458 2330 589 2363 existere
612 2337 641 2364 et
659 2332 734 2373 sore,
756 2344 790 2365 ac
815 2333 854 2364 ab
880 2333 978 2365 omni—

238 2381 306 2422 bus,
325 2382 362 2415 ad
376 2393 454 2426 quos
475 2389 591 2427 spectat
613 2391 642 2417 et
667 2396 724 2428 pro
751 2392 893 2429 tempore
912 2398 978 2430 spe-

239 2436 346 2475 ctabit,
368 2436 588 2470 inviolabiliter
611 2439 788 2479 observari,
814 2441 920 2483 sieque
948 2441 975 2472 in

238 2489 419 2532 praemissis·
440 2501 498 2533 per
521 2501 734 2535 quoscumque
752 2493 870 2526 iudices
894 2490 994 2527 ordi-⁴

275 2605 287 2631 1
309 2604 409 2632 Vocem
428 2614 488 2641 qua
507 2614 555 2633 nos
574 2606 697 2634 addimus
717 2607 758 2643 (n.
775 2608 824 2644 T.).

1000 243 1106 276 uarios
1123 247 1153 275 et
1173 242 1350 286 delegatos,
1365 243 1458 276 etiam
1474 251 1639 275 causarum
1662 242 1742 285 pala-

1001 296 1033 328 tii
1049 296 1212 340 apostolici
1235 296 1406 335 auditores,
1424 295 1556 329 iudicari
1571 302 1599 328 et
1616 294 1741 328 definiri

1000 350 1126 390 debere,
1143 361 1178 382 ae
1190 350 1312 382 irritum
1328 356 1357 382 et
1371 351 1473 390 inane,
1492 351 1516 383 si
1531 348 1632 382 seeus¹
1647 360 1743 393 super

1001 402 1048 434 bis
1065 412 1082 434 a
1102 412 1274 445 quoquam,
1296 402 1405 445 quavis
1430 402 1627 442 auctoritate,
1647 401 1744 434 scien-

1002 460 1048 487 ter
1072 455 1120 487 νεὶ
1146 455 1351 498 ignoranter,
1377 456 1544 498 eontigerit
1565 454 1720 488 attentari.

1045 509 1060 552 ᾗ
1086 508 1113 542 7.
1140 509 1291 541 Volumus
1316 514 1442 550 autem,
1472 514 1505 541 ut
1529 509 1743 552 praesentium

1002 562 1218 606 transumptis,
1245 563 1337 595 etiam
1369 563 1542 606 impressis,
1560 573 1654 595 manu
1672 573 1746 596 scri-

1003 615 1059 649 bae
1083 616 1185 649 dictae
1210 616 1475 659 congregationis,
1493 616 1540 648 vel
1558 616 1671 648 notarii
1692 626 1745 659 pu-

1002 670 1074 702 blici
1095 670 1293 714 subscriptis,
1312 675 1341 704 et
1372 670 1475 712 sigillo
1507 669 1627 701 abbatis
1652 679 1746 712 gene—

1002 722 1076 755 ralis
1113 723 1210 766 ipsius
1242 723 1497 765 congregationis
1533 722 1580 754 vel
1617 722 1745 755 alterius

1003 786 1154 819 personae
1176 776 1207 808 in
1225 776 1377 819 dignitate
1401 775 1614 809 ecclesiastica
1635 775 1747 809 consti-

1004 836 1086 862 tutae
1119 830 1269 871 munitis,
1295 830 1403 863 eadem
1441 840 1574 873 prorsus
1604 829 1682 862 fides
1714 829 1745 862 in

1004 883 1120 917 iudicio
1137 888 1167 918 et
1184 890 1270 917 extra
1295 884 1371 916 illud
1400 895 1436 917 ae
1461 883 1578 927 ubique
1603 883 1746 916 locorum

1003 938 1199 979 exhibeatur,
1217 949 1298 982 quae
1330 938 1407 981 ipsis
1440 937 1660 981 praesentibus
1689 936 1748 969 exi-

1004 992 1142 1031 beretur,
1167 991 1191 1024 si
1213 992 1315 1024 serent
1340 991 1496 1024 exhibitae
1521 991 1568 1023 vel
1593 996 1746 1023 ostensae.

1048 1045 1159 1078 Datum
1189 1045 1323 1084 Romae,
1345 1044 1429 1088 apud
1458 1045 1486 1077 S.
1509 1044 1636 1077 Mariam
1659 1044 1750 1077 Maio-

1006 1109 1083 1138 rem,
1109 1098 1167 1131 sub
1200 1098 1317 1131 annulo
1353 1097 1541 1137 Piscatoris,
1566 1097 1615 1130 die
1637 1107 1656 1130 v
1681 1096 1748 1130 iulii

1005 1163 1121 1192 MDCLV,
1151 1152 1352 1196 pontificatus
1376 1151 1476 1184 nostri
1495 1162 1577 1184 anno
1595 1161 1614 1184 1.

1040 1216 1100 1242 Dat,
1118 1215 1160 1242 die
1176 1217 1192 1243 5
1207 1215 1264 1242 iulii
1284 1216 1349 1241 1655
1361 1236 1367 1247 ,
1387 1214 1481 1249 pontis.
1504 1223 1574 1241 anuo
1591 1221 1609 1241 1.

1339 1360 1415 1393 xlx.

1007 1440 1131 1474 Erectio
1156 1440 1308 1473 ecclesiae
1344 1438 1543 1472 cathedralis
1576 1437 1749 1471 Lilomeri-

1118 1494 1220 1526 censis
1246 1494 1282 1526 in
1306 1504 1404 1536 refluo
1430 1492 1608 1526 Bolzcmz'ae
1619 1491 1641 1524 ².

1198 1573 1365 1600 Alexander
1386 1573 1562 1607 Episcopus,

1205 1626 1310 1645 servus
1325 1626 1476 1644 servorum
1491 1619 1553 1649 Dei,

1132 1662 1168 1690 ad
1188 1668 1363 1697 perpetuam
1383 1665 1428 1690 rei
1448 1663 1629 1689 memoriam.

1055 1743 1215 1777 Primitiva
1233 1744 1283 1776 illa
1301 1743 1438 1776 Ecclesia
1458 1743 1485 1775 in
1505 1743 1646 1785 angulari
1667 1744 1754 1787 petra

1010 1807 1027 1829 a
1052 1797 1211 1830 Salvatore
1237 1803 1345 1830 nostro
1372 1797 1438 1829 lesu
1465 1798 1587 1830 Cbristo
1616 1798 1754 1837 sundata,

1010 1851 1225 1893 apostolorum
1253 1851 1431 1894 praeconiis
1448 1852 1538 1891 elata,
1565 1857 1752 1895 martyrum-

1010 1915 1071 1947 que
1088 1905 1239 1946 sanguine
1255 1909 1436 1937 consecrata
1453 1911 1481 1936 et
1499 1911 1600 1946 aucta,
1624 1905 1673 1936 ubi
1696 1904 1755 1948 pri<

1012 1968 1096 1990 mum
1131 1959 1255 1990 iuvante
1282 1958 1344 1991 Deo
1377 1970 1432 2002 per
1457 1959 1566 1991 orbem
1598 1964 1755 1991 terrarum

1012 2013 1144 2045 lacertos
1162 2024 1289 2046 morere
1303 2014 1415 2056 eoepit,
1438 2013 1567 2056 provide
1593 2013 1755 2046 attendens

1011 2071 1162 2110 quantum
1189 2067 1294 2099 oneris
1329 2067 1469 2099 humeris
1502 2068 1682 2111 impositum
1707 2068 1757 2100 lia-

994 2121 1109 2161 beret,
1135 2124 1211 2163 quot
1236 2131 1310 2153 ores
1335 2132 1472 2164 pascere,
1491 2127 1562 2164 quot
1587 2122 1756 2162 custodire,

1012 2174 1049 2206 ad
1083 2181 1157 2217 quot
1185 2174 1276 2206 etiam
1311 2175 1522 2207 remotissima
1556 2175 1622 2207 lora
1648 2176 1756 2208 oeulos

1012 2228 1168 2260 eoniieere
1183 2228 1331 2271 oportetffi
1350 2233 1379 2262 et
1403 2229 1508 2261 divino
1530 2229 1666 2271 quodam
1687 2239 1758 2261 ‹fon-

993 2282 1082 2329 gsilio
1108 2283 1272 2325 paret-bias
1299 2283 1440 2320 iii-iiam,
1466 2283 1624 2314 dioeceses
1649 2283 1756 2314 distin-

993 2337 995 2362 ἲ
1014 2337 1065 2375 xit,
1081 2337 1244 2379 episcopos
1259 2337 1385 2375 crearit,
1398 2337 1657 2379 metropolitanos
1672 2347 1756 2380 prae-

993 2390 1094 2427 neit,
1114 2395 1156 2425 ut,
1183 2394 1339 2432 tamquam
1369 2390 1459 2421 unius
1487 2391 1630 2432 eorporis
1656 2401 1756 2422 mem-

992 2444 1067 2487 ¹1bra
1092 2443 1184 2486 capiti
1211 2443 1425 2486 obseipiemia,
1446 2448 1556 2476 cuneta
1582 2444 1754 2476 secundum

1046 2523 1057 2548 1
1082 2523 1181 2548 Vocem
1202 2530 1278 2547 secas
1300 2530 1348 2547 nos
1368 2521 1490 2548 addimus
1506 2522 1545 2557 (u.
1562 2523 1611 2556 T.).

1044 2566 1060 2591 ⁶2
1083 2567 1116 2591 tix
1141 2567 1245 2600 ltrgvst
1269 2566 1293 2592 iu
1315 2567 1415 2592 Sei-ret.
1439 2566 1514 2592 tau-v.

1045 2611 1062 2637 3
1082 2610 1195 2637 Videtur
1215 2610 1303 2645 potius
1323 2611 1467 2645 legendum
1486 2614 1629 2647 oporteret
1645 2613 1724 2647 (M).

1665 183 1703 218 31
1753 193 1803 221 An.
1820 193 1848 221 c.
1872 192 1940 222 1655

1794 522 1942 549 transumpto-

1726 563 1732 569 .
1759 555 1804 571 rum
1820 550 1879 570 tides.

1797 1754 1937 1775 Prooemium,
