2185 3188
40 195 104 222 ,Λῐι
122 192 149 220 C.
169 192 234 219 ¹656

64 465 233 487 Excommnnirat

54 494 126 513 dantes
142 493 173 512 vel
188 497 233 517 pro·

54 521 157 540 mittentes
197 523 234 544 pro

53 546 129 567 uotiua
143 545 172 564 vet
188 551 232 569 ma⁴

54 573 83 593 tii
91 571 144 598 apud
157 571 232 591 Sedem

53 598 190 624 Apostottcaus
198 598 233 618 ob-

54 625 144 646 ituenda.

78 999 156 1020 canza»
169 998 232 1019 liuius

52 1026 213 1047 Constantium„

228 1309 393 1342 .trimento
418 1314 527 1342 contra
552 1309 735 1342 eorumdem
762 1308 985 1353 praedecesso-

846 192 1032 215 ALEXANDER
1057 192 1102 215 vn
1127 193 1173 216 1⁵1².

250 238 372 271 firmius
396 238 614 280 observentur,
641 239 825 272 innovemus
840 266 847 280 ,
875 239 1007 290 illaque}

249 291 445 324 declaremus
470 297 500 324 et
524 292 740 332 extendamus,
757 297 850 336 prout
875 292 906 324 in
930 291 1007 327 Ilo-t

249 345 334 377 mino
359 344 552 378 arbitramur
585 345 696 379 rationi
727 356 793 378 esse
819 351 985 378 consenta-
1006 338 1007 345 ¹

249 408 351 431 neum.

293 452 307 495 ἓ
335 452 362 484 1.
387 452 509 491 Dudum
536 452 690 496 siquidem
712 456 900 484 emanarunt
917 462 933 483 a
952 452 989 484 se-

249 505 316 538 licis
348 506 575 539 recordationIS
601 506 758 539 Bonis-acio
785 506 847 538 t‘tll
867 510 896 538 et
916 505 1008 539 (11-εὲ-ι

248 558 339 600 gorio
364 559 429 591 XIII
455 559 602 592 Romanis
635 558 838 592 Pontificibus
862 557 1007 602 praede-j

249 612 427 645 ccssoribus
450 613 566 645 nostris
594 612 714 645 litterae
736 612 854 645 tenoris
872 612 923 656 qui
946 622 989 644 sc-

248 666 366 708 quitur,
391 665 554 698 videlicet:

297 734 307 749 u
337 719 652 752 Excommunicamus
677 724 707 752 et
738 716 1006 751 anathematiza-3

246 784 316 806 nius
341 784 376 806 ex
401 779 490 817 parte
517 773 569 806 Dei
595 773 829 817 omnipotentis,
855 771 931 805 etc.¹

296 840 307 859 2<
335 827 507 869 Gregorius
539 827 723 870 episcopus,
750 837 858 859 servus
883 836 986 858 servo-

248 891 316 913 rum
345 880 409 922 Dei,
442 880 479 913 ad
506 886 691 924 perpetuam
720 880 763 913 rei
791 879 986 912 memoriam.

247 934 291 966 Ab
311 934 377 977 ipso
394 934 595 978 pontificatus
612 934 710 967 nostri
733 933 899 977 principio,
913 932 1006 967 etc.²'

291 989 305 1031 ξ
330 987 358 1020 2.
384 988 460 1021 Cum
497 993 600 1020 autem
633 987 764 1020 subinde
794 987 896 1020 variae
924 983 1006 1019 vul-¹

247 1047 336 1084 gatae
366 1041 480 1074 suerint
512 1041 745 1085 praedictarum
779 1041 926 1074 Bonisacii
958 1046 988 1074 ct

246 1095 390 1138 Gregorii
415 1095 694 1138 praedecessorum
729 1095 986 1128 constitutionum

249 1148 541 1192 inte1·pellationes³,
555 1160 688 1193 quarum
704 1149 828 1193 aliquae
847 1149 985 1192 ipsarum

247 1202 504 1236 constitutionum
531 1202 668 1246 rigorem
694 1213 754 1235 non
786 1202 859 1235 sine
877 1213 985 1235 earum

246 1256 387 1289 utilitatis
411 1256 620 1289 diminutione
645 1262 674 1288 et.
699 1256 771 1289 boni
799 1256 914 1300 publici
933 1256 1004 1289 ‹te-¹

245 1373 315 1395 rum
342 1368 478 1395 mentem
504 1362 636 1395 nimium
663 1363 820 1395 relaxant:
850 1362 922 1395 hinc
940 1365 1004 1395 est'

244 1415 328 1459 quod
352 1426 420 1456 nos,
438 1426 574 1456 omnem,
599 1427 680 1460 quac
704 1416 788 1449 circa
813 1416 984 1460 praemissa

245 1469 274 1501 in
300 1474 462 1513 posterum
488 1470 590 1503 enasci
616 1475 732 1514 posset,
757 1470 982 1503 dubitationem

245 1524 365 1564 tollere,
390 1529 420 1557 et
444 1534 679 1568 quamcumque
704 1524 861 1568 speciem,
887 1524 985 1568 suspi-

244 1577 365 1610 cionem
391 1582 421 1610 et
440 1577 637 1611 occasionem
655 1577 819 1610 damnatae
836 1588 892 1622 per
910 1588 985 1611 con·

243 1631 420 1664 stitutiones
444 1631 624 1664 huiusmodi
650 1631 729 1664 labis
754 1641 771 1664 a
791 1632 879 1664 curia
899 1642 984 1675 prae-

244 1684 337 1726 dicta,
363 1689 513 1728 quantum
538 1685 628 1718 nobis
646 1696 681 1718 ex
701 1686 762 1718 alto
788 1685 983 1729 conceditur,

243 1744 397 1783 perpetuo
422 1738 590 1772 excludere
616 1739 789 1783 cupientes,
811 1745 897 1773 motu
915 1750 984 1783 pro-

244 1792 325 1836 prio,
347 1803 382 1826 ac
407 1803 443 1826 ex
469 1794 555 1826 certa
580 1792 708 1826 scientia
732 1798 761 1826 et
786 1795 909 1827 matura
934 1793 983 1826 de-

244 1846 429 1881 liberatione
454 1846 579 1889 nostris,
597 1846 697 1891 deque
722 1847 912 1891 apostolicae
932 1858 984 1891 po-

243 1900 362 1933 testatis
387 1900 598 1944 plenitudine,
623 1900 746 1933 easdem
772 1900 983 1944 praeinsertas

244 1953 393 1987 Bonifacii
412 1957 440 1987 et
455 1953 598 1997 Gregorii
614 1953 893 1998 praedecessorum
913 1965 984 1987 con-

244 2007 428 2049 stitutiones,
444 2018 514 2040 cum
537 2007 683 2040 omnibus
709 2013 739 2040 et
762 2007 894 2050 singulis
915 2018 983 2040 cen-

244 2060 326 2093 suris
358 2065 388 2094 et
415 2061 545 2105 poenis,
570 2071 605 2094 ac
640 2061 709 2094 aliis
745 2061 983 2106 quomodolibet

244 2115 397 2149 contentis
415 2115 446 2147 in
465 2115 524 2147 illis
546 2115 680 2158 (sublata
701 2121 804 2148 tamen
823 2114 981 2148 revelandi

244 2168 459 2212 obligatione),
470 2174 578 2202 tenore
593 2169 815 2213 praesentium,
828 2175 982 2213 perpetuo

245 2222 672 2262 confirmamus,innovamus
680 2222 867 2255 etadversus
878 2233 983 2268 quem-
999 2253 1000 2260 ,

245 2286 379 2318 cumque
396 2286 458 2308 non
476 2286 577 2318 usum⁷
595 2286 648 2308 seu
669 2282 861 2309 contrarium
881 2287 982 2317 usum,

245 2329 298 2372 qui
312 2339 439 2373 quoquo
467 2329 560 2362 modo
578 2329 737 2373 praetendi
760 2335 873 2373 posset,
894 2330 982 2362 resti—

245 2382 361 2416 tuimus
386 2387 415 2416 et
431 2382 569 2426 plenarie
587 2383 827 2426 reintegramus.

282 2472 291 2497 1
308 2471 449 2507 Reliquum
462 2471 619 2504 omittimus,
632 2471 695 2506 quia
712 2472 808 2507 legitur
823 2472 849 2498 in
862 2476 927 2499 tom.
946 2479 982 2506 tv,

246 2524 306 2551 pag.
330 2517 378 2543 ¹⁹26
397 2521 437 2549 (11.
453 2517 502 2550 τ.).

280 2562 297 2587 2
313 2560 456 2595 Reliquum
473 2561 558 2588 habes
570 2561 595 2588 in
609 2565 671 2588 tom.
686 2568 742 2594 vin,
755 2569 814 2597 pag.
831 2564 878 2590 105
887 2563 981 2597 (nr).

281 2606 296 2632 3
312 2605 420 2632 Videtur
437 2605 578 2640 legendum
597 2607 844 2640 interpretationes
864 2614 900 2635 (tt.
916 2610 962 2643 Tr).

1670 184 1731 217 457

1068 240 1082 282 ξ
1106 239 1135 272 3.
1162 241 1204 272 Ac
1231 241 1260 272 in
1287 241 1394 273 iisdem
1422 241 1697 274 constitutionibus
1717 252 1766 274 ca-

1023 303 1085 332 sus,
1112 292 1140 324 in
1166 293 1280 336 quibus
1304 294 1420 337 aliquid
1439 295 1644 338 promittitur,
1663 295 1763 335 datur,

1023 345 1175 388 accipitur
1208 347 1254 378 vel
1288 347 1456 391 deponitur
1489 360 1546 391 pro
1575 349 1691 381 iustitia
1716 349 1763 381 vel

1024 399 1135 441 gratia,
1153 400 1216 432 site
1235 400 1264 432 in
1279 401 1493 443 spiritualibus
1518 402 1581 434 sire
1601 403 1628 433 in
1648 408 1763 445 tempo-

1024 453 1141 485 ralibus
1154 459 1183 486 et
1211 454 1325 493 mixtis,
1347 454 1429 497 apud
1445 450 1555 487 Sed-*m
1572 455 1763 499 praedictam

1023 511 1051 538 et
1078 516 1139 539 nen
1165 507 1265 540 solum
1285 507 1322 539 ab
1349 507 1416 551 ipso
1443 509 1582 541 [lomatio
1604 509 1763 549 pontifice,

1024 570 1132 592 verum
1159 560 1250 592 etiam
1277 571 1293 593 a
1318 561 1568 604 quibuscumque
1590 562 1655 594 eius·
1678 562 1764 594 inini-

1023 613 1105 653 striS,
1132 613 1289 647 iudicibus
1310 620 1337 646 et
1364 614 1559 655 officialibus,
1586 616 1677 647 etiam
1697 616 1762 658 cpi-

1005 703 1006 712 *
1023 667 1126 710 scopis
1151 673 1180 700 et
1200 674 1323 700 sanctae
1346 669 1503 701 Romanae
1523 669 1678 701 Ecclesiae
1696 680 1762 701 car-

1023 719 1178 753 dinalibus
1197 727 1223 753 et
1253 721 1312 753 alia
1332 721 1468 765 qualibet
1487 722 1698 754 ecclesiastica
1718 722 1763 753 vel

1024 773 1179 808 mundana
1205 775 1355 817 dignitate
1381 781 1409 807 ct
1435 776 1620 807 auctoritate
1646 775 1765 818 praedi-

1005 826 1061 859 *tis
1087 832 1116 859 et
1138 827 1350 870 fungentibus,
1369 833 1420 861 aul
1438 829 1475 860 ab
1505 829 1573 861 aliis
1595 829 1695 871 gratia
1719 829 1763 861 vel

1023 881 1127 914 favore
1153 881 1363 924 pollentibus,
1391 882 1482 914 etiam
1508 881 1608 914 eidem
1634 882 1764 915 Summo

1025 934 1163 968 Pontifici
1204 935 1482 978 consanguinitatis
1518 947 1570 968 seu
1606 936 1764 968 affinitatis

1022 988 1121 1031 gradu
1141 1000 1342 1033 quocumque
1359 989 1544 1028 coniunctis,
1563 1000 1616 1022 seu
1635 989 1765 1021 attinen-

1023 1042 1118 1083 tibus,
1136 1042 1228 1075 etiam
1244 1043 1341 1083 laicis,
1358 1043 1527 1076 obtinenda
1539 1043 1568 1075 in
1582 1043 1665 1077 alma
1681 1042 1763 1075 Urbe

1022 1102 1073 1128 aut
1099 1096 1128 1128 in
1146 1096 1206 1129 alio
1225 1107 1425 1140 quocumque
1443 1097 1512 1129 loco
1527 1096 1556 1128 in
1571 1092 1761 1140 quodictam

1022 1149 1143 1182 curiam
1170 1160 1238 1182 esse
1263 1150 1441 1193 contigerit,
1460 1150 1685 1193 comprehendi
1711 1149 1763 1182 de-

1022 1204 1179 1237 cernimus
1205 1210 1232 1237 et
1259 1204 1465 1237 declaramus.

1066 1258 1229 1290 Praeterea
1244 1258 1482 1292 constitutiones
1502 1258 1681 1291 huiusmodi
1701 1269 1762 1291 11011

1021 1317 1139 1344 tantum
1167 1312 1196 1344 in
1222 1312 1399 1344 actionibus
1424 1312 1492 1344 iure
1518 1312 1651 1344 naturali
1671 1317 1698 1343 et
1718 1311 1763 1343 di-

1021 1364 1091 1397 vino
1117 1364 1302 1408 prohibitis,
1328 1365 1399 1408 quia
1427 1365 1525 1397 malac
1551 1370 1631 1405 sunt,
1656 1364 1708 1397 sed
1735 1375 1762 1396 e-

1021 1418 1094 1450 tiam
1122 1419 1150 1450 in
1177 1418 1255 1459 aliis,
1274 1430 1354 1463 quae
1376 1419 1445 1451 ideo
1472 1419 1570 1451 malae
1591 1424 1671 1457 sunt,
1690 1418 1762 1462 quia

1020 1471 1087 1504 iure
1105 1472 1244 1505 humano
1263 1478 1291 1504 et
1308 1472 1478 1516 praedictis
1494 1471 1676 1515 apostolicis
1693 1482 1763 1505 con-

1019 1526 1236 1559 stitutionibus
1256 1537 1292 1559 ac
1320 1526 1476 1570 praesenti
1505 1528 1611 1559 nostra
1638 1525 1762 1558 interdi-

1019 1585 1141 1621 cuntur,
1168 1580 1271 1613 locum
1298 1579 1435 1619 liabere;

1063 1633 1189 1666 Necnon
1223 1633 1428 1674 mediatores,
1455 1633 1518 1665 sive
1546 1633 1760 1670 immediatos,

1018 1685 1081 1718 sive
1115 1686 1287 1726 mediatos,
1320 1691 1474 1730 quotquot
1506 1692 1535 1718 et
1570 1686 1761 1729 quicumque

1018 1739 1078 1771 sint
1104 1745 1133 1772 et
1157 1739 1265 1782 quavis
1298 1739 1468 1782 dignitate,
1495 1740 1760 1783 praeeminentia,

1018 1793 1213 1833 auctoritate,
1240 1793 1355 1832 satore,
1372 1793 1651 1835 consanguinitate,
1668 1798 1759 1836 atque

1017 1846 1176 1887 affinitate,
1203 1852 1235 1879 ut
1261 1847 1470 1890 praemissum
1496 1853 1551 1887 est,
1573 1847 1710 1890 polleant
1730 1853 1759 1879 et

1018 1900 1234 1944 praefulgeant
1248 1912 1254 1939 3

1062 1955 1104 1987 Ac
1129 1954 1220 1988 etiam
1246 1954 1483 1998 promissiones,
1502 1965 1555 1987 scu
1579 1954 1671 1987 verba
1690 1966 1759 1998 pro-

1019 2008 1172 2049 missoria,
1187 2008 1327 2042 dationes
1345 2014 1374 2041 et
1392 2009 1589 2052 receptiones
1605 2009 1700 2042 saetas
1718 2010 1758 2042 ob

1018 2061 1134 2095 bonum
1162 2062 1256 2094 finem
1275 2062 1552 2106 comprehendere,
1573 2073 1631 2095 nec
1649 2073 1757 2095 earum

1017 2115 1253 2159 dispositionem
1274 2127 1310 2148 ac
1334 2126 1451 2159 poenas
1475 2116 1582 2148 evitari
1601 2127 1701 2160 posse
1728 2117 1757 2148 111

1017 2170 1141 2202 casibus
1173 2170 1202 2202 in
1224 2169 1337 2213 quibus
1363 2176 1461 2202 cesset
1486 2170 1622 2213 suspicio
1648 2171 1738 2210 1‘nali3

1062 2224 1178 2256 Deinde
1203 2224 1272 2257 illos
1290 2224 1384 2256 etiam
1403 2224 1684 2267 comprehendere,
1703 2224 1756 2267 qni

1018 2288 1074 2320 pro
1100 2278 1234 2310 aliorum
1261 2278 1376 2310 iustitia
1394 2279 1439 2310 vel
1466 2278 1566 2319 gratia
1583 2277 1757 2319 quomodo-

1019 2331 1093 2362 libet
1129 2330 1326 2374 impedienda
1357 2331 1403 2362 vel
1429 2330 1602 2362 differenda
1639 2330 1755 2373 aliquid

1017 2384 1101 2425 dant,
1119 2384 1284 2427 recipiunt,
1303 2384 1348 2416 vel
1366 2384 1536 2427 deponunt,
1558 2384 1754 2427 promittunt,

1018 2448 1071 2470 seu
1089 2437 1287 2480 pollicentur,
1303 2437 1383 2469 unde
1402 2437 1470 2468 aliis
1488 2437 1647 2477 damnum,
1669 2448 1756 2470 vexa-

1018 2491 1060 2523 tio
1076 2491 1121 2522 vel
1136 2490 1277 2523 molestia
1294 2490 1591 2533 quomodocumque
1606 2490 1712 2523 inferri
1726 2496 1756 2523 et

1018 2543 1169 2577 resultare
1187 2547 1302 2586 posset,
1327 2549 1356 2576 et
1380 2543 1567 2576 mediatores
1591 2554 1756 2587 quoscum-

1000 2606 1077 2642 ‘que
1098 2597 1293 2630 immediatos
1315 2598 1378 2629 sire
1405 2597 1576 2632 mediatosv

1781 194 1828 219 An.
1850 193 1877 219 C.
1897 194 1964 220 1656

1814 255 1963 275 ‹Jiistitutiones

1780 283 1886 306 praelatas
1894 284 1963 302 exten-

1780 310 1817 327 «tit.
