2243 3205
282 168 331 196 An.
348 169 378 197 C.
401 170 462 197 1661

308 548 436 568 collectore<
452 553 464 567 a

281 574 409 594 definiat-uni
432 580 465 593 so-

281 601 360 621 lutione
371 607 410 620 non
427 601 465 620 „iti-

282 628 350 648 solvit,

356 2397 468 2420 Contrariis

285 2423 379 2450 dei-ngat.

514 161 577 195 678

1063 174 1241 198 BULLARIUM
1265 173 1419 198 ROMANUM

480 219 625 251 omnibus
659 220 800 252 censuris
833 226 862 252 et
895 221 1004 264 poeuis
1029 222 1216 265 supradictis
1251 232 1319 254 rum
1345 220 1525 254 huiusmodi
1549 222 1684 265 exempti
1703 231 1769 255 esse
1785 222 1927 264 debeant,
1948 233 1984 256 ac

480 272 509 304 in
535 272 634 304 format
660 273 815 305 Ecclesiae
847 276 995 308 consueta
1020 274 1216 314 absolvendi,

479 334 574 368 super
599 325 829 368 irregularitate
851 327 953 359 forsan
975 327 1111 369 incursa,
1131 328 1218 360 dum-

479 378 572 411 modo
598 384 700 411 tamen
719 379 748 411 in
767 385 979 424 contemptum
1001 382 1133 414 clavium
1155 391 1217 414 non

480 431 716 473 celebraverint,
737 433 936 476 dispensandi
952 439 981 466 et
999 434 1035 467 ad
1050 434 1216 478 pristinum

479 489 594 516 statum
621 485 749 519 omnino
775 486 974 527 i·estituendi;

523 538 537 580 ἓ
562 538 613 570 II.
640 538 802 571 Praeterea
827 541 1011 573 collectores
1036 545 1065 573 et
1090 540 1215 573 subcol-

480 590 622 631 Iectores,
641 591 723 624 viros
741 592 848 636 utique
874 593 1033 636 providos,
1052 604 1086 626 ac
1107 593 1166 625 side
1188 598 1218 625 et

479 643 677 676 facultatibus
703 644 873 688 locupletes
890 651 919 678 et
941 646 1082 686 solertes,
1101 646 1131 678 in
1149 656 1217 678 om-

479 695 570 729 nihus
595 696 781 738 civitatibus,
808 699 900 731 terris
925 704 960 732 et.
978 698 1148 742 provinciis
1162 699 1218 730 Ita-

480 749 539 782 liae
564 756 593 782 et
618 750 789 783 insularum
815 752 857 783 iIIi
884 752 1092 784 adiacentium
1115 751 1218 784 huius-

480 803 574 843 modi,
596 808 749 847 quotquot
767 804 899 836 viderint
924 804 1074 848 expediri,
1092 815 1162 837 cum
1181 804 1218 836 si-

480 855 556 895 mili,
583 856 630 887 vel
655 856 795 896 limitata,
821 867 881 889 nou
905 860 1006 890 tamen
1024 857 1216 898 absolvendi,

479 913 631 951 potestate
667 909 897 949 constituendi3
923 920 1058 953 eumque
1083 910 1130 942 vel
1164 920 1217 943 eos

480 972 589 994 eorum
607 961 738 994 arbitrio
763 962 949 1002 revocandi;
975 963 1170 1006 negligentes
1187 969 1218 996 et

480 1025 623 1048 morosos
649 1016 843 1056 removendi,
868 1026 902 1048 ac
927 1016 1022 1048 alium
1057 1027 1112 1049 scu
1141 1017 1217 1050 alios

479 1068 669 1110 subrogandi
696 1069 956 1112 quotiescumque
980 1070 1024 1101 eis
1042 1069 1216 1110 videbitur;

479 1130 514 1152 ac
538 1121 576 1153 ab
602 1121 646 1153 eis
670 1131 844 1164 eorumque
869 1122 1057 1154 haeredibus
1094 1127 1123 1155 et
1148 1133 1218 1155 suc-

480 1175 656 1207 cessoribus
680 1175 959 1208 administrationis
991 1176 1129 1209 rationes
1154 1176 1217 1208 exi-

479 1228 587 1270 gendi;
613 1229 642 1260 in
668 1228 885 1272 delinquentes
910 1235 939 1261 et
964 1235 1134 1273 suspectos,
1160 1240 1217 1272 per

479 1291 521 1323 se,
548 1282 594 1313 vel
619 1282 725 1322 alium,
743 1293 797 1314 seu
818 1283 905 1323 alios,
924 1282 1016 1315 etiam
1035 1282 1217 1326 simpliciter

479 1340 509 1366 et
532 1334 569 1367 de
594 1335 707 1378 plano,
738 1346 773 1368 ac
806 1336 872 1368 sine
905 1335 1037 1379 strepitu
1061 1340 1092 1367 et
1115 1335 1217 1378 figura

480 1386 596 1429 iudicii,
623 1387 809 1430 inquirendi,
835 1393 864 1420 et
889 1388 1008 1420 meritis
1028 1388 1137 1431 poenis
1161 1399 1217 1431 pu-

480 1439 606 1479 niendi,
632 1440 741 1473 modos
777 1446 806 1473 et
844 1441 959 1473 formas
986 1441 1015 1473 in
1049 1441 1218 1485 praedictis

480 1492 649 1524 servandos
668 1493 917 1536 praescribendi3
935 1493 1029 1526 dubia
1048 1504 1218 1538 quaecum-

480 1556 539 1589 que
563 1546 594 1578 in
618 1548 799 1590 praemissis
829 1548 935 1580 forsan
960 1548 1080 1580 oritura
1109 1548 1216 1580 decla-

479 1599 584 1639 randi;
610 1611 645 1632 ac
670 1611 801 1644 prorsus
827 1601 932 1633 omnia
953 1604 982 1634 et
1001 1611 1218 1644 quaecumque

480 1653 563 1685 circa
581 1664 615 1685 ea
640 1655 815 1687 necessaria
829 1660 858 1687 et
872 1661 1050 1698 opportuna
1073 1655 1217 1696 faciendi,

479 1706 632 1739 statuendi
661 1712 691 1739 et
718 1707 903 1750 exequendi,
928 1708 1049 1741 etiamsi
1079 1708 1152 1740 talia
1177 1708 1219 1740 so-

480 1763 557 1801 rent,
573 1770 652 1803 quae
667 1760 845 1793 mandatum
861 1761 1022 1804 exigerent
1039 1762 1138 1804 magis
1152 1771 1219 1804 spe-

480 1812 567 1852 ciale,
591 1823 684 1856 quam
710 1814 928 1856 praesentibus
945 1820 991 1846 est
1015 1825 1218 1858 expressum;

479 1866 516 1896 ea
542 1871 644 1898 tamen
670 1866 850 1899 conditione
874 1867 1014 1909 adiecta,
1040 1867 1123 1910 quod
1152 1868 1217 1901 col-

480 1917 613 1951 lectores
636 1924 665 1951 et
689 1919 935 1952 subcollectores
956 1920 1131 1964 ‚deputandi
1164 1931 1219 1953 seu

480 1971 688 2004 substituendi
703 1972 893 2012 huiusmodi,
912 1983 969 2016 per
983 1973 1217 2017 deputationem

480 2034 534 2056 seu
553 2025 806 2058 substitutionem
825 2026 862 2058 de
884 2036 993 2059 eorum
1019 2027 1162 2070 personis
1187 2032 1220 2060 ut

480 2077 658 2120 praefertur
687 2078 880 2119 faciendam,
916 2080 1002 2112 nullo
1029 2080 1122 2113 modo
1147 2091 1219 2113 cen—

480 2134 606 2161 seantur
626 2129 761 2172 exempti
787 2140 803 2161 a
829 2130 984 2163 solutione
1009 2142 1059 2164 sex
1086 2131 1219 2165 decima-

481 2193 550 2214 rum
575 2182 818 2225 praedictarum,
844 2193 920 2226 quas
938 2184 1058 2217 ratione
1079 2185 1221 2218 ecclesia-

482 2245 563 2276 rum,
591 2235 853 2268 monasteriorum
869 2263 876 2277 ,
904 2236 1141 2277 beneficiorum,
1166 2248 1220 2271 seu

482 2288 667 2330 pensionum
705 2299 761 2332 per
786 2299 839 2322 eos
871 2289 1066 2323 obtentarum
1100 2291 1221 2324 solvere

484 2340 651 2373 debebunt.

527 2393 541 2436 ξ
566 2393 616 2426 1⁶2.
642 2395 709 2428 Non
737 2394 932 2428 obstantibus
957 2396 1025 2440 piae
1051 2397 1221 2430 memoriae

483 2447 667 2488 praesertim
694 2447 779 2480 Pauli
805 2448 843 2480 III
869 2459 904 2481 ac
917 2448 1063 2492 Gregorii
1085 2450 1134 2489 III,
1153 2451 1220 2493 qui-

483 2498 542 2529 bus
567 2498 646 2531 inter
670 2499 728 2531 alia
754 2505 895 2541 cavetur,
920 2502 1004 2545 quod
1030 2502 1134 2535 cleriei
1171 2513 1220 2535 re-

484 2550 608 2591 gulares
632 2552 793 2584 Societatis
818 2553 884 2585 Iesu
910 2555 1065 2587 solutione
1089 2555 1221 2588 decima-

1251 274 1294 306 Pii
1320 274 1341 306 V
1367 273 1532 307 duodecim
1569 274 1866 317 congregationibus
1892 286 1984 319 prae-

1251 327 1318 360 fatis
1343 338 1378 360 ex
1403 327 1494 360 titulo
1519 337 1653 369 oneroso
1683 338 1790 371 parem
1816 329 1985 372 exemptio-

1251 390 1320 412 nem
1342 380 1549 420 concedentis,
1567 385 1596 412 et
1613 380 1761 413 Bonisacii
1782 380 1857 421 VIII,
1875 381 1986 414 Roma-

1251 443 1364 465 norum
1383 433 1568 465 Pontificum
1594 433 1685 465 etiam
1708 433 1984 476 praedeeessorum

1250 492 1441 527 nostrorum,
1455 486 1493 519 de
1506 488 1577 526 una,
1591 491 1620 519 et
1637 487 1667 519 in
1685 486 1817 520 concilio
1835 487 1985 530 generalii

1251 539 1332 572 edita
1357 540 1394 572 de
1419 539 1541 573 duabus
1558 540 1657 582 dietis,
1676 545 1705 573 et
1726 541 1793 573 aliis
1807 540 1986 584 apostolicis

1251 592 1536 632 constitutionibus,
1554 602 1674 625 necnon
1693 593 1906 634 ecclesiarum,
1922 603 1987 627 mo-

1251 646 1470 686 nasteriorum,
1495 646 1703 690 prioratuum,
1728 646 1890 687 ordinum,
1914 656 1987 680 con-

1251 699 1481 741 gregationum,
1499 699 1718 742 hospitalium,
1750 699 1931 732 militiarum
1956 704 1987 732 et

1252 751 1392 784 locorum
1414 751 1659 794 praedictorum,
1676 752 1860 794 iuramento,
1875 751 1987 785 confir-

1252 805 1388 837 matione
1412 805 1602 849 apostoliea,
1628 805 1675 838 vel
1707 805 1815 849 quavis
1838 805 1987 838 firmitate

1252 858 1310 890 alia
1332 858 1498 898 roboratis,
1512 859 1633 891 statutis
1650 862 1679 892 et
1699 858 1986 900 consuetudinibus,

1251 911 1489 953 stabilimentis,
1514 911 1622 944 usibus
1653 917 1682 944 et
1713 912 1841 954 naturis,
1866 922 1988 945 necnon

1251 964 1412 1007 quibusvis
1436 964 1620 1008 privilegiis,
1645 964 1783 1005 indultis,
1808 965 1986 1008 exemptio-

1250 1017 1353 1057 nibus,
1378 1017 1469 1049 etiam
1496 1017 1526 1049 in
1552 1028 1685 1061 corpore
1706 1018 1782 1050 iuris
1797 1018 1920 1058 clausis,
1934 1017 1989 1050 im-

1252 1070 1466 1111 munitatibus‚
1480 1071 1591 1103 litteris
1603 1071 1792 1114 apostolicis,
1809 1070 1987 1112 Ordinibus,

1252 1124 1548 1166 congregationibus
1563 1151 1570 1164 ,
1596 1124 1713 1156 militiis
1729 1151 1736 1165 ,
1769 1124 1986 1167 monasteriis,

1251 1176 1465 1218 conventibus,
1484 1177 1681 1220 regularibus
1708 1177 1804 1218 Iocis,
1833 1177 1987 1222 capitulis,

1251 1229 1475 1272 dignitatibus,
1503 1230 1633 1273 aliisque
1658 1230 1819 1274 quibusvis
1844 1231 1988 1274 personis

1251 1283 1451 1326 supradictis,
1477 1287 1536 1316 tam
1563 1283 1756 1316 secularibus
1781 1294 1873 1327 quam
1898 1294 1989 1327 regu-

1251 1336 1390 1376 laribus,
1420 1336 1609 1378 generaliter
1633 1336 1681 1368 vel
1713 1337 1901 1380 specialiter,
1929 1337 1988 1370 sub

1251 1398 1451 1431 quacumque
1476 1389 1576 1421 forma
1608 1394 1637 1421 et
1660 1388 1830 1422 verborum
1863 1399 1989 1433 expres-

1251 1441 1348 1483 sione,
1364 1441 1402 1474 ab
1417 1441 1525 1474 endem
1541 1442 1629 1481 Sede,
1644 1442 1735 1474 etiam
1754 1453 1788 1475 ex
1807 1444 1900 1475 causa
1918 1452 1990 1476 con-

1252 1495 1387 1536 cordiae,
1413 1500 1465 1527 aut
1491 1495 1923 1537 remunerationislaborum,
1941 1496 1989 1528 vel

1253 1548 1342 1580 titulo
1367 1558 1512 1588 oneroso,
1537 1553 1590 1581 aut
1614 1548 1689 1581 alias
1714 1559 1749 1580 ex
1768 1549 1906 1592 qualibet
1928 1548 1989 1581 alia

1252 1603 1356 1642 causa,
1378 1602 1471 1634 etiam
1497 1602 1564 1635 hic'
1589 1612 1652 1635 non
1677 1604 1822 1646 expressa
1840 1606 1991 1636 etneces-

1252 1654 1335 1687 sario
1349 1655 1561 1698 exprimenda,
1579 1655 1745 1695 concessis,
1760 1654 1939 1698 approbatis
1959 1659 1990 1687 et

1253 1699 1420 1748 innovatis,
1435 1708 1549 1751 quibus
1565 1708 1722 1748 omnibus,
1740 1708 1860 1740 etiamsi
1874 1707 1912 1740 de
1930 1707 1990 1740 iIIis

1253 1771 1425 1804 eorumque
1450 1761 1522 1794 totis
1549 1760 1708 1795 tenoribus
1734 1760 1899 1804 specialis,
1925 1770 1991 1804 spe-

1253 1813 1351 1855 cifica,
1377 1823 1523 1856 expressa
1547 1817 1577 1847 et
1601 1813 1774 1855 individua,
1800 1823 1861 1846 non
1886 1818 1990 1846 autem

1253 1877 1309 1909 per
1334 1867 1488 1899 clausulas
1512 1867 1675 1909 generales
1705 1867 1786 1899 idem
1824 1867 1992 1910 importan-

1254 1925 1317 1959 tes,
1343 1920 1460 1953 mentio
1496 1930 1551 1952 seu
1582 1920 1709 1963 quaevis
1739 1920 1798 1952 alia
1830 1920 1991 1963 expressio

1254 1973 1398 2005 habenda
1423 1979 1476 2005 aut
1499 1973 1601 2017 aliqua
1626 1973 1685 2005 alia
1710 1973 1861 2017 exquisita
1888 1973 1990 2006 forma

1253 2026 1290 2059 ad
1316 2027 1376 2060 hoc
1396 2027 1549 2060 servanda
1566 2027 1655 2067 soret,
1670 2031 1794 2061 tenores
1810 2026 1991 2059 huiusmodi

1254 2090 1311 2122 pro
1335 2080 1426 2123 plene
1451 2085 1480 2112 et
1505 2080 1695 2112 sufficienter
1719 2079 1876 2123 expressis
1901 2084 1931 2112 et
1948 2079 1992 2111 in-

1254 2132 1344 2164 sertis
1365 2132 1524 2173 babentes,
1549 2132 1611 2165 illis
1635 2132 1710 2165 alias
1736 2133 1766 2165 in
1795 2143 1851 2166 suo
1875 2133 1991 2165 robore

1254 2185 1479 2228 permansuris,
1500 2185 1559 2218 bac
1585 2185 1652 2218 vice
1680 2185 1850 2226 dumtaxat,
1877 2185 1989 2218 harum

1254 2238 1334 2270 serie
1359 2238 1509 2271 latissime
1534 2244 1563 2271 et
1587 2238 1767 2282 plenissime
1787 2249 1823 2271 ac
1851 2238 1991 2281 speciali-

1254 2296 1302 2323 ter
1334 2296 1363 2324 et
1395 2302 1542 2334 expresse
1573 2291 1783 2334 derogamus;
1815 2292 1991 2335 ceterisque

1254 2345 1420 2378 contrariis
1445 2344 1713 2388 quibuscumque3

1298 2398 1313 2440 g
1338 2397 1389 2430 13.
1414 2397 1565 2441 Quodque
1585 2397 1608 2430 si
1629 2397 1775 2441 praelatis
1800 2402 1829 2430 et
1848 2397 1991 2441 personis

1254 2449 1441 2493 praedictis,
1467 2460 1642 2493 eorumque
1676 2450 1814 2483 ecclesiis
1839 2455 1868 2482 et
1892 2449 1990 2490 Iocis,

1292 2565 1301 2589 1
1328 2564 1395 2590 Edit.
1413 2564 1490 2590 Itlain.
1510 2564 1574 2598 legit
1590 2564 1657 2591 hinc
1673 2572 1721 2599 pro
1736 2565 1783 2591 hic
1799 2567 1836 2599 (n.
1852 2566 1900 2598 ππ).

2197 0 2221 123 i

1997 175 2044 202 An.
2065 175 2093 203 C.
2115 175 2177 204 1661
2196 146 2217 225 it
