2243 3205
4 167 8 183 ι
41 158 227 189 Λῃ.0.1660

96 751 125 782 Dp
129 757 176 776 roga
181 751 209 772 tio

30 780 185 799 contrariorum.

839 158 1024 183 ALssxANDEr.
1053 160 1093 182 vn
1118 160 1166 182 ΓΡ.

232 208 262 239 et
284 205 362 246 sore,
375 215 513 249 suosque
536 206 695 250 plenarios
719 211 749 239 et
767 206 906 249 integros
928 207 968 239 es-

229 258 328 291 sectus
351 259 459 292 sortiri
485 264 515 292 et
539 259 691 300 obtinere,
717 270 753 293 ac
777 259 815 292 ab
836 260 906 300 illis,
931 259 969 292 ad

228 322 306 355 quos
331 317 450 355 spectat
476 317 505 345 et
530 323 589 356 pro
622 318 765 356 tempore
796 312 968 356 spectabit,

227 365 410 408 plenissime
435 365 613 409 suffragari,
639 366 745 410 sicque
766 366 796 398 in
822 366 969 410 praemis-

226 417 268 451 sis
284 429 342 462 per
355 430 574 463 quoscumque
598 420 716 453 iudices
742 419 918 453 ordinarios
939 424 968 452 et

226 470 397 514 delegatos,
423 473 517 505 etiam
539 483 703 506 causarum
725 472 831 516 palatii
848 478 968 516 aposto-

225 523 276 558 lici
301 525 472 566 auditores,
490 526 623 559 iudicari
645 532 674 560 et
699 526 823 559 definiri
841 526 966 568 debere,

224 588 260 611 ac
284 578 409 612 irritum
435 584 465 612 et
489 579 599 620 inane,
625 580 650 612 si
685 590 775 613 secus
801 591 895 624 super
919 580 967 613 liis

224 640 242 662 a
266 642 437 675 quoquam,
461 632 571 675 quavis
595 633 801 673 auctoritate,
834 632 967 666 scienter

223 684 272 717 vel
296 684 489 727 ignoranter,
515 686 683 728 contigerit
707 685 861 718 attentari.

267 737 283 780 ξ
318 736 347 769 4.
379 737 448 771 Non
479 737 676 771 obstantibus
700 738 903 782 praemissis,
931 749 966 771 ac

223 789 500 823 constitutionibus
525 795 554 823 et
574 790 825 823 ordinationibus
845 796 966 834 aposto-

222 841 311 884 licis,
344 852 488 884 necnon,
513 848 666 887 quatenus
698 853 778 887 opus
814 843 874 884 sit,
900 843 964 887 qui-

221 894 328 927 busvis
342 922 349 935 ,
368 895 460 929 etiam
498 895 697 938 iuramento,
723 895 963 929 confirmatione

221 948 407 993 apostolica,
426 949 475 982 vel
497 950 606 993 quavis
621 949 771 982 firmitate
793 948 854 980 alia
871 948 962 982 robo-

220 1000 306 1042 ratis,
324 1001 448 1034 statutis
473 1007 502 1035 et
527 1001 818 1042 consuetudinibus,
834 1001 960 1045 privile-

219 1052 279 1095 giis
303 1063 439 1097 quoque,
465 1053 592 1087 indultis
607 1059 637 1087 et
650 1054 762 1087 litteris
779 1054 960 1098 apostolicis

219 1105 252 1138 in
276 1106 471 1139 contrarium
504 1107 754 1151 praemissorum
785 1107 960 1151 quomodo-

218 1158 295 1192 libet
319 1160 485 1201 concessis,
511 1160 705 1194 confirmatis
731 1165 761 1193 et
783 1161 958 1200 innovatis,

217 1212 332 1256 quibus
356 1213 504 1246 omnibus
529 1219 559 1246 et
583 1214 714 1257 singulis
729 1241 736 1254 ,
761 1214 887 1247 illorum
920 1219 960 1246 te-

216 1275 310 1299 nores
333 1266 552 1310 praesentibus
576 1278 634 1311 pro
651 1267 743 1311 plene
756 1273 786 1300 et
802 1267 959 1300 sufficien-

217 1323 265 1352 ter
296 1319 452 1363 expressis
483 1330 519 1353 ac
553 1319 591 1353 de
624 1320 721 1353 verbo
753 1320 791 1352 ad
827 1319 956 1352 verbum

216 1371 342 1405 insertis
366 1372 526 1413 habentes,
551 1373 612 1406 illis
632 1373 707 1406 alias
723 1373 753 1406 in
767 1384 824 1406 suo
842 1373 958 1406 robore

216 1425 445 1469 permansuris,
463 1426 502 1458 ad
526 1426 773 1470 praemissorum
800 1426 956 1467 effectum,

215 1479 275 1513 hac
293 1480 361 1513 vice
378 1480 548 1522 dumtaxat,
566 1481 742 1526 specialiter
764 1485 793 1515 et
809 1491 956 1526 expresse

215 1535 420 1579 derogamus;
442 1536 617 1581 ceterisque
637 1536 803 1570 contrariis
829 1536 957 1582 quibus-

215 1601 359 1635 cumque.

256 1646 370 1679 Datum
398 1647 529 1689 Romae,
563 1647 646 1691 apud
678 1647 706 1681 S.
732 1647 861 1680 Mariam
887 1648 951 1680 Ma—

212 1700 324 1741 iorem,
338 1699 397 1733 sub
414 1700 530 1734 annulo
548 1701 725 1741 Piscator-is,
739 1701 788 1734 die
811 1711 867 1734 xm
883 1712 954 1745 sep-

212 1754 342 1789 tembris
358 1765 472 1795 MDCLx,
486 1755 686 1799 pontificatus
699 1755 798 1789 nostri
813 1766 894 1789 anno
912 1766 953 1789 vl.

247 1817 308 1846 Dat:
323 1818 366 1846 die
385 1817 415 1846 13
430 1818 595 1854 septembris
616 1818 695 1853 1660,
712 1818 806 1854 pontis.
829 1826 899 1846 anno
916 1825 951 1846 vr.

511 2023 655 2057 CCCXIII.

209 2131 345 2166 Revocat
369 2135 397 2164 et
422 2130 569 2164 destituit
596 2134 730 2164 rectores
755 2130 951 2164 monialium

255 2184 555 2219 Carmelitanarum
572 2183 840 2218 Excalceatarum
858 2185 953 2227 requi

252 2238 426 2279 Francz'ae,
446 2249 483 2271 ac
506 2238 693 2281 fucultatem
718 2237 858 2271 concedit
883 2238 951 2270 sin-

252 2292 342 2337 qulz's
366 2293 573 2326 monasteriis
598 2292 742 2336 eliqendi
766 2293 830 2325 sibi
854 2303 951 2325 suum

252 2350 406 2380 rectorem
436 2356 492 2379 seu
515 2346 714 2389 superiorem
741 2345 949 2378 ordinarimn

253 2399 491 2439 immediatum,
512 2409 585 2432 cum
610 2398 743 2432 diversis
768 2398 949 2432 ordinatio-

252 2453 347 2487 nibus
360 2453 379 2485 ¹.

244 2552 255 2577 1
279 2550 316 2577 Ex
338 2550 444 2585 Regest.
466 2549 493 2576 in
514 2550 588 2576 Secr.
611 2549 686 2576 Brev.

309 2622 386 2651 Ball.
403 2622 484 2652 Rom.
500 2637 535 2644 —
555 2622 612 2651 Vol.
629 2622 703 2650 XVI.
852 2624 882 2651 77

1201 207 1365 235 Alexander
1393 209 1470 242 Papa
1489 209 1552 243 vn,

1125 250 1160 277 ad
1182 254 1357 285 perpetuam
1380 253 1425 279 rei
1445 253 1624 280 memoriam.

1048 312 1245 346 Sacrosancti
1271 315 1465 357 apostolatus
1486 315 1579 349 ossieii
1605 326 1680 348 eura
1704 316 1747 348 in-

1003 365 1164 398 scrutabili
1187 366 1309 400 divinae
1327 368 1541 410 providentiae
1560 379 1675 402 arcano
1692 369 1746 402 bu-

1004 418 1125 451 militati
1151 424 1277 452 nostrae
1303 420 1460 464 imposita,
1482 432 1543 464 qua
1567 422 1745 455 Catholicae

1003 472 1159 506 Ecclesiae
1184 483 1241 516 per
1271 473 1451 507 universum
1478 475 1587 509 orbem
1614 476 1745 509 diffusae

1002 526 1240 569 adstringimur,
1269 537 1326 561 nos
1352 528 1499 562 admonet
1519 533 1552 563 ut
1576 529 1659 563 circa
1684 535 1744 562 sta—

1003 584 1066 612 tum
1094 581 1356 613 monasteriorum
1383 587 1412 614 et
1437 582 1580 615 locorum
1612 583 1740 625 regula-

1001 632 1084 664 rium
1109 633 1315 676 quorumvis,
1340 637 1369 667 et
1394 635 1579 677 praesertim
1616 635 1742 667 illorum

1001 685 1032 716 in
1057 685 1173 729 quibus
1198 685 1368 729 prudentes
1398 686 1534 729 virgines
1559 693 1589 719 et
1613 687 1743 720 devotae

1002 737 1168 778 mulieres,
1198 738 1310 782 spretis
1346 738 1524 771 fallacibus·
1545 739 1652 771 mundi
1679 739 1739 771 hu-

1000 790 1047 823 ius
1071 791 1239 832 illecebris,
1269 791 1300 824 in
1328 802 1493 825 occursum
1523 793 1665 825 caelestis
1689 803 1741 826 eo-

998 854 1068 876 rum
1090 843 1201 888 Sponsi
1231 854 1289 888 per
1321 844 1402 877 viam
1433 845 1653 878 mandatorum
1675 845 1741 877 eius

997 896 1079 930 felici
1104 908 1198 930 cursu
1223 908 1398 941 properare
1423 898 1558 939 student,
1587 882 1741 942 prospere

997 948 1196 992 dirigendum
1217 961 1352 995 operose
1371 951 1499 995 iugique
1518 951 1679 993 vigilantia
1699 952 1741 983 in-

996 1002 1170 1045 tendamus,
1197 1008 1226 1037 et
1251 1004 1289 1036 ad
1315 1004 1367 1036 illa
1390 1014 1447 1048 per
1472 1014 1551 1048 quae
1572 1003 1739 1037 salubriori

996 1065 1103 1088 earum
1131 1056 1307 1098 directioni,
1326 1067 1597 1101 personarumque
1623 1057 1737 1098 ibidem

995 1108 1144 1141 Altissimi
1170 1109 1329 1153 obsequiis
1346 1116 1376 1143 et
1392 1110 1596 1154 beneplacitis
1616 1109 1735 1143 dicata-

995 1161 1083 1194 rum¹
1098 1162 1187 1194 saluti
1203 1168 1233 1195 et
1249 1163 1417 1206 religiosae
1432 1163 1648 1207 tranquillitati
1668 1174 1739 1196 con-

995 1213 1130 1255 sulitur,
1160 1216 1325 1258 pastoralis
1358 1216 1579 1249 sollicitudinis
1611 1221 1738 1249 nostrae

993 1273 1097 1309 partes
1116 1269 1305 1312 propensius
1321 1270 1551 1313 impartiamur,
1570 1274 1674 1312 prout,
1693 1280 1738 1301 re-

994 1332 1074 1363 rum,
1096 1322 1249 1363 locorum,
1272 1334 1479 1367 personarum
1506 1329 1536 1356 et
1556 1329 1736 1366 temporum

993 1375 1195 1418 qualitatibus
1215 1376 1320 1409 debite
1339 1377 1515 1420 perpensis,
1537 1376 1574 1409 ad
1595 1376 1737 1420 omnipo-

993 1428 1083 1462 tentis
1098 1429 1150 1462 Dei
1166 1430 1312 1471 gloriam,
1327 1430 1488 1473 religionis
1505 1430 1734 1463 incrementum

991 1487 1020 1513 et
1038 1482 1159 1514 felicem
1175 1493 1381 1526 progressum
1400 1483 1569 1516 salubriter
1586 1482 1733 1526 expedire

991 1535 1020 1567 in
1046 1536 1179 1569 Domino
1204 1537 1407 1571 arbitramur.

1035 1590 1177 1633 §issum
1188 1591 1306 1624 dudum
1322 1592 1420 1625 felicis
1434 1591 1661 1625 recordationis
1671 1591 1733 1624 Cle-

991 1654 1078 1677 mens
1097 1645 1177 1688 Papa
1194 1645 1270 1685 Ylll,
1291 1645 1515 1689 praedecessor
1533 1650 1650 1685 noster,
1675 1656 1732 1688 per

989 1699 1137 1742 quasdam
1161 1710 1232 1732 suas
1250 1700 1307 1731 sub
1325 1700 1466 1743 plumbo,
1484 1710 1565 1732 anno
1590 1700 1732 1732 lucarna-

990 1753 1081 1786 tionis
1100 1753 1278 1786 Dominicae
1296 1764 1405 1794 nocui,
1423 1753 1525 1786 idibus
1538 1754 1730 1793 novembris,

988 1807 1148 1850 expeditas
1161 1807 1290 1849 litteras,
1300 1807 1525 1840 monasterium
1540 1817 1621 1840 nunc
1633 1807 1732 1840 Incar-

987 1859 1122 1893 nationis
1135 1865 1349 1904 nuncupatum
1362 1861 1536 1893 Parisiense
1547 1861 1730 1893 monialium

988 1913 1112 1946 Ordinis
1138 1914 1248 1947 beatae
1272 1914 1385 1947 Mariae
1412 1914 1548 1957 Virginis
1572 1914 1611 1947 de
1628 1915 1731 1948 Monte

987 1967 1130 2001 Carmelo
1172 1968 1427 2001 Excalceatarum
1475 1973 1728 2012 nuncupatarum

987 2021 1044 2054 sub
1078 2021 1303 2055 reformatione
1337 2022 1365 2055 S.
1390 2021 1557 2054 Tberesiae
1589 2022 1729 2065 primum

987 2073 1135 2107 instituti²
1148 2075 1330 2108 huiusmodi
1346 2075 1376 2107 in
1390 2085 1489 2118 regno
1503 2075 1653 2108 Franciae
1670 2076 1728 2108 sub

986 2128 1080 2160 certis
1105 2128 1199 2161 modo
1215 2132 1244 2162 ct
1261 2129 1362 2162 forma
1385 2134 1457 2161 tunc
1482 2128 1640 2172 expressis
1659 2139 1728 2160 ere-

986 2181 1029 2214 xit
1053 2187 1083 2214 et.
1108 2182 1257 2222 instituit,
1278 2192 1313 2215 ac
1331 2182 1412 2214 idem
1440 2182 1665 2215 monasterium
1685 2182 1728 2214 sic

985 2241 1136 2276 erectum,
1162 2236 1292 2279 eiusque
1312 2236 1511 2276 abbatissam,
1529 2242 1726 2275 conventum,

986 2289 1146 2329 moniales,
1168 2294 1307 2323 rectores
1324 2295 1353 2322 et
1378 2289 1537 2329 officiales,
1556 2289 1726 2329 ministros,

984 2343 1154 2375 servientes
1180 2348 1209 2376 et
1233 2354 1394 2387 personas,
1412 2353 1532 2376 necnon
1555 2343 1637 2375 bona
1664 2343 1727 2375 uni—

985 2405 1083 2437 versa,
1109 2396 1146 2428 ab
1171 2397 1255 2429 omni
1277 2396 1508 2439 iurisdictione,
1528 2397 1725 2430 correctione

1018 2479 1030 2504 1
1051 2477 1117 2504 Male
1133 2477 1195 2505 edit.
1209 2477 1290 2504 Maiu.
1308 2477 1372 2512 legit
1387 2478 1532 2505 dictarum
1549 2485 1596 2526 pro
1613 2477 1725 2505 dicaea-

984 2530 1051 2550 rum
1065 2524 1104 2555 (n.
1123 2522 1170 2554 τ.).

1019 2566 1034 2592 ⁶2
1055 2566 1154 2593 Forsan
1166 2567 1261 2601 primi
1277 2566 1405 2595 instituti
1422 2568 1461 2601 (u.
1479 2567 1526 2600 T.).

1660 151 1723 186 609
1769 161 1817 188 An.
1835 162 1862 188 c.
1886 163 1952 190 1660

1797 330 1849 349 l'roo
1861 335 1944 351 ennium.

1768 1604 1880 1625 Decretum
1890 1605 1935 1627 Cte-

1748 1632 1822 1652 mentis
1839 1632 1891 1653 ΥΙΙΙΔ
