<?xml version="1.0" encoding="UTF-8"?>
<!DOCTYPE html PUBLIC "-//W3C//DTD XHTML 1.0 Transitional//EN"
    "http://www.w3.org/TR/xhtml1/DTD/xhtml1-transitional.dtd">
<html xmlns="http://www.w3.org/1999/xhtml" xml:lang="en" lang="en">
 <head>
  <title>
</title>
<meta http-equiv="Content-Type" content="text/html;charset=utf-8" />
  <meta name='ocr-system' content='tesseract 3.04.00' />
  <meta name='ocr-capabilities' content='ocr_page ocr_carea ocr_par ocr_line ocrx_word'/>
</head>
<body>
  <div class='ocr_page' id='page_1' title='image "./bullarumdiplomat16cath_0602.png"; bbox 0 0 2243 3205; ppageno 0'>
   <div class='ocr_carea' id='block_1_1' title="bbox 291 189 582 227">
    <p class='ocr_par' dir='ltr' id='par_1_1' title="bbox 291 189 582 227">
     <span class='ocr_line' id='line_1_1' title="bbox 291 189 582 227; baseline -0.007 -3"><span class='ocrx_word' id='word_1_1' title='bbox 291 198 340 224; x_wconf 80' lang='grc' dir='ltr'>Λη.</span> <span class='ocrx_word' id='word_1_2' title='bbox 357 198 384 225; x_wconf 92' lang='lat' dir='ltr'>c.</span> <span class='ocrx_word' id='word_1_3' title='bbox 408 199 474 227; x_wconf 77' lang='lat'>1660</span> <span class='ocrx_word' id='word_1_4' title='bbox 520 189 582 223; x_wconf 79' lang='lat'>568</span> 
     </span>
    </p>
   </div>
   <div class='ocr_carea' id='block_1_2' title="bbox 1521 434 1730 439">
    <p class='ocr_par' dir='ltr' id='par_1_2' title="bbox 1521 434 1730 439">
     <span class='ocr_line' id='line_1_2' title="bbox 1521 434 1730 439; baseline 0 0"><span class='ocrx_word' id='word_1_5' title='bbox 1521 434 1730 439; x_wconf 95' lang='lat' dir='ltr'> </span> 
     </span>
    </p>
   </div>
   <div class='ocr_carea' id='block_1_3' title="bbox 290 193 2190 504">
    <p class='ocr_par' dir='ltr' id='par_1_3' title="bbox 290 193 2190 504">
     <span class='ocr_line' id='line_1_3' title="bbox 1062 193 2190 243; baseline 0.013 -17"><span class='ocrx_word' id='word_1_6' title='bbox 1062 193 1245 236; x_wconf 66' lang='lat' dir='ltr'>[BULLAMUM</span> <span class='ocrx_word' id='word_1_7' title='bbox 1270 205 1423 230; x_wconf 74' lang='lat' dir='ltr'>ROMANUM</span> <span class='ocrx_word' id='word_1_8' title='bbox 2011 213 2058 239; x_wconf 82' lang='lat' dir='ltr'>An.</span> <span class='ocrx_word' id='word_1_9' title='bbox 2075 213 2102 240; x_wconf 87' lang='lat' dir='ltr'>e.</span> <span class='ocrx_word' id='word_1_10' title='bbox 2124 214 2190 243; x_wconf 77' lang='lat'><strong>1660</strong></span> 
     </span>
     <span class='ocr_line' id='line_1_4' title="bbox 489 248 1996 300; baseline 0.01 -22"><span class='ocrx_word' id='word_1_11' title='bbox 489 257 597 280; x_wconf 88' lang='lat' dir='ltr'>omnes</span> <span class='ocrx_word' id='word_1_12' title='bbox 615 257 685 280; x_wconf 92' lang='lat' dir='ltr'>cum</span> <span class='ocrx_word' id='word_1_13' title='bbox 703 248 882 292; x_wconf 84' lang='lat' dir='ltr'>praeposito</span> <span class='ocrx_word' id='word_1_14' title='bbox 904 250 1042 292; x_wconf 85' lang='lat' dir='ltr'>generali</span> <span class='ocrx_word' id='word_1_15' title='bbox 1067 252 1224 286; x_wconf 75' lang='lat' dir='ltr'>resideant</span> <span class='ocrx_word' id='word_1_16' title='bbox 1258 253 1420 295; x_wconf 86' lang='lat' dir='ltr'>dioecesis,</span> <span class='ocrx_word' id='word_1_17' title='bbox 1435 254 1491 287; x_wconf 90' lang='lat' dir='ltr'>sub</span> <span class='ocrx_word' id='word_1_18' title='bbox 1505 256 1619 289; x_wconf 87' lang='lat' dir='ltr'>annulo</span> <span class='ocrx_word' id='word_1_19' title='bbox 1635 256 1810 300; x_wconf 78' lang='lat' dir='ltr'>piscatoris,</span> <span class='ocrx_word' id='word_1_20' title='bbox 1830 259 1880 292; x_wconf 89' lang='lat' dir='ltr'>die</span> <span class='ocrx_word' id='word_1_21' title='bbox 1894 269 1996 294; x_wconf 85' lang='lat' dir='ltr'>xxvm</span> 
     </span>
     <span class='ocr_line' id='line_1_5' title="bbox 490 298 1994 351; baseline 0.009 -20"><span class='ocrx_word' id='word_1_22' title='bbox 490 299 520 331; x_wconf 91' lang='lat' dir='ltr'>in</span> <span class='ocrx_word' id='word_1_23' title='bbox 538 298 631 332; x_wconf 91' lang='lat' dir='ltr'>domo</span> <span class='ocrx_word' id='word_1_24' title='bbox 649 300 677 333; x_wconf 89' lang='lat' dir='ltr'>S.</span> <span class='ocrx_word' id='word_1_25' title='bbox 697 300 892 334; x_wconf 75' lang='lat' dir='ltr'>pantaleonis</span> <span class='ocrx_word' id='word_1_26' title='bbox 906 302 944 334; x_wconf 90' lang='lat' dir='ltr'>de</span> <span class='ocrx_word' id='word_1_27' title='bbox 962 303 1054 336; x_wconf 84' lang='lat' dir='ltr'>Urbe.</span> <span class='ocrx_word' id='word_1_28' title='bbox 1258 306 1365 349; x_wconf 80' lang='lat' dir='ltr'>aprilis</span> <span class='ocrx_word' id='word_1_29' title='bbox 1388 317 1502 347; x_wconf 77' lang='lat' dir='ltr'>MDCLX,</span> <span class='ocrx_word' id='word_1_30' title='bbox 1519 308 1718 351; x_wconf 73' lang='lat' dir='ltr'>pontificatus</span> <span class='ocrx_word' id='word_1_31' title='bbox 1738 311 1836 343; x_wconf 87' lang='lat' dir='ltr'>nostri</span> <span class='ocrx_word' id='word_1_32' title='bbox 1854 322 1935 345; x_wconf 88' lang='lat' dir='ltr'>anno</span> <span class='ocrx_word' id='word_1_33' title='bbox 1953 323 1994 346; x_wconf 82' lang='lat' dir='ltr'>v1.</span> 
     </span>
     <span class='ocr_line' id='line_1_6' title="bbox 311 352 1852 406; baseline 0.011 -25"><span class='ocrx_word' id='word_1_34' title='bbox 311 366 472 398; x_wconf 54' lang='lat' dir='ltr'>1.1³[.i.,‹1,„.i,.1.</span> <span class='ocrx_word' id='word_1_35' title='bbox 533 352 547 395; x_wconf 63' lang='lat' dir='ltr'>g</span> <span class='ocrx_word' id='word_1_36' title='bbox 571 352 599 385; x_wconf 66' lang='grc' dir='ltr'>Ξ.</span> <span class='ocrx_word' id='word_1_37' title='bbox 619 352 782 386; x_wconf 85' lang='lat' dir='ltr'>Praeterea</span> <span class='ocrx_word' id='word_1_38' title='bbox 803 354 947 389; x_wconf 88' lang='lat' dir='ltr'>inviolate</span> <span class='ocrx_word' id='word_1_39' title='bbox 967 357 1083 389; x_wconf 88' lang='lat' dir='ltr'>servari</span> <span class='ocrx_word' id='word_1_40' title='bbox 1109 358 1224 401; x_wconf 86' lang='lat' dir='ltr'>praeci-</span> <span class='ocrx_word' id='word_1_41' title='bbox 1293 367 1351 394; x_wconf 77' lang='lat' dir='ltr'>Dat.</span> <span class='ocrx_word' id='word_1_42' title='bbox 1368 368 1400 395; x_wconf 68' lang='lat'>328</span> <span class='ocrx_word' id='word_1_43' title='bbox 1415 369 1508 404; x_wconf 76' lang='lat' dir='ltr'>aprilis</span> <span class='ocrx_word' id='word_1_44' title='bbox 1527 370 1602 404; x_wconf 78' lang='lat'>1660,</span> <span class='ocrx_word' id='word_1_45' title='bbox 1618 370 1712 406; x_wconf 85' lang='lat' dir='ltr'>pontif.</span> <span class='ocrx_word' id='word_1_46' title='bbox 1729 379 1801 399; x_wconf 85' lang='lat' dir='ltr'>anno</span> <span class='ocrx_word' id='word_1_47' title='bbox 1816 379 1852 398; x_wconf 79' lang='lat' dir='ltr'>vi.</span> 
     </span>
     <span class='ocr_line' id='line_1_7' title="bbox 290 392 1223 452; baseline 0.009 -17"><span class='ocrx_word' id='word_1_48' title='bbox 290 392 474 440; x_wconf 55' lang='lat' dir='ltr'>{2¹0&#39;„.s⁸‘&#39;¹&#39;⁵³0‘f‘}2‡&#39;1</span> <span class='ocrx_word' id='word_1_49' title='bbox 488 404 592 448; x_wconf 83' lang='lat' dir='ltr'>pimus</span> <span class='ocrx_word' id='word_1_50' title='bbox 611 405 768 439; x_wconf 78' lang='lat' dir='ltr'>laudabile</span> <span class='ocrx_word' id='word_1_51' title='bbox 788 406 888 441; x_wconf 90' lang='lat' dir='ltr'>dictae</span> <span class='ocrx_word' id='word_1_52' title='bbox 905 408 1164 452; x_wconf 84' lang='lat' dir='ltr'>Congregationis</span> <span class='ocrx_word' id='word_1_53' title='bbox 1181 410 1223 442; x_wconf 90' lang='lat' dir='ltr'>in-</span> 
     </span>
     <span class='ocr_line' id='line_1_8' title="bbox 291 446 1222 504; baseline 0.01 -17"><span class='ocrx_word' id='word_1_54' title='bbox 291 446 340 467; x_wconf 71' lang='lat'>&#39;¹¹¹&#39;&#39;</span> <span class='ocrx_word' id='word_1_55' title='bbox 486 457 628 490; x_wconf 90' lang='lat' dir='ltr'>stitutum</span> <span class='ocrx_word' id='word_1_56' title='bbox 647 485 654 499; x_wconf 92' lang='lat'><em>‚</em></span> <span class='ocrx_word' id='word_1_57' title='bbox 686 460 854 504; x_wconf 81' lang='lat' dir='ltr'>praecipue</span> <span class='ocrx_word' id='word_1_58' title='bbox 890 461 920 494; x_wconf 91' lang='lat' dir='ltr'>in</span> <span class='ocrx_word' id='word_1_59' title='bbox 959 472 1016 495; x_wconf 92' lang='lat' dir='ltr'>usu</span> <span class='ocrx_word' id='word_1_60' title='bbox 1051 463 1222 496; x_wconf 79' lang='lat' dir='ltr'>associandi</span> 
     </span>
    </p>
   </div>
   <div class='ocr_carea' id='block_1_4' title="bbox 266 1482 428 1503">
    <p class='ocr_par' dir='ltr' id='par_1_4' title="bbox 266 1482 428 1503">
     <span class='ocr_line' id='line_1_9' title="bbox 266 1482 428 1503; baseline 0.006 -1"><span class='ocrx_word' id='word_1_61' title='bbox 266 1489 269 1492; x_wconf 69' lang='lat'><strong>⁴</strong></span> <span class='ocrx_word' id='word_1_62' title='bbox 310 1482 428 1503; x_wconf 55' lang='lat' dir='ltr'>Clausulas.</span> 
     </span>
    </p>
   </div>
   <div class='ocr_carea' id='block_1_5' title="bbox 280 1747 465 1800">
    <p class='ocr_par' dir='ltr' id='par_1_5' title="bbox 280 1747 465 1800">
     <span class='ocr_line' id='line_1_10' title="bbox 310 1747 465 1769; baseline 0.013 -2"><span class='ocrx_word' id='word_1_63' title='bbox 310 1747 465 1769; x_wconf 75' lang='lat' dir='ltr'>Contrariorum</span> 
     </span>
     <span class='ocr_line' id='line_1_11' title="bbox 280 1774 399 1800; baseline -0.008 -5"><span class='ocrx_word' id='word_1_64' title='bbox 280 1774 399 1800; x_wconf 69' lang='grc' dir='ltr'>ἀεῐοςαιω.</span> 
     </span>
    </p>
   </div>
   <div class='ocr_carea' id='block_1_6' title="bbox 282 2332 463 2380">
    <p class='ocr_par' dir='ltr' id='par_1_6' title="bbox 282 2332 463 2380">
     <span class='ocr_line' id='line_1_12' title="bbox 315 2332 463 2359; baseline 0.007 -7"><span class='ocrx_word' id='word_1_65' title='bbox 315 2332 463 2359; x_wconf 82' lang='lat' dir='ltr'>Transumpto-</span> 
     </span>
     <span class='ocr_line' id='line_1_13' title="bbox 282 2359 399 2380; baseline -0.009 -1"><span class='ocrx_word' id='word_1_66' title='bbox 282 2365 325 2380; x_wconf 84' lang='lat' dir='ltr'>rurn</span> <span class='ocrx_word' id='word_1_67' title='bbox 341 2359 399 2379; x_wconf 57' lang='lat' dir='ltr'>fialas.</span> 
     </span>
    </p>
   </div>
   <div class='ocr_carea' id='block_1_7' title="bbox 485 513 1223 611">
    <p class='ocr_par' dir='ltr' id='par_1_7' title="bbox 485 513 1223 611">
     <span class='ocr_line' id='line_1_14' title="bbox 486 513 1223 556; baseline 0.009 -14"><span class='ocrx_word' id='word_1_68' title='bbox 486 520 640 554; x_wconf 80' lang='lat' dir='ltr'>pauperes</span> <span class='ocrx_word' id='word_1_69' title='bbox 659 522 776 555; x_wconf 91' lang='lat' dir='ltr'>pueros</span> <span class='ocrx_word' id='word_1_70' title='bbox 800 513 837 546; x_wconf 89' lang='lat' dir='ltr'>ad</span> <span class='ocrx_word' id='word_1_71' title='bbox 863 524 972 547; x_wconf 93' lang='lat' dir='ltr'>eorum</span> <span class='ocrx_word' id='word_1_72' title='bbox 994 515 1120 556; x_wconf 89' lang='lat' dir='ltr'>domos,</span> <span class='ocrx_word' id='word_1_73' title='bbox 1145 515 1223 549; x_wconf 85' lang='lat' dir='ltr'>desc-</span> 
     </span>
     <span class='ocr_line' id='line_1_15' title="bbox 485 563 1223 611; baseline 0.009 -17"><span class='ocrx_word' id='word_1_74' title='bbox 485 563 575 595; x_wconf 88' lang='lat' dir='ltr'>rendi</span> <span class='ocrx_word' id='word_1_75' title='bbox 590 563 729 596; x_wconf 88' lang='lat' dir='ltr'>habitum</span> <span class='ocrx_word' id='word_1_76' title='bbox 745 566 901 608; x_wconf 73' lang='lat' dir='ltr'>qualitatis</span> <span class='ocrx_word' id='word_1_77' title='bbox 918 570 947 600; x_wconf 88' lang='lat' dir='ltr'>et</span> <span class='ocrx_word' id='word_1_78' title='bbox 967 567 1085 600; x_wconf 78' lang='lat' dir='ltr'>formae</span> <span class='ocrx_word' id='word_1_79' title='bbox 1102 578 1119 600; x_wconf 93' lang='lat' dir='ltr'>a</span> <span class='ocrx_word' id='word_1_80' title='bbox 1135 578 1223 611; x_wconf 90' lang='lat' dir='ltr'>prae-</span> 
     </span>
    </p>
   </div>
   <div class='ocr_carea' id='block_1_8' title="bbox 477 614 1221 2643">
    <p class='ocr_par' dir='ltr' id='par_1_8' title="bbox 481 614 1221 1088">
     <span class='ocr_line' id='line_1_16' title="bbox 486 614 1221 664; baseline 0.01 -17"><span class='ocrx_word' id='word_1_81' title='bbox 486 614 576 648; x_wconf 90' lang='lat' dir='ltr'>dictis</span> <span class='ocrx_word' id='word_1_82' title='bbox 594 616 867 652; x_wconf 81' lang='lat' dir='ltr'>constitutionibus</span> <span class='ocrx_word' id='word_1_83' title='bbox 884 620 1113 664; x_wconf 78' lang='lat' dir='ltr'>praescriptae,</span> <span class='ocrx_word' id='word_1_84' title='bbox 1139 621 1221 654; x_wconf 88' lang='lat' dir='ltr'>ince-</span> 
     </span>
     <span class='ocr_line' id='line_1_17' title="bbox 485 667 1221 717; baseline 0.008 -17"><span class='ocrx_word' id='word_1_85' title='bbox 485 667 578 701; x_wconf 88' lang='lat' dir='ltr'>dendi</span> <span class='ocrx_word' id='word_1_86' title='bbox 602 669 734 713; x_wconf 88' lang='lat' dir='ltr'>pedibus</span> <span class='ocrx_word' id='word_1_87' title='bbox 758 670 961 715; x_wconf 81' lang='lat' dir='ltr'>discalceatis,</span> <span class='ocrx_word' id='word_1_88' title='bbox 988 673 1158 717; x_wconf 85' lang='lat' dir='ltr'>recipiendi</span> <span class='ocrx_word' id='word_1_89' title='bbox 1184 673 1221 706; x_wconf 91' lang='lat' dir='ltr'>ad</span> 
     </span>
     <span class='ocr_line' id='line_1_18' title="bbox 485 721 1220 769; baseline 0.007 -16"><span class='ocrx_word' id='word_1_90' title='bbox 485 721 607 755; x_wconf 85' lang='lat' dir='ltr'>scholas</span> <span class='ocrx_word' id='word_1_91' title='bbox 626 733 742 766; x_wconf 89' lang='lat' dir='ltr'>pueros</span> <span class='ocrx_word' id='word_1_92' title='bbox 766 730 854 768; x_wconf 90' lang='lat' dir='ltr'>aptos</span> <span class='ocrx_word' id='word_1_93' title='bbox 874 725 912 757; x_wconf 93' lang='lat' dir='ltr'>ad</span> <span class='ocrx_word' id='word_1_94' title='bbox 937 725 1041 769; x_wconf 88' lang='lat' dir='ltr'>prima</span> <span class='ocrx_word' id='word_1_95' title='bbox 1059 726 1220 767; x_wconf 87' lang='lat' dir='ltr'>elementa,</span> 
     </span>
     <span class='ocr_line' id='line_1_19' title="bbox 483 775 1221 813; baseline 0.007 -6"><span class='ocrx_word' id='word_1_96' title='bbox 483 775 651 808; x_wconf 89' lang='lat' dir='ltr'>adhibendi</span> <span class='ocrx_word' id='word_1_97' title='bbox 668 777 797 811; x_wconf 89' lang='lat' dir='ltr'>lectulos</span> <span class='ocrx_word' id='word_1_98' title='bbox 814 778 852 811; x_wconf 90' lang='lat' dir='ltr'>ad</span> <span class='ocrx_word' id='word_1_99' title='bbox 871 779 1004 811; x_wconf 84' lang='lat' dir='ltr'>sormam</span> <span class='ocrx_word' id='word_1_100' title='bbox 1030 779 1221 813; x_wconf 88' lang='lat' dir='ltr'>constitutio-</span> 
     </span>
     <span class='ocr_line' id='line_1_20' title="bbox 483 829 1220 876; baseline 0.007 -15"><span class='ocrx_word' id='word_1_101' title='bbox 483 839 570 870; x_wconf 87' lang='lat' dir='ltr'>num,</span> <span class='ocrx_word' id='word_1_102' title='bbox 585 829 808 864; x_wconf 86' lang='lat' dir='ltr'>denominandi</span> <span class='ocrx_word' id='word_1_103' title='bbox 825 842 976 876; x_wconf 90' lang='lat' dir='ltr'>personas</span> <span class='ocrx_word' id='word_1_104' title='bbox 993 832 1132 865; x_wconf 88' lang='lat' dir='ltr'>eiusdem</span> <span class='ocrx_word' id='word_1_105' title='bbox 1146 833 1220 866; x_wconf 88' lang='lat' dir='ltr'>Con-</span> 
     </span>
     <span class='ocr_line' id='line_1_21' title="bbox 482 881 1219 927; baseline 0.005 -13"><span class='ocrx_word' id='word_1_106' title='bbox 482 881 674 925; x_wconf 85' lang='lat' dir='ltr'>gregationis</span> <span class='ocrx_word' id='word_1_107' title='bbox 698 893 761 916; x_wconf 92' lang='lat' dir='ltr'>non</span> <span class='ocrx_word' id='word_1_108' title='bbox 785 894 821 917; x_wconf 83' lang='lat' dir='ltr'>ex</span> <span class='ocrx_word' id='word_1_109' title='bbox 846 885 1034 927; x_wconf 79' lang='lat' dir='ltr'>cognomine</span> <span class='ocrx_word' id='word_1_110' title='bbox 1065 885 1219 927; x_wconf 88' lang='lat' dir='ltr'>gentilitio</span> 
     </span>
     <span class='ocr_line' id='line_1_22' title="bbox 483 934 1218 979; baseline 0.005 -12"><span class='ocrx_word' id='word_1_111' title='bbox 483 934 537 967; x_wconf 90' lang='lat' dir='ltr'>sed</span> <span class='ocrx_word' id='word_1_112' title='bbox 557 945 593 968; x_wconf 87' lang='lat' dir='ltr'>ex</span> <span class='ocrx_word' id='word_1_113' title='bbox 607 936 733 970; x_wconf 90' lang='lat' dir='ltr'>nomine</span> <span class='ocrx_word' id='word_1_114' title='bbox 754 937 886 971; x_wconf 88' lang='lat' dir='ltr'>alicuius</span> <span class='ocrx_word' id='word_1_115' title='bbox 908 938 1021 979; x_wconf 81' lang='lat' dir='ltr'>Sancti,</span> <span class='ocrx_word' id='word_1_116' title='bbox 1039 948 1074 971; x_wconf 91' lang='lat' dir='ltr'>ac</span> <span class='ocrx_word' id='word_1_117' title='bbox 1091 938 1218 971; x_wconf 91' lang='lat' dir='ltr'>demum</span> 
     </span>
     <span class='ocr_line' id='line_1_23' title="bbox 482 989 1217 1035; baseline 0.007 -15"><span class='ocrx_word' id='word_1_118' title='bbox 482 989 626 1021; x_wconf 87' lang='lat' dir='ltr'>servandi</span> <span class='ocrx_word' id='word_1_119' title='bbox 657 990 749 1023; x_wconf 91' lang='lat' dir='ltr'>etiam</span> <span class='ocrx_word' id='word_1_120' title='bbox 782 991 813 1023; x_wconf 93' lang='lat' dir='ltr'>in</span> <span class='ocrx_word' id='word_1_121' title='bbox 842 991 952 1025; x_wconf 90' lang='lat' dir='ltr'>itinere</span> <span class='ocrx_word' id='word_1_122' title='bbox 981 997 1217 1035; x_wconf 82' lang='lat' dir='ltr'>paupertatem,</span> 
     </span>
     <span class='ocr_line' id='line_1_24' title="bbox 481 1043 1216 1088; baseline 0.005 -14"><span class='ocrx_word' id='word_1_123' title='bbox 481 1051 574 1085; x_wconf 87' lang='lat' dir='ltr'>quam</span> <span class='ocrx_word' id='word_1_124' title='bbox 596 1043 732 1086; x_wconf 88' lang='lat' dir='ltr'>operarii</span> <span class='ocrx_word' id='word_1_125' title='bbox 759 1043 852 1076; x_wconf 90' lang='lat' dir='ltr'>huius</span> <span class='ocrx_word' id='word_1_126' title='bbox 869 1044 999 1078; x_wconf 89' lang='lat' dir='ltr'>instituti</span> <span class='ocrx_word' id='word_1_127' title='bbox 1018 1044 1216 1088; x_wconf 85' lang='lat' dir='ltr'>profitentur.</span> 
     </span>
    </p>

    <p class='ocr_par' dir='ltr' id='par_1_9' title="bbox 479 1094 1218 1462">
     <span class='ocr_line' id='line_1_25' title="bbox 524 1094 1218 1138; baseline 0.004 -10"><span class='ocrx_word' id='word_1_128' title='bbox 524 1094 540 1138; x_wconf 74' lang='lat'><strong>§</strong></span> <span class='ocrx_word' id='word_1_129' title='bbox 563 1094 593 1128; x_wconf 82' lang='lat'>3.</span> <span class='ocrx_word' id='word_1_130' title='bbox 620 1096 652 1128; x_wconf 92' lang='lat' dir='ltr'>In</span> <span class='ocrx_word' id='word_1_131' title='bbox 677 1097 790 1129; x_wconf 88' lang='lat' dir='ltr'>ceteris</span> <span class='ocrx_word' id='word_1_132' title='bbox 824 1107 898 1130; x_wconf 83' lang='lat' dir='ltr'>vero</span> <span class='ocrx_word' id='word_1_133' title='bbox 929 1098 1047 1130; x_wconf 86' lang='lat' dir='ltr'>servari</span> <span class='ocrx_word' id='word_1_134' title='bbox 1074 1098 1218 1131; x_wconf 88' lang='lat' dir='ltr'>iubemus</span> 
     </span>
     <span class='ocr_line' id='line_1_26' title="bbox 479 1148 1217 1194; baseline 0.005 -14"><span class='ocrx_word' id='word_1_135' title='bbox 479 1148 622 1191; x_wconf 89' lang='lat' dir='ltr'>antiquas</span> <span class='ocrx_word' id='word_1_136' title='bbox 641 1150 878 1183; x_wconf 86' lang='lat' dir='ltr'>constitutiones</span> <span class='ocrx_word' id='word_1_137' title='bbox 892 1151 1150 1194; x_wconf 85' lang='lat' dir='ltr'>Congregationis</span> <span class='ocrx_word' id='word_1_138' title='bbox 1163 1151 1217 1184; x_wconf 90' lang='lat' dir='ltr'>hu-</span> 
     </span>
     <span class='ocr_line' id='line_1_27' title="bbox 480 1200 1218 1247; baseline 0.005 -14"><span class='ocrx_word' id='word_1_139' title='bbox 480 1200 616 1234; x_wconf 90' lang='lat' dir='ltr'>iusmodi</span> <span class='ocrx_word' id='word_1_140' title='bbox 641 1213 712 1235; x_wconf 90' lang='lat' dir='ltr'>cum</span> <span class='ocrx_word' id='word_1_141' title='bbox 738 1203 883 1236; x_wconf 91' lang='lat' dir='ltr'>omnibus</span> <span class='ocrx_word' id='word_1_142' title='bbox 907 1204 1026 1247; x_wconf 88' lang='lat' dir='ltr'>gratiis,</span> <span class='ocrx_word' id='word_1_143' title='bbox 1045 1204 1171 1237; x_wconf 88' lang='lat' dir='ltr'>indultis</span> <span class='ocrx_word' id='word_1_144' title='bbox 1188 1210 1218 1237; x_wconf 89' lang='lat' dir='ltr'>et</span> 
     </span>
     <span class='ocr_line' id='line_1_28' title="bbox 479 1254 1218 1301; baseline 0.007 -15"><span class='ocrx_word' id='word_1_145' title='bbox 479 1254 653 1298; x_wconf 85' lang='lat' dir='ltr'>privilegiis</span> <span class='ocrx_word' id='word_1_146' title='bbox 677 1266 695 1288; x_wconf 87' lang='lat' dir='ltr'>a</span> <span class='ocrx_word' id='word_1_147' title='bbox 719 1256 797 1289; x_wconf 85' lang='lat' dir='ltr'>Sede</span> <span class='ocrx_word' id='word_1_148' title='bbox 820 1258 997 1301; x_wconf 78' lang='lat' dir='ltr'>Apostolica</span> <span class='ocrx_word' id='word_1_149' title='bbox 1022 1258 1121 1291; x_wconf 90' lang='lat' dir='ltr'>eidem</span> <span class='ocrx_word' id='word_1_150' title='bbox 1148 1268 1218 1291; x_wconf 89' lang='lat' dir='ltr'>con-</span> 
     </span>
     <span class='ocr_line' id='line_1_29' title="bbox 481 1307 1217 1356; baseline 0.007 -16"><span class='ocrx_word' id='word_1_151' title='bbox 481 1307 593 1349; x_wconf 87' lang='lat' dir='ltr'>cessis;</span> <span class='ocrx_word' id='word_1_152' title='bbox 619 1309 649 1342; x_wconf 90' lang='lat' dir='ltr'>in</span> <span class='ocrx_word' id='word_1_153' title='bbox 670 1310 706 1343; x_wconf 90' lang='lat' dir='ltr'>iis</span> <span class='ocrx_word' id='word_1_154' title='bbox 724 1316 827 1344; x_wconf 91' lang='lat' dir='ltr'>tamen</span> <span class='ocrx_word' id='word_1_155' title='bbox 843 1322 922 1355; x_wconf 89' lang='lat' dir='ltr'>quae</span> <span class='ocrx_word' id='word_1_156' title='bbox 940 1316 1084 1356; x_wconf 89' lang='lat' dir='ltr'>aptantur</span> <span class='ocrx_word' id='word_1_157' title='bbox 1101 1317 1131 1345; x_wconf 88' lang='lat' dir='ltr'>et</span> <span class='ocrx_word' id='word_1_158' title='bbox 1148 1322 1217 1345; x_wconf 91' lang='lat' dir='ltr'>con-</span> 
     </span>
     <span class='ocr_line' id='line_1_30' title="bbox 479 1363 1217 1409; baseline 0.007 -15"><span class='ocrx_word' id='word_1_159' title='bbox 479 1367 596 1404; x_wconf 83' lang='lat' dir='ltr'>gruunt</span> <span class='ocrx_word' id='word_1_160' title='bbox 620 1363 712 1396; x_wconf 90' lang='lat' dir='ltr'>statui</span> <span class='ocrx_word' id='word_1_161' title='bbox 729 1364 987 1409; x_wconf 87' lang='lat' dir='ltr'>Congregatiouis</span> <span class='ocrx_word' id='word_1_162' title='bbox 1011 1366 1170 1407; x_wconf 89' lang='lat' dir='ltr'>secularis,</span> <span class='ocrx_word' id='word_1_163' title='bbox 1187 1372 1217 1400; x_wconf 88' lang='lat' dir='ltr'>et</span> 
     </span>
     <span class='ocr_line' id='line_1_31' title="bbox 479 1419 1132 1462; baseline 0.008 -12"><span class='ocrx_word' id='word_1_164' title='bbox 479 1419 696 1462; x_wconf 87' lang='lat' dir='ltr'>praesentibus</span> <span class='ocrx_word' id='word_1_165' title='bbox 713 1420 824 1454; x_wconf 87' lang='lat' dir='ltr'>litteris</span> <span class='ocrx_word' id='word_1_166' title='bbox 841 1431 903 1454; x_wconf 91' lang='lat' dir='ltr'>non</span> <span class='ocrx_word' id='word_1_167' title='bbox 918 1422 1132 1455; x_wconf 76' lang='lat' dir='ltr'>adversantur.</span> 
     </span>
    </p>

    <p class='ocr_par' dir='ltr' id='par_1_10' title="bbox 479 1474 1217 1733">
     <span class='ocr_line' id='line_1_32' title="bbox 524 1474 1217 1520; baseline 0.006 -14"><span class='ocrx_word' id='word_1_168' title='bbox 524 1474 581 1518; x_wconf 61' lang='lat' dir='ltr'>gli.</span> <span class='ocrx_word' id='word_1_169' title='bbox 596 1474 804 1508; x_wconf 89' lang='lat' dir='ltr'>Decernentes</span> <span class='ocrx_word' id='word_1_170' title='bbox 829 1475 953 1509; x_wconf 86' lang='lat' dir='ltr'>easdem</span> <span class='ocrx_word' id='word_1_171' title='bbox 971 1483 1150 1520; x_wconf 89' lang='lat' dir='ltr'>praesentes</span> <span class='ocrx_word' id='word_1_172' title='bbox 1170 1478 1217 1510; x_wconf 93' lang='lat' dir='ltr'>lit-</span> 
     </span>
     <span class='ocr_line' id='line_1_33' title="bbox 480 1528 1217 1574; baseline 0.007 -15"><span class='ocrx_word' id='word_1_173' title='bbox 480 1530 562 1560; x_wconf 86' lang='lat' dir='ltr'>teras</span> <span class='ocrx_word' id='word_1_174' title='bbox 586 1537 711 1572; x_wconf 87' lang='lat' dir='ltr'>semper</span> <span class='ocrx_word' id='word_1_175' title='bbox 735 1528 852 1571; x_wconf 88' lang='lat' dir='ltr'>firmas,</span> <span class='ocrx_word' id='word_1_176' title='bbox 871 1534 940 1570; x_wconf 61' lang='lat' dir='ltr'>etc„</span> <span class='ocrx_word' id='word_1_177' title='bbox 958 1530 1064 1574; x_wconf 88' lang='lat' dir='ltr'>sicque</span> <span class='ocrx_word' id='word_1_178' title='bbox 1082 1530 1113 1563; x_wconf 93' lang='lat' dir='ltr'>in</span> <span class='ocrx_word' id='word_1_179' title='bbox 1130 1541 1217 1574; x_wconf 86' lang='lat' dir='ltr'>prae-</span> 
     </span>
     <span class='ocr_line' id='line_1_34' title="bbox 480 1581 1215 1626; baseline 0.004 -12"><span class='ocrx_word' id='word_1_180' title='bbox 480 1581 583 1614; x_wconf 86' lang='lat' dir='ltr'>missis</span> <span class='ocrx_word' id='word_1_181' title='bbox 600 1592 656 1626; x_wconf 91' lang='lat' dir='ltr'>per</span> <span class='ocrx_word' id='word_1_182' title='bbox 674 1593 889 1626; x_wconf 88' lang='lat' dir='ltr'>quoscumque</span> <span class='ocrx_word' id='word_1_183' title='bbox 907 1583 1037 1626; x_wconf 87' lang='lat' dir='ltr'>iudices,</span> <span class='ocrx_word' id='word_1_184' title='bbox 1053 1589 1122 1625; x_wconf 90' lang='lat' dir='ltr'>etc.‚</span> <span class='ocrx_word' id='word_1_185' title='bbox 1140 1584 1215 1618; x_wconf 82' lang='lat' dir='ltr'>defi-</span> 
     </span>
     <span class='ocr_line' id='line_1_35' title="bbox 481 1634 1215 1680; baseline 0.008 -13"><span class='ocrx_word' id='word_1_186' title='bbox 481 1634 542 1667; x_wconf 92' lang='lat' dir='ltr'>niri</span> <span class='ocrx_word' id='word_1_187' title='bbox 568 1635 692 1678; x_wconf 90' lang='lat' dir='ltr'>debere,</span> <span class='ocrx_word' id='word_1_188' title='bbox 709 1646 743 1670; x_wconf 89' lang='lat' dir='ltr'>ac</span> <span class='ocrx_word' id='word_1_189' title='bbox 760 1636 883 1670; x_wconf 90' lang='lat' dir='ltr'>irritum</span> <span class='ocrx_word' id='word_1_190' title='bbox 902 1643 931 1670; x_wconf 92' lang='lat' dir='ltr'>et</span> <span class='ocrx_word' id='word_1_191' title='bbox 948 1637 1050 1679; x_wconf 89' lang='lat' dir='ltr'>inane,</span> <span class='ocrx_word' id='word_1_192' title='bbox 1068 1638 1093 1671; x_wconf 86' lang='lat' dir='ltr'>si</span> <span class='ocrx_word' id='word_1_193' title='bbox 1115 1649 1215 1680; x_wconf 77' lang='lat' dir='ltr'>secuS,</span> 
     </span>
     <span class='ocr_line' id='line_1_36' title="bbox 479 1689 921 1733; baseline 0.002 -11"><span class='ocrx_word' id='word_1_194' title='bbox 479 1693 550 1730; x_wconf 61' lang='lat' dir='ltr'>etc„</span> <span class='ocrx_word' id='word_1_195' title='bbox 575 1689 743 1733; x_wconf 89' lang='lat' dir='ltr'>contigerit</span> <span class='ocrx_word' id='word_1_196' title='bbox 767 1691 921 1723; x_wconf 88' lang='lat' dir='ltr'>attentari.</span> 
     </span>
    </p>

    <p class='ocr_par' dir='ltr' id='par_1_11' title="bbox 477 1742 1217 2323">
     <span class='ocr_line' id='line_1_37' title="bbox 523 1742 1217 1789; baseline 0.006 -14"><span class='ocrx_word' id='word_1_197' title='bbox 523 1743 538 1786; x_wconf 61' lang='grc' dir='ltr'><strong>ἓ</strong></span> <span class='ocrx_word' id='word_1_198' title='bbox 552 1742 580 1776; x_wconf 87' lang='grc'>5.</span> <span class='ocrx_word' id='word_1_199' title='bbox 595 1743 662 1776; x_wconf 83' lang='lat' dir='ltr'>Non</span> <span class='ocrx_word' id='word_1_200' title='bbox 676 1744 870 1777; x_wconf 89' lang='lat' dir='ltr'>obstantibus</span> <span class='ocrx_word' id='word_1_201' title='bbox 888 1745 1077 1789; x_wconf 84' lang='lat' dir='ltr'>praemissis,</span> <span class='ocrx_word' id='word_1_202' title='bbox 1095 1756 1130 1779; x_wconf 88' lang='lat' dir='ltr'>ac</span> <span class='ocrx_word' id='word_1_203' title='bbox 1147 1756 1217 1779; x_wconf 89' lang='lat' dir='ltr'>con-</span> 
     </span>
     <span class='ocr_line' id='line_1_38' title="bbox 478 1796 1214 1842; baseline 0.005 -14"><span class='ocrx_word' id='word_1_204' title='bbox 478 1796 691 1830; x_wconf 87' lang='lat' dir='ltr'>stitutionibus</span> <span class='ocrx_word' id='word_1_205' title='bbox 716 1802 745 1830; x_wconf 88' lang='lat' dir='ltr'>et</span> <span class='ocrx_word' id='word_1_206' title='bbox 761 1797 1010 1831; x_wconf 88' lang='lat' dir='ltr'>ordinationibus</span> <span class='ocrx_word' id='word_1_207' title='bbox 1026 1799 1214 1842; x_wconf 87' lang='lat' dir='ltr'>apostolicis,</span> 
     </span>
     <span class='ocr_line' id='line_1_39' title="bbox 477 1851 1216 1895; baseline 0.004 -13"><span class='ocrx_word' id='word_1_208' title='bbox 477 1859 610 1892; x_wconf 87' lang='lat' dir='ltr'>necnon,</span> <span class='ocrx_word' id='word_1_209' title='bbox 626 1856 778 1894; x_wconf 88' lang='lat' dir='ltr'>quatenus</span> <span class='ocrx_word' id='word_1_210' title='bbox 792 1862 871 1895; x_wconf 91' lang='lat' dir='ltr'>opus</span> <span class='ocrx_word' id='word_1_211' title='bbox 885 1852 933 1892; x_wconf 88' lang='lat' dir='ltr'>sit,</span> <span class='ocrx_word' id='word_1_212' title='bbox 944 1851 1121 1895; x_wconf 86' lang='lat' dir='ltr'>praedictae</span> <span class='ocrx_word' id='word_1_213' title='bbox 1139 1852 1216 1886; x_wconf 90' lang='lat' dir='ltr'>Con-</span> 
     </span>
     <span class='ocr_line' id='line_1_40' title="bbox 478 1903 1216 1949; baseline 0.003 -13"><span class='ocrx_word' id='word_1_214' title='bbox 478 1903 672 1947; x_wconf 84' lang='lat' dir='ltr'>gregationis</span> <span class='ocrx_word' id='word_1_215' title='bbox 689 1909 718 1937; x_wconf 89' lang='lat' dir='ltr'>et</span> <span class='ocrx_word' id='word_1_216' title='bbox 735 1904 804 1937; x_wconf 88' lang='lat' dir='ltr'>aliis</span> <span class='ocrx_word' id='word_1_217' title='bbox 820 1905 994 1948; x_wconf 86' lang='lat' dir='ltr'>quibusvis,</span> <span class='ocrx_word' id='word_1_218' title='bbox 1009 1910 1077 1945; x_wconf 89' lang='lat' dir='ltr'>etc.,</span> <span class='ocrx_word' id='word_1_219' title='bbox 1094 1906 1216 1949; x_wconf 88' lang='lat' dir='ltr'>privile-</span> 
     </span>
     <span class='ocr_line' id='line_1_41' title="bbox 478 1956 1215 2002; baseline 0.004 -13"><span class='ocrx_word' id='word_1_220' title='bbox 478 1956 538 2000; x_wconf 86' lang='lat' dir='ltr'>giis</span> <span class='ocrx_word' id='word_1_221' title='bbox 555 1968 689 2001; x_wconf 90' lang='lat' dir='ltr'>quoque,</span> <span class='ocrx_word' id='word_1_222' title='bbox 708 1957 835 1990; x_wconf 91' lang='lat' dir='ltr'>indultis</span> <span class='ocrx_word' id='word_1_223' title='bbox 853 1963 883 1991; x_wconf 86' lang='lat' dir='ltr'>et</span> <span class='ocrx_word' id='word_1_224' title='bbox 905 1958 1017 1991; x_wconf 87' lang='lat' dir='ltr'>litteris</span> <span class='ocrx_word' id='word_1_225' title='bbox 1034 1958 1215 2002; x_wconf 88' lang='lat' dir='ltr'>apostolicis</span> 
     </span>
     <span class='ocr_line' id='line_1_42' title="bbox 478 2010 1215 2056; baseline 0.003 -13"><span class='ocrx_word' id='word_1_226' title='bbox 478 2010 509 2043; x_wconf 93' lang='lat' dir='ltr'>in</span> <span class='ocrx_word' id='word_1_227' title='bbox 517 2011 709 2044; x_wconf 92' lang='lat' dir='ltr'>contrarium</span> <span class='ocrx_word' id='word_1_228' title='bbox 723 2012 968 2055; x_wconf 88' lang='lat' dir='ltr'>praemissorum</span> <span class='ocrx_word' id='word_1_229' title='bbox 978 2012 1215 2056; x_wconf 87' lang='lat' dir='ltr'>quomodolibet</span> 
     </span>
     <span class='ocr_line' id='line_1_43' title="bbox 479 2065 1214 2110; baseline 0.003 -13"><span class='ocrx_word' id='word_1_230' title='bbox 479 2065 653 2105; x_wconf 84' lang='lat' dir='ltr'>concessis,</span> <span class='ocrx_word' id='word_1_231' title='bbox 679 2065 871 2099; x_wconf 86' lang='lat' dir='ltr'>confirmatis</span> <span class='ocrx_word' id='word_1_232' title='bbox 897 2071 926 2098; x_wconf 88' lang='lat' dir='ltr'>et</span> <span class='ocrx_word' id='word_1_233' title='bbox 951 2065 1118 2106; x_wconf 86' lang='lat' dir='ltr'>innovatis;</span> <span class='ocrx_word' id='word_1_234' title='bbox 1144 2066 1214 2110; x_wconf 90' lang='lat' dir='ltr'>qui-</span> 
     </span>
     <span class='ocr_line' id='line_1_44' title="bbox 477 2117 1213 2161; baseline 0.005 -11"><span class='ocrx_word' id='word_1_235' title='bbox 477 2117 705 2152; x_wconf 81' lang='lat' dir='ltr'>busomnibus</span> <span class='ocrx_word' id='word_1_236' title='bbox 730 2123 759 2153; x_wconf 92' lang='lat' dir='ltr'>et</span> <span class='ocrx_word' id='word_1_237' title='bbox 783 2118 925 2161; x_wconf 84' lang='lat' dir='ltr'>singulis,</span> <span class='ocrx_word' id='word_1_238' title='bbox 944 2119 1067 2152; x_wconf 91' lang='lat' dir='ltr'>illorum</span> <span class='ocrx_word' id='word_1_239' title='bbox 1090 2125 1213 2154; x_wconf 86' lang='lat' dir='ltr'>tenores</span> 
     </span>
     <span class='ocr_line' id='line_1_45' title="bbox 477 2171 1214 2218; baseline 0.004 -15"><span class='ocrx_word' id='word_1_240' title='bbox 477 2171 704 2214; x_wconf 88' lang='lat' dir='ltr'>praesentibus,</span> <span class='ocrx_word' id='word_1_241' title='bbox 722 2177 790 2213; x_wconf 90' lang='lat' dir='ltr'>etc.,</span> <span class='ocrx_word' id='word_1_242' title='bbox 811 2172 869 2205; x_wconf 88' lang='lat' dir='ltr'>hac</span> <span class='ocrx_word' id='word_1_243' title='bbox 886 2171 952 2205; x_wconf 88' lang='lat' dir='ltr'>vice</span> <span class='ocrx_word' id='word_1_244' title='bbox 966 2171 1126 2206; x_wconf 86' lang='lat' dir='ltr'>dumtaxat</span> <span class='ocrx_word' id='word_1_245' title='bbox 1145 2184 1214 2218; x_wconf 90' lang='lat' dir='ltr'>spe-</span> 
     </span>
     <span class='ocr_line' id='line_1_46' title="bbox 478 2224 1215 2271; baseline 0.005 -15"><span class='ocrx_word' id='word_1_246' title='bbox 478 2224 599 2258; x_wconf 90' lang='lat' dir='ltr'>cialiter</span> <span class='ocrx_word' id='word_1_247' title='bbox 613 2230 642 2258; x_wconf 90' lang='lat' dir='ltr'>et</span> <span class='ocrx_word' id='word_1_248' title='bbox 660 2236 805 2269; x_wconf 89' lang='lat' dir='ltr'>expresse</span> <span class='ocrx_word' id='word_1_249' title='bbox 818 2226 1024 2269; x_wconf 73' lang='lat' dir='ltr'>derogamu53</span> <span class='ocrx_word' id='word_1_250' title='bbox 1041 2227 1215 2271; x_wconf 81' lang='lat' dir='ltr'>ceterisque</span> 
     </span>
     <span class='ocr_line' id='line_1_47' title="bbox 477 2279 922 2323; baseline 0.002 -12"><span class='ocrx_word' id='word_1_251' title='bbox 477 2279 644 2312; x_wconf 87' lang='lat' dir='ltr'>contrariis</span> <span class='ocrx_word' id='word_1_252' title='bbox 663 2279 922 2323; x_wconf 88' lang='lat' dir='ltr'>quibuscumque.</span> 
     </span>
    </p>

    <p class='ocr_par' dir='ltr' id='par_1_12' title="bbox 479 2332 1215 2578">
     <span class='ocr_line' id='line_1_48' title="bbox 522 2332 1213 2377; baseline 0 -11"><span class='ocrx_word' id='word_1_253' title='bbox 522 2332 537 2376; x_wconf 62' lang='grc' dir='ltr'><strong>ἓ</strong></span> <span class='ocrx_word' id='word_1_254' title='bbox 561 2332 590 2366; x_wconf 88' lang='grc'>6.</span> <span class='ocrx_word' id='word_1_255' title='bbox 622 2333 771 2366; x_wconf 86' lang='lat' dir='ltr'>Volumus</span> <span class='ocrx_word' id='word_1_256' title='bbox 802 2338 906 2366; x_wconf 90' lang='lat' dir='ltr'>autem</span> <span class='ocrx_word' id='word_1_257' title='bbox 937 2337 971 2366; x_wconf 94' lang='lat' dir='ltr'>ut</span> <span class='ocrx_word' id='word_1_258' title='bbox 1002 2334 1213 2377; x_wconf 88' lang='lat' dir='ltr'>praesentium</span> 
     </span>
     <span class='ocr_line' id='line_1_49' title="bbox 479 2385 1214 2430; baseline 0.001 -12"><span class='ocrx_word' id='word_1_259' title='bbox 479 2385 693 2429; x_wconf 69' lang='lat' dir='ltr'>transumptis,</span> <span class='ocrx_word' id='word_1_260' title='bbox 723 2396 826 2427; x_wconf 87' lang='lat' dir='ltr'>manu,</span> <span class='ocrx_word' id='word_1_261' title='bbox 851 2391 920 2426; x_wconf 92' lang='lat' dir='ltr'>etc.‚</span> <span class='ocrx_word' id='word_1_262' title='bbox 945 2386 1053 2420; x_wconf 89' lang='lat' dir='ltr'>eadem</span> <span class='ocrx_word' id='word_1_263' title='bbox 1084 2397 1214 2430; x_wconf 89' lang='lat' dir='ltr'>prorsus</span> 
     </span>
     <span class='ocr_line' id='line_1_50' title="bbox 479 2438 1214 2484; baseline 0.004 -14"><span class='ocrx_word' id='word_1_264' title='bbox 479 2438 556 2471; x_wconf 90' lang='lat' dir='ltr'>fides</span> <span class='ocrx_word' id='word_1_265' title='bbox 573 2439 604 2471; x_wconf 89' lang='lat' dir='ltr'>in</span> <span class='ocrx_word' id='word_1_266' title='bbox 622 2439 737 2473; x_wconf 87' lang='lat' dir='ltr'>iudicio</span> <span class='ocrx_word' id='word_1_267' title='bbox 758 2445 788 2473; x_wconf 88' lang='lat' dir='ltr'>et</span> <span class='ocrx_word' id='word_1_268' title='bbox 812 2445 898 2473; x_wconf 87' lang='lat' dir='ltr'>extra</span> <span class='ocrx_word' id='word_1_269' title='bbox 922 2440 1116 2483; x_wconf 86' lang='lat' dir='ltr'>adhibeatur,</span> <span class='ocrx_word' id='word_1_270' title='bbox 1135 2451 1214 2484; x_wconf 88' lang='lat' dir='ltr'>quae</span> 
     </span>
     <span class='ocr_line' id='line_1_51' title="bbox 480 2493 1215 2536; baseline 0.005 -13"><span class='ocrx_word' id='word_1_271' title='bbox 480 2493 696 2535; x_wconf 88' lang='lat' dir='ltr'>praesentibus</span> <span class='ocrx_word' id='word_1_272' title='bbox 723 2493 798 2536; x_wconf 86' lang='lat' dir='ltr'>ipsis</span> <span class='ocrx_word' id='word_1_273' title='bbox 827 2493 1041 2533; x_wconf 87' lang='lat' dir='ltr'>adhiberetur,</span> <span class='ocrx_word' id='word_1_274' title='bbox 1061 2494 1087 2526; x_wconf 92' lang='lat' dir='ltr'>si</span> <span class='ocrx_word' id='word_1_275' title='bbox 1114 2494 1215 2527; x_wconf 85' lang='lat' dir='ltr'>forent</span> 
     </span>
     <span class='ocr_line' id='line_1_52' title="bbox 481 2543 883 2578; baseline 0.005 -2"><span class='ocrx_word' id='word_1_276' title='bbox 481 2543 636 2578; x_wconf 85' lang='lat' dir='ltr'>exhibitae</span> <span class='ocrx_word' id='word_1_277' title='bbox 661 2546 706 2578; x_wconf 90' lang='lat' dir='ltr'>vel</span> <span class='ocrx_word' id='word_1_278' title='bbox 732 2551 883 2578; x_wconf 89' lang='lat' dir='ltr'>ostensae.</span> 
     </span>
    </p>

    <p class='ocr_par' dir='ltr' id='par_1_13' title="bbox 524 2597 1215 2643">
     <span class='ocr_line' id='line_1_53' title="bbox 524 2597 1215 2643; baseline 0.006 -13"><span class='ocrx_word' id='word_1_279' title='bbox 524 2597 634 2630; x_wconf 88' lang='lat' dir='ltr'>Datum</span> <span class='ocrx_word' id='word_1_280' title='bbox 663 2598 693 2630; x_wconf 89' lang='lat' dir='ltr'>in</span> <span class='ocrx_word' id='word_1_281' title='bbox 717 2599 796 2632; x_wconf 89' lang='lat' dir='ltr'>Arce</span> <span class='ocrx_word' id='word_1_282' title='bbox 821 2599 1008 2643; x_wconf 86' lang='lat' dir='ltr'>Gandulphi,</span> <span class='ocrx_word' id='word_1_283' title='bbox 1033 2599 1215 2634; x_wconf 85' lang='lat' dir='ltr'>Albanensis</span> 
     </span>
    </p>
   </div>
   <div class='ocr_carea' id='block_1_9' title="bbox 1229 1778 1235 2475">
    <p class='ocr_par' dir='ltr' id='par_1_14' title="bbox 1229 1778 1235 2475">
     <span class='ocr_line' id='line_1_54' title="bbox 1229 1778 1235 2475; baseline 0 0"><span class='ocrx_word' id='word_1_284' title='bbox 1229 1778 1235 2475; x_wconf 95' lang='lat' dir='ltr'> </span> 
     </span>
    </p>
   </div>
   <div class='ocr_carea' id='block_1_10' title="bbox 1554 510 1696 544">
    <p class='ocr_par' dir='ltr' id='par_1_15' title="bbox 1554 510 1696 544">
     <span class='ocr_line' id='line_1_55' title="bbox 1554 510 1696 544; baseline -0.007 0"><span class='ocrx_word' id='word_1_285' title='bbox 1554 510 1696 544; x_wconf 83' lang='lat' dir='ltr'>CCXCVI.</span> 
     </span>
    </p>
   </div>
   <div class='ocr_carea' id='block_1_11' title="bbox 1258 586 1993 786">
    <p class='ocr_par' dir='ltr' id='par_1_16' title="bbox 1258 586 1993 786">
     <span class='ocr_line' id='line_1_56' title="bbox 1258 586 1990 636; baseline 0.007 -15"><span class='ocrx_word' id='word_1_286' title='bbox 1258 586 1435 629; x_wconf 80' lang='lat' dir='ltr'>Confirmat</span> <span class='ocrx_word' id='word_1_287' title='bbox 1459 588 1583 621; x_wconf 82' lang='lat' dir='ltr'>decreta</span> <span class='ocrx_word' id='word_1_288' title='bbox 1614 600 1784 623; x_wconf 80' lang='lat' dir='ltr'>sacrarum</span> <span class='ocrx_word' id='word_1_289' title='bbox 1814 601 1990 636; x_wconf 74' lang='lat' dir='ltr'>conyreya-</span> 
     </span>
     <span class='ocr_line' id='line_1_57' title="bbox 1302 642 1992 690; baseline 0.007 -16"><span class='ocrx_word' id='word_1_290' title='bbox 1302 642 1425 675; x_wconf 83' lang='lat' dir='ltr'>tionum</span> <span class='ocrx_word' id='word_1_291' title='bbox 1443 643 1485 675; x_wconf 83' lang='lat' dir='ltr'>ad</span> <span class='ocrx_word' id='word_1_292' title='bbox 1502 644 1702 686; x_wconf 79' lang='lat' dir='ltr'>sepulturam</span> <span class='ocrx_word' id='word_1_293' title='bbox 1719 645 1920 688; x_wconf 79' lang='lat' dir='ltr'>pertinentia</span> <span class='ocrx_word' id='word_1_294' title='bbox 1932 657 1992 690; x_wconf 84' lang='lat' dir='ltr'>pro</span> 
     </span>
     <span class='ocr_line' id='line_1_58' title="bbox 1296 696 1993 737; baseline 0.009 -11"><span class='ocrx_word' id='word_1_295' title='bbox 1296 696 1462 737; x_wconf 68' lang='lat' dir='ltr'>proi-inciti</span> <span class='ocrx_word' id='word_1_296' title='bbox 1487 696 1517 730; x_wconf 89' lang='lat' dir='ltr'>S.</span> <span class='ocrx_word' id='word_1_297' title='bbox 1536 697 1712 730; x_wconf 76' lang='lat' dir='ltr'>Saturnini</span> <span class='ocrx_word' id='word_1_298' title='bbox 1733 697 1867 732; x_wconf 80' lang='lat' dir='ltr'>Ordinis</span> <span class='ocrx_word' id='word_1_299' title='bbox 1891 699 1993 732; x_wconf 83' lang='lat' dir='ltr'>Mino-</span> 
     </span>
     <span class='ocr_line' id='line_1_59' title="bbox 1298 748 1928 786; baseline 0.01 -6"><span class='ocrx_word' id='word_1_300' title='bbox 1298 759 1373 781; x_wconf 72' lang='lat' dir='ltr'>rum</span> <span class='ocrx_word' id='word_1_301' title='bbox 1397 749 1434 782; x_wconf 82' lang='lat' dir='ltr'>de</span> <span class='ocrx_word' id='word_1_302' title='bbox 1461 748 1673 783; x_wconf 69' lang='lat' dir='ltr'>observantia</span> <span class='ocrx_word' id='word_1_303' title='bbox 1698 751 1732 784; x_wconf 85' lang='lat' dir='ltr'>in</span> <span class='ocrx_word' id='word_1_304' title='bbox 1757 751 1928 786; x_wconf 79' lang='lat' dir='ltr'>Sardinia.</span> 
     </span>
    </p>
   </div>
   <div class='ocr_carea' id='block_1_12' title="bbox 1391 829 1852 901">
    <p class='ocr_par' dir='ltr' id='par_1_17' title="bbox 1391 829 1852 901">
     <span class='ocr_line' id='line_1_60' title="bbox 1446 829 1795 863; baseline 0.006 -8"><span class='ocrx_word' id='word_1_305' title='bbox 1446 829 1613 856; x_wconf 83' lang='lat' dir='ltr'>Alexander</span> <span class='ocrx_word' id='word_1_306' title='bbox 1629 830 1711 863; x_wconf 80' lang='lat' dir='ltr'>Papa</span> <span class='ocrx_word' id='word_1_307' title='bbox 1732 830 1795 862; x_wconf 85' lang='lat' dir='ltr'>vn,</span> 
     </span>
     <span class='ocr_line' id='line_1_61' title="bbox 1391 872 1852 901; baseline 0.007 -3"><span class='ocrx_word' id='word_1_308' title='bbox 1391 872 1426 898; x_wconf 84' lang='lat' dir='ltr'>ad</span> <span class='ocrx_word' id='word_1_309' title='bbox 1446 872 1579 900; x_wconf 79' lang='lat' dir='ltr'>futuram</span> <span class='ocrx_word' id='word_1_310' title='bbox 1601 873 1646 900; x_wconf 83' lang='lat' dir='ltr'>rei</span> <span class='ocrx_word' id='word_1_311' title='bbox 1671 874 1852 901; x_wconf 85' lang='lat' dir='ltr'>memoriam.</span> 
     </span>
    </p>
   </div>
   <div class='ocr_carea' id='block_1_13' title="bbox 1250 941 1991 1788">
    <p class='ocr_par' dir='ltr' id='par_1_18' title="bbox 1250 941 1991 1732">
     <span class='ocr_line' id='line_1_62' title="bbox 1296 941 1991 986; baseline 0.006 -12"><span class='ocrx_word' id='word_1_312' title='bbox 1296 941 1388 984; x_wconf 83' lang='lat' dir='ltr'>Alias,</span> <span class='ocrx_word' id='word_1_313' title='bbox 1400 953 1458 986; x_wconf 90' lang='lat' dir='ltr'>pro</span> <span class='ocrx_word' id='word_1_314' title='bbox 1471 948 1559 986; x_wconf 88' lang='lat' dir='ltr'>parte</span> <span class='ocrx_word' id='word_1_315' title='bbox 1572 943 1676 976; x_wconf 91' lang='lat' dir='ltr'>dilecti</span> <span class='ocrx_word' id='word_1_316' title='bbox 1691 943 1746 976; x_wconf 84' lang='lat' dir='ltr'>filii</span> <span class='ocrx_word' id='word_1_317' title='bbox 1759 944 1884 978; x_wconf 89' lang='lat' dir='ltr'>Antonii</span> <span class='ocrx_word' id='word_1_318' title='bbox 1898 944 1991 978; x_wconf 88' lang='lat' dir='ltr'>Fran-</span> 
     </span>
     <span class='ocr_line' id='line_1_63' title="bbox 1253 994 1989 1042; baseline 0.005 -15"><span class='ocrx_word' id='word_1_319' title='bbox 1253 994 1325 1028; x_wconf 89' lang='lat' dir='ltr'>cisci</span> <span class='ocrx_word' id='word_1_320' title='bbox 1351 995 1449 1028; x_wconf 92' lang='lat' dir='ltr'>Tholo</span> <span class='ocrx_word' id='word_1_321' title='bbox 1474 1001 1504 1028; x_wconf 90' lang='lat' dir='ltr'>et</span> <span class='ocrx_word' id='word_1_322' title='bbox 1529 996 1641 1029; x_wconf 79' lang='lat' dir='ltr'>Pii-ella</span> <span class='ocrx_word' id='word_1_323' title='bbox 1669 997 1884 1041; x_wconf 88' lang='lat' dir='ltr'>procuratoris</span> <span class='ocrx_word' id='word_1_324' title='bbox 1915 1009 1989 1042; x_wconf 92' lang='lat' dir='ltr'>pro-</span> 
     </span>
     <span class='ocr_line' id='line_1_64' title="bbox 1253 1047 1990 1084; baseline 0.007 -5"><span class='ocrx_word' id='word_1_325' title='bbox 1253 1047 1371 1080; x_wconf 86' lang='lat' dir='ltr'>vinciae</span> <span class='ocrx_word' id='word_1_326' title='bbox 1389 1047 1417 1080; x_wconf 89' lang='lat' dir='ltr'>S.</span> <span class='ocrx_word' id='word_1_327' title='bbox 1435 1048 1592 1081; x_wconf 88' lang='lat' dir='ltr'>Saturnini</span> <span class='ocrx_word' id='word_1_328' title='bbox 1610 1048 1733 1082; x_wconf 90' lang='lat' dir='ltr'>Ordinis</span> <span class='ocrx_word' id='word_1_329' title='bbox 1754 1050 1909 1083; x_wconf 83' lang='lat' dir='ltr'>lllinorum</span> <span class='ocrx_word' id='word_1_330' title='bbox 1925 1061 1990 1084; x_wconf 87' lang='lat' dir='ltr'>san-</span> 
     </span>
     <span class='ocr_line' id='line_1_65' title="bbox 1252 1095 1988 1147; baseline 0.005 -15"><span class='ocrx_word' id='word_1_331' title='bbox 1252 1100 1291 1133; x_wconf 90' lang='lat' dir='ltr'>cti</span> <span class='ocrx_word' id='word_1_332' title='bbox 1303 1100 1460 1134; x_wconf 86' lang='lat' dir='ltr'>Francisci</span> <span class='ocrx_word' id='word_1_333' title='bbox 1476 1101 1514 1134; x_wconf 91' lang='lat' dir='ltr'>de</span> <span class='ocrx_word' id='word_1_334' title='bbox 1524 1101 1726 1135; x_wconf 80' lang='lat' dir='ltr'>Observantia</span> <span class='ocrx_word' id='word_1_335' title='bbox 1736 1095 1988 1147; x_wconf 83' lang='lat' dir='ltr'>nuncupatorum</span> 
     </span>
     <span class='ocr_line' id='line_1_66' title="bbox 1252 1152 1989 1197; baseline 0.007 -13"><span class='ocrx_word' id='word_1_336' title='bbox 1252 1152 1283 1184; x_wconf 92' lang='lat' dir='ltr'>in</span> <span class='ocrx_word' id='word_1_337' title='bbox 1316 1152 1468 1194; x_wconf 85' lang='lat' dir='ltr'>Sardinia,</span> <span class='ocrx_word' id='word_1_338' title='bbox 1493 1154 1727 1197; x_wconf 81' lang='lat' dir='ltr'>congregationi</span> <span class='ocrx_word' id='word_1_339' title='bbox 1764 1155 1989 1189; x_wconf 89' lang='lat' dir='ltr'>venerabilium</span> 
     </span>
     <span class='ocr_line' id='line_1_67' title="bbox 1251 1205 1988 1242; baseline 0.005 -4"><span class='ocrx_word' id='word_1_340' title='bbox 1251 1205 1383 1238; x_wconf 81' lang='lat' dir='ltr'>fratrum</span> <span class='ocrx_word' id='word_1_341' title='bbox 1408 1211 1587 1241; x_wconf 87' lang='lat' dir='ltr'>nostrorum</span> <span class='ocrx_word' id='word_1_342' title='bbox 1612 1208 1641 1241; x_wconf 91' lang='lat' dir='ltr'>S.</span> <span class='ocrx_word' id='word_1_343' title='bbox 1662 1209 1696 1242; x_wconf 86' lang='lat' dir='ltr'>R.</span> <span class='ocrx_word' id='word_1_344' title='bbox 1724 1209 1756 1241; x_wconf 90' lang='lat' dir='ltr'>E.</span> <span class='ocrx_word' id='word_1_345' title='bbox 1782 1209 1988 1242; x_wconf 88' lang='lat' dir='ltr'>cardinalium</span> 
     </span>
     <span class='ocr_line' id='line_1_68' title="bbox 1250 1260 1988 1306; baseline 0.004 -14"><span class='ocrx_word' id='word_1_346' title='bbox 1250 1260 1383 1302; x_wconf 87' lang='lat' dir='ltr'>negotiis</span> <span class='ocrx_word' id='word_1_347' title='bbox 1409 1265 1438 1292; x_wconf 90' lang='lat' dir='ltr'>et</span> <span class='ocrx_word' id='word_1_348' title='bbox 1464 1261 1743 1294; x_wconf 88' lang='lat' dir='ltr'>consultationibus</span> <span class='ocrx_word' id='word_1_349' title='bbox 1768 1262 1988 1306; x_wconf 86' lang='lat' dir='ltr'>episcoporum</span> 
     </span>
     <span class='ocr_line' id='line_1_69' title="bbox 1251 1312 1988 1359; baseline 0.004 -14"><span class='ocrx_word' id='word_1_350' title='bbox 1251 1318 1280 1345; x_wconf 88' lang='lat' dir='ltr'>et</span> <span class='ocrx_word' id='word_1_351' title='bbox 1297 1312 1490 1355; x_wconf 84' lang='lat' dir='ltr'>regularium</span> <span class='ocrx_word' id='word_1_352' title='bbox 1512 1314 1711 1357; x_wconf 83' lang='lat' dir='ltr'>praepositae</span> <span class='ocrx_word' id='word_1_353' title='bbox 1736 1315 1886 1358; x_wconf 82' lang='lat' dir='ltr'>exposito,</span> <span class='ocrx_word' id='word_1_354' title='bbox 1903 1316 1988 1359; x_wconf 88' lang='lat' dir='ltr'>quod</span> 
     </span>
     <span class='ocr_line' id='line_1_70' title="bbox 1250 1366 1990 1410; baseline 0.005 -12"><span class='ocrx_word' id='word_1_355' title='bbox 1250 1366 1354 1399; x_wconf 92' lang='lat' dir='ltr'>dilecti</span> <span class='ocrx_word' id='word_1_356' title='bbox 1378 1367 1496 1410; x_wconf 88' lang='lat' dir='ltr'>pariter</span> <span class='ocrx_word' id='word_1_357' title='bbox 1518 1367 1574 1399; x_wconf 83' lang='lat' dir='ltr'>filii</span> <span class='ocrx_word' id='word_1_358' title='bbox 1592 1367 1733 1401; x_wconf 89' lang='lat' dir='ltr'>canonici</span> <span class='ocrx_word' id='word_1_359' title='bbox 1759 1373 1789 1400; x_wconf 88' lang='lat' dir='ltr'>et</span> <span class='ocrx_word' id='word_1_360' title='bbox 1812 1367 1990 1403; x_wconf 84' lang='lat' dir='ltr'>beneficiati</span> 
     </span>
     <span class='ocr_line' id='line_1_71' title="bbox 1251 1420 1989 1463; baseline 0.004 -11"><span class='ocrx_word' id='word_1_361' title='bbox 1251 1420 1510 1463; x_wconf 89' lang='lat' dir='ltr'>metropolitanae</span> <span class='ocrx_word' id='word_1_362' title='bbox 1525 1420 1673 1453; x_wconf 91' lang='lat' dir='ltr'>ecclesiae</span> <span class='ocrx_word' id='word_1_363' title='bbox 1687 1421 1879 1454; x_wconf 86' lang='lat' dir='ltr'>Calaritanae</span> <span class='ocrx_word' id='word_1_364' title='bbox 1893 1421 1943 1455; x_wconf 90' lang='lat' dir='ltr'>die</span> <span class='ocrx_word' id='word_1_365' title='bbox 1956 1432 1989 1456; x_wconf 81' lang='lat' dir='ltr'>xl</span> 
     </span>
     <span class='ocr_line' id='line_1_72' title="bbox 1250 1473 1989 1515; baseline 0.004 -10"><span class='ocrx_word' id='word_1_366' title='bbox 1250 1473 1375 1515; x_wconf 83' lang='lat' dir='ltr'>augusti</span> <span class='ocrx_word' id='word_1_367' title='bbox 1399 1482 1516 1506; x_wconf 79' lang='lat' dir='ltr'>MDCle</span> <span class='ocrx_word' id='word_1_368' title='bbox 1541 1479 1728 1506; x_wconf 86' lang='lat' dir='ltr'>conventum</span> <span class='ocrx_word' id='word_1_369' title='bbox 1754 1473 1783 1507; x_wconf 90' lang='lat' dir='ltr'>S.</span> <span class='ocrx_word' id='word_1_370' title='bbox 1804 1474 1902 1507; x_wconf 92' lang='lat' dir='ltr'>Mauri</span> <span class='ocrx_word' id='word_1_371' title='bbox 1926 1475 1989 1509; x_wconf 93' lang='lat' dir='ltr'>vio-</span> 
     </span>
     <span class='ocr_line' id='line_1_73' title="bbox 1250 1527 1989 1570; baseline 0.004 -11"><span class='ocrx_word' id='word_1_372' title='bbox 1250 1527 1350 1560; x_wconf 87' lang='lat' dir='ltr'>lenter</span> <span class='ocrx_word' id='word_1_373' title='bbox 1373 1527 1505 1570; x_wconf 88' lang='lat' dir='ltr'>ingressi</span> <span class='ocrx_word' id='word_1_374' title='bbox 1530 1527 1655 1561; x_wconf 84' lang='lat' dir='ltr'>suerunt</span> <span class='ocrx_word' id='word_1_375' title='bbox 1679 1528 1716 1561; x_wconf 87' lang='lat' dir='ltr'>ad</span> <span class='ocrx_word' id='word_1_376' title='bbox 1741 1528 1939 1562; x_wconf 87' lang='lat' dir='ltr'>officiandum</span> <span class='ocrx_word' id='word_1_377' title='bbox 1957 1529 1989 1562; x_wconf 92' lang='lat' dir='ltr'>in</span> 
     </span>
     <span class='ocr_line' id='line_1_74' title="bbox 1251 1581 1988 1616; baseline 0.003 -3"><span class='ocrx_word' id='word_1_378' title='bbox 1251 1581 1302 1614; x_wconf 71' lang='lat' dir='ltr'>ill-a</span> <span class='ocrx_word' id='word_1_379' title='bbox 1328 1582 1459 1614; x_wconf 82' lang='lat' dir='ltr'>ecclesia</span> <span class='ocrx_word' id='word_1_380' title='bbox 1493 1586 1603 1615; x_wconf 88' lang='lat' dir='ltr'>contra</span> <span class='ocrx_word' id='word_1_381' title='bbox 1633 1581 1758 1616; x_wconf 87' lang='lat' dir='ltr'>decreta</span> <span class='ocrx_word' id='word_1_382' title='bbox 1793 1582 1988 1615; x_wconf 87' lang='lat' dir='ltr'>diversarum</span> 
     </span>
     <span class='ocr_line' id='line_1_75' title="bbox 1251 1635 1988 1679; baseline 0 -10"><span class='ocrx_word' id='word_1_383' title='bbox 1251 1635 1529 1679; x_wconf 81' lang='lat' dir='ltr'>congregationum</span> <span class='ocrx_word' id='word_1_384' title='bbox 1548 1635 1686 1668; x_wconf 88' lang='lat' dir='ltr'>eiusdem</span> <span class='ocrx_word' id='word_1_385' title='bbox 1704 1635 1733 1669; x_wconf 91' lang='lat' dir='ltr'>S.</span> <span class='ocrx_word' id='word_1_386' title='bbox 1750 1636 1782 1669; x_wconf 80' lang='lat' dir='ltr'>R.</span> <span class='ocrx_word' id='word_1_387' title='bbox 1798 1635 1831 1669; x_wconf 89' lang='lat' dir='ltr'>E.</span> <span class='ocrx_word' id='word_1_388' title='bbox 1850 1636 1988 1669; x_wconf 89' lang='lat' dir='ltr'>cardina-</span> 
     </span>
     <span class='ocr_line' id='line_1_76' title="bbox 1250 1688 1875 1732; baseline -0.002 -10"><span class='ocrx_word' id='word_1_389' title='bbox 1250 1689 1326 1722; x_wconf 88' lang='lat' dir='ltr'>lium</span> <span class='ocrx_word' id='word_1_390' title='bbox 1344 1688 1461 1722; x_wconf 90' lang='lat' dir='ltr'>tenoris</span> <span class='ocrx_word' id='word_1_391' title='bbox 1480 1689 1533 1732; x_wconf 87' lang='lat' dir='ltr'>qui</span> <span class='ocrx_word' id='word_1_392' title='bbox 1549 1689 1700 1732; x_wconf 88' lang='lat' dir='ltr'>sequitur,</span> <span class='ocrx_word' id='word_1_393' title='bbox 1718 1689 1875 1722; x_wconf 86' lang='lat' dir='ltr'>videlicet:</span> 
     </span>
    </p>

    <p class='ocr_par' dir='ltr' id='par_1_19' title="bbox 1294 1742 1986 1788">
     <span class='ocr_line' id='line_1_77' title="bbox 1294 1742 1986 1788; baseline 0 -12"><span class='ocrx_word' id='word_1_394' title='bbox 1294 1744 1308 1788; x_wconf 63' lang='grc' dir='ltr'>ξ</span> <span class='ocrx_word' id='word_1_395' title='bbox 1334 1744 1362 1776; x_wconf 43' lang='lat'>«1.</span> <span class='ocrx_word' id='word_1_396' title='bbox 1394 1756 1406 1775; x_wconf 79' lang='lat' dir='ltr'>(t</span> <span class='ocrx_word' id='word_1_397' title='bbox 1428 1743 1523 1776; x_wconf 90' lang='lat' dir='ltr'>Sacra</span> <span class='ocrx_word' id='word_1_398' title='bbox 1543 1742 1659 1776; x_wconf 88' lang='lat' dir='ltr'>rituum</span> <span class='ocrx_word' id='word_1_399' title='bbox 1681 1743 1885 1786; x_wconf 87' lang='lat' dir='ltr'>congregatio</span> <span class='ocrx_word' id='word_1_400' title='bbox 1902 1743 1986 1776; x_wconf 89' lang='lat' dir='ltr'>iuxta</span> 
     </span>
    </p>
   </div>
   <div class='ocr_carea' id='block_1_14' title="bbox 1248 1849 1988 2634">
    <p class='ocr_par' dir='ltr' id='par_1_20' title="bbox 1249 1849 1988 2152">
     <span class='ocr_line' id='line_1_78' title="bbox 1250 1849 1987 1893; baseline 0.001 -11"><span class='ocrx_word' id='word_1_401' title='bbox 1250 1849 1415 1882; x_wconf 89' lang='lat' dir='ltr'>daveribus</span> <span class='ocrx_word' id='word_1_402' title='bbox 1430 1849 1460 1881; x_wconf 92' lang='lat' dir='ltr'>in</span> <span class='ocrx_word' id='word_1_403' title='bbox 1478 1849 1617 1882; x_wconf 88' lang='lat' dir='ltr'>ecclesiis</span> <span class='ocrx_word' id='word_1_404' title='bbox 1631 1849 1824 1892; x_wconf 83' lang='lat' dir='ltr'>regularium</span> <span class='ocrx_word' id='word_1_405' title='bbox 1846 1853 1987 1893; x_wconf 88' lang='lat' dir='ltr'>spectare</span> 
     </span>
     <span class='ocr_line' id='line_1_79' title="bbox 1250 1902 1988 1947; baseline 0 -11"><span class='ocrx_word' id='word_1_406' title='bbox 1250 1908 1280 1936; x_wconf 92' lang='lat' dir='ltr'>et</span> <span class='ocrx_word' id='word_1_407' title='bbox 1303 1902 1460 1947; x_wconf 88' lang='lat' dir='ltr'>pertinere</span> <span class='ocrx_word' id='word_1_408' title='bbox 1485 1903 1523 1935; x_wconf 92' lang='lat' dir='ltr'>ad</span> <span class='ocrx_word' id='word_1_409' title='bbox 1548 1903 1631 1946; x_wconf 90' lang='lat' dir='ltr'>ipsos</span> <span class='ocrx_word' id='word_1_410' title='bbox 1654 1903 1827 1945; x_wconf 85' lang='lat' dir='ltr'>regulares,</span> <span class='ocrx_word' id='word_1_411' title='bbox 1845 1913 1909 1936; x_wconf 91' lang='lat' dir='ltr'>non</span> <span class='ocrx_word' id='word_1_412' title='bbox 1933 1914 1988 1936; x_wconf 89' lang='lat' dir='ltr'>au-</span> 
     </span>
     <span class='ocr_line' id='line_1_80' title="bbox 1250 1956 1987 1997; baseline 0 -8"><span class='ocrx_word' id='word_1_413' title='bbox 1250 1963 1312 1990; x_wconf 91' lang='lat' dir='ltr'>tem</span> <span class='ocrx_word' id='word_1_414' title='bbox 1347 1957 1386 1989; x_wconf 89' lang='lat' dir='ltr'>ad</span> <span class='ocrx_word' id='word_1_415' title='bbox 1422 1962 1546 1990; x_wconf 89' lang='lat' dir='ltr'>curatos</span> <span class='ocrx_word' id='word_1_416' title='bbox 1570 1956 1811 1997; x_wconf 83' lang='lat' dir='ltr'>defunctorum,</span> <span class='ocrx_word' id='word_1_417' title='bbox 1837 1961 1867 1989; x_wconf 90' lang='lat' dir='ltr'>et</span> <span class='ocrx_word' id='word_1_418' title='bbox 1890 1956 1932 1989; x_wconf 88' lang='lat' dir='ltr'>ita</span> <span class='ocrx_word' id='word_1_419' title='bbox 1955 1956 1987 1989; x_wconf 90' lang='lat' dir='ltr'>in</span> 
     </span>
     <span class='ocr_line' id='line_1_81' title="bbox 1250 2010 1987 2055; baseline -0.001 -11"><span class='ocrx_word' id='word_1_420' title='bbox 1250 2016 1412 2055; x_wconf 85' lang='lat' dir='ltr'>posterum</span> <span class='ocrx_word' id='word_1_421' title='bbox 1437 2010 1554 2043; x_wconf 89' lang='lat' dir='ltr'>servari</span> <span class='ocrx_word' id='word_1_422' title='bbox 1581 2010 1747 2051; x_wconf 91' lang='lat' dir='ltr'>mandavit,</span> <span class='ocrx_word' id='word_1_423' title='bbox 1767 2020 1830 2043; x_wconf 92' lang='lat' dir='ltr'>non</span> <span class='ocrx_word' id='word_1_424' title='bbox 1845 2010 1987 2044; x_wconf 86' lang='lat' dir='ltr'>obstante</span> 
     </span>
     <span class='ocr_line' id='line_1_82' title="bbox 1249 2063 1987 2098; baseline -0.001 -1"><span class='ocrx_word' id='word_1_425' title='bbox 1249 2064 1406 2097; x_wconf 81' lang='lat' dir='ltr'>contraria</span> <span class='ocrx_word' id='word_1_426' title='bbox 1427 2063 1661 2097; x_wconf 86' lang='lat' dir='ltr'>consuetudine.</span> <span class='ocrx_word' id='word_1_427' title='bbox 1679 2063 1734 2097; x_wconf 92' lang='lat' dir='ltr'>Die</span> <span class='ocrx_word' id='word_1_428' title='bbox 1751 2073 1840 2097; x_wconf 80' lang='lat' dir='ltr'>xxvu</span> <span class='ocrx_word' id='word_1_429' title='bbox 1863 2073 1987 2098; x_wconf 88' lang='lat' dir='ltr'>novem-</span> 
     </span>
     <span class='ocr_line' id='line_1_83' title="bbox 1249 2118 1533 2152; baseline -0.004 -1"><span class='ocrx_word' id='word_1_430' title='bbox 1249 2118 1314 2152; x_wconf 85' lang='lat' dir='ltr'>bris</span> <span class='ocrx_word' id='word_1_431' title='bbox 1339 2128 1533 2152; x_wconf 83' lang='lat' dir='ltr'>Mncxxxvm.</span> 
     </span>
    </p>

    <p class='ocr_par' dir='ltr' id='par_1_21' title="bbox 1381 2170 1985 2215">
     <span class='ocr_line' id='line_1_84' title="bbox 1381 2170 1985 2215; baseline 0 -10"><span class='ocrx_word' id='word_1_432' title='bbox 1381 2171 1411 2205; x_wconf 86' lang='lat' dir='ltr'>C.</span> <span class='ocrx_word' id='word_1_433' title='bbox 1437 2171 1603 2215; x_wconf 88' lang='lat' dir='ltr'>episcopus</span> <span class='ocrx_word' id='word_1_434' title='bbox 1625 2170 1803 2204; x_wconf 90' lang='lat' dir='ltr'>Portuensis</span> <span class='ocrx_word' id='word_1_435' title='bbox 1820 2170 1985 2206; x_wconf 87' lang='lat' dir='ltr'>cardinalis</span> 
     </span>
    </p>

    <p class='ocr_par' dir='ltr' id='par_1_22' title="bbox 1335 2224 1884 2321">
     <span class='ocr_line' id='line_1_85' title="bbox 1482 2224 1884 2259; baseline 0 -1"><span class='ocrx_word' id='word_1_436' title='bbox 1482 2225 1553 2258; x_wconf 82' lang='lat' dir='ltr'>Pius</span> <span class='ocrx_word' id='word_1_437' title='bbox 1579 2225 1681 2258; x_wconf 83' lang='lat' dir='ltr'>IULlus</span> <span class='ocrx_word' id='word_1_438' title='bbox 1706 2224 1830 2259; x_wconf 74' lang='lat' dir='ltr'>Cmcms</span> <span class='ocrx_word' id='word_1_439' title='bbox 1856 2237 1884 2258; x_wconf 85' lang='lat'>».</span> 
     </span>
     <span class='ocr_line' id='line_1_86' title="bbox 1335 2277 1598 2321; baseline -0.008 -9"><span class='ocrx_word' id='word_1_440' title='bbox 1335 2279 1417 2312; x_wconf 91' lang='lat' dir='ltr'>Loco</span> <span class='ocrx_word' id='word_1_441' title='bbox 1441 2280 1464 2320; x_wconf 80' lang='lat'>†</span> <span class='ocrx_word' id='word_1_442' title='bbox 1488 2277 1598 2321; x_wconf 88' lang='lat' dir='ltr'>Sigilli.</span> 
     </span>
    </p>

    <p class='ocr_par' dir='ltr' id='par_1_23' title="bbox 1248 2331 1986 2634">
     <span class='ocr_line' id='line_1_87' title="bbox 1292 2331 1984 2375; baseline -0.001 -8"><span class='ocrx_word' id='word_1_443' title='bbox 1292 2333 1420 2367; x_wconf 87' lang='lat' dir='ltr'>Necnon</span> <span class='ocrx_word' id='word_1_444' title='bbox 1444 2342 1532 2365; x_wconf 87' lang='lat' dir='ltr'>sacra</span> <span class='ocrx_word' id='word_1_445' title='bbox 1551 2331 1754 2375; x_wconf 86' lang='lat' dir='ltr'>congregatio</span> <span class='ocrx_word' id='word_1_446' title='bbox 1778 2331 1984 2366; x_wconf 87' lang='lat' dir='ltr'>cardinalium</span> 
     </span>
     <span class='ocr_line' id='line_1_88' title="bbox 1248 2385 1986 2430; baseline 0.001 -11"><span class='ocrx_word' id='word_1_447' title='bbox 1248 2386 1382 2429; x_wconf 85' lang='lat' dir='ltr'>negotiis</span> <span class='ocrx_word' id='word_1_448' title='bbox 1406 2385 1629 2429; x_wconf 86' lang='lat' dir='ltr'>episcoporum</span> <span class='ocrx_word' id='word_1_449' title='bbox 1644 2389 1673 2419; x_wconf 88' lang='lat' dir='ltr'>ct</span> <span class='ocrx_word' id='word_1_450' title='bbox 1687 2385 1879 2428; x_wconf 87' lang='lat' dir='ltr'>regularium</span> <span class='ocrx_word' id='word_1_451' title='bbox 1899 2396 1986 2430; x_wconf 85' lang='lat' dir='ltr'>prae-</span> 
     </span>
     <span class='ocr_line' id='line_1_89' title="bbox 1249 2439 1984 2485; baseline 0 -12"><span class='ocrx_word' id='word_1_452' title='bbox 1249 2440 1349 2485; x_wconf 90' lang='lat' dir='ltr'>posita</span> <span class='ocrx_word' id='word_1_453' title='bbox 1382 2439 1502 2473; x_wconf 88' lang='lat' dir='ltr'>censuit</span> <span class='ocrx_word' id='word_1_454' title='bbox 1533 2439 1751 2473; x_wconf 84' lang='lat' dir='ltr'>defunctorum</span> <span class='ocrx_word' id='word_1_455' title='bbox 1780 2439 1931 2473; x_wconf 87' lang='lat' dir='ltr'>cadavera</span> <span class='ocrx_word' id='word_1_456' title='bbox 1953 2440 1984 2473; x_wconf 91' lang='lat' dir='ltr'>in</span> 
     </span>
     <span class='ocr_line' id='line_1_90' title="bbox 1248 2492 1983 2536; baseline -0.003 -10"><span class='ocrx_word' id='word_1_457' title='bbox 1248 2493 1387 2526; x_wconf 88' lang='lat' dir='ltr'>ecclesiis</span> <span class='ocrx_word' id='word_1_458' title='bbox 1407 2492 1562 2526; x_wconf 87' lang='lat' dir='ltr'>dictorum</span> <span class='ocrx_word' id='word_1_459' title='bbox 1587 2492 1719 2525; x_wconf 82' lang='lat' dir='ltr'>fratrum</span> <span class='ocrx_word' id='word_1_460' title='bbox 1745 2492 1922 2536; x_wconf 87' lang='lat' dir='ltr'>sepelienda</span> <span class='ocrx_word' id='word_1_461' title='bbox 1945 2492 1983 2524; x_wconf 92' lang='lat' dir='ltr'>ab</span> 
     </span>
     <span class='ocr_line' id='line_1_91' title="bbox 1248 2537 1982 2580; baseline -0.003 -1"><span class='ocrx_word' id='word_1_462' title='bbox 1248 2537 1377 2580; x_wconf 84' lang='lat' dir='ltr'>aedibus</span> <span class='ocrx_word' id='word_1_463' title='bbox 1401 2545 1620 2579; x_wconf 87' lang='lat' dir='ltr'>defunctorum</span> <span class='ocrx_word' id='word_1_464' title='bbox 1645 2545 1683 2578; x_wconf 91' lang='lat' dir='ltr'>ad</span> <span class='ocrx_word' id='word_1_465' title='bbox 1708 2544 1891 2579; x_wconf 89' lang='lat' dir='ltr'>eorumdem</span> <span class='ocrx_word' id='word_1_466' title='bbox 1914 2544 1982 2578; x_wconf 84' lang='lat' dir='ltr'>fra-</span> 
     </span>
     <span class='ocr_line' id='line_1_92' title="bbox 1250 2597 1981 2634; baseline 0 -2"><span class='ocrx_word' id='word_1_467' title='bbox 1250 2604 1329 2633; x_wconf 92' lang='lat' dir='ltr'>trum</span> <span class='ocrx_word' id='word_1_468' title='bbox 1349 2599 1497 2633; x_wconf 86' lang='lat' dir='ltr'>ecclesias</span> <span class='ocrx_word' id='word_1_469' title='bbox 1513 2605 1600 2634; x_wconf 88' lang='lat' dir='ltr'>recto</span> <span class='ocrx_word' id='word_1_470' title='bbox 1622 2598 1743 2631; x_wconf 88' lang='lat' dir='ltr'>tramite</span> <span class='ocrx_word' id='word_1_471' title='bbox 1767 2597 1882 2631; x_wconf 82' lang='lat' dir='ltr'>deferri</span> <span class='ocrx_word' id='word_1_472' title='bbox 1900 2598 1981 2634; x_wconf 86' lang='lat' dir='ltr'>licite</span> 
     </span>
    </p>
   </div>
   <div class='ocr_carea' id='block_1_15' title="bbox 2031 958 2117 980">
    <p class='ocr_par' dir='ltr' id='par_1_24' title="bbox 2031 958 2117 980">
     <span class='ocr_line' id='line_1_93' title="bbox 2031 958 2117 980; baseline 0.023 -2"><span class='ocrx_word' id='word_1_473' title='bbox 2031 958 2117 980; x_wconf 70' lang='lat' dir='ltr'>Motiva.</span> 
     </span>
    </p>
   </div>
   <div class='ocr_carea' id='block_1_16' title="bbox 2001 1753 2222 1800">
    <p class='ocr_par' dir='ltr' id='par_1_25' title="bbox 2001 1753 2222 1800">
     <span class='ocr_line' id='line_1_94' title="bbox 2041 1753 2222 1773; baseline 0 0"><span class='ocrx_word' id='word_1_474' title='bbox 2041 1753 2183 1773; x_wconf 64' lang='lat' dir='ltr'>accensentur</span> <span class='ocrx_word' id='word_1_475' title='bbox 2202 1755 2207 1770; x_wconf 61' lang='lat' dir='ltr'>tr</span> <span class='ocrx_word' id='word_1_476' title='bbox 2220 1764 2222 1773; x_wconf 79' lang='grc'>;</span> 
     </span>
     <span class='ocr_line' id='line_1_95' title="bbox 2001 1779 2221 1800; baseline 0 -1"><span class='ocrx_word' id='word_1_477' title='bbox 2001 1779 2087 1800; x_wconf 76' lang='lat' dir='ltr'>decreta</span> <span class='ocrx_word' id='word_1_478' title='bbox 2114 1784 2182 1800; x_wconf 74' lang='lat' dir='ltr'>sacra·</span> <span class='ocrx_word' id='word_1_479' title='bbox 2219 1790 2221 1795; x_wconf 84' lang='lat'>.</span> 
     </span>
    </p>
   </div>
   <div class='ocr_carea' id='block_1_17' title="bbox 1250 1795 2222 1855">
    <p class='ocr_par' dir='ltr' id='par_1_26' title="bbox 1250 1795 2222 1855">
     <span class='ocr_line' id='line_1_96' title="bbox 1250 1795 2222 1855; baseline -0.004 -26"><span class='ocrx_word' id='word_1_480' title='bbox 1250 1797 1325 1830; x_wconf 80' lang='lat' dir='ltr'>alias</span> <span class='ocrx_word' id='word_1_481' title='bbox 1341 1797 1479 1829; x_wconf 89' lang='lat' dir='ltr'>resoluta</span> <span class='ocrx_word' id='word_1_482' title='bbox 1492 1795 1655 1839; x_wconf 89' lang='lat' dir='ltr'>respondit</span> <span class='ocrx_word' id='word_1_483' title='bbox 1668 1796 1805 1829; x_wconf 84' lang='lat' dir='ltr'>officium</span> <span class='ocrx_word' id='word_1_484' title='bbox 1823 1807 1920 1840; x_wconf 89' lang='lat' dir='ltr'>super</span> <span class='ocrx_word' id='word_1_485' title='bbox 1937 1807 1986 1830; x_wconf 89' lang='lat' dir='ltr'>ca·</span> <span class='ocrx_word' id='word_1_486' title='bbox 2001 1811 2183 1855; x_wconf 50' lang='lat' dir='ltr'>iffiiinn&#39;imm‘*</span> <span class='ocrx_word' id='word_1_487' title='bbox 2214 1812 2222 1835; x_wconf 48' lang='grc' dir='ltr'>Ἰ,</span> 
     </span>
    </p>
   </div>
  </div>
 </body>
</html>
