2243 3205
292 220 339 246 An.
360 220 389 247 c.
409 221 474 248 ¹060
519 212 582 245 (500

318 1876 464 1902 Transumpto·

282 1908 327 1923 rum
342 1902 399 1923 tides.

1064 222 1242 247 BULLARIUM
1267 221 1419 246 ROMANUM

488 269 607 302 etiamsi
629 279 687 312 pro
704 268 868 302 sufficienti
893 279 1003 302 corum
1021 269 1224 313 derogatione
1240 273 1243 313 ἶ
1258 271 1310 303 lati
1336 270 1538 303 ecclesiastici
1568 271 1705 312 munitis,
1731 273 1837 305 eadem
1864 284 1994 317 prorsus

487 321 524 354 de
551 321 610 353 illis
643 331 818 365 eorumque
850 322 921 355 totis
958 323 1117 356 tenoribus
1153 334 1223 366 spc-

487 373 583 414 cialis,
598 374 753 417 specifica,
769 385 915 418 expressa
933 380 962 408 et
979 375 1149 416 individua,
1162 386 1223 409 non

487 432 589 459 autem
615 438 672 470 per
697 427 851 460 clausulas
875 428 1037 470 generales
1064 428 1144 461 idem
1171 428 1243 464 im-,

487 485 658 522 portanteS,
676 480 792 513 mentio
807 491 861 513 seu
875 481 1002 524 quaevis
1026 481 1085 513 alia
1103 491 1225 524 expres·

486 532 532 565 sio
550 532 691 565 habenda
704 538 756 565 aut
769 533 873 577 aliqua
888 534 947 566 alia
960 534 1113 578 exquisita
1126 534 1224 567 forma

485 585 523 618 ad
549 585 608 618 hoc
632 586 783 619 servanda
800 587 890 628 soret,
912 587 989 620 etin
1008 588 1052 620 eis
1077 592 1224 620 caveatur

485 649 631 682 expresse
659 639 743 682 quod
774 650 830 683 per
862 640 1043 673 huiusmodi
1069 640 1223 673 clausulas

485 692 647 733 generales
680 692 724 725 eis
754 693 932 726 nullatenus
961 693 1142 735 derogetur,
1166 702 1224 726 nec

484 744 669 787 derogatum
684 756 751 779 esse
767 751 941 788 censeatur,
959 746 1018 779 nisi
1035 745 1111 778 sub¹
1129 745 1222 778 certis

485 797 578 830 modo
603 803 632 830 et
656 798 757 831 forma
780 798 812 831 in
836 799 880 832 eis
905 798 1072 842 expressis,
1097 803 1222 831 tenores

483 850 674 891 huiusmodi,
698 862 734 885 ac
751 852 775 884 si
792 851 830 884 de
852 851 946 884 verbo
963 851 1001 883 ad
1022 851 1153 884 verbum
1178 850 1221 883 in-

483 909 681 946 sererentur,
707 904 925 948 praesentibus
949 914 1006 947 pro
1031 903 1221 937 sufficienter

483 957 638 1000 expressis
652 961 681 991 et
695 957 829 998 insertis,
844 968 878 991 ac
893 957 1021 990 modum
1039 962 1069 989 et
1086 957 1219 990 sormam

482 1007 520 1040 ad
552 1008 582 1041 id
614 1009 783 1042 servandos
813 1020 871 1053 pro
907 1009 1066 1042 individue
1091 1010 1219 1042 servatis

482 1061 642 1104 habentes,
656 1062 694 1095 ad
714 1064 960 1106 praemissorum
982 1062 1138 1103 effectum,
1159 1063 1219 1095 illis

481 1113 556 1146 alias
573 1114 604 1146 in
625 1125 682 1148 suo
702 1115 817 1148 robore
834 1115 1060 1159 permansuris,
1078 1115 1136 1148 hac
1154 1115 1219 1148 vice

481 1166 656 1209 dumtaxat,
682 1168 858 1212 specialiter
889 1172 919 1200 et
946 1178 1090 1211 expresse
1120 1167 1218 1201 dero-

480 1231 611 1263 gamus;
632 1222 807 1265 ceterisque
831 1221 997 1255 contrariis
1021 1221 1219 1265 quibuscum-

481 1284 558 1316 que;

524 1328 539 1370 ἓ
563 1327 593 1359 4.
611 1328 671 1361 Aut
695 1328 719 1360 si
745 1327 941 1371 patriarchis,
962 1326 1217 1372 archiepiscopis,

481 1381 647 1426 episeopis,
673 1381 789 1422 electis,
821 1381 1140 1421 administratoribus,
1164 1381 1217 1413 ab-

480 1434 614 1475 batibus,
635 1434 920 1475 commendaturus,
941 1434 1115 1477 ceterisque
1129 1444 1219 1478 prae-

480 1487 570 1520 dictis
600 1491 630 1521 et
653 1488 817 1532 quibusvis
841 1487 909 1520 aliis
935 1487 1146 1520 communiter
1171 1487 1218 1520 vel

480 1541 603 1574 divisim
638 1541 676 1573 ab
710 1541 820 1574 eadem
857 1541 896 1573 sit
931 1540 1009 1574 Sede
1044 1540 1218 1582 indultum,

480 1595 565 1640 quod
589 1595 756 1636 interdici,
782 1595 943 1639 suspendi,
970 1594 1017 1627 vel
1042 1605 1220 1627 excommu-

479 1649 578 1683 nicari
595 1659 657 1682 non
675 1649 797 1693 possint
813 1659 869 1693 per
889 1649 1008 1682 litteras
1033 1648 1219 1692 apostolicas

479 1713 541 1736 non
565 1702 712 1736 facientes
730 1703 854 1746 plenam
871 1707 901 1735 et
918 1712 1095 1746 expressam
1121 1712 1156 1734 ac
1181 1701 1218 1734 de

480 1756 576 1789 verbo
601 1756 639 1788 ad
674 1756 805 1789 verbum
831 1756 868 1789 de
893 1756 1013 1789 indulto
1038 1755 1217 1789 huiusmodi

480 1809 681 1842 mentionem.

525 1864 540 1906 ἓ
565 1863 594 1896 5.
624 1863 775 1896 Volumus
793 1868 897 1895 autem
923 1862 1020 1907 quod,
1037 1862 1121 1895 iuxta
1138 1863 1219 1896 ordi—

480 1916 637 1949 nationem
663 1916 693 1948 in
718 1915 851 1949 concilio
868 1915 1030 1948 Viennensi
1048 1926 1142 1959 super
1159 1916 1218 1949 hoc

481 1969 614 2010 editam,
638 1969 768 2010 calices,
792 1969 864 2001 libri
894 1974 924 2002 et
950 1968 1010 2001 alia
1034 1974 1217 2001 ornamenta

480 2024 696 2064 ecclesiarum,
721 2022 996 2062 monasteriorum,
1021 2022 1216 2066 prioratuum

480 2082 510 2110 et
529 2076 662 2110 aliorum
688 2076 914 2109 beneficiorum
941 2082 970 2108 et
994 2076 1119 2119 piorum
1137 2076 1217 2110 loco-

480 2140 551 2162 rum
581 2130 638 2163 sub
660 2129 878 2173 praesentibus
902 2129 1216 2172 comprehensorum,

480 2182 584 2216 divino
610 2182 706 2216 cultui
731 2182 881 2223 dedicata,
892 2183 984 2215 causa
1009 2182 1150 2226 pignoris
1170 2182 1216 2215 vel

480 2236 554 2269 alias
578 2236 742 2269 occasione
766 2235 930 2269 solutionis
954 2235 1084 2268 subsidii
1110 2236 1216 2269 liuius·

479 2345 526 2377 vel
543 2348 753 2388 occupentur,
771 2343 918 2388 quodque
931 2343 1113 2377 earumdem
1130 2353 1218 2387 prae-

480 2397 613 2431 sentium
632 2397 807 2431 litterarum
827 2396 1040 2441 transumptis,
1055 2406 1148 2430 manu
1166 2407 1218 2430 no-

481 2451 548 2485 tarii
570 2451 687 2495 publici
707 2451 904 2495 subscriptis,
923 2456 953 2483 et
965 2450 1068 2493 sigillo
1085 2449 1216 2483 alicuius

481 2515 514 2537 ex
541 2504 631 2538 dietis
654 2504 877 2537 collectoribus
906 2504 953 2536 vel
977 2502 1106 2536 alterius
1129 2513 1216 2547 prae-

521 2620 526 2642 t
553 2618 696 2653 perperam
709 2618 750 2645 ed.
763 2618 840 2645 Maia.
855 2618 919 2654 tegit
933 2620 986 2645 suci
1002 2626 1049 2654 pro
1065 2619 1116 2645 sub
1125 2619 1215 2653 (nn).

1241 323 1335 356 'tides
1362 323 1393 355 in
1420 323 1535 357 iudicio
1571 329 1600 356 et
1629 330 1714 357 extra
1734 325 1895 366 habeatur,
1915 337 1994 370 quae

1260 376 1332 419 ipsis
1357 376 1573 419 praesentibus
1598 376 1811 418 adhiberetur,
1839 378 1863 410 si
1895 379 1996 414 forent

1258 429 1412 462 exhibitae
1437 430 1483 462 vel
1508 436 1659 464 ostensae.

1302 483 1412 515 Datum
1441 483 1568 523 Romae,
1597 483 1679 527 apud
1707 484 1735 517 S.
1754 484 1880 517 Mariam
1900 484 1995 517 Maio-

1260 546 1338 576 rem,
1349 535 1406 568 sub
1416 537 1530 569 annulo
1542 537 1716 578 piscatoris,
1729 536 1779 569 die
1798 547 1850 569 xni
1867 537 1990 579 augusti

1258 598 1372 629 tuncnx,
1393 589 1594 632 pontificatus
1610 589 1709 621 nostri
1729 599 1810 622 anno
1829 599 1868 621 νι.

1294 650 1354 676 Dat.
1372 649 1414 676 die
1432 650 1463 676 13
1478 650 1588 684 augusti
1609 652 1684 683 tutio,
1702 651 1794 686 pontif.
1814 659 1884 678 anno
1903 658 1940 678 Vi.

1565 792 1666 826 CCCX.

1283 873 1451 916 Imposilio
1475 873 1677 905 decimarum
1698 882 1758 915 pro
1785 871 1962 915 Republica
1983 869 1986 872 ’

1556 925 1700 958 Veneta'.

1253 1004 1422 1032 Venerabili
1441 1004 1527 1031 fratri
1548 1004 1654 1038 Iaeopo
1670 1003 1892 1037 archiepiscopo
1907 1004 1994 1031 Athe-

1289 1056 1403 1082 narum,
1423 1049 1562 1076 moderno
1583 1051 1613 1075 et
1630 1055 1682 1082 pro
1697 1050 1828 1082 tempore
1850 1047 1993 1075 existenti

1288 1096 1392 1120 nostro
1412 1096 1442 1120 et.
1454 1093 1538 1120 Sedis
1551 1092 1740 1126 Apostolicae
1751 1092 1781 1119 in
1797 1091 1926 1119 dominio
1941 1092 1993 1119 Ve—

1288 1141 1426 1164 netorum
1445 1137 1556 1164 nuncio
1568 1158 1576 1171 ‚

1447 1189 1610 1216 Alexander
1630 1189 1711 1223 Papa
1729 1188 1792 1216 vll.

1464 1259 1647 1287 Venerabilis
1666 1259 1771 1292 frater,

1286 1305 1417 1331 salutem
1440 1307 1471 1331 et
1494 1304 1690 1338 apostolicam
1709 1303 1959 1331 benedictionem.

1296 1384 1518 1417 Sacrosanctae
1528 1383 1689 1417 militantis
1700 1383 1856 1416 Ecclesiae
1866 1383 1991 1426 regimi-
2031 1393 2149 1415 Exordium.

1253 1436 1304 1469 ni²
1320 1447 1376 1480 per
1392 1435 1613 1468 abundantiam
1632 1436 1754 1468 divinae
1768 1435 1887 1478 gratiae
1903 1436 1990 1470 nullo

1252 1492 1323 1525 lieet
1342 1491 1524 1524 meritorum
1544 1490 1694 1534 suffragio
1712 1491 1892 1534 praepositi,
1910 1490 1991 1524 inter

1252 1554 1363 1587 graves
1388 1544 1624 1585 sollicitudines,
1650 1544 1763 1587 quibus
1787 1554 1845 1587 pro
1870 1543 1990 1577 credito

1251 1597 1342 1631 nobis
1357 1597 1547 1641 apostolicae
1563 1597 1721 1630 servitutis
1739 1596 1843 1630 officio
1867 1596 1990 1629 assidue

1253 1650 1438 1694 premimur,
1459 1661 1494 1683 ea
1519 1656 1565 1683 est
1589 1651 1768 1694 praecipua,
1796 1660 1890 1694 quam
1916 1660 1990 1684 con·

1253 1703 1338 1736 tinua
1362 1703 1503 1747 pericula
1538 1708 1630 1746 atque
1654 1703 1845 1743 discrimina,
1869 1713 1948 1746 quae
1972 1714 1990 1736 a

1252 1757 1371 1790 nefario
1396 1757 1510 1791 Christi
1534 1757 1670 1789 nominis
1702 1756 1791 1789 hoste
1815 1757 1988 1789 Turc'arum

1234 1824 1236 1835 ·
1254 1815 1383 1855 tyranno
1408 1810 1602 1854 principibus
1620 1815 1649 1842 et
1668 1809 1794 1853 populis
1811 1809 1988 1843 christianis

1252 1873 1412 1907 nunquam
1427 1873 1489 1896 non
1504 1863 1692 1906 impendent,
1704 1862 1793 1895 nobis
1811 1862 1988 1897 conficiunt.

1251 1917 1460 1961 Quapropter,
1485 1916 1541 1948 etsi
1566 1915 1689 1948 Domini
1710 1915 1764 1948 Dei
1784 1916 1988 1956 exercituum,

1252 1970 1304 2013 qui
1317 1980 1463 2013 sponsam
1481 1980 1567 2001 suam
1578 1968 1749 2002 Ecclesiam
1765 1973 1904 2002 sanctam
1919 1979 1989 2013 pro-

1251 2023 1337 2065 tegit,
1362 2022 1519 2066 praesidio
1550 2021 1748 2066 potissimum
1774 2021 1988 2064 confidamus,

1251 2077 1396 2119 cogimur
1420 2081 1523 2108 tamen
1539 2086 1597 2119 pro
1614 2075 1718 2108 debito
1743 2076 1908 2119 pastoralis
1925 2086 1990 2109 mu-

1251 2129 1334 2162 neris
1366 2128 1398 2161 in
1429 2128 1459 2160 id
1490 2128 1575 2161 omni
1602 2128 1813 2170 cogitatione,
1839 2128 1987 2172 omnique

1251 2183 1327 2215 eura
1352 2181 1556 2222 incumbere,
1581 2186 1623 2212 ut*
1645 2180 1832 2224 provisionis
1863 2185 1988 2214 nostrae

1252 2235 1436 2276 ministerio,
1452 2234 1600 2267 adhibitis
1618 2234 1845 2268 catholicorum
1870 2234 1986 2278 princi-

480 2290 564 2324 modi
589 2290 766 2323 nullatenus
796 2290 978 2334 capiantur,
1003 2289 1218 2322 distrahantur
1250 2299 1325 2332 pum
1350 2287 1479 2328 viribus,
1505 2287 1584 2320 mala
1609 2287 1788 2320 huiusmodi
1813 2297 1945 2331 prorsus
1969 2297 1986 2320 a

1250 2342 1368 2386 populo
1393 2341 1563 2374 christiano
1588 2346 1764 2374 arceantur.

1294 2395 1308 2439 ἓ
1333 2395 1362 2427 l.
1380 2394 1455 2428 Cum
1478 2404 1552 2427 vero
1572 2394 1641 2437 plus
1659 2392 1732 2425 satis
1757 2398 1877 2426 constet
1894 2403 1985 2433 ‚eum-

1248 2449 1318 2483 dem
1356 2448 1486 2492 impium
1521 2448 1692 2481 Tui-carum
1720 2451 1883 2492 tyrannum
1906 2447 1984 2480 nihil

2025 2400 2108 2420 Motiva.

1285 2530 1296 2556 1
1320 2528 1356 2555 Ex
1377 2529 1487 2562 Regest.
1510 2527 1536 2554 in
1555 2527 1655 2554 Secret.
1677 2526 1754 2554 Brev.

1283 2573 1300 2599 2
1319 2572 1419 2599 Similis
1433 2572 1537 2599 formae
1555 2570 1778 2598 Constitutionem
1802 2569 1949 2598 innocentii
1964 2569 1983 2596 Χ

1250 2618 1308 2645 vide
1324 2617 1352 2644 in
1368 2621 1432 2644 tom.
1448 2624 1480 2644 xv
1499 2624 1558 2652 pag.
1577 2616 1627 2643 722
1642 2616 1679 2650 (n.
1695 2615 1744 2650 τ.).

2007 227 2056 254 An.
2077 227 2188 259 &1660
2222 241 2225 247 ·
