2243 3205
287 204 335 230 An.
353 204 379 230 r..
406 204 466 231 teet
516 196 579 228 ΟΜ

483 253 597 296 pediti,
627 253 762 296 aliquem
788 263 803 286 e
829 263 901 286 suae
926 253 1037 287 domus
1062 254 1223 287 vocalibus

483 305 628 347 ablegare
642 306 679 338 ad
697 306 902 350 provincialia
916 306 992 340 haec
1009 307 1136 340 comitia
1154 317 1223 351 pos-

483 358 552 391 sint.
566 358 622 397 Qui
639 359 763 399 vocalis,
777 359 800 391 si
820 359 910 392 suerit
928 360 1055 401 electus,
1069 370 1132 393 non
1147 360 1221 403 ipse,

483 411 535 443 sed
561 412 759 455 praepositus
784 413 900 445 electus
925 419 1098 446 censeatur.
1133 412 1221 452 Quod

482 464 505 495 si
525 474 540 496 e
566 464 755 508 praepositis
780 465 891 509 aliquis
916 476 1016 509 neque
1042 466 1137 499 alium
1163 465 1221 498 mi-

482 517 556 549 serit
580 528 637 551 suo
661 519 808 561 nomine,
835 519 859 552 is
884 520 1008 563 passivo
1033 519 1063 552 in
1089 530 1125 553 eo
1150 529 1221 552 con-

482 575 573 602 ventu
599 570 750 613 suffragio
778 582 816 604 ne
838 572 980 615 gaudeat.
1005 573 1128 605 Electus
1145 582 1220 604 vero

480 623 518 655 ad
540 623 665 656 comitia
683 625 840 667 generalia
854 626 997 665 mittere,
1014 626 1037 658 si
1057 625 1149 659 suerit
1165 624 1220 657 im-

480 676 625 719 peditus,
651 687 666 708 e
693 677 756 710 suis
789 678 949 711 vocalibus
973 689 1065 722 quem
1091 678 1219 710 libuerit

479 730 584 773 possit.
609 731 665 770 Qui
691 737 878 764 conventum
908 732 992 764 bunc
1023 731 1217 775 praeposito-

479 794 549 815 rum
575 790 745 825 convocet,
775 789 925 828 curetque
941 811 948 824 ‚
973 789 1006 816 ut
1031 784 1089 816 rite
1113 784 1218 816 omnia

477 840 679 878 peragantur,
697 836 736 869 sit
756 836 861 869 senior
885 847 919 869 ex
946 836 1143 880 praepositis.
1163 836 1217 869 Vo-

478 889 591 922 calium
618 900 691 922 vero
716 890 831 933 duplex
858 889 910 921 siat
934 890 1062 922 electio:
1081 889 1168 933 prior
1186 890 1215 922 in

477 943 609 986 singulis
633 943 788 985 domibus,
814 943 858 975 uti
877 943 973 977 moris
995 947 1049 985 est,
1067 944 1104 976 ad
1130 943 1213 976 insti-

477 996 533 1027 tuti
554 1006 588 1028 ac
606 996 806 1028 decretorum
835 996 979 1038 formam⁷
998 996 1078 1028 intra
1096 996 1213 1028 Italiam

476 1048 613 1092 quidem,
638 1048 687 1081 die
713 1049 901 1092 septembris
921 1049 1039 1093 prima,
1057 1054 1143 1082 extra
1161 1050 1215 1082 Ita-

475 1102 548 1134 liam
566 1112 651 1142 vero,
668 1101 771 1145 prima
795 1102 877 1142 iulii;
899 1102 1066 1146 posterior,
1085 1108 1214 1146 septem-

474 1154 523 1186 bri
549 1165 655 1188 mense
679 1160 766 1187 extra
791 1155 921 1195 Italiam,
951 1155 1113 1188 novembri
1140 1166 1213 1188 vero

474 1207 554 1240 intra
576 1208 706 1240 Italiam.
724 1208 766 1240 Ex
784 1208 944 1241 vocalibus
961 1208 1076 1250 electis,
1096 1208 1214 1241 scilicet

474 1261 525 1304 qui
553 1262 582 1293 in
608 1262 707 1305 priori
732 1261 898 1294 domorum
924 1262 1076 1295 electione
1101 1272 1213 1294 renun-

474 1314 544 1347 ciati
570 1315 692 1347 vocales
717 1315 844 1355 suerint,
864 1315 996 1347 alterum
1015 1315 1125 1347 deinde
1143 1325 1212 1348 con-

473 1371 611 1408 ventum,
636 1368 745 1400 eadem
771 1378 832 1411 qua
856 1369 1027 1411 praepositi
1053 1368 1120 1408 die,
1149 1378 1211 1401 non

473 1421 581 1453 eadem
608 1420 712 1461 domo,
742 1421 795 1453 sed
820 1431 913 1464 quam
940 1422 1137 1465 praepositus
1162 1432 1212 1464 ge·

471 1474 586 1506 neralis
611 1479 640 1506 et
665 1474 860 1506 consultores
893 1474 1137 1515 destinaverint,
1163 1484 1212 1506 ce-

471 1527 610 1568 lebrent,
635 1532 727 1570 atque
751 1526 788 1559 ad
814 1527 957 1559 eumdem
983 1538 1113 1570 prorsus
1138 1538 1208 1561 mo-

471 1579 556 1620 dum,
586 1579 760 1623 eodemque
785 1579 1010 1622 suffragiorum
1036 1581 1118 1622 ritu,
1149 1592 1211 1624 quo

470 1638 596 1677 peracta
617 1640 663 1666 est
679 1634 931 1677 praepositorum
950 1634 1071 1675 electio,
1092 1634 1145 1667 fiat
1163 1645 1212 1668 vo-

471 1687 595 1727 calium,
613 1686 665 1730 qui
684 1687 769 1719 adire
794 1687 940 1729 generale
966 1688 1137 1731 capitulum
1162 1688 1211 1721 de-

470 1741 564 1782 bent,
590 1741 855 1785 quemadmodum
882 1741 919 1774 de
944 1741 1131 1785 praepositis
1163 1742 1208 1774 si-

471 1795 652 1837 gnificatum
679 1799 733 1827 est.

515 1848 529 1891 g
553 1847 583 1879 lt.
608 1848 740 1881 Caveant
764 1847 900 1880 maxime
924 1847 1075 1881 electores
1100 1847 1130 1880 in
1151 1848 1210 1881 ele-

470 1900 572 1933 ctione
598 1900 763 1942 vocalium,
781 1910 819 1933 ne
837 1910 930 1943 quem
955 1900 1082 1942 eligant,
1099 1905 1158 1932 tam
1178 1901 1208 1932 in

470 1953 573 1997 prima
594 1964 687 1997 quam
714 1954 743 1986 in
769 1953 906 1986 secunda
931 1953 1093 1994 electione,
1114 1954 1166 1997 qui
1192 1963 1208 1985 a

470 2006 649 2039 definitorio
673 2006 811 2040 nondum
833 2007 927 2039 suerit
951 2006 988 2038 ad
1013 2017 1117 2039 sacras
1142 2012 1207 2039 tum

469 2060 611 2092 virorum
641 2065 705 2092 tuni
731 2060 900 2092 mulierum
922 2060 1132 2093 consessiones
1157 2070 1207 2093 au-

469 2113 597 2145 diendas
623 2113 786 2153 admissus,
815 2123 892 2146 neve
917 2113 948 2146 in
973 2113 1110 2147 secundo
1135 2124 1208 2147 con-

469 2171 562 2198 ventu
587 2176 650 2206 eos,
668 2166 719 2209 qui
741 2166 844 2209 prima
866 2166 940 2207 vice,
958 2177 994 2199 ex
1016 2166 1208 2200 constitutio-

468 2229 542 2252 num
561 2219 765 2263 praescripto,
780 2219 817 2251 ad
834 2225 1004 2264 utrumque
1020 2220 1205 2262 suffragium

468 2273 594 2305 admissi
620 2283 683 2306 non
708 2273 833 2312 suerint,
850 2273 909 2305 nisi
930 2283 947 2305 a
967 2273 1016 2305 die
1040 2273 1205 2306 admissio-

467 2326 515 2357 nis
539 2325 576 2357 ad
608 2326 763 2369 passivam
797 2336 902 2359 vocem
936 2336 992 2369 per
1023 2336 1074 2358 sex
1108 2336 1206 2359 annos

468 2389 577 2411 eorum
599 2379 697 2411 virtus
721 2379 851 2422 probata
868 2379 970 2411 suerit.
986 2378 1131 2422 Alioquin
1148 2379 1205 2412 ele-

468 2431 529 2464 ctio
554 2432 591 2464 sit
615 2442 652 2465 eo
677 2432 744 2476 ipso
763 2432 858 2472 nulla,
879 2432 996 2475 absque
1020 2432 1080 2464 alia
1104 2432 1205 2465 decla-

468 2486 596 2518 ratione.
618 2486 648 2518 Si
666 2487 735 2529 quis
755 2486 876 2529 primae
901 2486 1062 2519 electionis
1087 2486 1203 2520 vocalis

1069 205 1245 230 BULLARIUM
1270 205 1422 229 ROMANUM

1258 258 1317 285 tur.
1340 252 1397 292 Qui
1417 257 1523 285 autem
1545 252 1698 286 secundae
1721 252 1881 286 electionis
1905 263 1992 287 voca-

1257 305 1293 338 lis
1311 305 1477 348 impeditus
1502 305 1608 349 quavis
1633 305 1753 338 ratione
1777 305 1869 338 fuerit
1895 315 1934 339 ne
1953 306 1991 339 ad

1256 359 1403 401 generale
1427 359 1598 402 capitulum
1624 358 1803 398 conveniat,
1833 357 1874 390 illi
1900 368 1991 392 nemo

1256 412 1455 455 subrogetur.
1482 412 1580 445 Porro
1612 412 1643 444 in
1667 411 1803 444 secunda
1838 411 1990 444 vocalium

1255 464 1406 498 electione
1423 465 1528 498 senior
1552 475 1588 498 ex
1614 464 1684 505 illis,
1701 469 1735 496 ut
1751 464 1788 497 de
1804 463 1991 508 praepositis

1254 517 1372 551 dictum
1398 523 1457 561 est,
1482 523 1587 562 patres
1611 517 1670 550 rite
1694 521 1793 560 cogat.

1298 571 1395 604 Suum
1435 571 1592 615 peculiare
1631 576 1817 604 conventum
1858 570 1991 604 babeant

1253 624 1451 668 praepositus
1476 624 1504 657 S.
1538 624 1678 657 Andreae
1710 625 1827 657 Romae
1843 651 1850 664 ‚
1874 623 1991 657 electus

1253 676 1392 710 eiusdem
1413 677 1526 710 domus
1551 677 1677 717 vocalis,
1697 682 1727 710 et
1746 677 1862 710 electus
1878 676 1991 710 domus

1252 729 1439 771 Quirinalis,
1469 730 1542 774 qui,
1567 730 1687 763 collatis
1721 730 1802 763 inter
1833 740 1865 763 se
1894 730 1989 771 votis,

1252 792 1348 815 unum
1375 793 1411 816 ex
1437 794 1469 816 se
1494 783 1568 827 ipsis
1593 783 1718 826 eligant.

1295 837 1515 880 Hispaniarum
1541 837 1709 881 praepositi
1734 841 1764 869 et
1788 836 1877 869 electi
1903 846 1990 870 voca-

1251 889 1294 922 les
1319 900 1410 922 suum
1436 891 1508 923 item
1534 891 1701 924 constituta
1727 890 1776 922 die
1801 893 1988 923 conventum

1250 948 1353 985 agant,
1371 947 1400 975 et
1421 943 1530 976 eodem
1558 943 1651 977 modo
1677 953 1772 976 unum
1799 953 1835 975 ex
1860 953 1893 976 se
1913 942 1988 987 ipsis

1249 995 1374 1037 eligant.

1293 1048 1442 1081 Similiter
1468 1049 1665 1093 praepositus
1686 1054 1715 1082 et
1740 1049 1855 1082 vocalis
1871 1049 1987 1083 electus

1250 1101 1439 1135 Parisiensis.

1293 1155 1349 1188 Ubi
1375 1155 1437 1189 duo
1462 1161 1581 1188 tantum
1607 1156 1731 1195 fuerint,
1759 1156 1822 1189 sive
1848 1166 1983 1200 praepo-

1247 1209 1313 1251 siti,
1339 1209 1402 1241 sive
1429 1209 1559 1250 vocales,
1585 1209 1604 1241 ii
1630 1209 1789 1252 suffragiis
1814 1219 1852 1242 ne
1876 1213 1985 1252 agant,

1247 1261 1301 1293 sed
1333 1267 1433 1302 sorte;
1459 1261 1542 1305 quod
1576 1262 1599 1294 si
1634 1262 1759 1295 illorum
1786 1262 1864 1295 alter
1896 1262 1985 1295 alteri

1247 1316 1472 1356 consenserint,
1498 1316 1541 1348 illi
1567 1316 1737 1359 capitulum
1763 1316 1908 1358 generale
1933 1316 1986 1348 ad-

1246 1369 1338 1401 eundi
1359 1369 1405 1402 ius
1427 1375 1503 1402 esto.
1534 1369 1564 1402 Si
1586 1370 1665 1402 sorte
1693 1370 1724 1402 in
1752 1369 1909 1413 aliquibus
1933 1380 1985 1403 co-

1247 1419 1341 1451 mitiis
1372 1429 1465 1453 nemo
1498 1420 1652 1463 eligatur,
1683 1421 1876 1464 professione
1904 1421 1984 1453 anti-

1245 1473 1371 1515 quiores
1397 1473 1485 1505 electi
1510 1479 1704 1506 censeantur.
1734 1473 1844 1506 Nullus
1880 1477 1983 1507 autem

1245 1525 1283 1558 de
1305 1531 1409 1559 cetero
1427 1526 1458 1558 in
1480 1526 1672 1560 visitatorem
1694 1526 1764 1570 eligi
1787 1527 1895 1571 possit,
1912 1527 1983 1568 nisi,

1246 1585 1412 1623 postquam
1448 1585 1571 1613 creatus
1602 1580 1695 1613 suerit
1727 1580 1841 1613 vocalis
1873 1581 1984 1613 utrius-

1245 1643 1304 1675 que
1329 1632 1489 1676 suffiagii,
1515 1634 1712 1677 septennium
1738 1633 1776 1666 ad
1802 1633 1903 1666 minus
1929 1644 1982 1666 ex-

1244 1685 1386 1728 pleverit,
1405 1691 1532 1730 totoque
1553 1690 1590 1719 eo
1608 1691 1750 1730 tempore
1772 1685 1937 1729 prudentia
1953 1691 1983 1719 et

1244 1739 1394 1780 probatae
1414 1739 1495 1772 vitae
1519 1740 1662 1783 exemplo
1679 1739 1893 1783 praestaverit.

1288 1792 1302 1835 ἓ
1326 1791 1355 1824 5.
1381 1792 1460 1825 Sane
1481 1792 1511 1824 in
1536 1793 1687 1826 electione
1704 1792 1874 1836 praepositi
1892 1802 1983 1835 gene-

1244 1846 1327 1886 ralis,
1352 1846 1567 1879 consultorum
1593 1851 1623 1878 et
1648 1845 1863 1889 procuratoris
1888 1856 1980 1889 gene-

1243 1899 1327 1939 ralis,
1345 1899 1493 1941 iuniores,
1511 1899 1624 1932 ceteris
1640 1899 1779 1942 paribus,
1804 1899 1981 1932 senioribus

1242 1962 1279 1984 ne
1305 1952 1531 1995 praeferantur.
1550 1952 1579 1985 Si
1598 1952 1700 1995 aliqua
1717 1952 1837 1984 oriatur
1854 1951 1982 1985 difficul-

1243 2010 1288 2037 tas
1316 2010 1369 2037 aut
1392 2005 1546 2038 dubitatio
1570 2005 1653 2037 circa
1684 2004 1860 2048 praedicta,
1890 2014 1980 2048 prae-

1241 2058 1360 2101 positus
1384 2059 1539 2101 generalis
1564 2069 1633 2091 cum
1659 2057 1892 2091 consultoribus
1911 2068 1980 2090 eam

1241 2112 1400 2145 declarent
1434 2117 1487 2144 aut
1517 2112 1782 2156 interpretentur,
1812 2115 1844 2144 ut
1875 2110 1910 2144 fit
1941 2111 1980 2144 de

1241 2165 1526 2198 constitutionibus.

1285 2219 1299 2261 ἓ
1323 2217 1352 2250 6.
1379 2218 1540 2251 Postremo
1558 2218 1770 2262 praecipimus
1798 2223 1828 2251 et
1851 2218 1980 2251 manda·

1241 2283 1320 2313 mus,
1338 2277 1372 2304 ut
1393 2272 1450 2304 bae
1474 2272 1687 2305 ordinationes
1711 2272 1749 2304 ab
1767 2271 1922 2313 omnibus,
1940 2271 1979 2304 ad

1239 2336 1318 2369 quos
1345 2329 1481 2369 spectat,
1511 2325 1732 2358 inviolabiliter
1756 2325 1977 2366 observentur,

1239 2383 1268 2410 et
1292 2379 1316 2410 si
1344 2378 1413 2421 quis
1444 2388 1495 2410 eas
1520 2378 1761 2421 impugnaverit,
1786 2383 1839 2411 aut
1858 2377 1901 2412 eis
1924 2388 1979 2422 pa-

1239 2441 1308 2464 rere
1333 2432 1437 2476 aliqua
1461 2442 1496 2464 ex
1522 2437 1610 2475 parte
1637 2431 1873 2472 detrectaverit,
1898 2431 1979 2464 arbi-

1238 2485 1298 2518 trio
1322 2485 1492 2528 praepositi
1526 2485 1682 2528 generalis
1707 2490 1736 2518 et
1760 2484 1975 2518 consultorum

467 2538 553 2570 adire
573 2550 608 2570 ex
630 2542 721 2572 causa
746 2539 881 2572 secunda
907 2539 1033 2572 comitia
1057 2539 1203 2583 nequive-
1236 2538 1374 2582 graviter
1397 2537 1555 2582 puniatur.

467 2591 516 2632 rit,
534 2592 612 2624 alter
637 2592 720 2625 iuxta
744 2592 868 2626 decreta
885 2591 1009 2626 Ordinis
1027 2592 1085 2626 rite
1110 2592 1203 2636 eliga-

1184 2732 1210 2754 ..,

1280 2592 1295 2635 ἓ
1312 2592 1339 2625 7.
1354 2592 1561 2626 Decernentes
1586 2591 1710 2625 easdem
1730 2594 1912 2635 praesentes
1929 2589 1975 2623 lit-

2006 206 2054 233 Αη.
2070 206 2097 233 C.
2119 208 2178 236 ¹661

2002 2250 2006 2254 ι
2016 2222 2171 2245 Comi-annian-

1992 2253 2044 2272 tium
2058 2255 2145 2278 poenae.

2002 2607 2005 2610 .
2017 2581 2124 2600 Decretum
2139 2577 2166 2599 ir-

1990 2610 2061 2628 filaus.
