2243 3205
47 163 95 192 An.
111 162 137 189 C.
160 160 227 189 1658

73 223 169 246 Divinum
184 227 228 243 ver-

0 267 1 279 1
49 252 95 273 bum
113 250 229 276 dispensat.

84 915 233 936 Granatensem

53 941 161 964 ecetesiam
174 946 234 960 recu-

53 970 92 993 sat,
102 967 233 988 Vatenunam

54 1001 77 1016 ex
118 995 233 1020 praecepto

53 1021 145 1048 suscipit.

12 1890 15 1903 Ι

76 2091 242 2112 [ecelesiasticam

64 2117 193 2143 disciplinam
223 2119 243 2137 et

64 2143 162 2165 laieorum
175 2149 243 2164 mores

65 2170 172 2192 instaurat.

837 160 1023 186 ALEXANDER
1048 160 1092 184 Vll
1112 160 1159 185 Pr.

287 208 302 252 ἓ
323 207 352 241 7.
377 208 456 242 Dum
474 208 505 241 in
526 208 592 242 istis
612 214 764 251 versatur,
783 208 917 252 Spiritus
929 208 986 241 Do-

243 261 320 295 mini
341 272 435 306 super
459 272 530 295 eum
555 262 751 306 pauperibus
771 261 985 304 evangelizare

244 314 328 347 misit
346 325 429 348 eum.
450 316 527 349 Nam
548 326 564 348 e
584 315 734 349 cathedra
751 315 789 348 ad
802 320 985 358 suggestum

245 378 281 401 ex
307 368 486 402 obedientia
504 370 681 410 translatus,
698 369 781 402 visus
799 373 846 401 est
862 368 987 412 populis

246 422 320 455 tuba
344 422 424 456 vitae
449 428 480 456 et
504 434 562 456 vox
588 423 766 464 caelorum,
792 433 827 455 ac
852 422 985 466 proinde

245 486 298 509 vas
323 476 505 519 electionis,
538 483 571 509 ut
603 481 745 521 portaret
775 485 891 509 nomen
918 476 986 508 Iesu

246 540 354 563 coram
379 529 506 572 regibus
531 535 561 562 et
581 529 789 573 principibus.
816 529 987 573 Propterea

246 582 375 615 Carolus
399 583 422 615 V
447 582 620 626 imperator
645 593 714 615 eum
742 581 803 614 sibi
823 593 841 614 a
862 582 985 615 concio-

245 635 339 668 nibus
353 635 555 678 singulariter
568 636 672 678 elegit3
693 635 781 668 cuius
799 635 988 679 apostolicus

247 687 375 731 spiritus
392 687 539 721 omnibus
552 688 658 721 omnia
682 688 781 721 sactus
795 687 988 732 sapientibus

248 745 278 773 et
294 740 513 784 insipientibus
531 741 617 774 verbi
638 741 734 774 divini
752 741 903 785 pabulum
922 751 989 774 ero-

247 794 339 837 gavit,
351 794 392 826 ita
401 799 436 827 ut
451 795 513 827 una
531 794 672 828 omnium
687 805 761 828 voce
771 794 904 839 Spiritus
918 795 990 828 San-

247 847 288 880 cti
313 857 468 890 organum
492 847 753 891 proclamaretur.

293 901 308 944 5
334 901 362 934 8.
390 901 443 933 llis
475 901 611 944 permoti
642 901 725 934 idem
758 901 888 935 Carolus
914 902 935 933 Y
960 906 989 933 et

248 954 410 998 Philippus
435 954 460 987 ΙΙ
484 954 708 998 Hispaniarum
733 965 786 988 rex
817 955 989 987 catholicus

249 1007 466 1041 labefatactam
493 1007 672 1041 Valentinae
692 1007 842 1041 eeclesiae
867 1018 902 1040 ex
926 1008 990 1040 diu-

249 1062 344 1094 turna
371 1060 519 1094 viduitate
543 1061 740 1105 disciplinam
772 1061 891 1094 Thoma
924 1066 989 1094 tan-

250 1119 318 1147 tum
343 1114 488 1158 praesule
512 1114 550 1147 ad
575 1124 645 1147 eam
669 1113 848 1158 proposito¹
869 1114 989 1147 restitui

249 1177 342 1211 posse
358 1167 408 1211 pie
423 1167 634 1201 crediderunt.
648 1168 775 1208 Verum,
788 1178 837 1208 ne,
854 1172 888 1200 ut
901 1172 991 1200 antea

252 1221 453 1256 Granatensis
470 1221 620 1255 ecclesiae
641 1221 772 1254 insulas²
788 1226 990 1254 recusaverat

252 1286 289 1308 co
309 1274 393 1319 quod
419 1275 565 1318 elegisset
589 1275 729 1307 abiectus
753 1285 820 1308 esse
841 1274 871 1307 in
897 1274 992 1307 domo

251 1328 305 1363 Dei
330 1329 388 1369 sui,
403 1328 495 1362 etiam
510 1329 689 1362 Valentinae
707 1339 814 1361 curam
834 1328 992 1372 suscipere

252 1381 425 1422 abnueret,
450 1381 503 1414 ubi
527 1381 727 1426 imperatoris
759 1392 794 1415 ae
824 1382 907 1425 regis
933 1393 989 1415 vo·

252 1436 402 1470 luntatem
436 1446 498 1469 non
534 1436 608 1469 satis
644 1446 758 1479 urgere
795 1441 993 1479 compertum

251 1489 331 1530 suit,
357 1488 466 1522 iisdem
492 1489 669 1533 petentibus
702 1500 718 1522 a
743 1499 799 1522 suo
831 1489 994 1533 superiore

253 1544 392 1586 adactus,
419 1543 530 1577 cellam
559 1554 630 1576 cum
660 1543 806 1587 lacrymis
836 1543 993 1586 deserens⁷

254 1597 427 1630 Valentiam
453 1607 520 1630 sese
552 1597 704 1638 contulit,
731 1603 760 1629 et
785 1597 815 1629 in
840 1602 994 1630 conventu

253 1652 282 1686 S.
308 1652 422 1685 Mariae
446 1651 484 1685 de
509 1652 666 1685 Succursu
685 1651 810 1685 Ordinis
835 1651 863 1684 S.
890 1652 994 1694 Augu-

253 1705 326 1739 stini
343 1705 442 1749 equea
459 1704 662 1745 descendens,
685 1705 763 1737 sastu
780 1705 929 1738 solemnis
948 1705 993 1736 in-

254 1770 380 1804 gressus
406 1759 511 1800 vitato,
525 1759 621 1804 pedes
642 1770 713 1792 eum
732 1759 828 1800 socio,
843 1759 995 1803 simplicis

254 1814 393 1857 religiosi
418 1813 544 1846 habitus
569 1813 705 1853 indutus,
727 1812 765 1845 ad
783 1813 994 1845 cathedralem

255 1867 413 1911 perrexit3
444 1872 537 1910 atque
568 1867 644 1899 haec
677 1866 862 1898 humilitatis
886 1866 994 1899 sunda-

257 1926 362 1954 menta
400 1921 492 1960 iecit,
529 1926 562 1953 ut
600 1920 801 1953 ecelesiastici
843 1920 996 1964 praesulis

257 1975 382 2008 culmen
400 1985 462 2018 quo
479 1974 666 2018 profundius
692 1974 854 2014 stabiliret,
874 1985 910 2007 eo
928 1974 996 2006 soli-

256 2028 326 2061 dius
352 2033 381 2060 et
405 2027 572 2060 sublimius
597 2027 752 2060 eveheret.

302 2082 316 2125 g
341 2081 369 2113 9.
396 2081 428 2114 ln
453 2081 513 2114 hoc
546 2081 711 2114 cathedrae
744 2081 866 2123 fastigio
899 2081 998 2114 bonus

259 2134 315 2167 iste
339 2138 445 2178 pastor
469 2134 605 2166 animam
632 2145 719 2167 suum
739 2135 843 2178 posuit.
864 2144 920 2177 pro
938 2134 999 2166 ovi-

259 2189 317 2222 bus
349 2189 433 2230 suis,
467 2194 496 2221 et
528 2189 598 2221 licet
632 2189 752 2231 gladius
788 2188 1000 2232 persecutoris

260 2252 333 2276 eum
357 2252 420 2275 non
444 2242 618 2283 abstulerit,
647 2242 788 2285 martyrii
815 2245 918 2275 tamen
940 2241 1001 2284 pal-

263 2306 344 2329 mam
370 2305 432 2328 non
457 2295 573 2333 amisit3
600 2295 841 2328 eeclesiasticam
860 2294 943 2327 euim
961 2294 1002 2327 di-

262 2349 426 2393 sciplinam
452 2354 482 2380 et
507 2348 659 2381 laicorum
687 2359 789 2381 mores
815 2350 921 2381 coacta
953 2360 1001 2391 sy—

300 2439 309 2463 1
334 2436 435 2463 Forsan
456 2435 598 2470 legendnm
618 2436 779 2470 praeposito
799 2442 836 2468 (n.
857 2437 905 2468 τ.).

299 2483 315 2508 ‘2
335 2482 406 2509 Edit.
428 2481 510 2508 Μαίη.
533 2481 596 2516 legit
618 2482 728 2508 insulas
749 2482 788 2515 (n.
807 2482 855 2515 T.).

300 2526 315 2553 3
334 2526 428 2553 Videat
448 2526 532 2553 lector
552 2533 584 2552 an
614 2525 762 2560 legendum
782 2533 852 2560 equo
878 2524 917 2551 vel
943 2525 1005 2559 qnid

265 2570 336 2598 aliud
356 2579 403 2606 pro
425 2579 494 2605 eque
516 2577 551 2605 in.
570 2572 616 2604 'i'.j.

1663 149 1726 185 399

1019 207 1103 242 nodo
1126 208 1311 252 provinciali
1338 210 1445 242 multis
1476 208 1605 242 affectus
1637 207 1759 241 iniuriis

1020 261 1218 300 instant-auu
1244 273 1316 295 mox
1339 263 1377 295 ad
1402 262 1507 296 ovium
1534 272 1663 295 suarum
1682 261 1760 294 salu-

1021 318 1082 348 tem
1096 315 1342 357 promovendam
1358 326 1539 355 conversus,
1554 315 1708 358 plurimos
1722 314 1760 346 ad

1022 367 1100 400 vitae
1133 367 1295 408 semitam,
1317 378 1415 411 aequo
1437 368 1600 412 prudentis
1624 378 1659 400 ac
1684 366 1761 410 igni-

1022 426 1070 454 tae
1091 420 1251 453 charitatis
1277 421 1319 461 vi,
1346 421 1558 461 exhortando,
1584 420 1761 460 ieiunando,

1022 475 1152 515 orando,
1167 474 1330 518 proprium
1342 474 1434 507 etiam
1450 475 1634 517 sanguinem
1644 473 1763 507 iteratis

1022 528 1287 571 flagellationibus
1322 528 1500 567 fundendo,
1533 527 1705 567 revocavit,
1730 531 1763 559 ut

1023 592 1096 614 vere
1120 581 1226 614 dicere
1256 586 1378 624 posset:
1405 581 1465 613 Die
1490 584 1649 624 noctuque
1674 583 1761 612 aestu

1022 635 1149 678 vz'yehat
1174 639 1202 667 et
1227 634 1313 677 θεῖα,
1337 633 1546 677 sumebatque
1570 643 1701 666 sommus
1726 632 1762 665 ab

1023 687 1125 720 ocul-is
1150 687 1234 720 meis.

1068 740 1082 784 ἓ
1107 740 1159 773 10.
1190 740 1227 772 Et
1251 740 1394 784 quamvis
1418 739 1554 772 suaviter
1580 738 1700 771 animos
1725 738 1763 770 ad

1023 795 1218 828 honestatem
1240 795 1419 828 sectandam
1438 794 1564 827 allicere
1585 792 1763 832 studuisset,

1024 848 1146 881 sortiter
1171 854 1274 881 tamen
1300 848 1395 881 finem
1421 848 1575 889 attingere
1599 856 1662 879 non
1678 856 1764 889 prae-

1024 901 1178 941 termisit3
1211 911 1283 934 nam
1318 907 1347 933 et.
1380 901 1532 933 invictum
1564 899 1705 932 animum
1734 899 1765 931 in

1024 954 1147 987 tuendis
1166 954 1322 988 Ecclesiae
1344 954 1479 994 iuribus,
1501 959 1531 986 et
1555 952 1764 986 ecclesiastica

1024 1008 1217 1041 restituenda
1258 1013 1287 1041 et
1329 1006 1542 1041 conservanda
1581 1006 1766 1039 auctoritate

1025 1061 1170 1101 ostendit,
1188 1061 1249 1093 illis
1278 1061 1381 1093 verbis
1410 1071 1494 1093 usus:
1527 1059 1565 1093 Se
1588 1058 1766 1102 yloriosam

1025 1115 1131 1158 mayis
1163 1118 1315 1155 mortem,
1340 1125 1439 1158 quam
1475 1113 1628 1146 odibilem
1664 1112 1766 1144 vitam

1026 1169 1190 1212 amplecti,
1216 1180 1272 1201 nec
1295 1169 1459 1212 supplicia
1477 1178 1536 1211 pro
1553 1165 1765 1200 ecclesiastici?

1026 1222 1238 1255 immimilate
1252 1233 1289 1254 ez
1307 1221 1409 1254 det-ito
1426 1220 1602 1265 pastoralis
1619 1220 1719 1263 officii
1732 1220 1767 1252 in

1028 1274 1210 1308 libertatem
1227 1274 1423 1308 vindicandzi
1441 1275 1552 1307 timere
1569 1277 1627 1306 aut
1643 1274 1763 1317 supere.

1026 1328 1114 1368 Quod
1132 1339 1168 1361 ex
1191 1328 1296 1361 animo
1310 1328 1427 1360 dictum
1448 1327 1592 1369 ostendit,
1610 1337 1707 1370 quum
1724 1338 1768 1359 re·

1030 1382 1082 1425 glo
1097 1382 1415 1422 ministro,minitanti
1426 1392 1533 1414 rerum
1549 1381 1767 1424 temporalium

1027 1436 1308 1480 exspoliationem,
1339 1435 1553 1480 imperterrita
1587 1440 1691 1468 mente
1717 1446 1766 1468 rc-

1027 1490 1171 1534 spondit:
1202 1491 1289 1523 Tunc
1315 1491 1422 1533 magiis
1448 1490 1587 1533 locuples
1613 1500 1676 1529 ero,
1697 1500 1769 1522 cum

1030 1544 1201 1588 temporali
1213 1544 1355 1577 subsidio
1373 1544 1470 1577 libero
1483 1543 1647 1577 adcellum
1667 1543 1769 1576 laetus

1028 1597 1229 1641 remiyrabo,
1258 1598 1315 1630 ubi
1340 1598 1376 1630 D.
1403 1597 1629 1641 Auquslinum
1651 1607 1770 1639 paren-

1031 1657 1090 1685 tem
1116 1663 1223 1685 meum
1250 1652 1425 1691 inveniam,
1446 1662 1466 1683 α
1486 1661 1549 1694 quo
1569 1651 1704 1683 nonnisi
1724 1650 1770 1682 in-

1028 1707 1113 1739 vitus
1136 1710 1163 1739 el
1186 1706 1372 1748 lacrymans
1390 1705 1529 1737 discessi.
1551 1704 1771 1747 Delinquentes

1030 1759 1167 1792 debitam
1193 1769 1328 1802 poenam
1355 1758 1460 1791 subire
1494 1757 1635 1790 censuris
1668 1757 1771 1800 coegit

1030 1812 1258 1854 ecclesiasticis,
1277 1812 1390 1844 eximia
1410 1811 1560 1844 charitate
1579 1816 1772 1850 exaestuans,

1031 1872 1059 1900 et
1074 1877 1106 1899 se
1121 1876 1178 1910 pro
1193 1864 1274 1898 suis¹
1291 1865 1508 1899 holocaustum
1530 1864 1676 1905 offerens,
1694 1874 1773 1908 quos

1031 1919 1227 1954 obsecrando
1264 1923 1293 1952 et
1325 1918 1486 1962 arguendo
1519 1918 1680 1961 corrigere
1712 1927 1774 1950 non

1022 1980 1146 2019 ‚possen
1172 1973 1283 2006 iisdem
1308 1972 1391 2005 enim
1410 1972 1605 2005 adstantibus
1625 1982 1657 2004 se
1676 1982 1774 2014 usquo

1032 2028 1070 2061 ad
1095 2027 1281 2070 sanguinem
1306 2025 1501 2069 flagellando,
1520 2031 1681 2069 semetque
1702 2036 1773 2058 cum

1034 2081 1180 2126 lacrymis
1207 2080 1410 2124 increpando,
1437 2080 1525 2113 cuius
1545 2079 1680 2124 pcccatis
1706 2079 1775 2112 fieri

1034 2136 1156 2169 dicebat
1181 2135 1206 2167 si
1230 2145 1293 2168 uon
1319 2133 1601 2178 1'espicei·ent²,sic
1626 2143 1773 2176 compun-

1035 2189 1138 2232 gebat,
1165 2194 1197 2221 ut
1223 2199 1275 2220 eos
1301 2188 1338 2220 ad
1364 2188 1590 2231 poenitentiam
1617 2190 1646 2220 et
1671 2186 1775 2219 melio—

1036 2253 1101 2275 rem
1128 2242 1251 2283 srugem
1278 2241 1449 2274 reduceret.

1081 2296 1095 2337 ἓ
1122 2294 1171 2327 ll.
1195 2295 1238 2327 lta
1263 2298 1366 2327 tamen
1385 2295 1465 2327 mira
1487 2293 1689 2336 benignitate,
1706 2292 1775 2326 clia-

1038 2348 1138 2381 ritatis
1175 2348 1384 2387 excellentia,
1410 2347 1594 2391 prudentiae
1626 2346 1777 2379 suavitate

1038 2402 1143 2445 plures
1170 2405 1234 2433 tum
1275 2411 1290 2431 e
1328 2401 1412 2434 clero
1447 2406 1511 2433 tum
1545 2411 1560 2432 e
1592 2399 1709 2444 populo
1746 2399 1778 2432 in

1040 2455 1120 2487 viam
1140 2454 1260 2487 timoris
1274 2453 1395 2486 Domini
1415 2453 1548 2493 reduxit,
1568 2457 1608 2493 ut,
1623 2453 1675 2485 ubi
1695 2453 1776 2486 malo

1078 2528 1086 2551 l
1113 2525 1212 2552 Forsan
1234 2524 1375 2559 legendum
1399 2525 1434 2551 iis
1456 2533 1502 2558 pro
1523 2525 1582 2550 suis
1603 2526 1639 2559 (tt.
1654 2527 1704 2559 Γ).

1076 2571 1092 2596 2
1113 2569 1222 2596 Videtur
1243 2568 1387 2603 legendum
1409 2569 1610 2603 resipiscerent
1633 2570 1667 2603 (n.
1685 2576 1732 2603 ixl.

1773 160 1822 186 An.
1845 160 1871 185 C.
1890 159 1957 187 ¹658

1799 754 1961 774 Erotesiasucae

1779 781 1882 800 libertatis
1914 786 1961 806 pio-

1779 810 1889 833 pugnator.

1832 2299 1931 2320 Pulli-'itis
1956 2305 1976 2318 a·

1794 2329 1860 2347 mator
1890 2325 1977 2351 impudi-

1794 2359 1829 2373 cos
1845 2354 1969 2373 detestatur.
