2243 3205
253 200 301 228 An.
317 200 347 227 c.
370 199 438 227 1659
483 189 548 222 442

450 247 556 289 auditi,
570 256 757 291 causaeque,
775 251 906 292 propter
920 259 996 292 quas
1013 255 1195 293 praesentes

452 305 657 343 emanarunt,
683 301 854 342 adductae,
880 302 1055 335 verificatae
1082 303 1129 335 vel
1154 303 1196 335 iu-

452 353 602 386 stificatae
619 364 682 387 non
699 354 823 397 suerint,
843 356 891 388 vel
911 366 947 388 ex
965 356 1025 388 alia
1047 366 1197 399 quacum—

452 417 522 450 que,
548 407 748 450 quantumvis
772 407 825 450 pia
841 435 848 448 ‚
879 407 1029 449 iuridiczt,
1055 408 1195 450 legitima

453 464 483 492 et
506 459 703 503 privilegiata
725 461 828 500 causa,
846 461 962 501 colore,
982 465 1146 504 praetextu
1167 465 1196 493 et

454 513 575 557 capite,
600 513 693 546 etiam
729 514 759 546 in
796 524 929 558 corpore
961 514 1038 547 iuris
1069 515 1195 554 clauso,

454 567 546 600 etiam
576 567 735 608 enormis,
762 568 1001 602 enormissimae
1036 571 1065 601 et
1093 568 1197 600 totalis

454 620 611 660 laesionis,
629 621 714 654 nullo
739 631 877 664 unquam
899 626 1042 665 tempore
1064 621 1102 653 de
1127 620 1197 653 sub-

454 674 606 717 reptionis
632 675 679 707 vel
704 675 899 719 obreptionis
925 675 1009 716 vitio,
1028 678 1080 708 aut
1097 674 1196 707 inten-

454 727 547 760 tionis
584 731 709 762 nostrae
749 729 797 761 vel
830 729 981 761 interesse
1013 728 1197 761 habentium

455 791 647 822 consensus,
674 782 775 814 aliove
803 782 1003 826 quantumvis
1029 792 1143 825 magno
1169 786 1199 814 et

455 833 651 867 substantiali
676 845 711 867 ac
736 835 969 878 inexcogitabili
995 835 1118 867 defectu
1145 845 1199 867 no-

455 886 524 925 tari,
539 887 739 931 impugnari,
765 888 925 931 restringi,
949 888 1135 930 modificari,
1154 888 1199 920 in-

456 940 549 983 fringi
565 969 572 982 ,
598 941 784 982 retractari,
810 942 840 974 in
873 942 1122 975 controversiam
1147 952 1199 975 re—

456 994 573 1034 vocari,
594 1000 647 1026 aut
671 994 709 1026 ad
727 995 878 1028 terminos
896 995 974 1028 iuris
999 995 1119 1035 reduci,
1145 1005 1200 1028 seu

456 1047 606 1079 adversus
631 1047 699 1080 illas
724 1048 908 1092 aperitionis
933 1048 1008 1089 oris,
1029 1048 1201 1082 restitutio-

456 1100 504 1132 nis
529 1100 560 1132 in
585 1100 765 1144 integrum,
794 1107 847 1134 aut
874 1102 957 1135 aliud
978 1102 1201 1146 quodcumque

457 1153 546 1193 iuris,
571 1153 642 1186 sacti
675 1154 722 1186 vel
747 1155 866 1197 gratiae
891 1155 1067 1188 remedium
1093 1155 1198 1200 irnpe-

458 1206 544 1248 trari,
572 1207 619 1239 vel
657 1207 749 1241 etiam
787 1212 873 1241 motu
914 1208 1009 1241 simili
1050 1220 1201 1243 concesso

459 1261 640 1305 quempiam
666 1262 697 1294 in
722 1261 838 1295 iudicio
864 1263 911 1295 vel
937 1268 1025 1296 extra
1054 1264 1131 1297 illud
1156 1264 1201 1297 uti

459 1324 513 1347 seu
539 1325 571 1347 se
596 1315 704 1348 iuvare
736 1326 845 1359 posse,
870 1326 973 1360 neque
1004 1317 1086 1361 ipsas
1111 1328 1201 1361 prae-

460 1372 561 1402 sentes
587 1369 644 1401 sub
669 1369 831 1412 quibusvis
855 1370 1005 1403 similium
1038 1372 1085 1404 vel
1110 1372 1201 1404 dissi-

460 1422 581 1455 milium
607 1423 848 1467 dispositionum
866 1431 895 1457 et
919 1426 1091 1468 gratiarum
1117 1436 1203 1459 revo-

461 1476 647 1517 cationibus,
665 1478 927 1520 restrictionibus,
951 1479 1202 1520 limitationibus,

461 1529 591 1572 aliisque
616 1530 782 1563 contrariis
807 1531 1086 1575 dispositionibus,
1108 1533 1201 1565 etiam

461 1593 519 1627 per
538 1594 595 1616 nos
606 1589 635 1616 et
648 1585 805 1618 Romanos
823 1585 988 1619 Pontifices
1006 1596 1204 1619 successores

462 1641 597 1677 nostros,
623 1637 800 1681 Sedemque
824 1638 1037 1682 Apostolicam
1064 1640 1203 1683 quando-

462 1701 599 1734 cumque
623 1691 783 1732 saciendis,
809 1702 947 1736 unquam
965 1693 1203 1737 comprehendi,

462 1748 515 1776 aut
533 1745 777 1788 comprehensas
798 1747 930 1787 censeri,
951 1746 1005 1779 sed
1022 1757 1148 1791 semper
1164 1747 1203 1780 ab

462 1797 524 1831 illis
545 1804 700 1842 exceptas,
718 1804 748 1832 et
765 1800 888 1843 quoties
908 1800 978 1833 illae
1004 1800 1204 1842 emanabunt‚

463 1851 554 1884 toties
579 1852 610 1884 in
635 1853 803 1896 pristinum
837 1858 866 1886 et
890 1854 1117 1887 validissimum
1149 1860 1206 1887 sta-

464 1909 530 1937 tum
556 1905 716 1939 restitutas
753 1911 783 1940 et
812 1907 953 1950 plenarie
977 1907 1204 1951 reintegratas,

464 1967 500 1989 ac
524 1957 616 1990 etiam
642 1958 699 1991 sub
724 1960 891 2002 posteriori
908 1960 988 2002 data,
1006 1970 1063 2003 per
1087 1971 1150 2001 eos,
1167 1961 1205 1993 ad

464 2021 543 2054 quos
568 2022 626 2054 pro
652 2017 793 2056 tempore
815 2013 978 2056 spectabit,
995 2014 1151 2057 eligenda,
1169 2015 1206 2047 de

463 2076 546 2099 novo
571 2076 759 2107 concessas,
792 2068 963 2110 firmasque
982 2095 989 2108 ‚
1026 2068 1142 2101 validas
1177 2074 1207 2102 et

466 2119 609 2153 efficaces
628 2121 761 2154 existere
776 2126 805 2154 et
817 2125 973 2165 perpetuo
989 2122 1067 2163 sore,
1081 2132 1116 2154 ac.
1134 2133 1206 2156 suos

465 2174 626 2219 plenarios
650 2179 680 2207 et
716 2175 856 2217 integros
888 2175 1017 2208 effectus
1049 2176 1154 2209 sortiri
1178 2181 1207 2209 et

467 2228 619 2268 obtinere,
645 2234 675 2261 et.
699 2229 737 2261 ab
762 2229 839 2270 illis,
866 2229 903 2261 ad
928 2240 1007 2272 quos
1036 2233 1154 2273 spectat
1178 2235 1208 2263 et

467 2282 734 2326 quandocumque
759 2282 932 2326 spectabit,
959 2283 1134 2327 respective
1166 2284 1209 2316 in-

467 2336 655 2369 violabiliter
680 2336 858 2376 observari,
884 2336 990 2379 sicque
1011 2342 1041 2369 et
1066 2347 1128 2370 non
1153 2337 1209 2370 ali-

467 2395 515 2422 ter
543 2401 600 2433 per
630 2400 847 2433 quoscumque
879 2390 998 2422 iudices
1033 2390 1210 2424 ordinarios

469 2448 499 2474 et
520 2443 689 2485 delegatos,
704 2443 796 2475 etiam
818 2453 982 2475 causarum
1003 2443 1109 2486 palatii
1135 2454 1210 2487 apo-

470 2497 570 2529 stolici
584 2496 751 2538 auditores,
766 2507 801 2529 ac
827 2497 965 2530 eiusdem
983 2497 1011 2529 S.
1023 2498 1056 2529 R.
1068 2498 1099 2530 E.
1114 2498 1211 2530 cardi-

469 2549 566 2589 nales,
592 2551 684 2582 etiam
713 2550 749 2583 de
763 2551 859 2584 latere
883 2551 1012 2594 legatos,
1027 2557 1211 2595 ceterosque

471 2603 638 2647 quoslibet,
663 2604 771 2648 quavis
796 2605 982 2639 auctoritate
1007 2609 1036 2639 et
1059 2609 1211 2649 potestate

1041 201 1219 226 BULLARIUM
1245 201 1397 226 ROMANUM

1230 250 1395 292 fungentes
1409 277 1416 290 ‚
1442 254 1471 284 et
1494 251 1757 295 quandocumque
1780 252 1943 286 suncturos
1957 279 1965 293 ,

1230 302 1351 335 sublata
1376 302 1420 335 eis
1445 309 1475 336 et
1499 313 1608 336 eorum
1630 303 1757 337 cuilibet
1780 304 1887 348 quavis
1912 305 1967 337 ali-

1230 360 1277 388 ter
1291 356 1448 389 iudicandi
1470 362 1500 390 et
1516 356 1742 400 interpretandi
1768 357 1912 392 facultate
1938 362 1968 391 et

1229 410 1436 451 auctoritate,
1462 410 1594 443 iudicari
1620 415 1650 443 et
1679 410 1803 443 definiri
1827 410 1943 444 debere
1960 437 1968 451 ,

1230 472 1265 495 ac
1290 463 1413 495 irritum
1440 468 1470 498 et
1494 464 1606 505 inane,
1631 464 1656 497 si
1694 475 1783 497 secus
1802 474 1898 508 super
1921 464 1969 498 his

1230 526 1247 547 a
1271 526 1451 560 quoquam,
1476 517 1585 561 quavis
1610 517 1810 559 auctoritate,
1836 516 1970 550 scienter

1232 569 1280 601 vel
1313 569 1505 612 ignoranter,
1523 570 1691 614 contigerit
1719 569 1875 611 attentari,
1888 569 1971 603 simi-

1231 621 1301 655 liter
1322 622 1532 657 decernimus.

1276 676 1292 716 ἕ
1322 675 1373 708 10.
1395 677 1462 709 Non
1487 676 1682 710 obstantibus
1702 676 1900 720 praemissis,
1925 686 1971 717 ac,

1231 728 1334 770 quoad
1352 739 1387 761 ea
1404 740 1483 772 quae
1499 730 1718 773 praesentibus
1743 735 1814 762 sunt
1838 729 1885 763 vel
1910 729 1972 763 dici

1233 787 1361 824 possent
1381 783 1548 824 contraria,
1569 783 1731 827 praedicta
1747 782 1864 817 Urbani
1881 793 1972 827 prae-

1233 835 1417 877 decessoris,
1448 841 1486 878 et,
1511 842 1665 881 quatenus
1689 848 1770 881 opus
1794 837 1843 878 sit,
1863 837 1973 870 nostra

1233 893 1263 921 et
1285 890 1489 928 cancellariae
1509 890 1698 934 apostolicae
1715 891 1824 933 regula
1848 890 1886 923 de
1910 900 1974 924 non

1233 951 1295 974 non
1321 943 1458 976 tollendo
1483 943 1551 976 iure
1575 944 1727 987 quaesito,
1752 943 1883 987 aliisque
1903 954 1975 988 apo-

1233 995 1368 1038 stolicis,
1394 1006 1429 1029 ac
1457 996 1488 1029 in
1512 997 1751 1037 universalibus,
1775 997 1975 1041 provinciali-

1234 1048 1293 1082 bus
1317 1054 1347 1082 et
1371 1050 1573 1094 synodalibus
1598 1050 1739 1084 conciliis
1763 1050 1862 1093 editis,
1881 1061 1974 1094 gene-

1234 1103 1351 1136 ralibus
1372 1104 1419 1137 vel
1440 1104 1639 1148 specialibus,
1652 1104 1928 1138 constitutionibus
1946 1109 1976 1138 et

1235 1156 1502 1199 ordinationibus,
1516 1167 1639 1191 necnon
1653 1157 1815 1191 Societatis
1832 1163 1862 1190 et
1881 1158 1976 1191 colle-

1235 1211 1278 1253 gii
1298 1210 1543 1254 praedictorum,
1564 1211 1671 1244 aliisve
1691 1211 1863 1255 quibusvis,
1881 1211 1976 1245 etiam

1235 1264 1422 1305 iuramento,
1451 1264 1691 1298 confirmatione
1715 1265 1907 1309 apostoliea,
1927 1265 1976 1298 vel

1235 1318 1296 1350 alia
1321 1318 1429 1362 quavis
1449 1318 1598 1351 firmitate
1623 1319 1790 1360 roboratis,
1808 1319 1930 1352 statutis
1947 1323 1977 1352 et

1236 1371 1525 1413 consuetudinibus,
1547 1372 1640 1405 etiam
1658 1372 1977 1414 immemorabilibus,

1236 1424 1409 1468 privilegiis
1429 1435 1567 1469 quoque,
1584 1425 1712 1458 indultis
1729 1430 1760 1458 et
1776 1425 1888 1458 litteris
1907 1436 1978 1470 apo-

1237 1477 1354 1511 stolicis
1379 1478 1480 1511 eidem
1506 1479 1661 1521 Societati,
1680 1479 1826 1523 illiusque
1849 1489 1979 1523 praepo-

1237 1530 1296 1564 sito
1314 1532 1463 1574 generali,
1477 1537 1507 1564 et
1522 1532 1667 1576 personis
1685 1532 1887 1577 quibuslibet,
1903 1543 1978 1567 nec-

1237 1594 1299 1618 non
1316 1584 1399 1619 dicto
1415 1586 1558 1629 collegio,
1572 1591 1602 1619 et
1615 1586 1683 1633 aliis
1697 1585 1869 1630 quibusvis,
1883 1586 1977 1620 etiam

1238 1638 1364 1682 speciali
1391 1644 1420 1671 et
1444 1638 1605 1672 individua
1630 1640 1832 1683 expressione
1856 1639 1978 1683 dignis,

1239 1692 1296 1726 sub
1327 1693 1579 1737 quibuscumque
1611 1694 1780 1726 verborum
1817 1694 1979 1728 tenoribus

1239 1750 1268 1780 et
1292 1746 1413 1787 formis,
1431 1757 1466 1779 ac
1491 1758 1560 1780 cum
1587 1747 1748 1790 quibusvis
1773 1747 1866 1780 etiam
1891 1747 1980 1781 dero-

1239 1799 1433 1842 gatoriarum
1467 1799 1675 1843 derogatoriis
1690 1827 1697 1840 ,
1722 1800 1854 1844 aliisque
1878 1801 1980 1834 effica-

1239 1852 1396 1893 cioribus,
1422 1853 1646 1886 efficacissimis
1677 1859 1707 1886 et
1736 1854 1869 1887 insolitis
1894 1854 1979 1887 clau-

1239 1906 1325 1947 sulis,
1353 1906 1613 1950 irritantibusquc
1638 1910 1667 1940 et
1690 1906 1759 1940 aliis
1784 1907 1928 1948 decretis,
1948 1908 1980 1940 in

1240 1969 1356 2002 genere
1380 1960 1427 1992 vel
1452 1959 1484 1992 in
1507 1960 1621 2004 specie,
1640 1970 1675 1992 ac
1700 1960 1775 1993 alias
1799 1960 1830 1993 in
1854 1966 1980 1994 contra-

1240 2012 1322 2044 rium
1337 2013 1587 2056 praemissorum
1607 2013 1844 2057 quomodolibet
1857 2024 1981 2047 conces·
2013 2019 2016 2022 ’

1240 2066 1292 2108 sis,
1306 2066 1500 2100 confirmatis
1518 2072 1547 2100 et
1563 2067 1732 2107 innovatis;
1753 2067 1868 2111 quibus
1884 2068 1982 2102 omni-

1240 2119 1299 2152 bus
1323 2125 1353 2152 et
1377 2120 1519 2163 singulm,
1538 2120 1658 2153 etiamsi
1682 2131 1740 2164 pro
1766 2131 1875 2154 eorum
1900 2121 1982 2155 suffi-

1241 2174 1335 2206 cienti
1359 2173 1563 2217 derogatione
1587 2174 1625 2207 de
1650 2174 1710 2207 illis
1734 2185 1909 2218 eorumque
1939 2180 1983 2209 to-

1242 2229 1279 2262 tis
1301 2228 1462 2262 tenoribus
1479 2228 1634 2272 specialis,
1656 2228 1814 2272 specifica,
1835 2239 1983 2273 expressa

1242 2288 1271 2315 et
1299 2282 1467 2323 individua,
1500 2292 1535 2314 ae
1565 2281 1604 2314 de
1638 2282 1734 2315 verbo
1766 2282 1803 2315 ad
1840 2283 1981 2324 verbum,

1242 2347 1304 2370 non
1321 2342 1425 2369 autem
1448 2346 1506 2380 per
1530 2336 1685 2368 clausulas
1709 2337 1871 2378 generales
1897 2336 1980 2370 idem

1244 2391 1457 2434 imponantes,
1479 2389 1596 2423 mentio
1616 2399 1670 2422 seu
1695 2390 1822 2433 quaevis
1846 2390 1905 2423 alia
1929 2401 1982 2423 ex-

1244 2444 1363 2488 pressio
1387 2443 1528 2476 sacienda
1549 2447 1601 2475 aut
1617 2443 1722 2486 aliqua
1746 2443 1805 2476 alia
1830 2443 1982 2487 exquisita

1245 2498 1344 2530 forma
1369 2497 1405 2530 ad
1431 2497 1492 2530 hoc
1516 2496 1668 2530 servanda
1686 2497 1777 2537 soret,
1795 2496 1920 2529 illorum
1941 2501 1982 2530 te-

1244 2561 1348 2591 nores,
1368 2550 1484 2584 sormas
1508 2555 1537 2583 et
1562 2549 1741 2583 occasiones
1766 2549 1982 2593 praesentibus

1244 2615 1302 2648 pro
1318 2605 1409 2648 plene
1434 2610 1464 2638 et
1479 2603 1670 2638 sufficienter
1691 2603 1858 2647 expressis,
1878 2613 1983 2637 serva-

2224 115 2241 130 ζ
2220 43 2225 81 w.

1979 202 2030 231 An.
2049 203 2077 232 C.
2094 203 2169 234 1659-
2221 220 2224 227 -

2018 689 2110 719 uei-egat
2117 693 2164 714 eon-

1986 718 2063 737 trarnS.
2147 717 2152 721 ”
