2243 3205
36 160 85 190 nn.
99 159 129 188 C.
149 159 220 188 1659

823 156 1006 182 ALExANDER
1039 157 1084 180 vn
1107 157 1155 180 PP.

228 206 268 240 tis
292 210 322 240 et
345 206 469 242 insertis
501 207 676 251 respective
708 206 878 249 habentes,
911 205 971 238 illis

229 260 303 293 alias
321 259 351 292 in
369 270 426 294 suo
446 260 562 294 robore
582 260 807 305 permansuris,
827 259 865 293 ad
884 270 972 303 prae-

65 1393 204 1417 Prooemium.

70 1821 209 1848 supplicatim.

228 314 397 347 missorum
415 313 561 347 effectum
587 314 765 358 specialiter
779 319 808 346 et
825 323 971 357 expresse

228 365 434 410 derogamus;
455 367 631 411 ceterisque
655 366 822 401 contrariis
846 366 972 410 quibus-

230 430 375 464 cumque.

274 474 387 507 Datum
411 475 528 508 Romae
543 502 550 516 ,
575 475 658 519 apud
684 475 713 508 S.
735 474 864 507 Mariam
882 473 973 507 Maio-

230 527 309 569 rem,
335 528 392 561 sub
418 529 534 562 annulo
563 528 741 569 piscatoris,
764 528 814 561 die
839 537 907 560 xxn
932 527 973 560 se-

231 580 349 613 bruarii
363 590 488 623 nncmx,
502 581 705 625 pontificatus
719 581 819 614 nostri
835 591 916 613 anno
930 590 971 613 iv.

268 642 328 670 Dat.
345 643 388 670 die
403 644 436 670 22
452 643 582 671 februarii
600 644 677 677 1659,
695 643 791 680 pontis.
811 651 881 670 anno
902 649 936 670 lv.

519 787 692 822 CCXXXIV.

234 866 411 910 Confirmat
427 868 538 901 omnia
550 867 729 911 privileyia
741 867 974 900 monachorum

276 921 545 954 Silveslrinorum
572 921 707 955 Ordinis
735 921 765 954 S.
791 921 970 961 Benedicti,

277 975 485 1018 extenditque
505 975 550 1007 eis
570 985 606 1007 ac
623 975 840 1007 communicat
862 975 974 1007 omnia

278 1032 306 1061 et
337 1028 472 1071 singula
501 1027 689 1072 privilegyia,
713 1028 839 1071 gratias
868 1032 895 1060 et
923 1029 973 1061 in-

278 1081 372 1114 <Iulia
404 1085 471 1114 tam
496 1081 755 1114 Mendicanlinm
785 1092 885 1125 quam
910 1092 975 1114 non

278 1134 538 1167 Mendicantium
553 1134 728 1168 Ordinibus
745 1139 773 1167 el
796 1135 976 1179 Conqreqa-

280 1187 422 1220 tionibus
443 1186 620 1220 concessa¹.

429 1268 595 1295 Alexander
615 1268 693 1302 Papa
713 1268 782 1300 vn,

359 1312 396 1339 ad
410 1315 585 1346 perpetuam
604 1313 649 1339 rei
669 1312 851 1340 memoriam.

282 1382 512 1425 Religiosorum
537 1382 678 1416 virorum
700 1382 860 1416 Altissimo
877 1383 977 1416 samu-

237 1435 368 1468 lantium
391 1435 556 1479 profectui,
574 1442 723 1480 quantum
749 1447 819 1469 cum
845 1437 978 1470 Domino

236 1499 416 1533 possumus,
452 1492 584 1534 paterna
609 1490 761 1523 charitate
797 1491 978 1534 prospicere

238 1543 417 1587 cupientes,
443 1543 607 1587 privilegia
639 1548 667 1577 et
697 1544 812 1586 gratias
845 1544 977 1577 aliorum

238 1595 389 1629 Ordinum
415 1601 445 1629 et
468 1597 754 1640 Congregationum
785 1597 977 1639 regularium

237 1650 394 1693 religiosis
420 1661 569 1684 concessa
593 1651 728 1683 libenter
752 1651 812 1683 illis
838 1662 980 1684 commu-

237 1704 390 1745 nicamus,
408 1709 438 1738 et
456 1705 492 1737 ad
511 1715 564 1739 eos
581 1705 786 1745 extendimus,
800 1710 894 1748 prout
911 1715 981 1738 con-

239 1757 389 1801 spicimus
413 1757 444 1790 in
469 1758 601 1791 Domino
630 1758 798 1790 salubriter
823 1758 979 1801 expedire.

283 1811 298 1853 ἓ
324 1811 352 1843 l.
378 1810 454 1844 Cum
480 1810 606 1854 itaque,
639 1811 719 1843 sicut
743 1811 874 1843 dilectus
898 1811 981 1843 silius

241 1864 422 1897 Leonardus
440 1865 626 1907 Pelagallus,
644 1870 834 1908 procurator
855 1875 983 1907 genera-

240 1917 277 1950 lis
298 1919 551 1961 congregationis
572 1918 801 1951 monachorum
828 1918 982 1951 Silvestri-

240 1981 355 2005 norum
380 1977 634 2016 nuncupatorum
661 1972 836 2005 Montissani
858 1970 1001 2005 Ordinis

241 2027 270 2059 S.
289 2026 456 2067 Benedicti,
473 2026 654 2060 nominibus
682 2026 867 2059 dilectorum
898 2026 980 2059 silio—

242 2091 312 2113 rum
339 2081 459 2113 abbatis
488 2080 704 2123 generatis-et
736 2081 877 2113 omnium
910 2091 981 2113 mo-

242 2133 416 2167 nachorum
444 2134 583 2166 eiusdem
614 2134 867 2176 congregationis
895 2134 985 2166 nobis

242 2197 344 2231 nuper
370 2188 483 2231 exponi
509 2188 597 2230 fecit,
619 2188 822 2230 congregatio
846 2188 984 2231 praefata

243 2242 349 2275 omnia
366 2247 396 2274 et
416 2242 539 2285 singula
563 2242 738 2285 privilegia,
757 2242 874 2284 gratias
892 2248 921 2274 et
939 2241 983 2273 in-

242 2296 329 2329 dulta
354 2301 416 2329 tam
435 2295 676 2329 Mendicantium
698 2306 791 2339 quam
819 2306 880 2328 non
906 2295 985 2327 Men-

243 2349 414 2383 dicantium
436 2349 605 2382 Ordinibus
626 2354 656 2381 ct
676 2348 985 2391 congregationibus,

243 2412 278 2435 ac
296 2412 406 2435 eorum
424 2402 632 2443 monasteriis,
648 2401 795 2434 domibus
815 2407 845 2433 et
862 2401 938 2433 locis
957 2406 986 2433 ct

281 2485 290 2510 1
320 2483 455 2514 Quaenam
484 2483 538 2510 sint
565 2482 704 2518 privilegia
733 2482 927 2509 monachorum
957 2490 987 2508 ac

243 2527 465 2563 mendicantium,
483 2528 544 2555 vide
565 2528 651 2555 bullas
671 2528 765 2555 citatas
785 2528 812 2554 in
828 2527 987 2563 repertorio,

244 2571 320 2600 verb.
341 2573 547 2609 Privileyium.

1655 146 1720 181 443

1004 205 1148 249 personis
1171 215 1228 249 per
1245 215 1461 250 quoscumque
1489 206 1647 239 Romanos
1672 205 1748 238 Pon-

1005 258 1104 291 linces
1127 258 1387 302 praedecessores
1420 265 1545 293 nostros
1571 259 1745 303 quomodo-

1005 311 1081 344 libet
1107 321 1264 352 concessa‚
1288 312 1327 345 ad
1352 323 1463 346 eorum
1489 313 1746 346 Silvestrinorum

1006 365 1285 407 congregationem
1325 365 1471 409 illiusque
1511 366 1683 399 monachos
1719 368 1749 398 et

1006 428 1155 461 personas
1173 418 1308 459 extendi,
1327 419 1441 462 illaque
1459 420 1503 452 eis
1521 419 1748 453 communicari

1006 482 1208 516 summopere
1223 472 1410 506 desiderent:
1425 473 1541 507 idcirco
1557 474 1649 507 nobis
1665 473 1747 506 idem

1007 525 1186 558 Leonardus
1203 526 1384 559 nominibus
1404 527 1570 570 praedictis
1588 527 1749 560 humiliter

1007 579 1179 623 supplicari
1205 579 1285 619 secit,
1310 584 1344 612 ut
1369 580 1400 611 in
1425 580 1605 622 praemissis
1631 590 1749 623 oppor-

1008 638 1081 666 tune
1105 632 1272 676 providere
1297 632 1335 665 de
1360 632 1552 676 benignitate
1577 634 1749 677 apostolica

1008 686 1222 729 dignaremur.

1053 742 1067 784 ἓ
1092 740 1121 773 92.
1146 741 1209 774 Nos
1231 740 1337 783 igitur,
1360 740 1639 783 congregationem
1657 740 1750 773 Silve-

1008 794 1180 827 strinorum
1206 793 1383 827 Montissani
1408 794 1596 838 praefatam,
1622 794 1750 837 eiusque

1010 848 1180 881 monachos
1205 853 1235 881 et
1259 858 1410 891 personas
1435 858 1660 891 quascumque,
1686 858 1751 891 spe-

1009 900 1140 933 cialibus
1160 901 1321 933 favoribus
1346 906 1375 934 et
1399 900 1507 943 gratiis
1533 900 1683 944 prosequi
1702 911 1751 933 vo-

1009 955 1116 995 lentes,
1137 965 1172 987 ac
1189 955 1386 997 singulorum
1413 954 1664 998 privilegiorum,
1680 964 1750 997 gra-

1009 1008 1122 1041 tiarum
1144 1013 1175 1040 et
1191 1008 1366 1040 litterarum
1385 1008 1520 1051 desuper
1538 1008 1748 1040 confectarum

1010 1062 1190 1095 huiusmodi
1217 1067 1342 1095 tenores
1366 1062 1586 1105 praesentibus
1610 1073 1668 1105 pro
1693 1062 1751 1094 sus-

1010 1116 1151 1150 ficienter
1172 1116 1328 1160 expressis
1346 1116 1506 1157 babentes,
1528 1122 1557 1148 et
1581 1115 1752 1159 quemlibet

1011 1170 1194 1203 eorumdem
1220 1170 1441 1212 religiosorum
1467 1180 1484 1201 a
1508 1169 1670 1212 quibusvis
1698 1180 1752 1201 ex-

1011 1223 1316 1263 communicationis,
1338 1222 1550 1266 suspensionis
1576 1227 1604 1254 et
1629 1221 1755 1253 interdi-

1012 1277 1063 1317 cti,
1080 1277 1211 1320 aliisque
1241 1276 1460 1310 ecclesiasticis
1489 1276 1660 1316 sententiis,
1680 1285 1753 1307 cen-

1012 1331 1093 1363 suris
1120 1334 1149 1364 et
1179 1330 1301 1374 poenis,
1325 1340 1342 1362 a
1374 1330 1441 1362 iure
1467 1330 1513 1362 vel
1547 1329 1585 1361 ab
1616 1328 1754 1368 bomine,

1012 1383 1121 1427 quavis
1147 1384 1312 1417 occasione
1326 1383 1373 1416 vel
1392 1385 1485 1415 causa
1499 1383 1579 1422 latis,
1598 1382 1621 1414 si
1640 1381 1755 1426 quibus

1012 1437 1250 1480 quomodolibet
1275 1436 1442 1470 innodatus
1470 1436 1584 1475 existit,
1615 1435 1652 1468 ad
1681 1435 1754 1467 effe-

1013 1497 1096 1524 ctum
1123 1490 1336 1535 praesentium
1367 1490 1528 1523 dumtaxat
1554 1499 1753 1533 consequen-

1014 1545 1109 1586 dum,
1135 1546 1247 1577 harum
1273 1544 1353 1577 serie
1378 1545 1575 1577 absolventes
1607 1549 1635 1576 et
1665 1544 1755 1576 abso-

1014 1600 1112 1632 lutum
1140 1599 1206 1631 sore
1241 1603 1424 1639 censentes,
1458 1597 1638 1630 huiusmodi
1677 1607 1752 1640 sup-

1015 1652 1236 1696 plicationibus
1262 1652 1425 1690 inclinati,
1451 1651 1556 1683 omnia
1581 1656 1611 1683 et
1634 1651 1756 1693 singula

1015 1706 1200 1750 privilegia,
1230 1705 1488 1749 praerogativas,
1519 1705 1755 1746 concessiones,

1016 1760 1187 1799 facultates,
1212 1759 1437 1802 exemptiones,
1464 1758 1686 1797 immunitates,
1712 1758 1758 1790 in-

1016 1813 1121 1852 dulta,
1153 1817 1336 1857 ceterasque
1369 1812 1485 1855 gratias
1515 1812 1696 1855 spirituales
1729 1809 1758 1844 et

1017 1866 1217 1910 temporales,
1247 1870 1307 1899 tam
1337 1865 1527 1898 coniunctim
1557 1876 1649 1909 quam
1679 1865 1757 1897 divi-

1018 1921 1086 1960 sim,
1103 1925 1133 1952 et
1150 1920 1225 1952 alias
1239 1919 1488 1963 quomodolibet,
1503 1919 1666 1962 quibusvis
1680 1920 1759 1951 Men-

1018 1974 1187 2007 dicantium
1214 1979 1244 2006 et
1277 1984 1339 2006 non
1368 1973 1610 2005 Mendicautium
1636 1972 1759 2006 Ordini-

1018 2029 1075 2061 bus
1094 2034 1123 2061 et
1147 2027 1455 2070 congregationibus,
1474 2032 1500 2059 et
1528 2030 1588 2060 tam
1616 2027 1757 2060 virorum

1019 2093 1111 2126 quam
1135 2082 1302 2115 mulierum
1336 2082 1545 2122 monasteriis,
1571 2081 1716 2117 domibus
1730 2086 1757 2113 et

1019 2136 1217 2179 regularibus
1233 2135 1319 2175 locis,
1338 2136 1367 2167 in
1386 2135 1637 2178 quibuscumque
1652 2135 1758 2167 mundi

1019 2189 1160 2233 partibus
1193 2188 1453 2227 consistentibus,
1479 2189 1669 2231 illorumque
1702 2199 1756 2219 su-

1020 2242 1220 2286 perioribus,
1254 2241 1415 2281 fratribus,
1442 2242 1604 2274 monachis
1629 2247 1657 2273 et
1682 2252 1756 2284 per-

1020 2297 1114 2336 sonis,
1140 2306 1196 2339 per
1220 2305 1438 2338 quoscumque
1466 2295 1622 2327 Romanos
1656 2295 1760 2327 Ponti-

1021 2349 1094 2381 fices
1122 2348 1383 2391 praedecessores
1408 2353 1532 2380 nostros
1565 2347 1760 2387 huiusmodi,

1021 2413 1055 2434 ac
1086 2412 1143 2434 nos
1179 2405 1208 2434 et
1238 2401 1348 2433 Sedem
1381 2401 1544 2440 camdem,
1577 2401 1668 2433 etiam
1705 2412 1761 2445 per

1023 2455 1102 2487 viam
1121 2454 1414 2487 communicationis
1436 2454 1482 2486 vcl
1504 2454 1693 2487 extensionis
1710 2458 1762 2487 aut

1022 2508 1096 2541 alifis
1128 2517 1285 2547 concessa,
1319 2512 1348 2539 et
1380 2507 1495 2550 quibus
1519 2507 1661 2550 singulae
1686 2518 1761 2541 con-

1023 2562 1221 2605 gregationes
1247 2560 1435 2605 praedictae,
1459 2571 1631 2606 carumque
1655 2572 1762 2596 mona-

1764 156 1813 184 An.
1829 156 1857 185 C.
1880 156 1949 184 1659

1804 756 1913 787 Absolutio
1939 761 1951 776 n

1765 788 1865 804 censui-is.
