2263 3215
300 213 356 262 Ἀηῖ
371 234 397 260 c.
424 213 488 262 1650

335 933 445 953 bremium
462 940 485 953 ir-

305 961 374 980 rixans,

297 2476 408 2497 obstantia
423 2477 480 2496 tollit.

534 225 597 258 156
1082 233 1258 258 sectantum

505 283 588 315 tione
617 281 820 315 eeclesiarum
853 280 1036 320 corumdem
1062 281 1187 314 Ordinis
1215 287 1243 314 et

504 335 771 379 Cong1·eg·ati0nis‚
789 346 909 369 necnon
929 346 1098 379 parvorum
1114 346 1244 368 eonven-

505 394 612 429 tuum,
634 394 725 435 atque
751 400 882 422 onerum
910 390 970 422 illis
996 390 1165 434 respective
1192 390 1239 421 in-

504 442 717 475 cumbentium
750 443 1020 486 supportatione),
1046 448 1075 475 et
1105 442 1241 486 pretium

504 494 574 527 inde
600 495 758 529 redactum
777 495 890 540 deponi
913 496 1005 529 facias
1022 506 1118 539 penes
1135 496 1244 533 aedem

504 557 625 580 sacram
652 548 696 580 rel
723 559 888 591 personam
907 548 967 581 lide
993 554 1021 581 et
1047 548 1244 581 facultatibus

505 600 672 641 idoneam,
698 601 737 635 ita
769 607 799 634 ut
826 602 936 635 exinde
968 602 1088 634 extrahi
1115 602 1243 634 minime

504 654 600 696 possit
635 654 693 686 nisi
727 666 797 687 cum
835 655 988 687 mandatis
1024 655 1154 699 propria
1192 657 1242 687 tua

503 717 596 739 manu
616 708 800 752 subscriptis
816 720 885 741 cum
905 709 1106 752 expressione
1131 719 1242 741 causac

502 766 532 791 et
558 771 631 793 usus
662 761 690 793 in
716 772 808 805 quem
834 762 964 805 pecunia
991 762 1048 794 erit
1074 762 1240 804 eroganda,

502 814 554 857 qui
582 814 707 857 quidem
735 826 807 847 usus
829 826 890 847 non
908 815 943 847 sit
966 815 1054 855 alius,
1073 826 1165 858 quam
1185 826 1242 858 pro

502 866 640 899 subsidio
666 872 695 901 et
720 868 914 911 expeditione
936 868 1107 901 antedictis.

547 920 560 963 ξ
585 920 612 953 5.
633 921 841 954 Decerneutes
858 927 1037 965 praesentes
1054 922 1172 954 litteras
1192 922 1241 953 tir-

502 984 577 1014 mas,
601 974 716 1007 validas
742 981 771 1007 et
796 975 936 1008 efficaces
961 975 1094 1008 existere
1115 980 1143 1008 et
1166 976 1240 1016 sore,

502 1038 602 1072 neque
627 1029 684 1061 sub
709 1030 870 1073 quibusvis
891 1030 1038 1062 similium
1065 1029 1242 1073 applicatio·

501 1091 575 1114 num
591 1082 856 1124 renovationibus,
875 1083 1141 1127 suspensionibus,
1163 1083 1241 1115 limi-

501 1135 671 1168 tationibus
707 1141 759 1168 aut
794 1137 959 1169 contrariis
984 1136 1240 1180 dispositionibus

501 1198 638 1232 unquam
665 1189 899 1232 comprehendi,
921 1196 973 1222 aut
998 1190 1240 1234 comprehensas

501 1242 632 1280 censeri,
654 1242 705 1274 sed
732 1253 855 1286 sempor
879 1243 917 1275 ab
944 1243 1003 1276 illis
1028 1249 1184 1287 exceptas,
1211 1247 1240 1277 et

501 1295 624 1338 quoties
660 1296 729 1328 illae
754 1297 942 1329 emanabunt
971 1297 1061 1331 toties
1083 1298 1112 1329 in
1137 1297 1240 1340 pristi-

501 1357 574 1380 num
602 1354 628 1381 et
665 1349 888 1382 validissimum
922 1355 1035 1382 statum
1062 1350 1239 1390 restitutas,

502 1401 652 1444 repositas
666 1407 695 1433 et
710 1402 848 1445 plenarie
866 1403 1081 1445 reintegratas,
1098 1414 1133 1436 ac
1146 1403 1237 1435 etiam

500 1455 558 1487 sub
583 1457 751 1499 posteriori
777 1456 847 1489 data
873 1468 930 1500 per
950 1456 1049 1490 dictos
1073 1457 1185 1489 ducem
1210 1463 1240 1489 et

500 1507 737 1551 Bempublicam
760 1509 902 1553 eligenda
920 1509 958 1542 de
971 1520 1052 1543 novo
1076 1520 1239 1543 concessas

501 1561 653 1604 intelligi,
687 1573 822 1606 suosque
858 1561 1016 1606 plenarios
1045 1568 1074 1596 et
1099 1563 1239 1606 integros

499 1614 628 1647 effectus
649 1616 753 1648 sortiri
773 1621 803 1648 et
819 1616 971 1658 obtinere,
989 1627 1024 1650 ac
1041 1616 1149 1649 iisdem
1167 1616 1237 1650 duci

499 1671 529 1701 et
553 1668 765 1712 Reipublicae,
791 1675 820 1702 et
852 1670 930 1711 aliis,
955 1670 993 1703 ad
1018 1681 1096 1714 quos
1121 1675 1239 1714 spectat

498 1726 528 1753 et
553 1732 612 1765 pro
639 1725 778 1766 tempore
803 1723 966 1766 spectabit,
984 1723 1163 1767 plenissime
1181 1724 1240 1757 sus-

498 1775 632 1818 sragari,
657 1776 764 1819 sicque
791 1776 821 1808 in
853 1776 1034 1820 praemissis
1060 1787 1117 1820 per
1148 1788 1239 1820 quos-

499 1838 633 1871 cumque
662 1828 780 1861 iudices
809 1829 986 1862 ordinarios
1011 1833 1040 1863 ct
1060 1829 1236 1872 delegatos,

499 1881 589 1912 etiam
617 1891 780 1913 causarum
816 1882 922 1924 palatii
954 1882 1117 1926 apostolici
1143 1882 1234 1915 audi-

499 1939 593 1973 tores,
623 1940 651 1966 et
679 1935 708 1967 S.
738 1935 771 1967 R,
799 1935 830 1967 E.
858 1935 1053 1976 cardinales,
1081 1936 1173 1968 etiam
1199 1936 1237 1969 de

499 1987 595 2020 latere
620 1988 738 2029 legatos
753 2014 760 2028 ,
789 1993 819 2020 et
847 1988 924 2020 alios
948 1988 1105 2032 quoslibet
1129 1989 1237 2032 quavis

498 2040 682 2073 auctoritate
700 2045 729 2073 et
753 2044 904 2084 potestate
932 2041 1094 2084 fungentes
1118 2045 1147 2075 et
1171 2042 1237 2074 sun-

497 2098 614 2133 cturos,
632 2093 754 2126 sublata
773 2093 818 2126 eis
834 2099 863 2126 et
879 2103 988 2126 eorum
1014 2093 1141 2126 cuilibet
1165 2105 1237 2138 qua-

497 2146 543 2179 vis
568 2146 656 2180 aliter
688 2146 842 2179 iudicandi
875 2152 905 2180 et
934 2148 1158 2191 interpretandi
1187 2149 1233 2180 sa·

497 2200 611 2232 cultate
636 2206 665 2232 et
689 2200 885 2241 auctoritate,
906 2201 1036 2234 iudicari
1066 2207 1095 2234 et
1112 2201 1235 2234 definiri

497 2253 632 2294 debere,
654 2264 689 2287 ac
721 2254 844 2287 irritum
877 2260 907 2287 et
939 2255 1051 2295 inane,
1086 2255 1109 2288 si
1146 2266 1236 2289 secus

497 2317 592 2351 super
624 2308 671 2339 liis
702 2318 718 2339 a
743 2318 918 2351 quoquam,
952 2308 1060 2352 quavis
1092 2308 1231 2342 auctori-

497 2365 578 2402 tate,
604 2360 738 2393 scienter
765 2361 811 2393 vel
838 2360 1040 2403 ignoranter,
1069 2361 1235 2405 contigerit

496 2415 652 2447 attentari.

540 2468 555 2511 ξ
579 2469 607 2501 6.
634 2469 700 2501 Non
735 2468 952 2510 obstantibus,
978 2472 1131 2512 quatenus
1154 2479 1234 2513 opus

495 2521 543 2563 sit,
561 2521 599 2553 de
614 2521 680 2553 iure
700 2522 841 2564 quaesito
859 2531 922 2555 non
946 2521 1095 2564 tollendo,
1113 2532 1234 2555 necnon

495 2573 533 2607 de
558 2574 762 2618 exprimendo
793 2585 868 2609 vero
895 2575 999 2608 valore
1025 2575 1055 2608 in
1080 2574 1251 2608 similibusl

493 2628 755 2672 applicationilms
792 2629 914 2672 illisque
939 2628 1169 2662 committendis
1195 2610 1251 2671 adi

1286 233 1436 257 nomitatim

1278 287 1394 325 partes,
1417 281 1532 314 vocatis
1557 291 1694 324 quorum
1721 280 1869 321 interest,
1896 286 1925 313 et
1949 280 2016 313 aliis

1278 336 1392 368 nostris
1410 340 1438 367 et
1457 333 1660 366 cancellariae
1681 334 1870 376 apostolicae
1888 334 2015 376 regulis,

1277 398 1311 420 ac
1338 387 1521 420 recolendae
1549 387 1719 419 memoriae
1741 387 1824 419 Pauli
1844 387 1866 419 V
1888 392 1918 419 et
1943 387 2017 419 alio·

1279 452 1346 473 rum
1374 439 1587 473 Romanorum
1614 439 1800 472 Pontificum
1834 439 2016 483 praedeees-

1277 505 1384 527 sorum
1411 498 1591 526 nostrorurn
1610 492 1647 525 de
1668 493 1762 526 rebus
1780 493 1936 526 Ecclesiae
1954 503 2014 526 non

1277 546 1457 587 alienandis,
1476 552 1505 578 et
1523 544 1644 577 illarum
1670 546 1909 578 alienationibus
1935 556 2016 579 com-

1278 599 1447 640 mittendis,
1465 599 1595 642 aliisque
1620 595 1897 632 constitutionibus
1917 604 1946 632 et
1963 609 2015 632 or-

1277 652 1489 685 dinationibus
1513 652 1704 695 apostolicis,
1725 652 1816 684 etiam
1843 652 2016 685 conciliari-

1277 705 1344 745 bus,
1360 716 1395 738 ac
1413 704 1561 737 omnibus
1579 710 1609 736 ct
1627 704 1767 748 singulis,
1785 715 1864 749 quae
1882 705 1913 737 in
1930 715 2016 749 prae-

1276 759 1366 791 dictis
1392 758 1508 791 nostris
1540 759 1652 791 litteris
1684 759 1842 792 voluimus
1865 769 1928 792 non
1953 758 2011 792 ob-

1276 816 1367 853 stare,
1390 812 1563 855 ceterisque
1581 811 1745 845 contrariis
1766 811 2013 856 qubuscumque.

1320 867 1428 899 Datum
1452 866 1579 906 Romae,
1608 865 1689 910 apud
1719 865 1747 898 S.
1773 865 1900 898 Mariam
1926 865 2016 898 Maio-

1276 930 1353 960 rem,
1369 919 1425 952 sub
1436 920 1551 952 annulo
1565 919 1741 959 piscatoris,
1755 919 1805 951 die
1823 918 1917 952 xxix¹
1935 920 2015 963 apri-

1276 974 1311 1006 lis
1328 983 1453 1013 Mncrvi,
1472 973 1671 1016 pontificatus
1696 972 1793 1006 nostri
1814 982 1895 1006 anno
1916 982 1947 1005 11.

1312 1035 1368 1062 Dat.
1392 1035 1433 1062 die
1453 1035 1487 1062 ⁶29
1507 1035 1598 1071 aprilis
1620 1035 1697 1070 1656,
1719 1035 1814 1071 pontif.
1836 1043 1907 1062 anno
1929 1041 1955 1062 tt.

1630 1179 1659 1212 C.

1276 1257 1497 1300 Confirmatio,
1514 1258 1693 1298 innovatio,
1718 1257 1895 1290 declaratio
1915 1261 1944 1290 ct
1963 1267 2014 1290 ex-

1319 1313 1418 1345 tensio
1443 1312 1711 1345 constitutionum
1735 1311 1903 1354 Bonisacii
1932 1310 2017 1345 VIII

1318 1369 1346 1398 et
1373 1365 1522 1408 Greqorii
1546 1364 1638 1398 XIII
1662 1364 1699 1398 de
1719 1364 1804 1398 datis
1829 1368 1858 1397 et
1878 1365 2013 1408 promis-

1316 1419 1360 1451 sis
1382 1429 1442 1461 pro
1466 1418 1596 1451 iustitia
1629 1417 1677 1450 vel
1711 1418 1822 1461 qratia
1845 1416 1935 1460 apud
1958 1417 2013 1450 Se-

1316 1471 1387 1503 dent
1408 1471 1623 1514 Apostolicam
1644 1470 1827 1504 obtinenda.

1466 1551 1633 1579 Alexander
1655 1551 1734 1586 Papa
1754 1551 1817 1585 VH,

1403 1596 1439 1623 ad
1455 1599 1631 1630 perpetuam
1651 1596 1695 1623 rei
1715 1595 1896 1622 memoriam.

1316 1668 1399 1700 Inter
1415 1667 1617 1710 gravissimas
1636 1666 1890 1711 multiplicesque
1909 1677 2010 1709 curas,

1273 1731 1352 1765 quae
1375 1731 1411 1754 ex
1438 1720 1542 1754 debito
1575 1721 1741 1765 pastoralis
1766 1720 1859 1754 officii
1885 1720 2011 1753 humili-

1272 1774 1324 1807 tati
1350 1779 1475 1808 nostrae
1500 1774 1646 1807 divinitus
1671 1774 1829 1808 commissi
1855 1774 1946 1807 nobis
1962 1784 2011 1807 as-

1271 1827 1359 1861 sidue
1383 1828 1590 1869 incumbunt,
1623 1828 1707 1860 illam
1733 1827 1885 1872 peculiari
1909 1827 2012 1861 studio

1270 1881 1501 1924 amplectimur,
1520 1886 1553 1914 ut
1570 1880 1704 1914 iustitiae
1729 1886 1758 1914 et
1782 1881 1900 1924 gratiae
1920 1889 2013 1925 expe-

1270 1934 1427 1975 ditiones,
1453 1945 1533 1978 quae
1557 1934 1639 1978 apud
1664 1934 1775 1967 Sedem
1800 1933 2011 1978 Apostolicam

1271 1987 1300 2020 in
1325 1987 1390 2020 dies
1414 1987 1608 2028 obtinentur,
1626 1989 1660 2020 ea
1685 1998 1745 2032 qua
1770 1999 1827 2032 par
1858 1993 1904 2020 est
1924 1987 2012 2022 recti-

1271 2041 1377 2074 tudine
1402 2047 1607 2085 peragantur,
1623 2048 1677 2082 'ne‚
1702 2042 1880 2085 pernicioso
1905 2041 2010 2074 cuius-

1269 2105 1363 2137 quam
1384 2095 1467 2127 circa
1485 2095 1552 2126 illas
1570 2105 1708 2136 excessu,
1730 2095 1887 2127 Romanae
1904 2094 2009 2128 curiae

1270 2147 1459 2180 existimatio
1484 2148 1638 2180 ullatenus
1671 2148 1832 2188 laedatur,
1863 2147 1916 2180 sed
1941 2148 2009 2191 ipsa

1269 2201 1356 2233 curia
1372 2201 1400 2232 in
1419 2201 1564 2233 omnibus
1589 2201 1733 2244 preclara
1759 2211 1884 2244 semper
1906 2200 2008 2244 splen-

1268 2254 1338 2287 deat
1362 2254 1453 2286 laude
1471 2254 1667 2296 integritatis,
1685 2259 1715 2286 et
1735 2254 1850 2287 abusus
1870 2254 2010 2298 quicum-

1268 2317 1328 2351 que
1349 2307 1387 2339 ab
1405 2307 1457 2339 illa
1482 2308 1592 2351 procul
1617 2313 1792 2341 arceantur.
1810 2308 2009 2352 Quapropter

1268 2371 1382 2405 operae
1395 2361 1531 2405 pretium
1551 2361 1687 2395 facturos
1707 2372 1763 2394 nos
1783 2361 2007 2403 existimamus,

1267 2413 1292 2446 si
1317 2424 1362 2455 ea,
1383 2424 1462 2457 quae
1487 2425 1504 2446 a
1528 2414 1686 2447 nonnullis
1712 2414 1859 2447 Romanis
1883 2413 2008 2448 Pontifi-

1267 2468 1354 2501 cibus
1379 2467 1675 2512 praedecessoribus
1692 2468 1807 2501 nostris
1825 2468 1918 2501 simili
1936 2478 2007 2502 con—

1267 2521 1336 2555 silio
1354 2521 1484 2566 provide
1509 2522 1627 2556 sancita
1643 2527 1724 2563 sunt,
1746 2527 1779 2555 ut
1797 2522 1827 2554 in
1844 2527 2004 2565 posterum

1303 2637 1311 2663 t
1336 2636 1401 2663 Male
1422 2636 1484 2663 edit.
1508 2637 1584 2665 Malu.
1607 2638 1670 2672 legit
1692 2638 1723 2664 19
1742 2643 1777 2667 tn.
1795 2644 1843 2666 r.›.

2032 232 2080 258 Αη.
2093 232 2121 258 C.
2146 233 2210 263 1656

2053 1677 2194 1698 Prooemium.
