2243 3205
15 236 62 264 Αιι.
83 234 112 262 c.
132 228 195 261 1‘661

812 234 997 260 ALEXANDER
1022 234 1066 257 VII
1090 234 1138 258 1⁷1².

207 281 341 314 tificatus
366 292 394 323 ι,
424 282 538 326 quibus
564 288 687 316 cautum
713 283 770 316 suit
795 283 946 323 ducatus,

208 334 367 376 dominia,
402 335 567 369 vicariatus
589 363 596 376 ,
631 336 806 379 gubernia,
835 336 946 377 feuda,

209 387 331 432 aliaque
355 388 436 421 bona
457 389 494 421 ad
520 389 692 432 predictam
718 389 828 423 Sedem
855 395 885 422 et
902 400 949 422 ca-

210 451 328 474 meram
350 443 555 486 apostolicam
573 443 694 476 ratione
716 444 903 477 delictorum
921 448 951 476 et

210 494 468 528 confiscationum
501 495 531 528 in
557 496 682 529 casibus
706 497 737 529 in
762 498 806 530 eis
831 498 951 531 statutis

210 547 321 588 delata,
340 548 397 580 sub
418 548 526 582 eadem
552 549 596 582 Pii
618 550 640 582 V
664 551 885 584 constitutione
906 561 952 583 su-

210 611 267 644 per
291 601 471 635 huiusmodi
502 602 652 636 dominiis
677 609 706 636 et
731 604 952 637 iurisdictioni-

210 654 269 688 bus
290 655 320 687 in
342 655 467 688 feudum
487 661 540 688 aut
562 656 637 689 alias
654 667 719 690 non
745 657 953 690 concedendis

210 718 268 741 nec
285 708 457 741 alienandis
471 709 553 741 edita
571 710 700 743 minime
714 710 952 754 comprehendi:

211 761 406 794 declarantes
426 767 529 795 tamen
548 762 616 795 illas
636 763 855 806 intelligendas
876 773 954 804 esse,

213 819 307 858 prout
331 815 463 858 intelligi
483 815 684 849 decernimus
706 822 736 849 et
760 816 954 857 mandamus,

212 874 247 901 ut
270 868 477 912 principatus,
498 869 639 909 ducatus,
667 870 818 910 civitates,
843 875 955 910 castra,

213 922 337 966 oppida,
362 927 476 963 terrae,
500 933 599 964 arces,
628 923 706 964 loca,
735 923 882 963 dominia,
912 923 956 955 ri-

214 976 359 1017 cariatus,
385 976 547 1019 gubernia,
572 976 663 1009 feuda
687 982 718 1009 et
742 977 810 1010 loca
835 977 957 1009 iurisdi-

214 1029 360 1071 ctionalia
384 1029 416 1062 in
440 1030 502 1063 illis
527 1030 766 1073 comprehensa,
791 1035 821 1062 et
846 1040 881 1063 ex
906 1041 957 1063 ea-

214 1093 285 1115 rum
300 1082 503 1126 dispositione
518 1082 686 1116 confiscata
702 1087 731 1117 et
747 1083 957 1124 confiscanda,

214 1145 278 1168 non
303 1135 483 1169 subiaceant
511 1146 614 1179 neque
634 1136 799 1169 subiacere
824 1136 958 1169 debcant

214 1188 363 1232 praefatis
399 1189 512 1221 litteris
537 1189 581 1221 Pii
607 1189 629 1221 V
654 1199 713 1232 pro
745 1199 782 1222 eo
815 1194 957 1233 tempore

216 1242 318 1275 solum
333 1269 340 1283 ,
364 1253 427 1286 quo
452 1241 636 1285 delinquens
661 1252 716 1275 seu
741 1242 959 1286 delinquentes

217 1295 362 1336 vixerint,
376 1300 406 1328 et
420 1295 632 1335 investiturae,
647 1295 670 1328 si
689 1306 768 1339 quae
782 1301 873 1328 antea
890 1306 960 1329 con-

218 1359 323 1382 cessae
355 1348 503 1389 suerunt,
535 1348 694 1381 durabunt
732 1359 768 1382 ac
807 1359 959 1396 personae

218 1412 274 1435 seu
297 1402 397 1435 lineae
422 1402 452 1434 in
474 1402 534 1434 illis
560 1402 809 1446 comprehensae
834 1413 960 1446 supere-

219 1461 302 1496 runt,
321 1461 351 1488 et
367 1455 459 1488 salvis
484 1456 576 1488 etiam
601 1455 699 1499 pactis
718 1456 749 1488 in
775 1456 851 1499 ipsis
876 1457 961 1489 inve-

219 1509 338 1542 stituris
364 1509 527 1542 contentis.
553 1509 686 1552 Insuper
711 1509 828 1541 eisdem
855 1514 960 1551 motu,

220 1562 371 1604 scientia,
396 1561 642 1602 deliberatione,
663 1572 699 1594 ac
724 1568 877 1606 potestate
902 1562 958 1594 de-

221 1615 376 1648 claramus
402 1614 640 1658 dispositionem
667 1615 796 1658 praefati
821 1615 962 1648 recolen-

221 1667 279 1700 dae
303 1667 475 1700 memoriae
499 1667 667 1700 Clementis
686 1668 748 1699 Vlll
768 1668 798 1699 in
823 1667 961 1700 eiusdem

222 1721 334 1754 litteris
358 1731 403 1754 vu
429 1721 577 1754 kalendas
604 1721 680 1760 iulii,
707 1731 788 1754 anno
820 1731 962 1762 Mnxcw,

223 1775 290 1808 eius
313 1774 513 1818 pontificatus
531 1784 561 1813 v,
580 1774 609 1806 iu
627 1774 743 1817 quibus
767 1774 905 1807 decrevit
922 1775 965 1807 ci-

223 1829 344 1869 vitates,
369 1834 481 1869 terras,
506 1834 608 1861 castra
633 1833 663 1860 et
687 1828 755 1861 loca
780 1828 966 1861 iurisdictio-

224 1882 307 1915 nalia
336 1892 393 1925 per
424 1891 581 1914 cameram
615 1881 818 1925 apostolicam
846 1881 877 1914 in
902 1882 964 1913 vim

226 1935 365 1969 eiusdem
393 1935 623 1969 constitutionis
648 1935 780 1968 emenda
805 1940 834 1968 et
858 1935 965 1978 acqui-

226 1989 324 2022 renda
348 1989 379 2021 in
404 1988 486 2022 dicta
513 1988 711 2031 praecedenti
745 1989 966 2022 constitutione

227 2042 273 2075 Pii
299 2042 321 2074 V
346 2053 402 2086 per
427 2042 596 2075 triennium
623 2052 639 2074 a
664 2042 713 2074 dic
745 2042 870 2075 illarum
897 2052 968 2075 ven-

228 2095 354 2129 ditionis
379 2095 624 2139 computandum
661 2096 789 2128 minime
817 2106 965 2139 compre-

228 2149 322 2182 hendi
347 2149 473 2189 debere,
499 2149 540 2181 ita
564 2149 802 2192 intelligendum
830 2159 907 2189 esse,
937 2154 969 2182 ut

230 2202 345 2243 statim,
362 2202 451 2235 sinito
476 2202 559 2235 dicto
584 2202 730 2242 triennio,
755 2207 908 2245 quatenus
933 2212 969 2234 eo

230 2255 363 2288 durante
387 2265 450 2288 non
465 2242 568 2287 'luerit
593 2254 758 2287 deventum
784 2255 821 2287 ad
843 2255 969 2288 illorum

230 2318 359 2349 veram,
382 2308 546 2352 propriam
572 2313 602 2340 et
629 2308 823 2340 effectualem
849 2308 968 2340 aliena·

232 2361 359 2401 tionem,
384 2361 544 2401 civitates,
576 2364 693 2401 castra,
723 2365 825 2393 terrae
851 2366 881 2393 et
904 2361 973 2394 loca

232 2414 393 2458 praedicta
419 2414 488 2457 ipso
521 2413 589 2446 iure
613 2419 643 2445 et
674 2414 754 2446 sacto
787 2418 974 2446 censeantur

233 2467 320 2500 unita
337 2472 366 2500 et
383 2466 584 2509 incorporata
605 2465 706 2498 eidem
729 2466 799 2498 Scdi
828 2471 858 2498 et
876 2476 975 2499 came-

234 2531 287 2554 rae
304 2520 503 2564 apostolicae,
522 2525 614 2563 atque
631 2519 772 2552 subiecta
789 2524 819 2552 et
836 2530 977 2563 compre-

235 2574 332 2607 hensa
361 2573 392 2606 in
421 2572 568 2616 praefatis
602 2572 645 2604 Pii
672 2572 693 2604 V
718 2572 851 2614 litteris,
884 2572 976 2605 etiam

235 2626 321 2660 null-21
338 2626 397 2658 alia
417 2625 494 2659 sacta
512 2625 733 2667 declaratione,
752 2626 977 2669 acceptatione,

1629 221 1692 255 659

981 292 1036 314 seu
1053 282 1190 321 decreto,
1216 282 1258 314 ita
1275 285 1309 314 ut
1328 280 1429 314 dictus
1449 279 1602 312 terminus
1629 279 1724 311 trium

982 345 1137 368 annorum
1156 335 1242 368 nullo
1259 339 1351 378 pacto
1369 333 1528 377 suspendi,
1545 332 1723 377 prorogari,

984 389 1030 421 vel
1065 388 1155 421 aliter
1189 387 1336 432 impediri
1365 393 1418 420 aut
1448 385 1601 420 retardari
1630 386 1727 430 possit

984 453 1095 476 cursus
1113 442 1207 483 illius,
1224 452 1325 485 neque
1343 441 1566 485 incorporatio,
1581 450 1726 484 compre-

985 496 1095 528 hensio
1124 501 1154 528 et
1178 495 1329 529 subiectio
1353 495 1526 538 praedicta,
1544 500 1574 527 et
1599 495 1640 526 ita
1665 504 1728 526 ser-

986 549 1120 582 vandum
1151 560 1218 582 esse
1252 549 1451 582 decernimus
1476 554 1506 581 et
1531 548 1728 580 mandamus.

1032 603 1046 646 ἓ
1070 602 1099 635 3.
1126 603 1289 636 Postremo
1314 602 1489 641 statuimus,
1510 607 1553 643 ut,
1572 601 1652 633 sicut
1671 610 1728 633 nos

987 656 1198 700 praeinsertas
1220 655 1263 688 Pii
1282 656 1303 687 V
1322 665 1357 687 ac
1377 654 1547 687 Innocentii
1565 655 1604 686 lx
1622 660 1651 686 et
1669 654 1731 687 Cle-

989 710 1101 743 mentis
1138 709 1202 742 Vlll
1238 709 1356 741 litteras
1391 719 1445 741 seu
1478 708 1638 741 decretum
1673 707 1730 740 sub

988 763 1038 796 die
1051 773 1121 796 xxvt
1146 762 1223 795 iunii
1247 772 1363 802 Μυκη,
1384 767 1414 794 et
1434 772 1544 794 omnes
1569 767 1598 794 et
1623 761 1727 804 singu-

989 817 1033 849 las
1054 816 1291 850 constitutiones
1310 821 1339 848 et
1357 815 1493 855 decreta,
1511 820 1573 847 tam
1592 814 1731 847 eiusdem

989 870 1157 904 Clementis
1175 880 1269 913 quam
1287 869 1420 901 aliorum
1444 868 1629 901 Pontificum
1647 877 1734 911 prae-

990 924 1192 957 decessorum
1220 927 1401 956 nostrorum
1417 949 1424 962 ,
1445 921 1558 965 quibus
1583 921 1732 962 civitates,

991 983 1104 1017 castra,
1122 977 1236 1020 oppida
1254 982 1284 1009 et
1304 976 1363 1008 alia
1381 976 1448 1008 loca
1465 980 1495 1007 et
1519 975 1600 1008 bona
1629 974 1735 1007 huius-

992 1030 1076 1063 modi
1092 1029 1352 1063 iurisdictionalia
1367 1028 1439 1062 Sedi
1456 1033 1485 1060 et
1503 1038 1647 1061 camerae
1660 1037 1732 1071 apo-

991 1083 1118 1116 stolicae
1143 1092 1343 1126 quocumque
1370 1087 1513 1125 tempore
1539 1081 1625 1113 unita
1639 1085 1669 1112 et
1689 1081 1735 1112 in-

992 1142 1169 1180 corporata,
1186 1147 1221 1169 ac
1238 1135 1407 1179 praedietis
1432 1134 1543 1168 litteris
1563 1134 1607 1166 Pii
1627 1134 1649 1165 V
1667 1133 1737 1165 sub-

993 1190 1072 1223 iecta
1096 1190 1243 1227 suerunt,
1272 1193 1302 1220 et
1326 1187 1503 1231 specialiter
1528 1187 1689 1219 decretum
1719 1195 1737 1218 a

992 1243 1082 1275 nobis
1099 1242 1149 1275 die
1163 1253 1202 1275 xx
1220 1241 1398 1273 decembris
1414 1240 1557 1284 proxime
1574 1239 1736 1283 praeteriti

994 1296 1025 1328 in
1041 1301 1150 1329 nostro
1176 1294 1364 1327 consistorio
1389 1297 1520 1333 secreto,
1541 1292 1735 1325 assentienti-

994 1349 1054 1382 bus
1080 1348 1198 1392 pariter
1224 1352 1253 1379 ct
1277 1346 1526 1390 approbantibus
1551 1345 1738 1378 venerabili-

994 1402 1052 1434 bus
1072 1401 1222 1434 sratribus
1240 1400 1355 1433 nostris
1373 1400 1401 1433 S.
1420 1400 1454 1432 R.
1473 1399 1505 1431 E.
1528 1398 1739 1431 cardinalibus

996 1456 1109 1488 factum
1147 1464 1244 1497 super
1277 1453 1532 1496 incorporatione
1562 1463 1598 1485 ae
1634 1452 1739 1484 subie-

997 1508 1099 1541 ctione
1120 1508 1261 1548 ducatus,
1283 1506 1376 1539 castri
1395 1512 1424 1538 et
1441 1506 1631 1549 oppidorum
1658 1506 1739 1538 Ron-

997 1561 1105 1601 cionis,
1125 1560 1281 1599 Valerani,
1310 1570 1345 1592 ac
1370 1559 1503 1592 aliorum
1530 1559 1671 1592 omnium
1693 1559 1737 1591 lo-

998 1625 1107 1648 corum
1125 1618 1154 1647 et
1170 1614 1326 1646 bonorum
1340 1612 1646 1651 iurisdictffinalium,
1661 1621 1740 1655 quac

999 1679 1014 1700 a
1032 1667 1218 1700 recolendae
1233 1666 1404 1698 memoriae
1419 1666 1600 1699 Innocentio
1617 1666 1640 1698 X
1654 1675 1741 1708 prae-

999 1722 1164 1755 decessore
1189 1726 1298 1753 nostro
1331 1719 1387 1752 sibi
1415 1725 1444 1752 et
1469 1719 1568 1752 eidem
1595 1729 1739 1751 camerac

999 1775 1189 1819 apostolicae
1225 1773 1377 1816 acquisita
1410 1774 1535 1805 suerunt
1559 1784 1595 1805 ex
1620 1773 1739 1805 iustru-

1001 1828 1113 1861 mentis
1131 1827 1302 1871 respective
1320 1827 1438 1869 rogatis
1458 1837 1514 1870 per
1532 1831 1599 1859 aeta
1617 1826 1743 1858 Bartho-

1000 1881 1113 1914 lomaei
1143 1880 1276 1912 Brunori
1294 1879 1343 1911 dic
1366 1889 1409 1912 vn
1430 1879 1568 1912 octobris
1593 1888 1742 1920 iuncxmx,

1001 1940 1029 1967 et
1055 1934 1213 1967 Francisci
1242 1933 1394 1966 Luearelli
1418 1943 1560 1966 camerae
1595 1933 1742 1976 apostoli-

1002 1998 1055 2020 cae
1071 1998 1105 2020 ac
1120 1987 1220 2021 Caroli
1239 1987 1369 2030 Viperac
1392 1986 1518 2029 capituli
1544 1986 1743 2019 notariorum

1002 2041 1051 2073 die
1069 2051 1122 2074 xix
1142 2040 1320 2073 decembris
1337 2040 1476 2073 eiusdem
1500 2039 1582 2079 anni,
1600 2050 1634 2071 ac
1654 2050 1742 2082 prae-

1003 2101 1121 2127 sentem
1151 2100 1288 2127 nostram
1315 2094 1571 2127 constitutionem
1598 2093 1743 2126 inviolate

1004 2153 1184 2180 servaturos
1211 2147 1435 2191 promittimus,
1455 2153 1485 2180 et
1510 2151 1613 2180 sancte
1639 2152 1668 2179 ct
1693 2157 1743 2179 so-

1005 2201 1099 2233 lemni
1125 2211 1213 2233 more
1236 2200 1387 2241 iuramus,
1401 2205 1430 2234 et
1447 2201 1620 2233 cardinales
1638 2210 1747 2233 omnes

1006 2260 1035 2286 et
1053 2254 1166 2296 singuli
1182 2259 1363 2297 praesentes
1381 2254 1412 2286 in
1435 2254 1544 2287 eodem
1560 2253 1747 2287 consistorio

1007 2312 1125 2346 nostro,
1140 2306 1292 2339 hodierna
1310 2307 1370 2347 die,
1391 2312 1424 2339 ut
1443 2307 1539 2339 moris
1560 2310 1615 2345 est,
1630 2306 1747 2346 habito,

1007 2359 1125 2402 pariter
1144 2359 1313 2392 iurerando
1334 2359 1560 2403 promiserunt,
1582 2359 1665 2393 iuxta
1690 2359 1749 2392 sor-

1009 2423 1091 2444 mam
1106 2422 1140 2445 ae
1155 2417 1295 2445 tenorem
1310 2412 1476 2445 iuramenti
1492 2423 1549 2455 pro
1561 2412 1749 2445 observatio-

1009 2476 1047 2497 ne
1062 2465 1218 2508 praefatae
1241 2465 1284 2497 Pii
1299 2465 1320 2496 V
1337 2475 1393 2508 per
1411 2475 1463 2498 cos
1483 2469 1572 2498 antea
1590 2465 1748 2508 praestiti,

1011 2519 1051 2551 ita
1069 2522 1097 2551 et
1115 2518 1258 2551 absentes
1275 2529 1292 2550 a
1306 2518 1510 2557 consistorio,
1525 2518 1555 2550 in
1570 2528 1679 2551 eorum
1694 2519 1750 2551 ha-

1010 2570 1225 2611 bitationibus,
1239 2576 1269 2603 ct
1285 2581 1303 2603 a
1319 2571 1416 2612 curia,
1434 2570 1696 2614 quandocumque
1711 2571 1749 2603 ad

1012 2635 1079 2658 eam
1100 2635 1132 2658 se
1151 2624 1349 2665 contulerint,
1366 2633 1402 2658 ac
1418 2624 1514 2657 futuri
1531 2634 1589 2667 pro
1608 2629 1750 2667 tempore

1739 230 1787 256 An.
1811 229 1840 256 C.
1857 230 1921 257 166¹

1816 611 1929 633 Decretum

1745 639 1785 659 hnc
1801 645 1885 660 serrare
1902 640 1931 659 iu·

1746 668 1839 686 ramento
1889 667 1931 686 una

1746 698 1792 712 cum
1817 692 1931 713 cardinali-

1746 719 1785 740 tius
1800 720 1910 746 promittit.
