2243 3205
246 181 331 208 Aac.
356 181 423 210 1659
468 172 533 206 450

280 1839 419 1864 Suppuratio.

441 229 562 263 statutis
597 234 627 262 et
661 230 941 264 consuetudinibus
957 259 964 272 ,
1005 232 1178 276 privilegiis

441 293 587 326 quoque,
608 282 735 316 indultis
764 288 793 316 et
826 283 939 317 litteris
976 285 1180 328 apostolicis,

442 335 558 368 eisdem
584 335 690 369 Ordini
717 340 745 369 et
769 337 958 380 provinciis,
983 338 1130 382 illiusque
1153 342 1182 372 et

443 388 566 421 illarum
588 389 806 432 superioribus
823 395 853 423 et
869 391 1024 434 personis,
1042 392 1099 425 sub
1117 392 1183 436 qui-

443 442 639 486 buscumque
666 443 827 476 tenoribus
853 448 882 478 et
906 444 1025 487 formis,
1050 455 1086 478 ac
1110 456 1180 478 cum

444 495 605 539 quibusvis
623 497 770 529 clausulis
794 502 825 530 et
850 497 995 539 decretis,
1017 498 1047 530 in
1064 502 1184 532 contra-

444 548 525 581 rium
555 549 800 592 praemissorum
835 551 1071 594 quomodolibet
1106 561 1183 584 eon-

445 601 551 641 cessis‚
566 601 760 635 confirmatis
772 606 800 636 et
815 603 978 643 innovatis;
992 603 1107 647 quibus
1121 614 1185 637 om-

444 654 537 687 nibus
555 661 584 687 et
601 655 743 698 singulis,
762 656 888 689 illorum
909 662 1035 690 tenores
1047 668 1106 701 pro
1119 657 1185 700 ple-

445 719 483 740 ne
501 713 531 741 et
548 709 740 743 sufficienter
764 710 918 754 expressis
940 714 970 744 et
989 710 1026 743 ad
1053 711 1184 744 verbum

445 762 570 795 insertis
588 763 749 803 habentes,
770 764 831 796 illis
847 764 922 797 alias
941 764 972 796 in
993 774 1049 797 suo
1070 763 1185 797 robore

444 817 673 859 permansuris,
693 817 731 849 ad
756 818 1003 861 praemissorum
1029 816 1185 858 effectum,

447 869 505 901 hac
525 870 590 902 vice
607 869 779 912 dumtaxat,
799 870 976 914 specialiter
993 875 1022 903 et
1040 880 1186 914 expresse

446 922 650 965 derogamus3
672 924 847 967 ceterisque
871 923 1037 957 contrariis
1057 924 1185 967 quibus-

448 986 592 1019 cumque.

491 1030 602 1062 Datum
636 1030 753 1063 Rornae
778 1030 860 1073 apud
885 1030 913 1063 S.
938 1030 1068 1063 Mariam
1093 1030 1188 1064 Maio-

448 1093 524 1123 rem,
542 1082 599 1115 sub
611 1083 725 1115 annulo
738 1083 916 1123 piscatoris,
930 1083 979 1116 die
992 1093 1068 1116 xvnt
1082 1084 1186 1117 martii

447 1145 580 1176 mocux,
601 1135 802 1179 pontificatus
825 1136 925 1169 nostri
942 1146 1023 1169 anno
1042 1146 1083 1169 1v.

484 1197 542 1225 Dat.
564 1198 607 1225 die
629 1197 660 1224 18
680 1197 768 1224 martii
790 1197 867 1233 1659,
888 1198 983 1234 pontif.
1005 1206 1074 1226 anno
1089 1206 1126 1226 ιν.

721 1341 912 1375 CCXXXVII.

450 1422 542 1461 Quod
564 1423 682 1465 fratres
706 1423 848 1456 Minores
873 1423 1069 1456 Dis-catceati
1085 1424 1191 1457 sancti

492 1476 664 1508 Frcmciscz·
697 1476 938 1518 Hispaniarum
969 1487 1035 1510 non
1063 1477 1190 1520 possint

495 1529 636 1561 trcmsire
655 1529 698 1561 acl
715 1529 819 1561 aliam
845 1529 1049 1572 reliqionem‚
1066 1531 1134 1563 nisi
1153 1530 1191 1564 de

495 1581 626 1614 licentia
651 1582 787 1614 maioris
809 1582 916 1625 partis
943 1587 1080 1626 patrum
1104 1594 1192 1617 voca-

496 1635 579 1667 lium
604 1634 792 1678 clefim'lorii.

644 1715 809 1742 Alexander
828 1715 908 1749 Papa
927 1715 995 1747 vn,

593 1759 629 1786 ad
649 1759 783 1786 futuram
802 1760 846 1787 rei
866 1760 1047 1787 memoriam.

495 1830 582 1871 Cum,
603 1830 683 1863 sicut
706 1830 810 1863 dilecti
836 1829 891 1863 filii
918 1831 1051 1864 ministri
1069 1831 1193 1875 provin-

452 1883 545 1916 ciales
573 1890 602 1916 et
626 1884 737 1917 fratres
768 1885 1002 1928 provinciarum
1023 1885 1068 1919 Ss.
1097 1885 1189 1918 Ioan-

452 1936 499 1968 nis
518 1937 675 1980 Baptistae
695 1943 725 1970 et
744 1938 869 1982 losephi
895 1937 1019 1971 Ordinis
1036 1938 1190 1972 Minorum

452 1991 549 2022 sancti
578 1991 737 2024 Francisci
770 1991 807 2024 de
843 1991 1047 2025 Observantia
1068 1992 1188 2025 Discal-

452 2047 611 2077 centorum
637 2038 891 2088 nuncupatorum
916 2044 1006 2087 regni
1034 2045 1193 2088 Hispania-

453 2108 523 2130 rum
549 2098 639 2131 nobis
665 2108 764 2142 nuper
798 2099 910 2142 exponi
942 2099 1103 2141 fecerunt,
1134 2099 1192 2142 ipsi

454 2150 527 2183 alias
545 2151 675 2194 provide
692 2151 962 2185 consideraverint
983 2151 1191 2195 incommoda,

454 2214 534 2248 quae
559 2205 674 2237 eisdem
690 2205 859 2249 provinciis
874 2206 904 2238 in
918 2206 983 2239 dies
1004 2207 1193 2250 proveniunt

454 2268 490 2290 ex
515 2269 552 2290 co
577 2259 661 2301 quod
683 2258 825 2291 nonnulli
857 2259 1039 2292 earumdem
1065 2260 1192 2303 provin-

453 2311 572 2344 ciarum
592 2312 731 2354 religiosi
757 2312 948 2353 huiusmodi,
970 2318 1133 2357 praetextu
1152 2313 1193 2347 vi-

455 2370 501 2396 tae
526 2364 677 2405 melioris,
698 2365 903 2408 praetendant
927 2376 943 2399 e
968 2366 1052 2399 dicto
1077 2366 1192 2400 Ordine

454 2418 586 2450 transire
623 2418 659 2450 ad
692 2418 803 2451 fratres
828 2419 1071 2460 Carthusianos‚
1096 2420 1192 2464 petita

454 2471 615 2504 dumtaxat
640 2472 711 2505 licet
741 2482 803 2505 non
835 2472 962 2506 obtenta
995 2473 1033 2506 ad
1062 2473 1091 2506 id
1125 2484 1193 2507 suo-

454 2534 524 2556 rum
542 2525 739 2568 superiorum
758 2526 901 2560 licentia:
919 2526 1009 2559 nobis
1026 2532 1193 2571 propterea

455 2576 549 2610 iidem
574 2584 777 2621 exponentes,
802 2584 836 2612 ut
860 2579 987 2613 eaedem
1012 2580 1193 2624 provinciae

1025 183 1202 209 BULLARIUM
1226 184 1379 209 ROMANUM

1216 232 1246 264 in
1271 243 1380 265 eorum
1406 237 1486 265 statu
1513 233 1684 267 reformato
1708 240 1738 267 et
1763 235 1794 268 in
1818 236 1904 280 pacis
1924 240 1956 269 et

1215 285 1329 328 quietis
1354 285 1542 319 universalis
1567 286 1756 321 amoenitate
1771 298 1955 322 conserven-

1216 342 1276 378 tur,
1300 338 1463 371 humiliter
1488 339 1658 383 supplicari
1684 339 1841 381 fecerunt,
1865 346 1900 374 ut
1922 341 1955 375 in

1216 390 1397 434 praemissis
1422 397 1602 436 opportune
1627 397 1661 425 ut
1685 393 1765 425 infra
1788 393 1956 437 providere

1217 444 1255 477 de
1279 444 1468 486 benignitate
1492 446 1665 489 apostolica
1689 445 1902 488 dignaremur.

1262 498 1277 541 ἓ
1309 498 1338 530 1.
1363 499 1426 533 Nos
1460 499 1578 542 igitur,
1610 499 1738 533 eosdem
1763 505 1955 544 exponentes

1219 551 1407 595 specialibus
1429 552 1587 586 favoribus
1622 559 1652 586 et
1676 554 1785 597 gratiis
1808 554 1957 599 prosequi

1220 602 1375 644 volentes,
1409 608 1439 635 et
1471 613 1582 636 eorum
1607 603 1782 647 singulares
1806 614 1958 648 personas

1219 665 1236 687 a
1272 656 1433 699 quibusvis
1458 657 1811 698 excommunicationis,
1832 668 1959 702 suspen-

1221 708 1316 741 sionis
1334 714 1364 741 et
1388 709 1555 750 interdicti,
1584 710 1715 754 aliisque
1739 711 1959 745 ecclesiasticis

1221 762 1392 803 sententiis,
1414 762 1555 795 censuris
1579 767 1608 795 et
1631 763 1755 807 poenis,
1781 774 1798 797 a
1818 764 1886 797 iure
1910 765 1958 798 vel

1220 815 1258 847 ab
1284 815 1432 856 homine,
1457 817 1565 859 quavis
1589 817 1754 850 occasione
1785 818 1833 851 vel
1865 820 1960 852 causa

1220 870 1300 911 latis,
1326 870 1349 904 si
1381 871 1494 914 quibus
1525 871 1763 915 quomodolibet
1795 871 1960 907 innodatae

1221 924 1378 965 existunt,
1406 925 1444 958 ad
1472 925 1616 958 effectum
1638 925 1851 969 praesentium
1873 925 1961 959 dum-

1223 982 1305 1010 taxat
1327 978 1593 1021 consequendum‚
1613 978 1725 1011 harum
1754 979 1836 1012 serie
1864 979 1962 1014 absol-

1224 1035 1329 1064 ventes
1354 1036 1384 1064 et
1407 1031 1567 1064 absolutas
1598 1031 1665 1065 sore
1700 1037 1862 1064 censentes
1877 1059 1884 1072 ‚
1909 1032 1963 1065 hu-

1222 1084 1358 1118 iusmodi
1384 1085 1665 1128 supplicationibus
1689 1085 1839 1127 inclinati,
1856 1086 1896 1119 de
1914 1096 1963 1120 ve-

1222 1137 1411 1170 nerabilium
1442 1137 1577 1171 fratrum
1611 1143 1793 1171 nostrorum
1818 1138 1846 1172 S.
1867 1139 1902 1173 R.
1928 1139 1961 1172 E.

1224 1191 1430 1224 cardinalium
1455 1190 1589 1234 negotiis
1621 1196 1651 1224 et
1681 1192 1963 1226 consultationibus

1224 1244 1446 1289 episcoporum
1471 1249 1502 1277 et
1529 1244 1725 1288 regularium
1758 1245 1961 1290 praeposito-

1224 1309 1295 1332 rum
1309 1298 1451 1339 consilio,
1467 1298 1592 1331 attentis
1604 1299 1749 1339 narratis,
1765 1299 1804 1332 ad
1821 1299 1964 1333 evitanda

1225 1352 1365 1396 exposita
1389 1352 1649 1394 inconvenientia,
1675 1363 1710 1385 ac
1735 1352 1803 1386 aliis
1820 1352 1910 1386 iustis
1925 1353 1965 1387 de

1224 1405 1336 1445 causis,
1351 1405 1380 1437 in
1395 1405 1535 1438 futurum
1550 1405 1627 1438 nulli
1642 1405 1766 1439 Ordinis
1783 1406 1964 1440 huiusmodi

1224 1458 1374 1501 religioso
1400 1458 1565 1501 professo,
1591 1458 1683 1491 etiam
1717 1459 1776 1491 sub
1801 1464 1964 1503 praetextu

1224 1511 1369 1544 arctioris
1394 1511 1495 1554 vitae,
1522 1522 1577 1545 seu
1601 1511 1712 1555 quovis
1736 1512 1797 1546 alio
1823 1513 1965 1556 quaesito

1225 1564 1325 1605 titulo,
1350 1564 1442 1598 liceat
1465 1564 1503 1597 ad
1528 1575 1761 1609 quamcumque
1778 1565 1870 1598 aliam
1891 1566 1963 1599 reli-

1224 1618 1351 1661 gionem
1384 1619 1625 1661 quamtumlibet
1649 1619 1839 1653 strictiorem
1874 1625 1965 1653 tran-

1225 1671 1297 1712 sire,
1322 1672 1380 1704 nisi
1405 1672 1492 1715 prius
1510 1672 1540 1704 in
1557 1673 1651 1716 pleno
1668 1672 1848 1707 definitorio
1872 1673 1966 1706 licen-

1225 1724 1299 1757 tiam
1335 1725 1516 1758 transeundi
1549 1725 1718 1769 petierint,
1742 1736 1877 1769 eamque
1907 1736 1965 1770 per

1226 1777 1378 1811 maiorem
1404 1783 1526 1821 partem
1558 1777 1783 1821 suffragiorum
1807 1778 1964 1811 favorabi-

1225 1831 1302 1863 lium
1326 1831 1467 1874 legitime
1491 1831 1703 1873 obtinuerint,
1728 1843 1763 1865 ac
1787 1832 1908 1865 nullum
1934 1837 1965 1866 et

1226 1885 1316 1917 inane
1341 1885 1489 1928 quicquid
1515 1895 1604 1918 secus
1621 1890 1745 1928 gestum
1769 1885 1873 1927 suerit,
1892 1896 1966 1930 apo-

1225 1938 1335 1971 stolica
1366 1938 1562 1979 auctoritate,
1590 1943 1699 1971 tenore
1731 1938 1964 1983 praesentium,

1225 1990 1432 2024 decernimus.

1270 2045 1285 2088 ἓ
1309 2045 1338 2077 ⁶2.
1364 2045 1580 2088 Cognitionem
1598 2055 1672 2079 vero
1689 2056 1854 2079 causarum
1878 2057 1966 2091 prae-

1226 2103 1387 2132 tensorum
1424 2098 1642 2142 gravaminum
1675 2105 1806 2143 propter
1830 2100 1965 2144 denega-

1227 2152 1343 2186 tionem
1368 2152 1548 2196 praedictae
1573 2152 1719 2186 licentiae
1744 2153 1863 2186 eisdem
1897 2164 1964 2187 car-

1226 2206 1381 2238 dinalibus
1395 2205 1489 2239 etiam
1504 2205 1658 2250 privative
1670 2207 1771 2250 quoad
1785 2207 1862 2240 alios
1875 2218 1966 2251 quos-

1226 2271 1362 2304 cumque
1387 2261 1516 2301 iudices,
1541 2261 1742 2305 quantumvis
1766 2261 1914 2305 specifica
1935 2267 1966 2296 et

1226 2314 1452 2358 specialissima
1479 2314 1637 2348 mentione
1661 2314 1784 2358 dignos,
1798 2325 1965 2349 avocamus

1226 2373 1257 2401 et.
1280 2377 1489 2401 reservamus·

1271 2421 1286 2464 g
1302 2420 1331 2454 3.
1350 2420 1418 2454 Non
1434 2419 1630 2453 obstantibus
1643 2420 1919 2455 constitutionibus
1936 2426 1966 2455 et

1226 2473 1477 2507 ordinationibus
1498 2473 1688 2518 apostolicis,
1711 2484 1748 2508 ac
1776 2474 1850 2508 dicti
1875 2474 1964 2509 Ordi-

1225 2528 1285 2570 nis,
1309 2528 1402 2561 etiam
1427 2527 1613 2571 iuramento,
1635 2528 1872 2562 confirmatione
1891 2538 1967 2573 apo-

1226 2581 1347 2622 stolica,
1361 2581 1407 2614 vel
1425 2581 1533 2625 quavis
1550 2581 1698 2615 firmitate
1718 2581 1778 2615 alia
1796 2581 1963 2624 roboratis,

1972 186 2023 215 An.
2035 186 2063 215 C.
2084 187 2151 216 1659

1995 511 2098 533 Concedit
2107 516 2154 539 pro-

1970 540 1994 559 ut
2012 539 2073 560 infra.

2050 2428 2163 2454 Dei-ugano

1980 2455 2140 2477 contrariorum.

2224 3122 2243 3205 it
