2243 3205
221 214 271 240 An.
291 214 319 241 c.
337 214 406 242 1659
451 204 515 237 448

237 755 312 774 Petilio
324 761 342 779 pt
350 762 360 771 o
372 761 404 773 11¹-

223 783 346 801 tux-uminum
385 787 403 799 in

222 813 331 833 {vi'ot'tnt‘ta
365 822 368 827 i

252 1715 343 1735 Absolvit
360 1720 408 1735 ora-

225 1745 280 1763 tores
289 1748 408 1762 assensuris.

418 261 563 295 mationis
584 261 847 295 introductionem
867 261 898 294 in
915 261 1084 305 provinciis
1101 261 1157 294 Ba-

418 315 522 347 variae
557 319 586 346 et
621 314 734 348 Tirolis
770 315 859 359 prius
895 315 1157 355 confirmaverat,

418 367 605 400 auctoritate
629 368 802 411 apostolica
827 368 1013 412 approbavit
1032 372 1061 402 et
1078 378 1155 401 con-

417 420 563 462 firmavit,
582 425 612 452 et
632 420 717 461 alias,
744 425 839 464 prout
864 422 894 453 in
920 421 1020 465 ipsius
1042 420 1158 454 Urbani

417 473 670 517 praedecessoris
695 474 806 507 litteris
835 474 970 518 desuper
1002 474 1033 506 in
1065 473 1157 506 simili

419 526 518 559 forma
543 526 649 559 Brevis
673 527 724 560 die
755 537 776 560 ιι
806 527 981 560 decembris
1006 536 1159 561 itincxxxu

419 580 581 624 expeditis,
607 591 741 623 quarum
767 586 908 614 tenorem
939 580 1159 624 praesentibus

419 644 479 677 pro
502 634 593 677 plene
618 639 648 667 et
671 635 863 668 sufficienter
883 645 1032 678 expresso
1049 632 1158 666 haberi

420 687 574 727 volumus
600 688 728 721 uberius
753 688 943 721 continetur.

464 740 521 784 §2
550 741 626 774 Cum
644 746 759 782 autem,
780 741 860 774 sicut
875 741 979 773 dilecti
995 740 1049 772 filii
1064 740 1160 773 l÷¹ran-

382 815 404 827 ..
420 794 521 827 ciscus
545 795 681 835 staden,
708 795 849 827 minister
874 794 1075 838 provincialis
1090 821 1097 834 ,
1131 800 1161 827 et

419 848 531 882 fratres
554 848 733 891 praedictae
750 848 931 892 provinciae
947 848 1090 881 Austriae
1108 858 1161 880 no-

420 901 468 934 bis
492 911 595 945 nuper
615 901 727 945 exponi
752 901 904 941 fecerunt,
922 901 980 945 ipsi
999 901 1115 943 gratias
1132 904 1161 934 et

420 955 594 998 privilegia,
620 965 699 998 quae
717 955 899 987 memoratis
916 954 1087 998 provinciis
1104 954 1160 987 Ba-

421 1009 524 1042 variae
549 1014 578 1042 et
601 1009 724 1050 Tirolis,
750 1019 767 1041 a
792 1008 972 1053 supradicta
997 1008 1161 1052 provincia

420 1063 565 1095 Austriae
582 1062 671 1095 valde
692 1062 831 1103 remotis,
849 1072 906 1106 per
926 1062 1045 1095 litteras
1069 1072 1161 1106 prae-

421 1115 495 1149 dicti
516 1115 633 1149 Urbani
658 1114 911 1159 praedecessoris
936 1125 1033 1158 super
1050 1114 1162 1148 confir-

421 1169 558 1203 matione
590 1168 834 1202 introductionis
867 1168 1101 1202 reformationis
1130 1168 1161 1200 in

420 1222 592 1266 provinciis
616 1222 797 1256 huiusmodi
822 1221 982 1266 expeditas
1012 1232 1162 1255 concessa

419 1276 643 1320 reperiuntur,
676 1276 778 1309 eidem
810 1276 992 1320 provinciae
1019 1275 1162 1309 Austriae

419 1340 477 1373 per
497 1335 659 1363 extensum
674 1329 793 1373 pariter
810 1329 938 1363 concedi
960 1340 1162 1373 summopere

420 1383 610 1423 desiderent,
636 1383 831 1426 dilectusque
854 1382 974 1427 pariter
993 1382 1077 1416 filius
1103 1383 1160 1416 mi-

420 1436 518 1471 nister
543 1436 700 1479 generalis
725 1436 850 1469 Ordinis
882 1436 1056 1480 praedicti,
1090 1436 1163 1469 risis

422 1495 452 1523 et
477 1490 683 1523 consideratis
708 1490 795 1522 iussu
819 1494 928 1523 nostro
953 1489 1043 1523 dictis
1067 1489 1164 1533 privi-

421 1543 511 1587 legiis
536 1547 566 1577 et
589 1543 708 1586 gratiis,
734 1542 852 1576 eisdem
870 1542 1099 1586 exponentibus
1113 1554 1164 1587 op-

422 1601 556 1641 portune
582 1597 613 1629 in
638 1596 821 1640 praemissis
846 1601 879 1629 ut
911 1596 992 1629 infra
1024 1607 1041 1629 a
1072 1596 1164 1630 nobis

422 1650 585 1694 provideri
609 1649 756 1693 expedire
781 1649 952 1683 censuerit:

468 1705 482 1748 ἓ
498 1704 527 1737 3.
548 1705 621 1744 Nos,
637 1704 804 1748 specialem
818 1704 909 1737 dictis
924 1703 1090 1738 Francisco
1111 1705 1166 1737 mi-

422 1758 523 1791 nistro
547 1757 732 1801 provinciali
757 1763 787 1790 et
810 1757 960 1791 fratribus
984 1758 1165 1801 exponenti-

423 1812 481 1845 bus
498 1811 631 1854 gratiam
649 1812 751 1844 facere
769 1812 916 1852 volentes,
931 1816 961 1845 et
979 1822 1089 1845 eorum
1106 1812 1166 1845 sin-

424 1866 549 1908 gulares
576 1875 727 1909 personas
753 1875 770 1898 a
794 1865 957 1909 quibusvis
988 1875 1165 1898 excommu-

424 1918 605 1958 nicationis,
630 1918 846 1962 suspensionis
876 1924 906 1951 et
940 1917 1120 1960 interdicti,
1138 1928 1166 1950 a-

424 1971 535 2015 liisque
572 1971 791 2005 ecclesiasticis
816 1971 997 2011 sententiis,
1023 1971 1165 2004 censuris

425 2030 454 2057 et
478 2025 597 2069 poenis,
622 2036 640 2058 a
664 2025 732 2057 iure
758 2025 804 2057 vel
829 2025 868 2056 ab
893 2025 1031 2065 homine,
1057 2024 1166 2067 quavis

425 2079 588 2112 occasione
609 2079 656 2112 vel
681 2080 775 2112 causa
800 2079 881 2119 latis,
902 2078 926 2110 si
951 2078 1067 2122 quibus
1092 2089 1167 2122 quo-

425 2133 597 2166 modolibet
621 2132 786 2166 innodatae
799 2132 944 2172 existunt,
965 2131 1002 2164 ad
1019 2131 1164 2165 effectum

424 2186 637 2230 praesentium
655 2185 815 2219 dumtaxat
832 2185 1099 2229 consequendum,
1114 2185 1164 2218 ha-

424 2251 495 2272 rum
521 2239 603 2273 serie
627 2239 823 2273 absolventes
855 2244 885 2271 et
916 2239 1074 2272 absolutas
1100 2240 1166 2272 fore

425 2298 597 2335 censentes,
612 2292 893 2337 supplicationibus
910 2303 1020 2326 eorum
1038 2293 1166 2326 nominc

425 2347 514 2381 nobis
531 2358 627 2391 super
648 2347 708 2380 lioc
725 2346 887 2379 humiliter
910 2346 1064 2390 porrectis
1084 2346 1167 2379 incli-

426 2401 498 2442 nati,
521 2401 558 2434 de
576 2400 803 2433 venerabilium
827 2400 959 2432 fratrum
984 2405 1166 2433 nostrorum

425 2454 455 2487 S.
477 2455 510 2486 R.
529 2454 560 2486 E.
580 2453 786 2487 cardinalium
802 2453 937 2496 negotiis
962 2459 992 2486 et
1016 2453 1167 2486 consulta-

427 2507 563 2540 tionibus
577 2507 800 2551 epIscoporum
821 2512 850 2540 et
867 2507 1061 2549 regularium
1080 2518 1168 2550 prae-

427 2560 602 2604 positorum
628 2561 777 2601 consilio,
801 2560 926 2593 attentis
950 2560 1105 2601 narratis,
1131 2570 1166 2593 ac

427 2613 533 2647 audito
557 2624 613 2658 per
642 2614 767 2647 eosdem
803 2614 976 2647 cardinales
1005 2613 1167 2658 praedicto

999 212 1178 237 BULLARIUM
1203 210 1357 236 ROMANUM

1192 259 1335 293 ministro
1360 259 1499 303 generali
1524 259 1648 293 Ordinis
1671 259 1873 301 huiusmodi,
1897 266 1933 293 ut

1191 312 1349 357 praedicta
1364 312 1527 356 provincia
1543 312 1686 346 Austriae
1700 313 1739 345 sit
1751 314 1931 355 reformata,

1192 367 1323 409 aliisque
1348 366 1480 399 fratrum
1506 366 1579 399 dicti
1600 366 1724 400 Ordinis
1742 367 1934 400 Reformato-

1193 429 1262 452 rum
1288 419 1552 453 Discalceatorum
1579 425 1833 463 nuncupatorum
1859 430 1932 464 pro·

1193 473 1302 506 vinciis
1326 483 1499 516 regnorum
1515 473 1736 517 Hispaniarum
1763 473 1934 507 conformis

1193 532 1223 560 et
1247 527 1285 559 ad
1311 526 1437 560 illorum
1463 527 1577 568 instar,
1602 537 1638 560 ac
1663 527 1720 559 sub
1752 526 1934 560 omnimoda

1195 579 1328 612 ministri
1354 580 1509 623 generalis
1527 580 1666 612 eiusdem
1681 579 1816 619 Ordinis,
1834 584 1873 622 et,
1895 589 1933 612 eo

1194 633 1317 665 Italicae
1331 633 1465 666 nationis
1483 637 1513 665 et
1530 638 1617 666 extra
1634 633 1753 666 ltaliam
1772 632 1933 673 existente,

1194 686 1260 719 eius
1284 686 1391 719 vicarii
1417 687 1583 729 generalis,
1602 697 1723 720 necnon
1741 687 1834 719 etiam
1853 697 1935 720 com-

1196 739 1330 772 missarii
1356 739 1511 782 generalis
1546 740 1631 772 iuxta
1666 740 1784 773 Bullam
1809 740 1935 773 unionis

1195 794 1283 827 electi
1309 793 1385 837 (non
1409 798 1513 826 autem
1534 794 1824 827 commissariorum
1843 804 1936 837 gene-

1195 847 1306 880 ralium
1343 847 1528 880 eorumdem
1562 847 1686 881 Ordinis
1711 852 1740 880 et
1764 857 1935 890 regnorum

1195 900 1427 945 Hispaniarum,
1445 911 1503 934 nec
1520 901 1695 945 superioris
1713 901 1760 934 vel
1778 901 1935 934 inferioris

1195 953 1391 994 Germaniae,
1416 953 1458 986 ita
1475 953 1559 997 quod
1588 953 1733 987 minister
1748 964 1784 987 ac
1800 954 1935 987 vicarius

1195 1012 1225 1041 et
1242 1007 1480 1041 commissarius
1497 1007 1653 1050 generalis
1670 1006 1831 1051 praedicti,
1849 1007 1933 1040 iuxta

1196 1061 1314 1094 Bullam
1351 1060 1532 1093 huiusmodi
1556 1060 1668 1101 electi,
1694 1060 1778 1093 illam
1811 1060 1935 1093 nonnisi

1195 1126 1251 1159 per
1283 1125 1315 1148 se
1348 1115 1432 1159 ipsos
1463 1119 1517 1148 aut
1548 1114 1782 1148 commissarios
1811 1114 1936 1149 Ordinis

1195 1169 1450 1202 Reformatorum
1476 1168 1709 1212 praedictorum
1734 1168 1860 1202 visitare
1884 1179 1936 1201 va-

1195 1223 1291 1266 leant)
1308 1222 1535 1263 iurisdictione,
1549 1224 1734 1256 auctoritate
1752 1227 1782 1256 et
1798 1222 1938 1267 superio-

1196 1277 1297 1318 ritate,
1322 1286 1357 1309 ac
1381 1276 1475 1309 etiam
1501 1276 1560 1309 sub
1584 1276 1758 1310 directione
1782 1287 1936 1320 procura-

1197 1331 1273 1364 toris
1305 1330 1461 1373 generalis
1497 1330 1752 1363 Reformatorum
1786 1330 1816 1362 in
1849 1330 1937 1363 curia

1196 1385 1337 1418 Romana
1363 1383 1465 1428 quoad
1490 1384 1616 1426 negotia
1640 1383 1837 1418 occurrentia
1855 1383 1938 1417 eius-

1196 1448 1257 1481 que
1274 1438 1387 1470 fratres
1404 1437 1489 1469 iuxta
1506 1436 1734 1470 declarationes
1751 1437 1937 1471 recolendae

1197 1491 1369 1524 memoriae
1393 1490 1511 1524 Nicolai
1538 1491 1576 1523 III
1602 1495 1632 1524 et
1655 1491 1821 1525 Clementis
1839 1491 1861 1524 V
1880 1491 1939 1525 Ro-

1198 1555 1364 1578 manorum
1382 1544 1569 1577 Pontificum
1590 1544 1869 1588 praedecessorum
1887 1555 1937 1589 pa-

1198 1597 1274 1631 riter
1298 1602 1481 1631 nostrorum
1507 1597 1612 1630 vivere
1637 1597 1787 1637 debeant;

1242 1651 1257 1694 §
1281 1651 1310 1683 4.
1338 1651 1375 1684 Et
1399 1662 1471 1684 cum
1496 1651 1556 1684 hoc
1580 1651 1673 1684 etiam
1695 1650 1778 1694 quod
1795 1650 1938 1683 minister

1197 1704 1399 1748 provincialis
1431 1705 1614 1748 provinciae
1649 1705 1838 1737 reformatae
1869 1704 1935 1737 Au-

1198 1758 1292 1790 striae
1317 1758 1497 1791 huiusmodi
1523 1768 1649 1791 omnem
1673 1757 1938 1797 iurisdictionem,

1199 1811 1375 1845 facultatem
1402 1816 1431 1844 et
1455 1811 1682 1852 auctoritatem,
1698 1816 1759 1843 tam
1779 1810 1809 1843 in
1826 1810 1939 1843 fratres

1198 1865 1322 1898 Ordinis
1336 1864 1487 1908 praedicti
1503 1864 1561 1897 sibi
1575 1863 1728 1905 subditos,
1742 1874 1836 1907 quam
1856 1863 1940 1897 circa

1198 1929 1350 1951 novarum
1376 1918 1543 1951 domorum
1579 1917 1719 1951 eiusdem
1752 1918 1883 1952 instituti
1909 1918 1940 1951 in

1199 1972 1308 2005 eadem
1334 1971 1496 2015 provincia
1522 1971 1755 2013 fundationem,
1781 1982 1836 2004 seu
1865 1982 1937 2005 ere-

1199 2025 1345 2067 ctionem,
1364 2030 1416 2058 aut
1433 2025 1693 2065 aedificationem,
1711 2035 1833 2058 necnon
1846 2025 1939 2058 etiam

1182 2090 1183 2102 ¹
1200 2078 1284 2111 circa
1301 2078 1436 2111 novitios
1454 2083 1484 2110 et
1500 2078 1560 2111 alia
1578 2078 1610 2111 in
1629 2078 1741 2111 litteris
1759 2078 1939 2121 apostolicis

1199 2132 1269 2176 piae
1286 2131 1458 2165 memoriae
1476 2131 1621 2174 Gregorii
1639 2132 1739 2175 Papae
1756 2131 1822 2164 ΧΠ]
1845 2131 1939 2164 etiam

1200 2185 1452 2229 praedecessoris
1477 2185 1575 2218 nostri
1597 2190 1752 2227 contenta,
1773 2190 1868 2229 prout
1886 2185 1939 2218 alii

1199 2239 1333 2273 ministri
1360 2239 1569 2283 provinciales
1595 2240 1727 2272 aliarum
1754 2239 1936 2283 provincia-

1199 2304 1268 2326 rum
1288 2294 1421 2326 fratrum
1440 2293 1579 2326 eiusdem
1595 2293 1719 2327 Ordinis
1737 2293 1937 2326 Reformato-

1201 2358 1269 2380 rum
1307 2346 1572 2380 Discalceatorum
1609 2351 1882 2390 nuncupatorum,
1909 2347 1939 2379 in

1199 2400 1346 2433 omnibus
1360 2405 1389 2432 et
1404 2410 1460 2443 per
1474 2400 1579 2433 omnia
1593 2399 1714 2441 babeat,
1728 2410 1764 2432 ac
1783 2405 1843 2432 tam
1860 2393 1938 2443 ipse,

1199 2464 1293 2498 quam
1318 2453 1513 2496 singularum
1547 2453 1714 2486 domorum
1745 2453 1845 2486 dictae
1869 2464 1940 2496 pro-

1201 2506 1319 2540 vinciae
1344 2506 1488 2539 Austriae
1511 2506 1641 2539 fratrum
1660 2506 1814 2539 Minorum
1840 2506 1938 2538 sancti

1200 2559 1357 2592 Francisci
1389 2559 1642 2592 Reformatorum
1674 2558 1937 2591 Discalceatorum

1200 2618 1453 2658 nuncupatorum
1487 2612 1688 2656 superiores,
1720 2620 1841 2644 necnon
1874 2610 1937 2644 sin-

1943 212 1993 238 Αη.
2013 210 2044 238 C.
2061 210 2130 239 1659

1975 1662 2136 1693 *Quae-facultas
2148 1691 2154 1693 ὴ

1952 1692 2040 1710 ministri
2052 1695 2137 1716 provin·

1954 1717 2022 1737 vialis.
