2243 3205
274 202 322 228 Αη.
339 201 367 228 C.
390 202 452 229 1661

301 528 410 548 Decretum
428 528 454 549 ir-

273 555 344 574 maus.

270 1160 378 1182 Contraria
390 1161 450 1182 toltit.

502 193 566 227 664

471 260 548 284 nore
571 250 792 294 praesentium,
810 251 1033 284 confirmamus
1046 256 1076 284 et
1096 262 1208 295 appro-

470 303 590 343 bamus,
609 303 734 346 illisque
752 302 937 336 inviolabilis
954 304 1142 347 apostolicae
1157 304 1207 336 tir-

470 355 585 388 mitatis
602 356 700 389 robur
717 355 890 396 adiicimus,
908 357 991 389 salva
1009 363 1112 389 tamen
1130 367 1206 389 scm—

468 418 525 452 per
549 408 580 440 in
604 409 784 451 praemissis
815 410 998 442 auctoritate
1026 420 1202 451 congrega-

469 461 562 494 tionis
585 461 766 494 eorumdem
793 462 1008 495 cardinalium.

513 514 528 557 ἓ
547 512 576 546 3.
596 514 805 547 Decernentes
823 515 946 547 easdem
964 520 1145 558 praesentes
1161 515 1206 546 lit-

469 571 551 599 teras
578 577 703 610 semper
728 567 845 607 sirmas,
866 568 980 600 validas
1005 573 1034 600 et
1065 569 1205 601 efficaces

469 620 601 653 existere
625 625 655 653 et
675 621 750 661 fore,
776 631 912 664 suosque
937 621 1094 665 plenarios
1111 627 1140 653 et
1157 621 1203 653 in-

468 678 574 714 tegros
590 672 719 705 effectus
744 674 849 706 sortiri
874 679 904 706 et
928 673 1079 713 obtinere,
1105 683 1140 705 ac
1166 673 1204 705 ab

468 725 538 765 illis,
556 725 594 758 ad
614 736 693 768 quos
721 731 839 770 spectat
858 732 888 758 ct
903 737 959 769 pro
978 732 1119 769 tempore
1137 736 1204 769 spe-

468 778 577 818 ctabit,
602 779 822 812 inviolabiliter
847 779 1018 819 observari,
1045 780 1150 821 sicque
1173 779 1204 811 in

467 831 645 874 praemissis
661 842 717 874 per
736 842 952 875 quoscumque
977 832 1093 864 iudices
1118 831 1202 864 ordi-

466 883 574 916 narios
593 889 623 916 et
641 884 810 926 delegatos,
828 884 921 917 etiam
937 895 1100 917 causarum
1119 885 1203 927 pala-

467 936 501 968 tii
518 936 679 979 apostolici
694 937 862 976 auditores,
881 937 1011 970 iudicari
1030 942 1059 969 et
1079 937 1203 969 deliniri

466 989 591 1029 debere,
605 1000 639 1022 ac
657 989 780 1022 irritum
798 994 827 1023 et
844 990 945 1029 inane,
960 990 985 1022 si
1003 1000 1092 1022 secus
1109 1000 1203 1032 super

466 1041 514 1074 his
537 1052 554 1073 a
571 1052 738 1085 quoquam,
759 1042 867 1086 quavis
888 1043 1083 1082 auctoritate,
1108 1042 1204 1075 scien-

466 1098 512 1128 ter
544 1096 591 1128 vel
622 1096 814 1138 ignoranter,
849 1097 1016 1139 contigerit
1047 1096 1201 1129 attentari.

510 1149 524 1192 ἓ
548 1149 578 1182 4.
609 1150 677 1183 Non
709 1149 905 1182 obstantibus
935 1149 1115 1193 praemissis
1128 1176 1135 1189 ,
1168 1160 1203 1182 ac

466 1202 738 1236 constitutionibus
759 1208 788 1235 et
810 1203 1058 1236 ordinationibus
1082 1208 1203 1246 aposto-

466 1256 544 1296 licis,
561 1266 692 1296 necnon,
717 1260 868 1300 quatenus
890 1267 968 1299 opus
986 1256 1034 1296 sit,
1055 1256 1127 1288 dicti
1146 1256 1202 1289 Or-

465 1309 556 1349 dinis,
574 1314 604 1342 et
627 1309 694 1341 aliis
711 1309 882 1352 quibusvis,
903 1309 994 1341 etiam
1016 1309 1201 1348 iuramento,

465 1362 702 1395 confirmatione
719 1362 901 1405 apostolica,
918 1362 964 1394 vel
982 1362 1090 1404 quavis
1107 1362 1202 1394 firmi-

464 1420 526 1448 tate
543 1411 603 1447 asia
620 1415 786 1456 roboratis,
807 1414 928 1447 statutis
948 1420 977 1447 et
1002 1414 1201 1447 consuctudi-

462 1469 564 1509 nibus,
589 1468 761 1512 privilegiis
786 1478 920 1511 quoque,
949 1467 1074 1500 indultis
1095 1473 1125 1500 et
1152 1467 1200 1499 lit-

464 1522 538 1554 teris
551 1522 731 1565 apostolicis
749 1522 779 1554 in
795 1521 987 1554 contrarium
1013 1521 1201 1563 praemisso-

462 1585 533 1607 rum
564 1574 801 1617 quomodolibet
825 1573 991 1613 concessis,
1009 1573 1201 1606 consu-matis

461 1631 492 1661 et
515 1628 685 1667 innovatis;
711 1627 823 1671 quibus
844 1627 988 1660 omnibus
1006 1632 1035 1659 et
1059 1627 1200 1669 singulis,

462 1681 588 1713 illorum
607 1686 731 1714 tenores
752 1680 968 1724 praesentibus
986 1690 1045 1723 pro
1067 1680 1158 1723 plene
1171 1685 1201 1712 et

461 1733 652 1766 sufficienter
674 1733 833 1776 expressis
853 1739 882 1765 et
900 1733 1023 1766 insertis
1038 1732 1199 1772 habentes,

461 1786 522 1819 illis
539 1787 614 1819 alias
638 1786 669 1818 in
694 1797 750 1819 suo
776 1786 892 1819 robore
917 1785 1143 1829 permansuris,
1162 1786 1199 1818 ad

461 1840 707 1884 praemissorum
734 1840 891 1880 effectum,
917 1840 974 1872 hac
1008 1839 1075 1872 vice
1110 1839 1196 1872 dum-

462 1897 554 1933 taxat,
578 1893 754 1937 specialiter
771 1898 800 1925 et
821 1903 968 1936 expresse
993 1892 1198 1934 derogamus3

462 1946 637 1989 ceterisque
654 1946 819 1979 contrariis
832 1946 1092 1988 quibuscumque.

505 1999 617 2031 Datum
642 2000 780 2039 Romae,
804 1999 887 2042 apud
911 1999 939 2031 S.
955 1999 1081 2031 Mariam
1107 1998 1199 2031 Maio-

462 2063 540 2091 rem,
551 2053 608 2085 sub
618 2052 732 2084 annulo
744 2052 917 2091 piscatoris,
926 2052 975 2084 die
987 2062 1038 2085 xxl
1050 2051 1198 2084 februarii

461 2114 589 2145 MDCLXI,
605 2104 805 2148 pontificatus
818 2104 917 2137 nostri
930 2114 1010 2137 anno
1026 2114 1064 2137 v1.

498 2166 558 2193 Dat.
579 2166 622 2193 die
638 2166 666 2193 ⁰21
690 2166 820 2193 februarii
838 2167 915 2199 1661,
932 2166 1027 2201 pontif.
1044 2174 1115 2193 anno
1130 2174 1167 2192 vx.

727 2289 926 2323 CCCXXXIII.

465 2370 674 2412 Confirmatio
690 2374 887 2404 statutorum
908 2374 936 2403 el
953 2369 1197 2402 ordinationum

507 2433 528 2455 a
551 2423 712 2466 deputatis
729 2424 893 2467 cappellae
905 2423 936 2457 S.
949 2423 1104 2456 Ianuarii
1116 2423 1199 2455 Nea-

505 2475 664 2518 politani,
689 2487 788 2519 quam
813 2477 993 2510 thesaurum
1017 2480 1140 2517 vocant,
1165 2476 1199 2508 in

508 2529 612 2570 formci
637 2528 812 2571 specificci¹.

503 2591 512 2616 1
535 2590 571 2616 Ex
592 2590 696 2626 Regest.
718 2591 744 2617 in
763 2592 865 2618 Secret.
888 2591 963 2618 Brev.

1050 204 1227 228 BULLARIUM
1251 203 1358 227 uOMAN
1364 203 1405 227 UM

1434 251 1598 278 Alexander
1619 251 1694 284 Papa
1718 251 1780 283 vll,

1361 295 1397 322 ad
1416 298 1590 329 perpetuam
1610 295 1653 322 rei
1674 295 1854 322 memoriam.

1286 357 1443 390 Militantis
1460 356 1616 389 Ecclesiae
1634 356 1789 398 regimini,
1808 355 1926 389 meritis
1943 356 1975 389 li-

1240 416 1287 442 cet
1312 410 1495 453 imparibus,
1515 410 1641 453 superni
1671 409 1874 452 dispositione
1901 419 1976 442 con-

1240 462 1298 494 silii
1324 462 1546 505 praesidentes,
1572 462 1640 503 illis,
1666 473 1745 505 quac
1770 472 1829 505 pro
1853 471 1976 494 conser-

1240 515 1339 547 vando
1375 515 1516 548 locorum
1552 515 1673 558 piorum
1708 513 1913 557 quorumvis,
1946 519 1977 547 et

1240 568 1423 610 praesertim
1450 568 1513 600 Deo
1537 567 1565 599 in
1585 567 1885 610 gloriosissimorum
1910 566 1976 599 eius

1239 626 1412 664 martyrum
1445 621 1597 653 honorem
1624 624 1890 659 consecratorum,
1914 619 1976 652 sre-

1238 673 1406 716 quentiquc
1435 673 1572 705 tidelium
1598 674 1762 706 devotione
1792 672 1974 712 celebrium,

1238 726 1361 766 decore,
1378 726 1584 769 augendoque
1602 726 1631 757 in
1650 725 1708 758 illis
1721 725 1824 757 divino
1840 725 1925 760 cultu
1938 735 1974 757 ac

1238 778 1317 811 felici
1337 779 1550 812 ministrorum
1569 779 1631 811 illic
1648 778 1807 811 Altissimo
1825 777 1975 809 famulan-

1238 832 1313 864 tium
1332 832 1512 872 directione,
1541 831 1590 874 pie
1611 831 1844 875 prudenterque
1862 833 1974 863 statuta

1238 890 1267 917 ct
1298 885 1440 917 ordinata
1469 896 1536 918 csse
1567 885 1806 927 dignoscuntur,
1834 893 1897 927 quo
1920 883 1974 915 su·-

1239 939 1338 971 miora
1370 939 1451 978 sint,
1476 949 1512 971 ac
1538 939 1673 972 exactius
1705 944 1734 971 et
1764 936 1974 970 inviolabilius

1237 991 1453 1032 observentur,
1467 991 1609 1031 libenter,
1624 1002 1694 1023 cum
1710 1001 1727 1023 a
1743 990 1832 1023 nobis
1847 990 1973 1033 petitur,

1237 1045 1398 1088 apostolici
1421 1045 1602 1077 muniminis
1627 1044 1724 1077 robur
1744 1043 1916 1076 adiicimus.

1281 1098 1295 1141 g
1320 1098 1348 1130 1.
1374 1098 1495 1141 Exponi
1520 1097 1671 1141 siquidem
1697 1097 1786 1130 nobis
1807 1107 1906 1140 nuper
1929 1096 1973 1128 fe-

1237 1156 1346 1182 cerunt
1370 1150 1473 1183 dilecti
1497 1151 1552 1183 tilii
1570 1150 1707 1194 deputati
1729 1149 1888 1193 cappellae
1905 1158 1973 1181 san-

1237 1204 1276 1236 cti
1302 1204 1435 1236 Ianuarii
1460 1203 1591 1236 civitatis
1615 1203 1855 1246 Neapolitanae,
1877 1211 1972 1245 quam

1238 1256 1299 1289 illic
1320 1257 1506 1288 thesaurum
1529 1261 1648 1295 vocant,
1665 1255 1748 1298 quod
1774 1255 1844 1298 ipsi,
1862 1254 1971 1297 vigore

1236 1309 1389 1341 facultatis
1413 1309 1471 1341 sibi
1497 1319 1514 1341 a
1538 1309 1635 1342 felicis
1665 1307 1890 1341 recordationis
1914 1307 1973 1340 Ur-

1235 1362 1315 1394 bano
1337 1362 1420 1405 Papa
1445 1362 1507 1394 Vlll
1533 1362 1773 1405 praedecessore
1793 1365 1900 1393 nostro
1917 1370 1973 1403 per

1236 1415 1384 1457 quasdam
1402 1426 1472 1447 suas
1485 1415 1535 1447 die
1548 1425 1636 1448 xxvu
1655 1413 1804 1447 februarii
1818 1422 1972 1446 uncxxxv

1236 1467 1393 1510 expeditas
1414 1468 1531 1500 litteras
1548 1468 1724 1508 attributae,
1745 1466 1895 1500 nonnulla
1911 1471 1972 1498 sta—

1236 1525 1301 1552 tuta
1325 1526 1355 1553 et
1378 1521 1590 1553 ordinationes
1621 1531 1678 1564 pro
1710 1519 1791 1552 felici
1816 1518 1972 1562 gubernio

1236 1579 1266 1605 et
1290 1574 1559 1607 administratione
1584 1573 1722 1606 eiusdem
1748 1573 1907 1616 cappellae
1932 1572 1972 1605 se-

1236 1632 1346 1660 cerunt
1373 1627 1490 1659 tenoris
1515 1627 1566 1670 qui
1592 1626 1744 1670 sequitur,
1769 1625 1948 1658 videlicet³z

1234 1707 1324 1740 Adsit
1351 1706 1395 1739 13
1421 1707 1584 1739 novembre
1611 1706 1705 1739 1659
1738 1705 1921 1749 conyreqati
1946 1705 1973 1738 li

1278 1761 1465 1793 sottoscrim'
1490 1759 1711 1791 illustrissimi
1734 1759 1860 1801 siqnori
1875 1758 1972 1802 depu-

1280 1814 1340 1846 tati
1364 1812 1415 1846 del
1443 1813 1552 1845 Tesoro
1578 1812 1629 1844 del
1656 1811 1795 1854 ylorioso
1828 1811 1857 1843 S.
1889 1811 1971 1845 Gen-

1277 1876 1358 1898 naro
1390 1866 1480 1898 nella
1507 1875 1635 1898 camera
1659 1864 1746 1897 della
1778 1864 1844 1897 loro
1874 1864 1970 1897 solita

1277 1918 1442 1951 resz'denza
1453 1929 1462 1950 .·

1278 1998 1426 2031 Havendo
1448 1997 1650 2041 l'esperienza
1667 1997 1850 2029 dimostrato
1874 1995 1883 2028 i
1904 1996 1970 2029 luo-

1234 2052 1287 2094 ghi
1303 2051 1362 2084 ben
1379 2051 1508 2094 regolati
1523 2061 1626 2083 essere
1640 2060 1765 2093 sempre
1778 2049 1969 2090 accresciuti,

1234 2115 1250 2137 e
1274 2104 1315 2146 gli
1350 2104 1419 2136 altri
1445 2114 1536 2136 senza
1570 2102 1740 2146 opportuni
1770 2101 1970 2135 stabilimenti

1233 2157 1431 2198 deteriorati,
1458 2157 1477 2188 li
1508 2156 1627 2190 Sommi
1653 2155 1801 2188 Pontetici
1826 2155 1856 2188 di
1880 2154 1970 2187 selice

1234 2211 1385 2243 memoria
1411 2210 1503 2242 Paolo
1538 2210 1559 2241 V
1596 2220 1612 2241 e
1645 2208 1771 2241 Urbano
1796 2208 1860 2241 Vlll
1889 2207 1970 2240 nelle

1233 2263 1318 2296 Bolle
1350 2262 1420 2295 date
1456 2273 1550 2305 sopra
1581 2261 1746 2294 l'erezione
1776 2261 1825 2293 del
1861 2265 1969 2293 nostro

1233 2317 1349 2348 Tesoro
1367 2326 1426 2348 con
1442 2315 1588 2348 cristiana
1608 2314 1769 2358 prudenza
1786 2313 1913 2346 diedero
1929 2313 1969 2345 sa-

1233 2370 1313 2402 colta
1327 2369 1385 2401 alla
1400 2374 1506 2401 nostra
1528 2368 1715 2401 fedelissima
1737 2367 1847 2410 patria,
1864 2377 1880 2400 e
1900 2376 1976 2411 con3

1233 2427 1487 2464 seguentemeute
1519 2432 1535 2453 a
1566 2421 1619 2453 noi
1652 2420 1788 2463 deputati
1814 2419 1852 2452 da
1876 2419 1915 2452 lei
1939 2419 1968 2452 al

1233 2486 1372 2519 governo
1408 2475 1437 2507 di
1474 2479 1584 2518 questo
1609 2485 1698 2507 sacro
1724 2474 1838 2515 luogo,
1869 2473 1898 2505 di
1923 2473 1968 2505 sar

1271 2548 1280 2572 1
1304 2547 1425 2580 Sequens
1444 2549 1571 2571 statutum
1588 2544 1682 2570 damus
1702 2547 1781 2578 prout
1800 2546 1850 2576 est,
1867 2542 1967 2577 absque

1235 2589 1447 2617 correctionibus
1463 2594 1577 2624 quarum
1591 2588 1682 2615 forsan
1699 2595 1765 2622 opus
1784 2589 1856 2614 esset
1867 2588 1905 2621 (R.
1915 2585 1965 2620 T.).

1994 202 2043 228 An.
2060 201 2088 229 C.
2105 201 2167 230 1661
2205 197 2208 210 ’

2017 368 2132 394 Exposuit».

2014 1104 2098 1125 Statuta
2117 1104 2166 1126 totu·
2202 1102 2203 1126 l

1987 1134 2067 1153 ruutur.
