2243 3205
47 191 93 216 An.
106 189 134 214 (Ζ.
159 186 224 214 1ϋ60

829 182 1015 217 ALExANDEa
1042 182 1085 204 vn
1112 183 1159 205 ΡΡ.
1660 170 1722 204 593

236 231 346 265 ritorio
371 235 401 264 et
424 230 569 264 districtu
593 230 740 264 universo
761 229 923 263 emittendi
948 234 978 262 et

236 285 304 318 fieri
326 284 505 325 mandandi,
519 284 728 317 bandimentis
745 283 978 317 contravenien-

237 344 281 371 tes
311 337 349 370 ad
381 337 568 371 solutionem
595 337 783 370 muletarum
809 341 839 371 ct
862 346 978 380 poena-

235 401 306 424 rum
325 396 494 435 propterea
514 391 711 424 incursarum
731 390 877 423 omnibus
901 389 978 422 iuris

235 449 265 477 et
289 443 361 477 sacti
386 443 534 477 remediis
555 443 687 486 cogendi
708 449 738 476 et
757 442 977 486 compellendi,

236 497 437 539 concessit‚et
450 497 663 530 emolumenta
677 507 894 540 quaecumque
907 506 978 539 poe-

234 561 347 584 narum
365 551 545 584 huiusmodi
558 551 681 584 aerario
692 550 793 584 dictae
804 550 936 582 civitatis
946 550 976 582 in
993 564 994 571 ¹

233 609 420 648 perpetuum
440 604 495 647 (ita
520 604 604 647 quod
627 604 714 637 nullo
740 613 878 646 unquam
901 608 976 635 tcm-

233 667 311 701 pore
335 657 373 690 de
401 657 611 690 bandimentis
637 663 667 690 et
688 657 799 701 poenis
819 656 976 700 praefatis,

234 721 407 755 earumque
431 711 601 751 exactione,
626 711 830 754 perceptione
854 715 884 742 et
908 709 977 742 aliis

234 764 305 797 inde
320 764 567 807 emergentibus,
584 764 704 807 legatus
721 765 787 807 ipse
801 768 853 796 aut.
867 763 976 796 vicele-

234 823 335 861 gatus,
360 828 416 851 seu
439 817 514 851 dicti
532 817 698 851 comitatus
716 822 832 856 rector,
853 816 901 849 vel
926 827 974 849 ca-

234 880 339 903 merae
360 875 487 913 agentes
503 880 561 914 pro
580 873 721 913 tempore
735 869 976 911 existentes,aut

232 923 333 967 quivis
351 923 402 956 alii
417 923 528 967 quovis
542 927 705 967 praetextu
718 933 751 955 se
765 922 975 956 intromittere

232 976 372 1020 possent)
387 975 524 1016 donavit,
542 976 616 1008 etin
630 980 820 1019 perpetuum
838 975 975 1018 applica-

233 1028 285 1068 vit,
309 1034 339 1061 et
362 1028 493 1072 insuper
518 1028 633 1069 locum,
654 1038 708 1060 seu
733 1032 871 1060 castrum
888 1027 974 1059 diru-

233 1086 297 1114 tum
312 1081 354 1114 De
369 1081 472 1122 terris,
485 1080 795 1125 Carpenctoratensis
809 1079 971 1120 dioecesis,

232 1134 271 1167 ad
292 1134 406 1167 dictam
432 1134 542 1168 Sedem
567 1135 660 1178 pleno
684 1134 752 1167 iure
770 1138 923 1177 spectans,
944 1137 974 1167 et

232 1187 416 1230 contiguum
442 1187 603 1220 territorio
621 1187 722 1220 dictae
739 1186 881 1226 civitatis,
899 1191 973 1219 tunc

232 1241 317 1274 omni
344 1240 519 1274 habitatore
543 1241 607 1273 sere
632 1240 816 1273 destitutum
841 1239 886 1282 (in
910 1250 972 1282 quo

232 1293 441 1327 communitas
469 1299 499 1326 et
522 1293 715 1326 habitatores
740 1292 840 1325 dictae
865 1293 972 1325 civita-

232 1348 271 1382 tis
295 1348 344 1381 ius
367 1347 514 1392 pascendi
545 1358 617 1380 cum
647 1357 757 1380 e0.·nm
786 1346 973 1378 animalibus

232 1412 269 1435 ex
294 1401 481 1445 quibusdam
515 1400 721 1434 conventione
752 1410 807 1432 seu
840 1399 969 1432 ordina-

234 1457 316 1491 tione
333 1465 454 1488 necnon
472 1453 698 1487 consuetudine
720 1451 855 1496 antiquis
882 1452 973 1485 liabe-

232 1511 324 1552 bant,
342 1508 448 1542 omnia
467 1508 531 1541 sere
548 1507 631 1540 illius
649 1505 776 1550 praedia
794 1511 823 1538 et
852 1505 972 1538 habita-

234 1565 333 1598 tiones
364 1561 535 1607 praefatas¹
572 1560 780 1605 pertinebant,
812 1559 972 1603 ipsiusque

233 1618 366 1652 civitatis
391 1622 504 1650 statuta
521 1620 551 1648 et
568 1613 808 1648 consuetudines
834 1613 864 1645 in
889 1612 972 1645 dicto

233 1674 302 1707 loco
327 1672 421 1706 veluti
456 1670 548 1704 unico
583 1670 787 1713 incorporato
813 1667 989 1716 ιοιΊ-ἰιοι-ἰογ

232 1727 333 1761 dictae
350 1725 483 1760 civitatis
508 1724 723 1765 servabantur,
740 1723 867 1767 ipseque
885 1723 972 1755 locus

234 1787 307 1815 tunc
323 1780 425 1814 eidem
443 1780 546 1822 legato
563 1778 701 1816 suberat,
718 1782 748 1810 et
765 1787 801 1809 ex
819 1776 871 1809 illo
889 1776 971 1809 idem

233 1836 354 1878 legatus
374 1832 429 1867 seu
453 1838 581 1876 agentes
599 1841 657 1875 pro
681 1831 763 1864 dicta
781 1831 905 1863 camera
923 1840 973 1862 an-

233 1889 352 1923 nuatim
377 1898 440 1921 non
464 1887 546 1920 ultra
577 1885 744 1919 duodecim
770 1884 900 1917 ducatos
925 1884 969 1916 si-

233 1943 334 1983 miles,
360 1942 407 1975 vel
432 1941 525 1983 circa,
552 1951 622 1974 cum
649 1938 741 1972 cerlis
761 1938 829 1971 aliis
849 1938 990 1979 emolu-¹

234 1997 368 2038 mentis,
398 1994 561 2029 laudemiis
585 1992 782 2036 nuncupatis,
808 1992 973 2035 percipere

233 2050 472 2093 consueverant)
491 2058 560 2081 cum
579 2046 732 2080 universis
753 2045 891 2078 eiusdem
913 2045 972 2077 loci

234 2102 394 2137 territorio
419 2106 449 2134 et
472 2101 626 2141 districtu,
647 2109 821 2142 eorumque
842 2097 974 2131 homini-

233 2156 303 2199 bus,
322 2155 470 2196 vassallis,
487 2152 727 2193 habitatoribus,
739 2151 859 2192 incolis,
877 2151 974 2184 domi-

234 2209 304 2250 bus,
321 2208 482 2248 aedificiis‚
495 2199 642 2251 praediis,
656 2206 786 2248 aliisque
804 2205 926 2237 iuribus
945 2211 974 2237 ct

234 2261 431 2306 pertinentiis
463 2260 527 2294 suis
559 2259 829 2303 quibuscumque,
855 2257 972 2290 eisdem

234 2315 416 2350 consulibus
434 2320 463 2348 et
480 2312 698 2347 communitati
723 2312 753 2344 in
778 2311 904 2344 seudum
923 2321 974 2344 no-

233 2370 296 2403 bile
312 2374 575 2414 perpetuumque‚
589 2366 645 2399 sub
662 2375 766 2398 annuo
784 2375 902 2398 canone
920 2375 974 2397 seu

234 2433 331 2458 censu
361 2432 413 2455 sex
444 2421 631 2454 ducatorum
656 2418 724 2451 auri
749 2417 899 2450 similium
925 2428 974 2450 ca-

235 2487 341 2511 merae
364 2475 553 2519 apostolicae
586 2474 710 2506 illarum
743 2472 877 2515 partium
903 2482 974 2514 pcr-

271 2551 281 2575 1
305 2546 459 2583 Legendum
480 2549 544 2582 puto
563 2545 602 2572 ad
621 2545 798 2571 habitatores
814 2544 972 2578 praefatos,

234 2601 281 2629 pro
301 2595 327 2620 et
346 2590 538 2619 habitationes
556 2590 707 2624 praefatas
726 2592 765 2621 (a.
783 2588 830 2623 r.).

299 2646 378 2678 Bull.
399 2644 482 2673 Rom.
504 2659 536 2663 —
561 2643 617 2673 Vol.
641 2642 715 2671 XVI.
862 2641 895 2669 75

1010 229 1150 262 solvendi
1162 227 1181 268 ¹,
1199 229 1377 272 assignavit,
1397 230 1543 273 ipsosque
1562 228 1706 262 consules
1724 233 1754 260 et

1011 282 1268 315 communitatem
1294 282 1482 315 feudatarios
1508 288 1536 314 et
1553 281 1697 314 dominos
1723 281 1754 313 in

993 339 995 389 Ἰ
1013 336 1239 379 temporalibus
1260 343 1431 380 perpetuos
1456 336 1530 368 dicti
1556 336 1615 369 loci
1635 346 1688 368 scu
1707 346 1754 368 ca<

1011 389 1066 421 stri
1093 389 1174 429 fecit,
1202 390 1361 423 constituit
1385 395 1413 422 et
1439 389 1616 432 deputavit,
1642 395 1671 421 et
1695 399 1752 432 po-

993 439 995 446 ’
1011 448 1129 475 stremo
1154 442 1236 475 idem
1256 443 1327 475 Pius
1346 443 1382 475 IV
1399 443 1623 486 praedecessor
1647 446 1754 475 noster

1012 501 1098 528 motu
1115 495 1249 539 proprio
1268 495 1513 529 infeudationem
1532 502 1561 528 et
1581 495 1753 528 concessio-

1011 559 1082 581 nem
1104 548 1177 581 dicti
1203 548 1262 581 loci
1284 559 1338 581 sen
1355 549 1448 581 castri
1466 548 1508 580 De
1527 548 1628 589 terris,
1646 554 1674 580 et
1692 548 1753 580 alia

1010 601 1194 645 praemissa,
1226 601 1284 634 sub
1310 601 1421 634 litteris
1451 601 1645 634 rescissionis
1671 601 1749 634 alie-

1010 655 1171 688 nationum
1198 665 1305 688 rerum
1332 655 1489 687 Ecclesiae
1517 655 1674 687 Romanae
1696 665 1752 698 per

1010 709 1155 742 eumdem
1182 709 1271 742 Pium
1301 708 1575 752 praedecessorem
1605 708 1663 740 sub
1691 708 1748 740 da-

1011 767 1074 795 tum
1101 772 1141 796 xv
1166 761 1315 795 kalendas
1347 761 1444 801 iunii,
1472 761 1672 804 pontificatus
1704 760 1751 793 sui

1009 826 1090 849 anno
1105 825 1146 856 VI,
1165 815 1267 855 editis,
1285 821 1315 848 et
1333 814 1494 858 quibusvis
1512 814 1579 847 aliis
1597 814 1751 846 similibus

1010 869 1055 901 vel
1082 868 1286 901 dissimilibus
1311 866 1564 900 revocationibus
1578 894 1585 907 ,
1604 867 1751 899 cassatio-

1008 921 1101 954 nibus
1117 926 1147 954 et
1164 921 1231 953 aliis
1256 920 1422 954 contrariis
1447 918 1751 963 dispensationibus²

1009 973 1156 1006 similium
1183 973 1378 1016 gratiarum,
1407 972 1500 1007 etiam
1532 972 1570 1004 ab
1603 972 1670 1015 ipso
1696 971 1750 1004 Pio

1008 1026 1253 1069 praedecessore
1270 1032 1300 1059 et
1313 1026 1390 1060 Sede
1409 1025 1549 1069 praefata
1566 1024 1665 1065 editis,
1684 1024 1752 1057 nul-

1008 1080 1128 1112 latenus
1153 1079 1382 1122 comprehensa
1402 1078 1506 1117 fuisse,
1524 1088 1591 1110 esse
1609 1077 1655 1110 vel
1674 1077 1749 1118 sore,

1008 1132 1061 1166 sed
1086 1132 1138 1165 illa
1163 1133 1264 1165 valida
1289 1138 1319 1165 et
1344 1132 1482 1165 efficacia
1507 1135 1661 1175 perpetuo
1681 1141 1751 1174 per-

1008 1195 1135 1218 manere
1148 1185 1327 1225 declaravit,
1342 1191 1382 1226 et,
1397 1186 1421 1218 si
1436 1196 1516 1228 opus
1530 1190 1619 1224 esset,
1636 1184 1686 1216 illa
1700 1183 1750 1216 ad-

1008 1249 1116 1272 versus
1141 1239 1264 1272 easdem
1285 1239 1486 1272 rescissiones
1511 1243 1540 1269 et
1566 1237 1683 1269 litteras
1701 1248 1749 1269 rc-

1008 1292 1164 1332 validavit,
1182 1303 1217 1325 ac
1235 1292 1265 1324 in
1283 1292 1452 1336 pristinum
1471 1295 1583 1325 statum
1603 1290 1748 1329 restituit,

1006 1346 1187 1379 consulibus
1205 1349 1234 1379 et
1258 1344 1475 1378 communitati
1500 1343 1648 1387 praefatis
1665 1343 1749 1386 quod

988 1408 989 1420 ¹
1006 1399 1037 1431 in
1062 1399 1151 1433 dictis
1176 1399 1286 1443 poenis
1304 1397 1545 1441 incorporandis
1564 1397 1609 1429 vel
1628 1397 1750 1439 exigen-

1006 1453 1053 1485 dis
1082 1458 1320 1496 procuratorem
1349 1451 1488 1484 fiscalem
1523 1461 1576 1482 seu
1606 1450 1750 1493 quemvis

1006 1506 1101 1538 alium
1121 1505 1249 1538 n’iinime
1267 1515 1379 1538 vocare
1395 1508 1587 1545 tenerentur,
1606 1508 1635 1535 et
1650 1502 1749 1535 dictas

1006 1569 1123 1603 poenas
1148 1570 1164 1591 a
1189 1559 1351 1602 quibusvis
1384 1557 1469 1591 omni
1495 1563 1524 1589 et
1549 1566 1749 1600 quacumque

1006 1613 1214 1657 appellatione
1229 1614 1350 1646 remota
1371 1612 1505 1654 exigere,
1525 1616 1554 1643 ct
1572 1615 1749 1653 opportuna

1008 1666 1151 1699 mandata
1177 1666 1285 1709 exequi
1308 1666 1409 1698 facere
1426 1669 1565 1708 possent,
1584 1663 1747 1702 concessit,

1008 1726 1101 1764 prout
1126 1720 1157 1752 in
1182 1719 1293 1751 litteris
1317 1717 1496 1761 apostolicis
1517 1717 1651 1760 desuper
1679 1726 1749 1748 con-

1007 1774 1093 1807 sectis
1118 1773 1239 1817 plenius
1264 1772 1449 1805 continetur.

1051 1828 1066 1871 ἓ
1090 1827 1119 1860 ’2.
1145 1827 1219 1860 Cum
1246 1831 1360 1864 autem,
1386 1825 1465 1857 sicut
1493 1824 1600 1856 eadem
1631 1824 1749 1866 exposi-

1007 1881 1049 1914 tio
1075 1879 1300 1923 subiungebat,
1332 1878 1407 1911 dicti
1434 1882 1625 1921 exponentes
1649 1886 1748 1920 prac—

1008 1935 1101 1968 missa
1126 1934 1231 1968 omnia
1264 1944 1322 1977 pro
1347 1942 1457 1966 eorum
1484 1930 1616 1963 firmiori
1647 1930 1748 1963 subsi-

1007 1989 1116 2023 stentia
1136 1999 1152 2021 a
1170 1988 1259 2021 nobis
1277 1986 1445 2031 approbari
1464 1985 1658 2017 desiderent:
1680 1994 1746 2025 nos⁷

1007 2042 1175 2086 specialem
1201 2041 1275 2085 ipsis
1297 2038 1524 2083 exponentibus
1544 2037 1676 2081 gratiam
1701 2038 1744 2069 t'a-

1008 2106 1079 2129 cere
1108 2096 1257 2133 volentes,
1278 2100 1307 2127 et
1341 2104 1451 2126 eorum
1478 2091 1653 2134 singulares
1678 2101 1750 2134 pcr-

1008 2160 1099 2183 sonas
1134 2159 1151 2181 a
1190 2147 1351 2191 quibusvis
1391 2144 1748 2183 excommunicationis,

1008 2201 1240 2246 suspensionis,
1272 2206 1301 2233 et
1334 2199 1509 2237 interdicti,
1542 2197 1673 2240 aliisque
1699 2208 1749 2229 cc-

1008 2255 1190 2289 clesiasticis
1215 2253 1392 2294 sententiis,
1411 2251 1551 2285 censuris
1576 2256 1603 2283 et
1629 2250 1748 2294 poenis,

1008 2320 1025 2342 a
1050 2309 1118 2342 iure
1143 2308 1189 2341 vel
1215 2307 1253 2339 ab
1279 2306 1426 2344 homine,
1451 2304 1561 2348 quavis
1585 2303 1749 2336 occasione

1010 2363 1055 2395 vel
1082 2363 1175 2395 causa
1199 2361 1290 2400 latis,
1323 2360 1347 2392 si
1374 2359 1487 2402 quibus
1511 2356 1750 2401 quomodolibet

1009 2416 1174 2450 innodatae
1200 2415 1345 2452 existunt,
1366 2408 1411 2445 ad
1432 2412 1577 2445 effectum
1604 2421 1750 2454 praesen-

1046 2497 1053 2522 1
1080 2494 1171 2521 Potius
1197 2493 1256 2528 lege
1279 2491 1464 2527 persolvendo
1484 2490 1525 2517 vel
1547 2490 1749 2524 persolvendo-

1008 2549 1074 2569 rum
1093 2541 1130 2573 (n.
1148 2539 1195 2570 Τ.).

1042 2587 1057 2612 2
1079 2585 1176 2612 Forsan
1199 2583 1343 2619 legendum
1363 2581 1601 2617 dispositionibus
1621 2587 1656 2613 tn.
1674 2580 1721 2614 T.).

1770 182 1862 207 .lii,t1.
1889 182 1906 205 il
1920 179 1954 206 60

1773 1831 1885 1855 [amicam
1897 1837 1946 1851 ncn-

1763 1858 1819 1878 nulla
1830 1855 1948 1878 concedun-

1762 1887 1802 1905 tur.
