2185 3188
27 216 76 243 An.
91 212 119 241 C.
143 213 210 240 1655

42 1288 162 1318 >''leci-etum
184 1293 209 1307 u·-

30 1319 100 1337 rutam.

829 209 1016 233 ALEXANDER
1038 209 1083 233 VII
1106 210 1154 233 PI‘.

223 261 361 293 Romano
392 259 532 292 Pontifici
566 269 623 302 pro
656 264 797 302 tempore
822 258 982 292 existenti}

222 313 379 353 deserant,
405 324 440 346 ex
466 313 580 356 quibus
604 313 739 356 aliquem
759 311 890 345 arbitrio
908 321 963 344 no-

222 372 287 400 stro
301 377 508 407 assumamus,
527 370 556 400 et
573 367 732 399 Romanus
750 365 889 398 Pontifex
907 375 964 408 pro

222 425 365 463 tempore
384 419 518 452 existens
535 424 688 458 assumat,
713 418 766 462 qui
788 418 831 450 sic
848 428 966 450 assum-

221 473 276 517 pti,
301 473 405 517 quoad
433 473 576 514 vixerint,
595 472 807 506 cardinalibus
831 477 861 504 et
889 471 982 503 assi-¹

222 527 374 560 stentibus
399 527 546 570 praefatis
570 527 600 559 in
623 525 773 569 cappellis
794 524 965 568 pontificiis

223 580 388 614 missarum
415 581 567 614 solemnia
591 579 827 624 peragentibus,
853 589 888 612 ae
910 578 964 611 iis-

222 634 293 667 dem
319 634 529 667 cardinalibus
555 644 754 677 vesperarum
777 632 889 672 officia,
914 642 966 664 no-

222 688 271 721 bis
303 694 333 721 et
367 689 506 721 Romano
543 686 693 720 Pontifice
728 697 787 730 pro
823 691 965 730 tempore

223 741 374 774 existente
398 741 592 781 absentibus,
614 740 729 773 ibidem
757 739 965 783 persolventi-

222 795 281 827 bus
298 795 328 827 in
345 794 515 828 commisso
529 794 587 826 sibi
603 794 776 838 respective
790 793 894 826 officio
911 792 966 825 mi-

222 849 356 881 nistrare
380 853 555 881 teneantur.
582 848 615 880 ln
634 853 779 880 eventum
798 851 913 887 autem,
934 846 965 878 in

222 913 315 946 quem
340 902 452 945 aliquis
473 902 698 935 canonicorum
725 902 768 934 sic
793 901 983 944 assumptos

222 967 291 989 rum
307 956 448 999 legitimo
462 956 638 988 detineatur
652 955 878 998 impedimento
891 964 966 998 quo-

222 1010 326 1043 minus
356 1010 565 1043 ministcrinm
603 1009 660 1041 sibi
700 1009 873 1041 iniunctum
912 1007 966 1040 ad-

222 1063 356 1107 implere
390 1063 510 1103 valeat,
546 1062 710 1095 statuimus
741 1068 773 1094 ut
806 1058 984 1106 praedict-Q

223 1117 358 1161 capitula
383 1117 556 1161 respective
588 1117 665 1149 alios
690 1126 726 1148 ex
752 1126 863 1148 eorum
895 1109 984 1157 gre—ff

224 1171 287 1204 mio
312 1171 349 1203 ad
374 1171 404 1203 id
425 1171 546 1203 habiles
571 1170 705 1213 eligant,
731 1170 784 1213 qui
809 1169 965 1202 desectum

224 1224 350 1258 illorum
375 1225 521 1268 supplere
548 1229 721 1256 teneantur.

268 1279 283 1322 ἓ
300 1279 328 1311 ⁶2.
346 1279 389 1311 Ae
406 1278 610 1311 decernentes
632 1281 811 1320 praesentes
837 1276 966 1315 litteras,
983 1302 984 1306 ,

997 263 1107 300 gatos,
1133 257 1226 290 etiam
1252 267 1418 290 causarum
1446 257 1552 301 palatii
1578 256 1742 300 apostolici

998 311 1169 351 auditores,
1194 322 1229 344 ac
1255 317 1380 344 sanctae
1405 311 1564 345 Romanae
1584 309 1742 343 Ecclesiae

998 365 1177 409 praedictae
1198 365 1381 406 cardinales,
1400 366 1493 398 etiam
1520 366 1557 398 de
1582 365 1678 398 latere
1704 365 1744 397 le-

998 425 1097 461 gatos,
1116 423 1145 453 et
1160 420 1237 452 alios
1255 419 1411 462 quoslibet
1431 419 1540 462 quavis
1558 419 1743 452 auctoritate

999 477 1029 505 et
1053 478 1207 516 potestate
1231 473 1396 515 fungentes
1422 478 1451 504 et
1476 473 1649 513 functuros,
1675 471 1744 504 sub-

998 526 1060 558 lata
1086 527 1129 559 eis
1154 532 1184 559 et
1212 537 1322 559 eorum
1355 526 1483 559 cuilibet
1512 526 1620 569 quavis
1652 525 1743 558 aliter

999 580 1155 613 iudicandi
1181 586 1211 613 et
1232 579 1459 624 interpretandi
1480 580 1625 612 facultate
1649 585 1679 612 et
1693 590 1745 612 au-

999 634 1159 673 ctoritate,
1185 633 1316 666 iudicari
1343 638 1373 666 et
1396 633 1520 666 definiri
1546 633 1682 673 debere,
1709 643 1745 665 ae

1000 687 1123 721 irritum
1154 692 1182 719 et
1215 687 1327 727 inane,
1357 686 1382 719 si
1407 696 1496 719 secus
1529 696 1623 730 super
1651 685 1699 718 his
1728 696 1746 718 a

999 751 1168 785 quoquam,
1186 741 1295 784 quavis
1317 741 1512 781 auctoritate,
1537 739 1672 773 scienter
1698 739 1745 772 vel

981 795 1183 843 ¹ignoranter
1208 794 1376 837 contigerit
1401 795 1554 828 attentari.

1044 850 1058 891 ξ
1082 848 1111 881 3.
1144 849 1213 881 Non
1246 848 1460 888 obstantibus,
1486 853 1639 891 quatenus
1664 857 1744 890 opus

999 902 1046 943 sit,
1071 905 1180 935 nostra
1205 908 1234 935 et
1259 901 1465 935 cancellariae
1486 901 1677 945 apostolicae
1698 911 1745 934 re-

1000 957 1075 999 gula
1099 956 1137 988 de
1163 966 1225 989 non
1251 955 1389 988 tollendo
1407 954 1474 987 iure
1490 954 1642 998 quaesito,
1659 954 1740 987 aliis-

982 1023 983 1047 ἦ
1000 1021 1060 1054 que
1074 1009 1350 1043 constitutionibus
1364 1014 1393 1041 et
1407 1008 1657 1042 ordinationibus
1671 1019 1744 1052 apo-

1000 1063 1127 1105 stolicis,
1146 1073 1181 1096 ac
1202 1062 1352 1095 ecclesiae
1377 1068 1407 1095 et
1431 1062 1632 1095 basilicarum
1657 1073 1744 1105 prae-

1000 1117 1152 1155 fatarum,
1176 1120 1205 1150 et
1229 1116 1298 1149 aliis
1323 1116 1486 1159 quibusvis
1502 1143 1509 1155 ‚
1534 1116 1627 1148 etiam
1652 1116 1740 1148 ἰιηἩΝ

983 1213 984 1219 ¹
1001 1176 1116 1213 mento,
1128 1170 1366 1203 confirmatione
1380 1169 1563 1214 apostolica,
1574 1169 1619 1202 vel
1635 1169 1744 1213 quavis

983 1225 1148 1258 ,firmitate
1162 1224 1221 1256 alia
1235 1224 1402 1264 roboratis
1417 1223 1539 1256 statutis
1561 1228 1590 1256 et
1615 1233 1744 1256 consue·

1002 1278 1171 1319 tudinibus,
1195 1277 1368 1321 privilegiis
1397 1288 1532 1321 quoque,
1562 1277 1691 1310 indultis
1716 1282 1745 1309 et

226 1332 317 1365 etiam
347 1342 381 1365 ex
403 1342 439 1365 eo
464 1331 548 1375 quod
569 1331 770 1374 quicumque,
784 1330 882 1371 ¹etiam
902 1340 968 1373 spe·
983 1337 985 1374 Ι
1002 1332 1113 1365 litteris
1130 1325 1393 1374 apostolicis,'suh
1409 1330 1663 1374 quibuscumque
1680 1340 1746 1363 ver-

225 1385 295 1418 eiali
320 1385 520 1429 expressione
545 1384 642 1427 digni,
661 1384 690 1415 in
712 1383 892 1427 praemissis
910 1383 969 1416 for·
984 1378 985 1397 ³
1002 1386 1116 1419 borum
1142 1385 1304 1418 tenoribus
1329 1389 1359 1417 et
1384 1384 1503 1424 formis,
1527 1395 1563 1417 ac
1588 1395 1659 1417 cuin
1678 1384 1746 1427 qui-

225 1449 280 1471 san
304 1439 454 1471 interesse
478 1438 638 1478 babentes,
665 1448 718 1469 seu
747 1437 863 1469 babere
888 1446 967 1480 quo—
984 1450 986 1481 ζ
1002 1439 1109 1472 busvis
1125 1439 1217 1471 etiam
1233 1438 1507 1481 derogatoriarum
1523 1438 1744 1481 derogatoriis,

226 1492 397 1525 modolibet
422 1491 671 1535 praetendentes,
690 1491 727 1523 ad
753 1501 788 1523 ea
813 1490 913 1523 vocati
939 1496 969 1523 et
984 1483 986 1510 {
1002 1498 1031 1526 et
1055 1492 1123 1525 aliis
1138 1491 1368 1525 efficacioribus
1385 1497 1415 1524 et
1432 1491 1566 1524 insolitis
1586 1491 1744 1531 clausulis,

226 1546 332 1588 auditi,
359 1547 406 1579 vel
432 1556 553 1587 causae,
583 1550 713 1589 propter
737 1555 814 1588 quas
839 1544 968 1577 eaedem
1002 1557 1037 1579 ac
1062 1546 1259 1579 irritantibus
1277 1551 1307 1578 et
1322 1545 1391 1578 aliis
1413 1545 1558 1585 decretis,
1577 1545 1606 1577 in
1628 1555 1744 1588 genere

225 1606 405 1644 praesentes
431 1605 638 1639 emanarunt,
663 1598 816 1631 adductae
841 1602 893 1631 aut
924 1598 968 1630 iu-
984 1584 986 1668 l
1004 1601 1050 1633 vet
1076 1600 1107 1632 in
1131 1600 1245 1644 specie,
1263 1599 1357 1632 etiam
1378 1604 1465 1631 motu
1491 1598 1596 1637 simili,
1621 1609 1657 1631 ac
1675 1608 1746 1631 con-

225 1654 375 1687 stificatae
393 1663 456 1686 non
473 1652 597 1694 suerint,
619 1657 671 1685 aut
694 1662 729 1684 ex
747 1651 807 1683 alia
828 1651 967 1694 qualibet
984 1670 986 1680 ι
1003 1654 1210 1694 sistorialitcr,
1227 1658 1258 1686 et
1278 1653 1353 1685 alias
1370 1652 1608 1696 quomodolibet
1626 1651 1655 1684 in
1674 1661 1746 1685 con-

225 1707 426 1751 quantumvis
443 1706 582 1749 legitima
601 1709 630 1739 et
646 1705 844 1749 privilegiata
862 1706 967 1744 causa,
985 1723 986 1748 ς
1003 1708 1134 1741 trarium
1161 1707 1409 1751 praemissorum
1436 1706 1604 1747 concessis,
1629 1705 1746 1739 confir-

226 1761 342 1803 colore,
359 1765 524 1804 praetextu
549 1764 579 1793 ct
603 1759 714 1803 capite,
735 1759 828 1791 etiam
851 1758 882 1790 in
902 1769 969 1791 cor·
984 1749 986 1777 ‘³
1003 1761 1093 1793 matis
1118 1765 1147 1794 et
1170 1760 1289 1804 pluries
1314 1760 1484 1799 innovatis3
1506 1759 1621 1803 quibus
1642 1759 1743 1792 omni-

225 1824 303 1857 pore
327 1813 405 1846 iuris
425 1813 542 1853 clauso,
560 1813 647 1845 nullo
668 1822 808 1856 unquam
826 1816 967 1856 tempore

227 1867 265 1900 de
289 1867 501 1911 subreptionis
519 1867 565 1899 vel
592 1866 786 1909 obreptionis
804 1866 888 1906 vitio,
917 1870 969 1900 aut

227 1921 408 1954 intentionis
433 1926 557 1954 nostrae
593 1920 638 1953 vel
665 1920 815 1952 interesse
850 1917 986 1952 haben-⁴

228 1975 304 2007 tium
319 1985 499 2016 consensus,
514 1984 568 2007 seu
581 1974 642 2006 alio
657 1983 856 2016 quocumque
873 1984 969 2017 quan-

229 2028 341 2061 tumvis
366 2038 481 2070 magno
507 2033 535 2060 et
560 2027 756 2060 substantiali
777 2027 900 2060 defectu
917 2037 970 2061 no·

228 2081 308 2122 tari,
332 2081 528 2124 impugnari,
554 2080 736 2121 invalidari,
762 2091 815 2114 seu
842 2081 872 2113 in
897 2091 969 2114 con-

229 2135 412 2168 troversiam
444 2134 607 2175 revocari,
637 2141 690 2167 aut
721 2135 870 2168 adversus
902 2135 969 2168 illas

228 2188 450 2232 quodcumque
474 2188 550 2221 iuris
566 2215 573 2228 ,
601 2188 671 2221 sacti
704 2188 751 2221 vel
777 2189 896 2231 gratiae
920 2199 969 2221 re-

229 2242 367 2275 medium
392 2242 564 2286 impetrari,
581 2248 633 2275 aut
650 2242 743 2275 ctiam
769 2248 856 2276 motu
874 2242 968 2275 simili

229 2307 377 2330 concesso
402 2296 580 2340 quempiam
606 2296 636 2328 in
662 2297 777 2330 iudicio
810 2297 856 2329 vel
883 2302 970 2329 extra

229 2349 305 2382 illud
331 2350 375 2382 uti
401 2361 454 2383 scu
480 2360 512 2382 sc
538 2350 644 2383 iuvare
667 2361 780 2393 posse,
806 2350 860 2383 sed
886 2351 969 2394 ipsas

230 2408 408 2446 praesentes
433 2413 558 2446 semper
582 2403 708 2443 firmas,
734 2403 850 2436 validas
875 2409 905 2436 et
929 2404 970 2436 cs-

230 2457 342 2490 sicaces
361 2457 494 2490 existere
512 2461 541 2489 et
557 2456 634 2497 sore,
650 2467 786 2500 suosque
810 2457 969 2500 plenarios
985 2467 987 2479 t

231 2516 261 2543 et
291 2511 430 2553 integros
455 2510 583 2543 css'cctus
612 2510 718 2543 sortiri
748 2514 778 2544 et
808 2510 968 2551 obtinere,

231 2564 338 2608 sicque
369 2569 399 2597 et
428 2574 491 2598 non
523 2564 613 2597 aliter
646 2564 677 2596 in
709 2564 888 2608 praemissis
913 2576 969 2609 per

233 2627 446 2662 quoscumque
477 2618 595 2651 iudices
626 2617 801 2651 ordinarios
832 2623 861 2651 et
889 2617 970 2651 delc-

1002 1815 1060 1848 bus
1079 1819 1109 1847 et
1126 1814 1268 1857 singulis,
1286 1814 1409 1846 etiamsi
1433 1824 1492 1856 pro
1517 1813 1645 1846 illorum
1663 1812 1747 1846 suffi-

1003 1869 1095 1903 cienti
1112 1868 1317 1911 derogatione
1335 1867 1372 1900 de
1394 1867 1453 1899 illis
1471 1877 1644 1910 eorumque
1673 1866 1746 1900 totis

1002 1922 1165 1955 tenoribus
1192 1921 1346 1965 specialis,
1372 1920 1528 1964 specifica,
1550 1930 1700 1963 expressa
1717 1925 1746 1952 et

1002 1975 1173 2017 individua,
1199 1985 1235 2007 ac
1265 1975 1303 2007 de
1328 1974 1424 2006 verbo
1451 1974 1488 2006 ad
1515 1973 1657 2013 verbum,
1682 1983 1746 2006 non

1003 2034 1107 2062 autem
1131 2039 1187 2072 per
1208 2028 1364 2061 clausulas
1389 2027 1551 2070 generales
1576 2027 1659 2060 idem
1688 2027 1746 2059 im-

1002 2087 1185 2126 portantes‚
1211 2081 1329 2114 mentio
1360 2091 1415 2113 seu
1448 2080 1576 2126 quaevis
1608 2080 1669 2113 alia
1693 2091 1743 2113 ex-

1002 2136 1124 2180 pressio
1149 2136 1187 2168 ad
1212 2136 1272 2169 boe
1304 2134 1458 2168 servanda
1490 2135 1569 2167 soret
1585 2161 1592 2175 ,
1618 2134 1745 2167 illorum

1003 2189 1145 2222 omnium
1172 2195 1202 2221 et
1233 2188 1431 2232 singulorum
1456 2194 1602 2229 tenores,
1629 2188 1746 2221 formas

1004 2248 1033 2275 et
1058 2243 1239 2276 occasiones
1272 2242 1491 2286 praesentibus
1516 2253 1574 2286 pro
1600 2242 1691 2286 plene
1717 2247 1746 2275 et

1004 2296 1195 2330 sufficienter
1224 2297 1382 2340 expressis
1415 2302 1444 2329 et
1475 2296 1606 2329 servatis
1631 2306 1742 2339 respe-

1003 2350 1082 2383 ctive
1107 2350 1273 2390 babentes,
1305 2350 1365 2382 illis
1392 2350 1467 2382 alias
1492 2350 1523 2382 in
1548 2360 1604 2382 suo
1631 2349 1746 2382 robore

1004 2404 1231 2447 permansuris,
1256 2403 1294 2435 ad
1314 2403 1563 2446 praemissorum
1599 2403 1744 2436 effectum

1003 2458 1061 2490 liae
1087 2457 1152 2490 vice
1177 2457 1337 2489 dumtaxat
1354 2456 1532 2500 specialiter
1551 2462 1579 2489 et
1597 2467 1746 2500 expresse

1003 2511 1209 2553 derogainus;
1232 2510 1406 2553 ceterisque
1435 2510 1599 2543 contrariis
1622 2511 1747 2553 quibus-

1003 2575 1147 2608 cumque.

1049 2620 1156 2651 [tatum
1191 2619 1324 2656 Itomae,
1350 2618 1432 2661 apud
1456 2619 1484 2650 S.
1512 2618 1658 2658 Petrum,
1685 2619 1742 2650 sub

1669 199 1711 232 99
1759 207 1806 235 An.
1828 207 1855 234 C.
1874 207 1942 235 1655

1789 860 1945 881 Contrariorum

1779 893 1785 900 .,
1806 893 1836 904 ea-
