2185 3188
30 928 36 1162 l

32 1249 38 1490 ῑ

34 1612 39 1660 l

36 1867 39 1894 ι

52 189 102 216 An.
120 185 153 214 C:
171 183 240 213 1656

85 247 152 271 Dubia
174 245 231 267 deiu-

53 281 102 304 αρε
114 273 221 296 suscitata.

93 675 166 696 mrum
187 671 232 692 Ale·

55 700 130 723 nuder
149 699 234 720 damnat

56 727 172 755 praedictas
185 729 233 754 pro-

56 753 168 782 positiones
213 757 233 772 iu

56 786 115 803 sensu
124 779 150 800 ab
160 777 233 800 eodem

57 806 149 832 lamonia
168 806 233 827 inteu-

837 182 1024 208 ALEXANDER
1050 183 1095 206 vn
1119 184 1166 207 PP.

289 232 304 275 ἓ
328 231 357 265 5.
382 231 457 265 Cum
475 237 590 274 autem,
609 232 688 266 sicut
704 231 893 275 accepimus,
910 240 985 264 non-

246 285 322 318 nulli
356 284 528 328 iniquitatis
558 285 614 318 filii
639 286 814 330 praedictas
845 284 984 329 quinque

245 337 475 382 propositiones
492 338 540 371 vel
560 338 591 371 in
611 338 710 372 libro¹
729 338 890 382 praedicto
908 337 985 371 eius-

246 390 316 423 dem
341 391 477 425 Cornelii
504 392 635 425 lansenii
660 402 722 426 non
749 391 902 436 reperiri,
931 390 984 423 sed

246 442 317 476 ficte
341 448 371 476 et
393 454 453 487 pro
470 444 602 477 arbitrio
628 445 818 488 compositas
844 454 920 484 esse,
938 444 984 476 vel

246 497 277 530 in
295 506 387 529 sensu
412 497 450 529 ab
475 497 585 531 eodem
607 498 725 531 intento
743 498 903 530 damnatas
924 507 985 530 non

246 548 341 582 fuisse
353 559 494 583 asserere
512 561 627 594 magno
645 561 715 584 cum
734 550 985 584 christifidelium

247 601 393 635 scandalo
414 612 475 636 non
498 603 720 637 reformident:

290 655 306 699 §
330 655 359 688 6.
385 657 457 697 Nos,
475 656 530 700 qui
555 657 659 690 omnia
679 667 758 701 quae
787 657 816 689 in
842 666 876 689 re
901 661 987 699 gesta

248 714 320 742 sunt
343 709 536 744 sufficienter
567 715 597 743 et
621 715 736 743 attente
760 710 987 754 perspeximus,

248 768 355 807 utpote
380 763 432 807 qui
457 763 597 797 eiusdem
615 764 786 798 Innocentii
804 763 989 808 praedeces-

248 817 328 849 soris
346 816 441 857 iussu,
462 816 536 850 dum
552 817 654 851 adhuc
670 818 700 850 in
722 817 897 851 minoribus
917 827 988 850 con-

248 869 345 903 stituti
389 870 555 903 cardinalis
596 881 727 905 munere
761 872 987 914 fungeremur,

249 923 395 957 omnibus
428 924 488 957 illis
513 926 736 968 congressibus
769 926 1007 965 interfuimus‚=

249 977 280 1009 in
304 976 418 1021 quibus
454 979 626 1022 apostolica
659 979 843 1012 auctoritate
880 979 988 1012 eadem

249 1040 342 1063 causa
362 1030 500 1064 discussa
518 1031 584 1065 est²
601 1034 636 1065 ea
656 1034 798 1077 profecto
815 1032 988 1076 diligentia,

249 1094 310 1128 qua
335 1084 436 1118 maior
460 1085 631 1119 desiderari
656 1096 717 1119 non
742 1092 858 1130 posset,
884 1097 989 1130 quam-

251 1148 386 1182 cumque
418 1138 644 1172 dubitationem
681 1150 775 1183 super
809 1140 990 1183 praemissis

250 1190 281 1223 in
304 1195 466 1235 posterum
491 1192 615 1225 auferre
640 1193 795 1235 volentes,
821 1197 854 1227 ut
882 1203 1007 1226 omnes*

251 1245 468 1278 christifideles
490 1246 520 1279 in
540 1246 679 1280 eiusdem
698 1247 770 1280 fidei
788 1248 906 1283 unitate
923 1259 990 1281 sese

252 1299 440 1342 contineant,
459 1310 494 1333 ex
514 1301 619 1334 debito
643 1302 742 1335 nostri
768 1302 933 1346 pastoralis
950 1303 991 1336 of-

251 1352 323 1393 ficii,
347 1364 383 1387 ac
407 1356 530 1388 matura
555 1354 789 1398 deliberatione,
814 1356 991 1400 praeinser-

251 1411 312 1439 tam
334 1407 505 1441 Innocentii
531 1409 782 1452 praedecessoris
802 1410 901 1444 nostri
923 1421 993 1444 con-

251 1459 454 1502 stitutionem,
468 1461 711 1496 declarationem
729 1469 758 1496 et
778 1463 990 1498 definitionem

250 1513 363 1547 harum
389 1515 469 1549 serie
494 1516 729 1559 confirmamus,
760 1518 992 1562 approbamus,

251 1567 445 1611 innovamus,
463 1575 492 1603 et
509 1570 646 1615 quinque
671 1571 738 1605 illas
763 1572 994 1616 propositiones

252 1631 287 1654 ex
314 1622 396 1655 libro
428 1624 673 1667 praememorati
698 1624 833 1658 Cornelii
860 1627 1011 1659 lansenii1

253 1674 390 1720 episcopi
416 1676 563 1720 lprensis,
589 1678 638 1711 cui
673 1678 781 1712 titulus
806 1685 851 1712 est
875 1681 992 1724 Anqu-

251 1729 367 1769 sunus,
392 1735 565 1774 excerptas,
582 1741 618 1764 ac
643 1732 674 1764 in
699 1742 792 1765 sensu
817 1733 856 1766 ab
882 1733 992 1767 eodem

252 1782 396 1816 Cornelio
420 1784 563 1817 lansenio
584 1785 702 1819 intento
719 1786 881 1820 damnatas
898 1788 993 1821 fuisse

253 1835 450 1870 declaramus
467 1842 496 1872 et
512 1838 689 1880 desinimus,
707 1850 743 1873 ac
760 1841 803 1873 uti
826 1841 912 1883 tales,
930 1842 994 1874 inu-

253 1889 318 1923 sta³
341 1890 458 1925 scilicet
483 1891 590 1925 eadem
610 1892 742 1936 singulis
759 1895 844 1934 nota,
862 1904 941 1937 quae
963 1895 992 1927 in

254 1943 411 1986 praedicta
437 1944 648 1978 declaratione
672 1952 702 1979 et,
726 1946 908 1981 definitione
929 1949 994 1981 uni-

254 1995 368 2040 cuique
381 1997 504 2030 illarum
522 1998 703 2042 singillatim
719 2000 864 2041 inuritur,
879 2001 992 2038 iterum

253 2049 449 2091 damnamus,
468 2061 504 2084 ac
521 2052 665 2085 eumdem
682 2053 799 2086 librum
826 2055 992 2099 saepedicti
1010 2087 1012 2099 ,

255 2103 388 2137 Cornelii
408 2104 550 2147 lansenii⁷
570 2106 618 2139 cui
647 2107 754 2140 titulus
775 2109 993 2152 Auyustz'nuS,
1010 2125 1012 2129 ¹

256 2167 428 2200 omnesque
452 2158 540 2199 alios,
558 2164 619 2192 tam
638 2161 879 2204 manuscriptos,
900 2172 994 2205 quam
1011 2191 1013 2197 ,

257 2210 336 2254 typis
360 2212 476 2252 editos,
501 2217 531 2244 et
556 2213 579 2245 si
604 2224 683 2256 quos
707 2214 810 2247 forsan
836 2215 867 2247 in
892 2222 994 2259 postc-

256 2274 326 2296 rum
353 2264 401 2296 edi
427 2265 614 2308 contigerit,
644 2267 674 2299 in
698 2267 813 2310 quibus
837 2268 1013 2311 praedicta3

257 2317 395 2350 eiusdem
430 2318 563 2351 Cornelii
597 2320 727 2353 lansenii
764 2321 929 2361 doctrina,
963 2327 1013 2354 ut!

294 2415 303 2440 1
328 2414 397 2442 Male
417 2414 480 2442 edit.
503 2415 580 2442 Main.
603 2416 665 2451 legit
686 2417 774 2445 libero
790 2422 825 2449 (a.
843 2424 891 2451 τ,).

292 2458 308 2485 2
327 2458 394 2486 Male
415 2464 443 2486 ut
470 2464 534 2495 puto
558 2460 620 2488 edit.
643 2460 722 2488 Malu.
744 2461 803 2489 heic
823 2462 876 2489 duo
897 2452 1013 2498 punctal

258 2501 403 2538 interponit
421 2504 457 2538 (a.
475 2505 522 2538 τ.).
1012 2501 1013 2513 ’

293 2549 309 2575 3
326 2549 442 2576 Pessime
457 2549 521 2576 odit.
535 2549 612 2577 Maia.
630 2550 690 2586 legit
708 2551 817 2580 'iniusta
833 2560 881 2587 pro
897 2553 996 2580 inusta
1012 2539 1014 2566 ι

258 2594 298 2630 (a.
313 2594 361 2629 τ.).

1658 174 1721 208 ⁶247
1768 184 1818 211 An.
1843 184 1869 210 c.
1894 184 1961 211 1656

1018 241 1113 274 supra
1141 231 1304 273 damnata,
1330 232 1518 273 detenditur⁷
1546 233 1594 265 vel
1619 232 1759 265 adstrui-

1019 289 1078 323 tur⁷
1096 289 1148 316 aut
1173 284 1357 318 defendetur
1379 291 1408 318 et
1431 286 1619 328 adstruetur,
1637 286 1762 318 damna-

1020 347 1087 368 mus
1102 336 1220 378 itidem,
1238 343 1330 381 atque
1349 339 1563 382 prohibemus.
1583 339 1762 373 Mandantes
1813 351 1900 380 imm
1925 351 1962 371 nh-

1019 390 1165 423 omnibus
1191 391 1469 433 christifidelibus,
1498 403 1537 425 ne
1569 393 1761 435 praedictam
1778 383 1961 425 fi'i='s⁸i3‡¹nt.0ti2'1it'.¹¹

1019 443 1195 477 doctrinam
1230 450 1370 486 teneant7
1403 445 1602 489 praedicent,
1631 446 1763 479 doceant

1020 497 1127 538 verbo,
1146 498 1193 530 vel
1214 498 1244 530 in
1265 498 1391 542 scriptis
1416 505 1583 542 exponant,
1603 500 1648 531 vel
1667 500 1763 532 inter-

1002 586 1004 590 ,
1021 557 1185 596 pretentur
1219 553 1346 596 publice
1379 553 1426 584 vot
1458 553 1602 596 privatim
1618 581 1625 593 ,
1659 554 1764 597 palam

1003 623 1004 628 =
1022 605 1068 638 vel
1092 606 1212 638 occulte
1231 606 1427 649 imprimant,
1445 606 1503 638 sub
1520 606 1629 649 poenis
1647 611 1675 639 et
1691 617 1763 639 cen-

1021 658 1102 691 suris
1129 662 1238 692 contra
1263 659 1439 692 haereticos
1469 659 1499 691 in
1531 659 1599 691 iure
1629 670 1764 702 expres-

1022 712 1073 752 sis,
1093 712 1161 756 ipso
1178 712 1260 745 facto
1274 712 1391 756 absque
1411 713 1470 745 alia
1490 712 1699 745 declaratione
1718 713 1763 745 in-

1023 766 1201 799 currendis:

1067 819 1081 862 ἓ
1107 818 1134 851 7.
1160 819 1375 863 praecipimus
1392 819 1488 862 igitur
1505 819 1652 852 omnibus
1678 829 1766 852 vene·
1802 830 1965 866 contemnam-

1023 872 1176 905 rahilibus
1192 873 1344 906 fratribus
1360 872 1474 906 nostris
1488 872 1686 917 patriarchis,
1703 873 1765 916 pri·
1780 859 1809 877 ’θ’
1826 859 1891 883 “um''

1025 925 1178 966 matibus,
1203 926 1455 970 metropolitanis
1470 953 1477 966 ‚
1497 925 1743 969 archiepiscopis
1757 954 1764 967 ,

1024 978 1194 1022 episcopis,
1213 979 1389 1023 ceterisque
1414 980 1556 1012 locorum
1583 978 1765 1021 Ordinariis‚

1024 1042 1058 1064 ac
1076 1031 1255 1065 haereticae
1275 1032 1436 1076 pravitatis
1462 1032 1710 1077 inquisitoribus,
1730 1043 1766 1066 ac

1025 1084 1180 1117 iudicibus
1205 1085 1436 1126 ecclesiasticis,
1455 1086 1492 1118 ad
1517 1096 1595 1130 quos
1620 1086 1766 1130 pertinet,

1024 1143 1057 1170 ut
1082 1137 1310 1181 pracinsertam
1328 1138 1468 1171 eiusdem
1487 1138 1658 1172 Innocentii
1681 1149 1768 1182 prac-

1024 1191 1199 1224 decessoris
1225 1192 1498 1232 constitutionem,
1523 1192 1767 1225 declarationem

1024 1255 1059 1277 ac
1084 1244 1298 1278 definitionem
1316 1273 1322 1285 ‚
1359 1246 1444 1279 iuxta
1478 1251 1676 1290 praesentem
1711 1257 1768 1279 no-

1025 1303 1120 1331 stram
1147 1299 1451 1342 determinationem,
1477 1299 1516 1332 ab
1542 1299 1688 1332 omnibus
1712 1300 1769 1333 ob-

1025 1352 1143 1384 servari
1159 1352 1280 1394 saciant⁷
1298 1363 1333 1385 ac
1352 1352 1566 1385 inobedientes
1586 1358 1616 1385 et
1637 1353 1769 1386 rebelles

1026 1405 1194 1449 praedictis
1214 1407 1324 1450 poenis
1344 1407 1476 1451 aliisque
1493 1407 1569 1439 iuris
1587 1412 1617 1439 et
1637 1407 1705 1440 sacti
1724 1416 1770 1440 re-

1027 1459 1149 1501 mediis
1168 1459 1311 1493 invocato
1329 1460 1421 1493 etiam
1449 1460 1471 1492 si
1491 1471 1569 1504 opus
1587 1461 1681 1493 suerit
1701 1460 1770 1494 bra-

1009 1513 1090 1549 ,cliii
1116 1513 1266 1546 secularis
1290 1514 1417 1556 auxilio,
1439 1514 1568 1547 omnino
1593 1516 1768 1547 coerceant.

1071 1566 1182 1600 Datum
1197 1567 1325 1607 Romae,
1336 1567 1417 1611 apud
1430 1568 1458 1600 S.
1471 1567 1598 1600 Mariam
1610 1568 1771 1608 Maiorem,

1027 1630 1108 1652 anno
1145 1620 1371 1653 lncarnationis
1411 1621 1594 1655 Dominicae
1630 1632 1769 1663 iiDch,

1028 1683 1093 1706 xvu
1118 1673 1265 1706 kalendas
1290 1674 1481 1715 novembris
1499 1674 1699 1718 pontificatus
1720 1685 1771 1708 no-

1028 1727 1083 1759 stri
1105 1737 1186 1759 anno
1204 1737 1235 1759 11.

1064 1789 1120 1816 Dat.
1143 1789 1186 1816 die
1209 1790 1241 1816 16
1260 1790 1378 1817 octobris
1402 1790 1477 1823 1656,
1499 1792 1594 1827 pontis.
1615 1800 1685 1820 anno
1706 1800 1733 1820 11.

1322 1933 1474 1966 cxxxix.

1028 2012 1184 2045 Facultas
1203 2014 1322 2046 nuncio
1337 2014 1499 2048 Francz'ae
1516 2015 1691 2048 relaxandi
1707 2027 1773 2048 sus-

1070 2067 1258 2109 pensionem
1284 2067 1445 2100 orde'natis
1465 2068 1503 2100 ab
1528 2069 1684 2112 episcopis
1713 2081 1772 2112 per

1073 2120 1210 2152 vic-arios
1227 2121 1425 2164 capitulares
1442 2121 1590 2155 ecclesiae
1603 2122 1772 2156 Parisien-

1073 2173 1116 2204 sis
1142 2173 1282 2206 indebite
1306 2174 1497 2217 deputatis-¹.

1029 2252 1199 2279 Venerabili
1220 2253 1307 2280 fratri
1333 2254 1430 2281 Caelio
1451 2255 1678 2289 archiepiscopo
1700 2256 1771 2282 Cae-

1066 2304 1180 2330 sareae,
1199 2298 1277 2331 apud
1293 2299 1482 2326 carissimum
1497 2299 1526 2326 in
1544 2299 1660 2326 Christo
1677 2300 1772 2327 fllium

1066 2344 1201 2368 nostrum
1238 2342 1419 2370 Ludovtcum
1457 2343 1635 2370 Francorum
1673 2351 1771 2378 regem

1012 2393 1013 2418 ς
1066 2386 1351 2414 christianissimum
1385 2391 1488 2414 nostro
1521 2391 1551 2414 et
1585 2387 1771 2421 apostolicae

1068 2430 1153 2458 Sedis
1170 2431 1290 2461 nuncio,

1225 2492 1389 2520 Alexander
1414 2493 1492 2527 Papa
1512 2494 1574 2521 vlt.

1069 2599 1077 2624 l
1102 2598 1137 2624 lix
1160 2598 1264 2633 ttegest.
1287 2599 1311 2625 in
1332 2600 1434 2627 Secret.
1457 2599 1531 2629 Brev.
