2263 3215
287 232 335 256 An.
348 229 375 256 C.
403 229 465 258 1655
512 222 552 255 5ss

481 277 690 322 imperatoris,
715 287 836 319 regum,
862 277 1052 319 reginarum,
1078 277 1212 317 ducum,

481 332 695 363 marchionum
715 334 743 363 et
760 330 892 361 aliorum
911 330 1086 374 principum
1102 331 1213 362 instan-

481 384 564 423 tiam,
579 394 631 415 seu
658 384 780 415 illorum
807 383 1081 426 contemplatione,
1107 383 1135 414 in
1161 394 1213 425 ge-

479 447 553 468 nere
575 437 618 468 rel
646 436 674 467 in
700 434 866 479 specie‚‘ac
883 436 957 468 alias
977 437 1213 479 quomodolibet

479 489 569 520 etiam
596 488 712 520 iteratis
738 489 855 521 vicibus
887 489 1042 521 concessis
1067 489 1210 531 (etiamsi

478 541 508 573 in
533 541 598 580 cis,
623 552 658 573 ac
683 542 804 574 statutis
828 547 858 574 et
882 542 1099 575 stabilimentis
1122 552 1211 585 prae-

476 594 555 633 fatis,
582 599 727 626 caveatur
752 605 897 637 expresse
922 595 967 627 vel
995 594 1095 634 tacite,
1127 595 1210 637 quod

476 647 534 678 nisi
570 647 660 679 Urbis
699 647 878 688 originariis
918 647 1037 680 civibus
1072 647 1210 679 romanis

476 710 511 732 ac
535 700 648 733 civium
675 701 857 732 eorumdem
890 700 960 732 filiis
990 700 1209 741 conferantur,

476 753 620 796 quodque
645 753 866 786 nonnullarum
892 753 1093 785 ecclesiarum
1120 753 1211 785 bene-

475 806 544 838 ficia
570 806 625 838 nisi
651 817 706 849 per
730 816 880 849 personas
906 807 1056 846 illustres,
1083 807 1128 838 vel
1153 817 1209 839 no·

474 859 562 898 biles,
582 870 617 892 ac
634 860 725 891 etiam
747 860 935 901 originarios
952 861 1043 901 cives,
1061 865 1114 891 aut
1134 860 1208 892 alias

475 918 560 944 certo
586 912 677 944 1110th
703 912 731 944 in
757 913 817 944 illis
841 922 988 951 expresso
1014 912 1208 955 qualificatos

475 965 607 997 obtineri
632 976 693 998 non
719 966 847 1008 possint,
865 970 894 997 et
911 965 987 997 nulli
1006 965 1088 997 eires
1106 965 1207 1005 Urbis,

474 1028 509 1050 ac
543 1018 722 1057 civitatum,
747 1018 957 1061 oppidorum,
990 1023 1145 1050 terrarum
1180 1023 1208 1052 et

473 1071 614 1103 locorum
640 1071 816 1103 huiusmodi
841 1071 978 1110 admitti,
1003 1081 1056 1103 seu
1082 1071 1205 1103 illarum

472 1123 643 1166 privilegiis
664 1124 707 1155 uti
731 1124 861 1167 possint,
881 1124 939 1156 nisi
962 1124 1049 1167 prius
1070 1124 1100 1156 in
1117 1124 1206 1157 dictis

473 1176 669 1216 civitatibus,
700 1177 843 1220 oppidis,
877 1177 969 1209 terris
994 1182 1024 1209 et
1048 1177 1125 1210 locis
1150 1187 1206 1220 per

472 1235 591 1262 certum
613 1235 734 1273 tempus
753 1230 968 1272 habitaverint,
990 1241 1044 1263 seu
1064 1230 1156 1263 etiam
1175 1231 1205 1263 in

472 1283 532 1315 illis
550 1284 630 1315 bona
655 1284 746 1315 etiam
765 1284 887 1316 stabilia
904 1284 1008 1316 forsan
1026 1284 1064 1317 ad
1085 1291 1204 1318 certum

471 1337 608 1370 valorem
626 1338 821 1369 ascendentia
839 1338 1044 1381 posscderint,
1059 1339 1205 1382 quodque

470 1391 703 1434 praeceptoriae
729 1397 757 1424 ct
781 1392 839 1423 alia
859 1392 1009 1425 beneficia
1037 1404 1204 1436 quaecum-

471 1455 531 1487 que
555 1444 629 1477 dicti
654 1445 836 1488 hospitalis,
862 1450 923 1477 tam
958 1457 994 1478 ex
1027 1447 1094 1480 eius
1118 1447 1204 1480 insti-

470 1498 603 1538 tutione,
629 1509 720 1541 quam
746 1510 782 1531 ex·
808 1499 1088 1533 stabilimentorum
1114 1512 1203 1544 prac-

470 1551 624 1583 dietorum
638 1552 853 1595 dispositione,
866 1553 1067 1596 pensionibus
1082 1555 1203 1588 clericis

470 1605 662 1637 secularibus
687 1610 716 1637 et
740 1605 808 1637 aliis
832 1606 976 1649 personis
1012 1607 1103 1639 etiam
1129 1618 1203 1652 apo-

470 1658 576 1692 stolica
589 1660 772 1692 auctoritate
794 1660 990 1693 reservandis
1003 1661 1127 1703 gravari
1141 1672 1202 1695 non

468 1713 610 1755 possint,
646 1713 793 1756 quodque
829 1713 1048 1747 stabilitnentis
1081 1720 1109 1747 et
1140 1716 1201 1759 pri-

468 1765 588 1808 vilegiis
606 1766 773 1808 praedictis
793 1767 887 1798 etiam
905 1767 1011 1809 vigore
1032 1767 1202 1811 implicitae

468 1818 680 1861 derogationis
697 1819 847 1852 latissime
861 1820 1082 1862 extendendae,
1097 1823 1202 1854 etiam-

468 1871 492 1903 si
525 1882 581 1915 per
613 1882 829 1915 quascumque
861 1873 979 1906 litteras
1004 1875 1200 1918 apostolicas,

468 1930 497 1956 et
522 1925 645 1967 quasvis
669 1925 759 1957 etiam
785 1926 1054 1969 derogatoriarum
1072 1928 1200 1972 deroga-

469 1978 581 2020 tortas,
607 1979 796 2011 efficaciores
821 1985 849 2012 ct
874 1981 1014 2013 insolitas
1034 1982 1199 2025 clausulas,

425 2024 427 2027 ’
467 2031 612 2074 derogari
636 2042 698 2065 non
722 2033 827 2076 possit,
852 2044 908 2066 nec
928 2034 1113 2077 derogatum
1132 2046 1201 2068 cen-

467 2088 580 2125 seatur,
605 2085 663 2117 nisi
687 2086 847 2128 derogatio
868 2087 1046 2121 huiusmodi
1068 2088 1105 2121 de
1130 2100 1200 2122 con-

467 2137 536 2170 silio
560 2138 763 2171 cardinalium
790 2140 971 2172 eorumdem
997 2141 1058 2184 fiat,
1080 2146 1109 2174 ct
1134 2147 1199 2175 tum

467 2189 592 2222 demum
619 2191 756 2233 magistri
783 2197 811 2224 et
835 2199 1005 2226 conventus
1028 2195 1200 2238 praedicto-

467 2253 537 2274 rum
564 2243 600 2274 ad
627 2243 655 2275 id
680 2244 806 2276 accedat
831 2255 984 2286 assensus,
1011 2247 1134 2290 sintque
1155 2248 1200 2281 lit-

467 2301 550 2328 terae
575 2296 785 2339 derogationis
809 2298 987 2332 huiusmodi
1013 2301 1106 2333 etiam
1143 2313 1200 2345 per

467 2349 582 2381 dictum
609 2351 792 2393 magistrum
818 2352 1024 2396 subscriptae,
1049 2365 1084 2387 ac
1109 2355 1152 2387 illi
1171 2361 1200 2388 et

467 2402 627 2445 praedicto
641 2404 805 2436 conventui
821 2415 877 2448 per
891 2405 1028 2439 diversas
1049 2407 1078 2439 in
1097 2408 1199 2441 forma

468 2455 572 2487 Brevis
595 2461 647 2487 aut
671 2457 745 2489 alias
769 2457 887 2490 litteras
922 2458 1052 2492 diversis
1077 2465 1198 2505 tempo—

468 2507 554 2540 ribus
579 2519 648 2541 cum
675 2511 766 2543 certis
791 2511 960 2545 intervallis
986 2519 1199 2557 praesentatas

468 2560 646 2602 intimatae,
672 2568 701 2595 et
725 2573 787 2596 non
818 2565 902 2605 alias,
927 2576 984 2599 nec
1008 2567 1069 2600 alio
1096 2567 1199 2609 modo,

468 2619 497 2645 et
529 2623 651 2659 semper
684 2615 712 2647 iu
752 2618 897 2651 omnibus
932 2630 1010 2663 quae
1043 2621 1086 2653 sic
1125 2620 1200 2654 sient

1054 229 1228 254 BULtutnten

1257 229 1409 254 not-txxffltt

1248 278 1338 310 etiam
1365 277 1403 309 de
1423 274 1516 307 simili
1533 273 1663 307 consilio
1678 273 1933 317 derogationibus
1947 272 1985 306 sit

1247 329 1389 373 apposita
1415 328 1563 367 clausula,
1584 327 1666 370 quod
1692 327 1816 360 illorum
1838 327 1981 363 effectum

1247 383 1418 415 sortiantur
1442 381 1480 413 de
1505 391 1658 414 consensu
1689 381 1828 423 magistri
1854 381 1883 414 et
1908 393 1983 416 con-

1249 440 1356 466 ventus
1370 434 1613 478 praedictorum,
1628 439 1657 466 et
1676 444 1737 466 non
1750 435 1835 475 alias,
1851 445 1908 468 nec
1922 436 1982 470 alio

1248 487 1359 527 modo,
1385 487 1532 530 quodque
1557 486 1616 530 ipsi
1643 492 1803 519 exactores
1828 492 1857 522 et
1873 490 1982 532 appal-

1248 545 1362 572 tatores
1386 539 1532 580 decimas,
1552 539 1684 583 pedagia
1705 545 1733 572 et
1758 550 1854 572 onera
1878 541 1984 574 huius-

1247 593 1330 625 modi
1356 593 1447 626 etiam
1473 593 1511 626 ab
1536 594 1688 637 exemptis
1712 593 1846 636 exigere,
1865 599 1894 626 et
1912 595 1981 628 illos

1245 645 1282 678 ad
1296 646 1484 678 solutionem
1510 657 1564 678 seu
1585 646 1849 679 contributionem
1868 658 1981 690 cogere

1245 703 1275 730 et
1299 699 1489 742 compellere
1514 699 1634 742 possint
1658 709 1711 731 seu
1737 699 1892 743 debcant);
1917 701 1981 744 qui-

1245 751 1301 784 bus
1314 752 1469 792 omnibus,
1486 752 1612 785 illorum
1629 753 1768 785 omnium
1791 757 1924 795 tenores
1945 764 1980 787 ac

1244 804 1267 836 si
1285 804 1323 837 de
1340 805 1436 838 verbo
1449 805 1487 838 ad
1505 806 1633 838 verbum
1652 806 1877 846 insererentur,
1894 817 1981 850 prae-

1244 858 1382 891 sentibus
1399 869 1456 902 pro
1474 859 1629 903 expressis
1646 860 1807 900 habentes,
1828 859 1888 892 illis
1904 860 1979 893 alias

1245 912 1273 944 in
1291 923 1347 945 suo
1363 913 1478 946 robore
1491 913 1716 956 permansuris,
1732 913 1789 946 hac
1807 914 1872 946 vice
1893 914 1980 946 dum-

1243 969 1325 998 taxat
1348 965 1379 998 in
1399 976 1514 1009 genere
1538 971 1568 999 et
1593 966 1622 999 in
1647 967 1760 1010 specie,
1779 967 1816 999 ad
1833 966 1977 1001 effectum

1242 1019 1465 1061 praesentium,
1490 1019 1680 1052 sufficienter
1705 1025 1735 1052 et
1758 1030 1906 1064 expresse
1924 1020 1977 1053 de-

1242 1082 1389 1114 rogamus
1414 1083 1449 1105 ae
1473 1072 1658 1116 derogatum
1684 1083 1751 1105 esse
1768 1073 1976 1114 decernimus;

1242 1124 1364 1168 quodve
1389 1136 1443 1158 vos
1467 1126 1602 1168 primam
1627 1136 1689 1159 non
1715 1126 1850 1159 feceritis
1874 1127 1904 1158 in
1925 1137 1976 1159 ec-

1241 1177 1343 1210 clesiis
1361 1179 1539 1212 huiusmodi
1560 1179 1757 1222 personalem
1776 1179 1974 1213 residentiam

1241 1237 1431 1272 consuetam,
1456 1233 1630 1276 ceterisque
1656 1233 1821 1266 contrariis
1846 1233 1976 1277 quibus-

1240 1297 1382 1330 eumque.

1284 1340 1298 1383 ἓ
1323 1339 1374 1373 19.
1399 1339 1549 1373 Volumus
1570 1344 1671 1373 autem
1691 1341 1784 1384 quod,
1809 1345 1974 1385 antequam

1239 1393 1339 1436 gratia
1364 1393 1530 1426 creationis
1555 1393 1586 1426 in
1603 1399 1728 1427 nostros
1744 1399 1774 1427 et
1794 1394 1881 1427 Sedis
1897 1395 1978 1439 Apo-

1239 1446 1367 1479 stolicac
1390 1446 1529 1480 notarios
1562 1446 1669 1489 vobis,
1694 1452 1729 1480 ut
1756 1457 1871 1492 supra,
1897 1448 1976 1482 facta

1239 1499 1358 1542 perfrui
1383 1499 1520 1541 valeatis,
1544 1499 1574 1532 in
1600 1500 1743 1533 manibus
1759 1501 1890 1534 alicuius
1909 1512 1977 1546 per-

1239 1564 1333 1586 sonae
1358 1553 1388 1586 in
1413 1554 1562 1597 dignitate
1587 1555 1795 1587 ecelesiastica
1825 1556 1976 1589 constitu-

1239 1612 1286 1639 tae
1310 1607 1538 1651 professionem
1561 1607 1633 1640 fidei
1650 1607 1735 1641 iuxta
1752 1609 1900 1642 articulos
1915 1610 1976 1654 pri-

1237 1660 1306 1693 dem
1333 1671 1349 1693 a
1374 1661 1452 1693 Sede
1476 1661 1613 1704 praefata
1632 1661 1810 1705 propositos
1827 1673 1974 1706 expresse

1237 1714 1389 1754 emittere,
1404 1718 1434 1748 et
1446 1714 1572 1747 solitum
1587 1714 1744 1747 fidelitatis
1761 1715 1972 1749 iuramentum

1236 1773 1396 1811 praestare
1432 1768 1560 1801 omnino
1600 1768 1789 1809 teneamini;
1825 1769 1974 1813 quodque

1236 1821 1447 1864 praesentium
1465 1821 1677 1864 transumptis,
1691 1821 1782 1854 etiam
1802 1822 1972 1866 impressis,

1236 1884 1328 1906 manu
1352 1873 1483 1907 alicuius
1506 1874 1618 1907 notarii
1644 1874 1763 1917 publici
1787 1875 1973 1919 subscriptis

1235 1932 1265 1960 et
1288 1927 1392 1970 sigillo
1425 1927 1554 1960 alicuius
1589 1938 1742 1971 personae
1767 1928 1798 1960 in
1822 1928 1972 1971 dignitate

1235 1981 1448 2014 ecclesiastica
1472 1981 1658 2014 constitutae
1690 1981 1837 2023 munitis,
1863 1982 1971 2016 eadem

1236 2045 1366 2078 prorsus
1392 2033 1468 2066 fides
1489 2033 1520 2066 in
1537 2034 1651 2067 iudicio
1669 2039 1698 2067 et
1718 2040 1804 2067 extra
1828 2035 1973 2069 adhibea—

1237 2094 1295 2128 tur,
1320 2097 1399 2130 quae
1423 2087 1500 2130 ipsis
1518 2087 1736 2130 praesentibus
1755 2088 1971 2130 adhiberetur,

1235 2140 1259 2173 si
1284 2141 1385 2174 forent
1409 2140 1565 2173 exhibitae
1590 2141 1639 2173 vel
1663 2147 1815 2174 ostensae.

1278 2195 1387 2227 Datum
1401 2194 1526 2234 Romae,
1553 2194 1637 2237 apud
1666 2195 1694 2228 S.
1723 2195 1850 2228 Mariam
1877 2196 1970 2230 Maio-

1235 2258 1312 2288 rem,
1330 2247 1387 2280 sub
1404 2247 1520 2280 annulo
1541 2248 1716 2289 piscatoris,
1745 2249 1795 2282 die
1823 2260 1887 2282 xvu
1915 2260 1969 2283 au-

1234 2300 1316 2343 gusti
1340 2310 1455 2341 MDCLv,
1475 2300 1676 2344 pontificatus
1691 2302 1789 2334 nostri
1810 2312 1891 2336 anno
1916 2313 1935 2336 1.

1268 2363 1329 2390 Dat.
1350 2362 1393 2390 die
1412 2363 1440 2390 t’t
1462 2363 1567 2398 augusti
1584 2364 1661 2397 1655,
1678 2364 1773 2400 pontif.
1789 2373 1860 2392 anno
1876 2371 1893 2392 1.

1550 2498 1652 2531 XXXI.

1233 2566 1410 2601 Moderatio
1433 2568 1629 2611 facultatum
1652 2569 1843 2603 reverendae
1869 2568 1969 2612 fabri-

1277 2632 1329 2655 cae
1361 2621 1512 2655 basilicae
1543 2623 1710 2668 Principis
1740 2623 1968 2668 Apostolorum

2000 225 2049 252 An.
2063 225 2090 251 C.
2116 226 2181 254 1655

2026 1347 2175 1372 'rransnmpto-

1990 1382 2035 1398 rum
2051 1377 2109 1399 tides.
