2243 3205
38 197 84 223 An.
101 195 128 221 C.
151 193 218 221 ¹660

70 1107 155 1129 noum.

53 1849 162 1872 Decretum
174 1856 234 1878 prae·

54 1878 151 1899 insertum
160 1878 235 1899 counr-

54 1907 104 1926 mat.

827 190 1010 216 ALEXANDER
1035 189 1079 213 vn
1102 189 1150 213 PP.

233 240 345 273 clesiae
368 240 556 284 praedictae,
574 245 644 284 post
666 239 910 284 promissionem
932 238 970 271 de

233 294 294 327 illis
318 294 489 327 faciendam
508 293 790 333 decurrendoruni,
811 293 911 326 eidem
933 292 972 324 fa-

232 347 337 381 bricae
362 348 416 392 (ita
442 348 525 391 quod
550 348 659 381 liceret
691 348 828 391 capitulo
858 352 888 380 et
919 356 971 379 ca-

233 401 354 435 nonicis
379 401 479 434 dictae
503 401 664 441 ecclesiae,
692 401 854 444 ipsiusque
879 399 973 432 fabri-

235 466 289 489 cae
313 454 497 494 camerario,
513 459 542 486 et
555 454 623 487 aliis
640 455 677 486 ab
703 454 820 487 eisdem
836 453 973 497 capitulo

235 513 266 540 et
289 507 447 541 canonicis
470 508 625 551 deputatis
644 518 698 540 seu
715 507 911 551 deputandis,
931 506 975 539 di-

235 565 303 593 ctae
327 560 463 593 fabricae
487 560 623 600 nomine,
640 560 771 604 propria
791 559 975 593 auctoritate

236 613 436 647 medietatem
449 613 631 646 huiusmodi
651 613 764 646 debitis
778 612 976 657 temporibus

235 667 400 711 percipere
425 672 454 700 et
477 667 507 699 in
533 666 631 710 ipsius
655 665 791 699 fabricae
811 677 885 699 usus
903 676 976 699 con-

236 726 358 754 vertere
383 720 520 754 cuiusvis
544 720 668 753 licentia
686 719 823 764 desuper
847 719 975 752 minime

236 774 401 819 requisita)
426 779 579 818 perpetuo
604 773 774 817 applicavit
801 778 831 806 et
862 783 976 817 appro-

236 828 360 873 priavit,
385 833 414 861 et
437 828 512 861 alias
532 832 626 872 prout
644 827 674 859 in
693 826 820 860 decreto
837 826 976 860 eiusdem

236 882 403 916 Clementis
415 880 668 926 praedecessoris
686 879 822 924 desuper
835 880 893 913 sub
906 879 977 912 data

237 935 287 968 die
312 945 364 968 xlv
389 935 456 968 iulii
477 944 594 976 MDxcn,
613 934 702 967 cuius
726 938 867 966 tenorem
890 944 977 977 prae-

238 989 377 1023 sentibus
389 999 447 1033 pro
464 989 555 1032 plene
575 993 604 1021 et
622 987 812 1020 sufficienter
829 998 977 1031 expresso

240 1049 270 1076 et
294 1043 412 1076 inserto
443 1041 553 1075 haberi
586 1041 751 1082 volumus,
789 1040 977 1073 continetur.

285 1095 335 1140 §2
345 1097 433 1130 Nunc
446 1100 550 1128 autem
560 1105 627 1135 nos,
637 1105 696 1138 pro
706 1093 875 1127 commissa
888 1093 978 1126 nobis

241 1150 370 1183 caelitus
384 1149 524 1183 omnium
540 1148 744 1182 ecclesiarum
758 1147 978 1189 sollicitudine,

241 1203 377 1237 fabricae
389 1202 710 1247 praedictae,necn0n
724 1201 884 1234 sacristiae
901 1201 980 1233 eius-

241 1257 312 1291 dem
338 1257 488 1290 ecclesiae
524 1255 554 1289 S.
589 1255 713 1289 loannis
738 1254 956 1288 Later-anensis
973 1281 980 1295 ,

242 1321 321 1355 quae
347 1311 395 1354 (ut
418 1310 610 1354 accepimus)
636 1310 724 1342 sacra
749 1307 981 1352 suppellectili,

243 1369 393 1408 quantum
412 1364 510 1408 ipsius
530 1363 680 1396 ecclesiae
697 1362 832 1405 dignitas
850 1361 983 1405 requirit

244 1423 274 1451 et
298 1417 467 1450 necessitas
491 1416 597 1459 exigit,
615 1416 767 1448 instructa
788 1415 917 1447 minime
935 1425 983 1447 re-

244 1471 375 1516 peritur,
400 1469 564 1503 consulere
589 1468 759 1513 cupientes,
780 1468 818 1501 de
843 1479 979 1510 congre-

246 1523 379 1567 gationis
398 1522 624 1566 venerabilium
643 1522 774 1554 fratrum
802 1525 983 1555 nostrorum

246 1576 275 1609 S.
301 1577 335 1609 R.
365 1576 397 1608 E.
420 1575 625 1608 cardinalium
651 1585 772 1608 necnon
797 1574 984 1607 dilectorum

246 1629 383 1662 filiorum
409 1629 568 1661 Romanae
587 1628 692 1661 curiae
708 1628 921 1672 praelatorum
940 1637 986 1660 su-

219 1675 223 1678 *
247 1693 304 1727 per
327 1681 462 1725 negotiis
487 1681 671 1714 visitationis
696 1681 866 1724 apostolica
892 1680 987 1713 eccle-

248 1735 365 1769 siarum
391 1739 420 1768 et
444 1735 587 1768 locorum
613 1734 739 1778 piorum
773 1734 866 1767 Urbis
890 1744 986 1777 prae-

247 1788 349 1822 dictae
363 1798 380 1820 a
396 1787 487 1821 nobis
502 1787 659 1820 institutae
676 1787 899 1831 deputatorum
918 1797 989 1819 con-

249 1842 329 1884 silio,
355 1846 503 1874 statutum
529 1846 558 1873 et
589 1840 818 1874 ordinationem
835 1867 842 1881 ‚
868 1840 989 1883 aliaque

249 1895 444 1940 praemissa,
469 1905 504 1927 ac
529 1894 690 1927 decretum
715 1894 849 1938 desuper
881 1904 898 1926 a
922 1894 988 1927 Cle-

250 1954 354 1982 mente
386 1947 631 1992 praedecessore
668 1953 848 1980 emanatum
882 1947 991 1980 huius-

251 2001 336 2035 modi
360 2001 516 2045 (quamvis
534 2001 663 2041 fructus,
681 2000 831 2041 redditus,
857 2011 990 2044 proven-

251 2060 310 2096 tus,
335 2054 571 2087 distributiones
595 2054 806 2098 quotidianae,
831 2054 909 2096 iura,
935 2053 991 2086 ob-

251 2108 413 2142 ventiones
437 2113 466 2141 et
491 2108 704 2140 emolumenta
730 2107 889 2151 praedicta
924 2107 992 2140 aliis

253 2162 402 2195 oneribus
412 2172 465 2195 seu
479 2161 683 2205 pensionibus
697 2158 824 2204 gravata
835 2161 992 2205 existant),

256 2216 298 2249 ita
322 2220 357 2249 ut
380 2214 530 2248 medietas
551 2214 731 2248 huiusmodi
758 2214 788 2247 in
812 2214 911 2247 dictae
936 2225 989 2247 ec-

254 2269 367 2302 clesiae
391 2269 553 2309 fabricam,
578 2279 711 2312 eamque
744 2268 993 2310 restaurandam,

254 2323 302 2356 vel
327 2322 359 2355 in
384 2332 504 2355 sacram
531 2321 779 2365 suppellectilem
809 2321 992 2365 parandam,

255 2375 298 2409 uti
325 2386 375 2408 res
400 2375 466 2419 ipsa
491 2374 706 2419 postulaverit,
725 2375 875 2414 converti,
900 2374 995 2418 appli-

257 2427 320 2461 cari
346 2432 376 2461 et
400 2428 525 2470 erogari
557 2427 655 2460 libere
680 2431 710 2460 et
734 2426 818 2460 licite
843 2427 942 2470 possit
966 2432 995 2460 et

256 2481 377 2524 debeat,
392 2481 576 2514 auctoritate
590 2480 772 2525 apostolica,
783 2485 892 2514 tenore
910 2491 996 2525 prac-

1650 176 1706 209 571

1004 238 1119 271 debere
1144 237 1352 269 decernimus.
1378 237 1542 269 Praeterea
1567 234 1649 267 idem
1674 239 1739 267 sta-

1004 296 1106 324 tutum
1132 295 1161 323 et
1185 289 1414 323 ordinationem
1439 289 1477 322 ad
1502 299 1611 322 omnes
1636 293 1665 320 et
1685 287 1744 320 sin-

1006 344 1106 387 gulos,
1131 343 1248 387 quibus
1279 342 1316 375 de
1345 342 1523 382 beneflciis,
1551 340 1743 374 beneficiati-

1006 398 1074 438 bus,
1092 397 1138 429 vel
1157 396 1356 429 clericatibus
1373 395 1561 439 nuncupatis
1578 395 1608 427 in
1633 394 1743 427 eadem

1007 451 1138 485 ecclesia
1175 450 1202 483 S.
1226 450 1350 483 Ioannis
1386 449 1602 482 Later-anensis
1634 448 1744 492 quovis

1008 505 1102 538 modo
1127 514 1210 537 nunc
1234 504 1338 536 forsan
1363 503 1543 537 vacantibus
1568 508 1597 535 et
1622 502 1652 534 in
1682 511 1741 545 po-

1008 564 1126 592 sterum
1152 557 1415 602 quandocumque
1439 556 1593 589 vacaturis
1617 566 1673 599 per
1689 565 1746 588 nos

1009 613 1055 645 vel
1081 612 1238 645 Romanos
1262 611 1428 644 Pontifices
1453 620 1651 643 successores
1683 619 1746 642 no—

1009 671 1091 698 stros
1127 670 1157 697 et
1193 664 1303 698 Sedem
1337 663 1546 707 Apostolicam
1583 668 1636 695 aut
1669 662 1747 694 alios

1010 728 1227 763 quoscumque
1257 717 1350 750 etiam
1387 716 1512 760 speciali
1536 717 1610 749 nota
1635 721 1665 748 et
1689 725 1747 748 ex-

1010 772 1172 817 pressione
1198 771 1309 814 dignos
1333 770 1426 803 etiam
1456 769 1664 802 cardinalatus
1696 769 1749 801 ho-

1010 837 1087 860 nore
1111 826 1265 869 fulgentes
1290 824 1398 868 quavis
1421 823 1607 857 auctoritate
1638 822 1746 866 provi-

1011 891 1078 913 sum
1103 884 1325 925 pro-tempore
1349 877 1443 910 fuerit
1463 877 1519 920 (ita
1537 876 1620 920 quod
1639 886 1748 909 eorum

1011 933 1125 976 singuli
1152 931 1349 964 medietatem
1382 930 1524 963 omnium
1550 935 1579 962 ct
1605 929 1747 971 singulo-

1011 997 1081 1020 rum
1107 986 1277 1024 fructuum,
1302 984 1493 1023 reddituum,
1519 988 1749 1026 proventuum,

1011 1040 1139 1080 iurium,
1164 1038 1389 1072 obventionum
1415 1047 1536 1071 necnon
1561 1035 1752 1068 distributio-

1012 1104 1086 1126 num
1112 1092 1384 1136 quotidianarum,
1409 1095 1439 1125 et
1462 1090 1751 1123 emolumentorum

1013 1156 1287 1191 quorumcumque
1311 1145 1406 1189 primi
1437 1144 1509 1177 anni
1535 1154 1664 1177 suorum
1697 1142 1752 1174 be-

1013 1200 1216 1233 neficiatuum
1241 1205 1270 1232 et
1294 1196 1666 1241 clericatuum,quamvis
1686 1195 1754 1228 aliis

1014 1253 1164 1286 oneribus
1178 1262 1232 1285 seu
1249 1251 1453 1295 pensionibus
1473 1256 1600 1293 gravata
1614 1250 1754 1289 existant,

1015 1307 1152 1339 fabricae
1177 1306 1224 1338 vel
1249 1305 1409 1338 sacristiae
1430 1304 1607 1348 praedictae
1632 1303 1707 1335 dare
1728 1306 1757 1336 et

1015 1360 1196 1404 persolvere
1221 1359 1350 1391 omnino
1375 1364 1405 1391 et
1433 1357 1551 1401 absque
1581 1357 1644 1390 ulla
1670 1356 1757 1388 dimi-

1016 1414 1155 1453 nutione,
1180 1412 1267 1446 omni
1292 1416 1321 1446 et
1345 1421 1543 1455 quacumque
1563 1410 1757 1453 exceptione,

1017 1466 1228 1510 appellatione
1254 1470 1284 1498 et
1308 1475 1438 1498 recursu
1470 1464 1594 1507 penitus
1620 1463 1758 1501 semotis,

1019 1520 1163 1552 similiter
1181 1518 1314 1551 debeant
1332 1523 1361 1550 et
1379 1518 1557 1560 teneantur)
1575 1516 1759 1549 auctoritate

1019 1579 1049 1606 et
1073 1578 1181 1606 tenore
1205 1571 1374 1616 praedictis
1399 1571 1613 1610 extendinms3
1640 1575 1669 1603 et
1683 1569 1760 1602 nibi-

1020 1627 1155 1661 lominus
1181 1626 1379 1660 medietatem
1404 1625 1545 1658 omnium
1564 1630 1594 1657 ct
1618 1624 1759 1666 singulo-

1021 1691 1091 1714 rum
1116 1681 1286 1719 fruetuum,
1313 1679 1503 1719 reddituum,
1529 1683 1761 1722 proventuum,

1022 1735 1149 1775 iurium,
1174 1733 1397 1767 obventionum
1419 1737 1448 1764 et
1462 1732 1763 1771 emolumentorum,

1022 1800 1057 1822 ac
1082 1787 1340 1821 distributionum
1376 1785 1630 1829 quotidianarum
1668 1783 1763 1828 primi

1022 1841 1093 1874 anni
1130 1840 1271 1873 omnium
1303 1843 1333 1873 et
1365 1839 1563 1882 singulorum
1589 1837 1761 1870 beneficia-

1024 1901 1111 1928 tuum
1130 1899 1159 1927 et
1179 1893 1383 1927 clericatuum
1398 1892 1590 1932 huiusmodi,
1605 1896 1676 1935 post
1694 1901 1765 1935 pro‘

1026 1948 1177 1981 visionem
1202 1947 1240 1979 de
1265 1946 1326 1979 illis
1351 1945 1523 1978 faciendam
1549 1943 1765 1977 decurrendo-

1025 2012 1107 2042 rum,
1132 2001 1234 2034 eidem
1259 1999 1396 2032 fabricae
1432 1999 1479 2032 vel
1516 1999 1675 2031 sacristiae
1700 1998 1767 2041 (ita

1025 2055 1109 2098 quod
1134 2054 1254 2098 pariter
1278 2053 1370 2086 liceat
1394 2052 1530 2096 capitulo
1555 2057 1584 2084 et
1609 2051 1766 2085 canonicis

1027 2107 1208 2152 praedictis,
1233 2106 1395 2150 ipsiusque
1419 2105 1556 2138 fabricae
1582 2105 1767 2145 camerario,

1027 2167 1057 2194 et
1081 2161 1150 2194 aliis
1175 2160 1214 2192 ab
1241 2160 1357 2193 eisdem
1391 2159 1528 2203 capitulo
1554 2164 1583 2191 et
1608 2158 1766 2191 canonicis

1026 2214 1182 2258 deputatis
1207 2224 1261 2246 seu
1286 2213 1482 2257 deputandis,
1507 2212 1607 2245 dictae
1631 2211 1768 2245 fabricae

1027 2268 1074 2300 vel
1096 2266 1255 2300 sacristiae
1271 2266 1409 2306 nomine,
1436 2265 1565 2309 propria
1583 2265 1768 2299 auctoritate

1028 2320 1170 2353 eamdem
1192 2319 1391 2352 medietatem
1424 2319 1537 2352 debitis
1575 2319 1769 2363 temporibus

1029 2374 1202 2417 percipere,
1220 2384 1255 2406 ac
1282 2373 1311 2405 in
1338 2373 1435 2416 ipsius
1460 2372 1596 2406 fabricae
1617 2384 1702 2413 usuS,
1721 2372 1768 2406 vcl

1029 2427 1060 2460 in
1085 2437 1205 2460 sacram
1243 2426 1489 2469 suppellectilem
1514 2426 1697 2470 parandam,
1724 2426 1767 2458 uti

1030 2491 1080 2513 res
1101 2481 1169 2524 ipsa
1186 2479 1401 2523 postulaverit,
1419 2483 1613 2522 convertere,
1632 2479 1770 2512 cuiusvis

257 2535 403 2575 sentium,
428 2539 580 2578 perpetuo
606 2535 801 2575 innovamus,
825 2545 861 2568 ac>
889 2534 927 2568 de
946 2544 993 2567 ee·
1029 2532 1154 2566 licentia
1178 2532 1312 2576 desuper
1337 2532 1465 2566 minime
1486 2533 1649 2577 requisita)
1665 2540 1771 2566 aucto-

259 2592 326 2622 tero
351 2588 510 2632 perpetuis
527 2588 640 2621 futuris
657 2588 853 2632 temporibus
877 2587 995 2622 servari
1030 2587 1120 2621 ritate
1145 2591 1175 2620 et
1199 2591 1308 2620 tenore
1334 2586 1463 2631 paribus
1482 2586 1588 2621 itidem
1614 2592 1770 2631 perpetuo

1761 185 1808 211 An.
1825 184 1852 211 C.
1877 185 1943 212 1660
