2185 3188
54 174 102 202 Au.
124 173 152 200 C.
176 171 242 199 1656

65 263 68 265 .
79 235 188 256 Decretum
208 233 233 254 ir·

54 265 123 284 tutans.

843 166 1027 190 ALEXANDER
1058 166 1097 189 i'Il
1123 166 1170 189 I'P.

292 219 307 262 g
337 218 365 251 6.
392 217 599 250 Decernentes
632 220 811 261 praesentes
848 214 989 253 litteras,

249 272 341 306 etiam
362 282 398 303 ex
424 281 461 304 eo
486 270 569 314 quod
594 269 775 314 superiores
796 273 824 301 et
849 267 900 300 alii
922 267 990 300 reli-

248 322 327 367 giosi
348 321 419 354 dicti
446 321 607 365 suppressi
624 320 748 354 Ordinis
766 324 794 352 et
813 318 907 352 ceteri
925 318 991 361 qui-

249 385 383 419 cumque
408 375 438 407 in
463 374 645 418 praemissis
664 374 811 406 interesse
830 372 990 411 habentes,

249 440 302 462 seu
327 428 444 461 habere
468 427 706 472 quomodolibet
730 425 968 470 praetendentes
983 451 990 463 ,

248 483 309 516 illis
326 493 386 515 non
406 480 641 521 consenserinr,
660 491 717 513 nee
733 480 770 512 ad
791 490 826 512 ea
845 478 944 511 vocati
962 483 991 510 et

248 536 355 577 auditi,
369 546 469 580 neque
483 545 604 574 causae,
622 537 752 578 propter
769 543 844 576 quas
862 531 988 564 eaedem

247 595 428 633 praesentes
454 592 649 627 emanarunt,
667 586 829 627 adductae,
848 584 989 617 verifica-

248 649 306 685 tae,
321 647 373 677 aut
389 643 574 677 iustificatae
591 642 746 675 ullatenus
761 640 886 679 suerint,
904 639 990 671 nullo

248 707 386 740 unquam
413 702 554 740 tempore
579 695 616 728 de
641 693 853 738 subreptionis
872 693 917 725 vel
939 692 990 724 ob-

247 749 408 794 reptionis
430 749 591 788 nullitatiS,
613 754 666 780 aut
689 746 887 780 invaliditatis
906 745 989 785 vitio,

248 814 301 837 seu
328 802 508 836 intentionis
532 806 680 840 nostrae,
706 806 758 833 aut
788 800 848 832 alio
879 798 990 842 quovis

248 856 379 897 defectu,
405 856 497 888 etiam
524 854 727 898 quantumvis
754 862 879 896 magno,
905 852 989 884 inex-

248 909 384 953 cogitato
409 914 438 941 et
463 907 670 947 substantiali,
696 908 760 940 sive
785 907 879 939 etiam
900 916 936 938 ex
953 915 990 938 eo

248 962 331 1007 quod
350 963 380 995 in
398 962 508 995 iisdem
529 960 709 1005 praemissis
731 959 942 993 solemnitates
962 962 991 992 et

248 1015 374 1059 quaevis
399 1015 459 1047 alia
479 1014 630 1048 servanda
651 1018 681 1046 et
701 1012 899 1057 adimplenda
927 1021 990 1044 ser-

249 1073 316 1101 vata
333 1073 363 1101 et
380 1068 550 1112 adimpleta
563 1077 625 1101 non
646 1066 771 1107 suerint,
794 1065 840 1098 vel
858 1076 893 1098 ex
912 1075 990 1108 quo-

247 1131 383 1165 cumque
408 1121 469 1154 alio
495 1121 595 1165 capite
619 1131 637 1153 a
661 1120 730 1152 iure
755 1119 801 1152 vel
828 1119 907 1152 facto
939 1121 991 1151 aut

248 1180 362 1208 statuto
384 1174 430 1207 vel
447 1173 673 1208 consuetudine
687 1173 791 1216 aliqua
809 1172 989 1212 resultante,

247 1229 340 1262 etiam
366 1229 396 1261 in
422 1238 558 1272 corpore
584 1227 661 1260 iuris
686 1227 803 1268 clauso,
825 1237 879 1259 seu
896 1226 989 1259 etiam

248 1283 397 1323 enormis,
413 1281 652 1315 enormissimae
673 1284 703 1314 et
727 1280 830 1313 totalis
852 1280 990 1320 lesionis,

248 1335 360 1382 quovis
373 1335 434 1369 alio
452 1339 627 1380 praetextu,
645 1334 809 1368 occasione
825 1334 870 1366 vel
885 1335 990 1373 causa,

249 1390 342 1423 etiam
357 1388 556 1433 quantumvis
574 1388 665 1427 iusta,
683 1387 862 1420 rationabili
884 1392 913 1420 et.
931 1387 991 1430 pri-

249 1442 406 1486 vilegiata,
431 1442 525 1475 etiam
544 1442 596 1474 tali
622 1451 702 1486 quae
720 1441 757 1473 ad
775 1440 920 1473 effectum
943 1451 992 1472 va-

249 1495 377 1528 liditatis
400 1494 645 1539 praemissorum
677 1493 855 1526 necessario
881 1493 988 1537 expri—

250 1550 363 1584 menda
376 1550 466 1590 soret,
480 1548 593 1588 notari,
607 1548 796 1592 impugnari,
815 1547 991 1587 invalidari,

248 1603 434 1643 retraetari,
461 1602 491 1635 in
517 1602 564 1635 ius
591 1602 635 1634 vel
663 1601 910 1634 controversiain
941 1611 991 1633 re-

251 1657 365 1698 vocari,
391 1662 444 1690 aut
467 1656 505 1689 ad
532 1656 683 1689 terminos
709 1655 785 1688 iuris
807 1655 925 1695 reduci,
945 1655 991 1688 vel

250 1713 399 1746 adversus
424 1711 490 1744 illas
523 1710 729 1744 restitutionis
755 1709 784 1742 in
812 1710 968 1752 integrum
985 1737 992 1750 ‚

251 1764 436 1810 aperitionis
460 1764 541 1805 oris,
574 1763 766 1796 reductionis
791 1762 828 1795 ad
855 1762 934 1795 viam
963 1767 992 1795 et

251 1818 402 1852 terminos
427 1818 514 1858 iuris,
532 1823 585 1850 aut
608 1816 692 1849 aliud
710 1816 932 1860 quodcumque
952 1816 994 1848 iu-

252 1873 305 1913 ris,
324 1872 394 1905 sacti
412 1872 458 1904 vel
485 1871 604 1915 gratiae
622 1870 797 1903 remedium
817 1869 992 1914 impetrari⁷

252 1938 307 1961 seu
323 1926 561 1971 quomodolibet
582 1936 732 1960 concesso
750 1931 802 1958 aut
825 1925 993 1969 impetrato

252 1978 432 2023 quempiam
458 1978 500 2011 uti
526 1988 580 2010 seu
606 1988 638 2010 se
663 1977 770 2010 iuvare
796 1987 908 2021 posse;
940 1975 993 2009 sed

252 2032 376 2066 easdem
402 2035 581 2076 praesentes
598 2041 723 2074 semper
741 2031 858 2070 sirmas,
877 2029 994 2062 validas

253 2089 283 2120 et
306 2085 447 2119 efficaces
472 2084 602 2119 existere
621 2089 650 2117 et
668 2084 744 2124 fore,
770 2094 905 2128 suosque
930 2084 995 2127 ple-

254 2139 358 2173 narios
383 2144 412 2172 et
441 2139 580 2182 integros
605 2139 733 2171 effectus
759 2137 863 2172 sortiri
890 2143 918 2170 ct
944 2137 996 2170 ob-

254 2193 364 2234 tinere,
381 2203 416 2225 ac
434 2192 471 2225 ab
490 2192 635 2226 omnibus
652 2196 680 2226 et
701 2192 844 2235 singulis,
861 2191 898 2224 ad
917 2202 995 2235 quos

255 2251 373 2291 spectat
398 2251 427 2279 et
452 2245 689 2290 quomodolibet
714 2245 867 2289 spectabit
892 2245 922 2277 in
948 2245 994 2277 su-

255 2303 372 2342 turum,
396 2299 617 2332 inviolabiliter
645 2299 816 2341 observari,
839 2298 946 2342 sicque
967 2303 997 2332 et

255 2363 318 2387 non
338 2353 428 2386 aliter
454 2352 485 2385 in
509 2352 690 2396 praemissis
715 2352 861 2385 omnibus
887 2357 916 2385 et
932 2352 994 2385 sin-

256 2407 338 2450 gulis
362 2417 417 2451 per
437 2416 655 2449 quoscumque
681 2405 799 2438 iudices
819 2405 996 2439 ordinarios

257 2465 287 2493 et
302 2460 472 2502 delegatos,
498 2459 589 2491 etiam
616 2469 782 2491 causarum
801 2459 906 2503 palatii
925 2470 1014 2502 apo-¹

258 2513 358 2545 stolici
388 2512 557 2551 auditores,
583 2522 617 2544 ac
645 2512 674 2544 S.
692 2512 726 2544 R.
750 2511 782 2544 E.
812 2511 996 2552 cardinales,

296 2577 303 2601 l
324 2574 392 2601 Mat·
407 2574 469 2601 edit.
488 2574 570 2600 Main.
588 2573 652 2608 legit
668 2574 843 2602 consenserit
857 2576 895 2609 (ti.
912 2575 960 2608 72).

361 2629 436 2656 Buta.
453 2628 535 2656 Rom.
553 2643 582 2646 -·
605 2627 662 2655 Vol.
683 2627 757 2654 XVI.
903 2627 938 2654 '20

1667 152 1727 183 1555

1024 213 1115 246 etiam
1143 213 1180 246 de
1205 214 1302 246 latere
1334 213 1454 255 legatos
1488 217 1517 244 et
1549 210 1649 244 dictae
1681 209 1768 243 Sedis

1025 267 1166 307 nuncios,
1184 272 1213 299 et
1230 266 1308 299 alios
1328 266 1486 309 quoslibet
1502 264 1611 309 quavis
1629 263 1767 296 auctori-

1025 324 1085 354 tate
1110 326 1139 352 et
1163 325 1315 363 potestate
1348 320 1512 361 fungentes
1538 324 1565 351 et
1593 319 1768 353 t'uucturos,

1026 373 1055 405 in
1080 373 1189 416 quavis
1214 374 1308 405 causa
1334 378 1362 404 et
1388 372 1545 413 instantia,
1572 371 1695 403 sublata
1724 370 1768 401 eis

1024 432 1054 459 et
1079 437 1189 460 eorum
1217 426 1345 459 cuilibet
1365 427 1473 469 quavis
1499 425 1588 457 aliter
1611 423 1768 457 iudicandi

1024 485 1054 512 et
1078 479 1304 523 interpretandi
1330 479 1487 519 facultate,
1514 477 1645 510 iudicari
1671 482 1700 509 et
1721 476 1770 509 de-

1024 532 1108 565 finiri
1133 532 1266 571 debere,
1284 542 1318 564 ac
1341 531 1464 563 irritum
1484 536 1513 563 et
1531 530 1633 569 inane,
1652 529 1675 562 si
1694 529 1768 572 quid

1024 596 1114 618 secus
1135 596 1230 629 super
1263 585 1309 617 bis
1337 595 1353 616 a
1379 594 1554 627 quoquam,
1581 582 1689 626 quavis
1715 593 1769 614 au-

1024 639 1177 680 ctoritate,
1196 638 1332 671 scienter
1354 638 1398 670 vel
1420 637 1611 680 ignoranter,
1633 636 1769 678 contige-

1025 692 1064 724 rit
1083 692 1239 724 attentari.

1069 745 1083 788 ἓ
1110 744 1138 777 7.
1170 745 1237 778 Non
1269 743 1467 777 obstantibus
1493 741 1768 776 constitutionibus

1025 803 1054 831 et
1067 797 1320 831 ordinationibus
1337 797 1528 840 apostolicis,
1543 795 1635 828 etiam
1651 795 1681 826 in
1700 804 1769 826 con-

1025 851 1104 884 ciliis
1120 851 1321 894 generalibus
1335 850 1436 891 editis,
1454 854 1494 892 et,
1516 854 1670 893 quatenus
1688 858 1769 891 opus

1024 904 1072 944 sit,
1098 904 1136 937 de
1162 904 1230 936 iure
1255 903 1397 948 quaesito
1423 913 1486 936 non
1512 901 1659 941 tollendo,
1678 911 1713 933 ac
1731 900 1768 932 de

1024 957 1230 1002 exprimendo
1256 967 1330 990 vero
1357 956 1463 989 valore
1488 955 1519 988 in
1541 953 1769 998 suppressioni-

1024 1010 1082 1044 bus
1107 1010 1287 1055 perpetuis‚
1314 1009 1446 1053 aliisque
1471 1007 1706 1042 committendis
1731 1007 1768 1038 ad

1023 1068 1149 1109 partes,
1176 1064 1293 1097 vocatis
1317 1074 1453 1108 quorum
1481 1063 1620 1101 interest,
1647 1066 1675 1093 et
1700 1061 1768 1093 aliis

1024 1117 1139 1151 nostris
1157 1122 1186 1150 et
1201 1116 1406 1150 cancellariae
1432 1115 1622 1160 apostolicae
1641 1115 1768 1157 regulis,

1024 1181 1146 1204 necnon
1178 1170 1252 1203 dieti
1286 1169 1447 1214 suppressi
1483 1168 1607 1202 Ordinis
1640 1168 1770 1211 eiusque

1025 1228 1235 1258 conventuum
1261 1229 1291 1256 et
1316 1223 1532 1264 eeclesiarum,
1559 1222 1652 1255 etiam
1680 1222 1764 1254 iura-

1026 1284 1142 1318 mento,
1157 1277 1396 1311 confirmatione
1425 1277 1607 1320 apostolica,
1622 1276 1667 1307 vel
1699 1286 1771 1319 qua-

1026 1333 1070 1365 vis
1104 1332 1253 1364 firmitate
1285 1331 1345 1364 alia
1378 1330 1551 1370 roboratis,
1587 1329 1708 1362 statutis
1741 1334 1771 1361 et

1025 1386 1328 1426 consuetudinibus,
1354 1384 1526 1429 privilegiis
1552 1395 1687 1427 quoque⁷
1717 1383 1767 1415 in-

1025 1440 1120 1474 dultis
1146 1445 1175 1473 et
1199 1439 1311 1473 litteris
1330 1438 1509 1483 apostolicis
1530 1437 1632 1470 eidem
1651 1437 1770 1477 Ordini,

1027 1494 1173 1537 illiusque
1198 1493 1430 1537 superioribus,
1457 1491 1614 1535 religiosis
1642 1496 1673 1523 et
1698 1502 1770 1534 per-

1026 1548 1111 1581 sonis
1128 1547 1331 1591 quibuslibet,
1354 1545 1411 1579 sub
1429 1545 1591 1589 quibusvis
1610 1544 1771 1577 tenoribus

1027 1606 1056 1633 et
1080 1600 1200 1642 formis,
1226 1611 1261 1633 ac
1286 1610 1356 1632 cum
1384 1599 1548 1643 quibusvis
1564 1598 1658 1631 etiam
1678 1597 1769 1631 dero-

1027 1654 1221 1697 gatoriarum
1248 1652 1479 1696 derogatoriiS,
1505 1652 1639 1695 aliisque
1665 1651 1769 1684 effica-

1028 1708 1177 1748 cioribus,
1195 1707 1419 1740 efficacissimis
1445 1710 1474 1740 et
1499 1706 1632 1739 insolitis
1651 1706 1770 1738 clausu-

1028 1762 1064 1795 lis
1090 1768 1119 1794 et
1143 1761 1288 1803 decretis,
1314 1762 1407 1793 etiam
1434 1760 1649 1799 irritantibus,
1676 1760 1771 1792 etiam

1028 1819 1115 1849 motu
1140 1814 1234 1847 simili
1269 1819 1298 1847 et
1332 1813 1604 1853 consistorialiter,
1637 1823 1671 1845 ae
1697 1813 1772 1845 alias

1028 1868 1266 1912 quomodolibet
1303 1867 1478 1907 concessis,
1513 1866 1708 1899 confirmatis
1743 1872 1770 1899 et

1029 1922 1201 1962 innovatis,
1235 1921 1348 1966 quibus
1380 1920 1528 1954 omnibus
1563 1926 1592 1952 et
1624 1920 1772 1962 singulis,

1029 1975 1149 2010 etiamsi
1168 1986 1225 2020 pro
1243 1974 1409 2008 sufficienti
1429 1974 1554 2007 illorum
1569 1973 1773 2016 derogatione

1029 2030 1067 2063 de
1099 2029 1160 2062 ittis
1193 2039 1367 2072 eorumque
1403 2028 1474 2061 totis
1508 2027 1670 2060 tenoribus
1703 2037 1774 2070 spe-

1030 2083 1138 2124 cialis,
1173 2082 1340 2126 specifica,
1367 2091 1515 2125 expressa
1541 2086 1569 2113 et
1603 2080 1773 2120 individua,

1028 2147 1091 2171 non
1116 2142 1221 2170 autem
1246 2146 1302 2179 per
1329 2135 1483 2168 clausulas
1502 2134 1665 2177 generales
1692 2133 1773 2166 idem

1030 2190 1245 2234 importantes,
1271 2188 1387 2222 mentio
1409 2198 1461 2220 seu
1488 2187 1616 2231 quaevis
1641 2187 1699 2219 alia
1721 2197 1773 2219 ex-

1030 2243 1149 2288 pressio
1174 2242 1316 2275 habenda
1337 2247 1389 2274 aut
1410 2241 1514 2285 aliqua
1536 2241 1596 2273 alia
1621 2240 1774 2283 exquisita

1031 2297 1131 2329 forma
1148 2295 1185 2328 ad
1203 2296 1262 2328 hoc
1277 2294 1428 2328 servanda
1448 2295 1536 2335 foret,
1556 2293 1682 2326 illorum
1705 2303 1772 2326 om-

1030 2350 1116 2383 nium
1144 2354 1173 2382 et
1197 2349 1394 2392 singulorum
1429 2352 1574 2387 tenores,
1604 2347 1720 2380 formas
1746 2350 1775 2380 et

1031 2404 1211 2438 occasiones
1229 2401 1446 2447 praesentibus
1469 2413 1527 2444 pro
1546 2401 1637 2445 plene
1664 2406 1693 2433 et
1714 2401 1775 2433 :uf-

1031 2457 1172 2490 ticienter
1199 2455 1354 2499 expressis
1380 2460 1409 2487 ct
1435 2453 1564 2486 serratis
1598 2454 1773 2497 respective

1031 2511 1192 2550 habentes,
1211 2509 1270 2540 illis
1284 2509 1359 2540 alias
1379 2508 1406 2539 in
1429 2518 1484 2540 suo
1503 2507 1616 2540 robore
1632 2518 1775 2551 perinan-

1032 2565 1124 2605 suris,
1143 2564 1180 2596 ad
1198 2563 1444 2607 praemissorum
1470 2561 1616 2595 css'ectum
1635 2561 1774 2606 speciali-

1776 161 1823 186 ΛΠ.
1846 160 1873 186 tj.
1898 159 1965 186 1656

1795 751 1919 782 *Castrflria
1935 758 1970 772 re·

1786 782 1838 798 neit.
