2243 3205
39 220 88 248 Αιι.
102 219 132 247 C.
155 218 218 246 1661

62 812 177 838 Exposita).

835 220 1019 244 armamur.
1044 220 1088 243 vn
1112 217 1169 243 Pr:

991 280 995 302 i
1011 273 1094 301 ctum
1114 268 1145 300 in
1169 267 1231 301 alio
1256 268 1392 312 capitulo
1410 269 1548 312 generali
1566 268 1672 301 habito
1689 269 1751 301 Ro-

522 267 690 303 CCCLXIII.

236 348 448 390 Confirmatio
466 349 651 382 concordati
671 349 705 382 in
727 349 871 392 capituto
888 341 995 397 yeme-1

278 401 345 433 rali
363 401 497 435 Ordinis
510 402 795 435 Minorumsanctt
809 400 1023 456 francisciiQ
1057 429 1090 458 ..q
1150 429 1203 461 q..
1225 429 1230 434 .
1277 429 1298 456 ς.
1339 429 1401 461 .l.f
1431 441 1435 447 ι
1475 431 1484 439 ,
1509 429 1548 461 Β,
1582 429 1615 457 ³<
1633 429 1676 461 ΓΗ
1709 440 1716 446 1
1739 439 1751 459 ς

276 455 356 497 facti
373 455 459 487 circa
483 455 666 488 electionem
692 455 872 497 defim‘toris
888 465 977 499 yene-
992 450 995 501 ξ
1010 439 1087 461 ”ΟΗ”
1106 439 1159 462 no*
1180 441 1204 461 Η
1225 439 1254 461 'n
1276 440 1344 461 ‘¹⁰³¹
1362 441 1368 460 ¹
1399 440 1487 462 mma
1535 440 1611 462 mih
1646 441 1651 460 Ι
1683 439 1742 461 ‘³¹³'

277 507 370 549 ralis,
388 508 474 550 quod
500 508 551 541 laic
577 515 766 541 assumatur
786 508 977 541 alternatim

276 571 315 593 ea>
333 562 511 604 provinciis
525 562 776 595 Recollectoram
792 562 887 605 requi
904 561 977 595 Gal-

279 613 344 646 lt'ae
358 612 376 646 ¹.

429 685 595 712 Alexander
614 686 694 719 Papa
713 686 779 716 VII,

374 729 410 756 ad
430 729 563 756 futuram
582 730 626 756 rei
646 730 827 757 memoriam.

277 799 292 843 ἓ
317 800 345 832 1.
372 799 491 843 Exponi
513 799 603 832 nobis
632 810 734 843 nuper
764 801 904 833 fecerunt
931 800 976 833 di-

233 853 305 886 lecti
338 852 394 886 filii
427 853 571 886 minister
604 854 826 897 provincialis,
855 864 971 898 expro-

233 906 385 948 vincialis‚
403 912 507 939 custos
533 912 563 939 et
583 906 765 939 definitores
793 907 975 951 provinciae

232 959 262 993 S.
280 959 473 993 Sacramenti
499 960 530 992 in
547 959 645 993 Gallia
668 960 800 993 fratrum
819 960 973 994 Minoi-um

232 1012 357 1047 Ordinis
392 1013 487 1047 sancti
525 1013 683 1046 Francisci
722 1013 972 1047 Recollectorum

233 1071 501 1112 nuncupatorum,
513 1067 596 1111 quod
607 1067 682 1100 alias
695 1078 752 1111 pro
763 1078 872 1100 eorum
886 1073 974 1112 parte

233 1121 471 1164 congregationi
503 1121 730 1154 venerabilium
762 1121 893 1154 fratrum
919 1132 974 1154 no—

232 1179 371 1208 strorum
390 1174 419 1207 S.
437 1175 471 1207 R.
497 1174 529 1207 E.
556 1174 761 1207 cardinalium
785 1174 921 1217 negotiis
945 1179 975 1208 et

233 1227 517 1261 consultationibus
546 1227 769 1272 episcoporum
795 1233 824 1260 et
848 1228 971 1271 regula-

232 1282 314 1315 rium
340 1282 536 1326 praepositae
560 1282 718 1326 exposito,
748 1282 972 1315 concordatum

232 1335 264 1368 in
289 1335 400 1369 ultimo
425 1336 563 1380 capitulo
588 1336 726 1379 generali
751 1335 824 1368 dicti
849 1335 973 1369 Ordinis

230 1398 313 1421 anno
337 1398 478 1422 ninchni
497 1388 527 1421 in
545 1388 691 1432 IIispania
711 1389 868 1422 celebrato
893 1388 974 1421 inter

230 1441 344 1474 fratres
368 1443 560 1475 Recollectos
592 1442 714 1475 vocales
738 1442 972 1486 provinciarum

231 1494 306 1528 dicti
333 1495 421 1538 regni
448 1495 564 1529 Galliae
581 1495 665 1528 circa
690 1495 873 1529 electionem
899 1495 974 1527 defi-

230 1547 343 1581 nitoris
368 1549 539 1591 generalis,
569 1549 652 1592 quod
685 1549 735 1581 hic
759 1554 973 1581 assumeretur

230 1600 415 1634 alternative
432 1612 466 1634 ex
488 1602 658 1645 praedictis
682 1602 862 1646 provinciis,
888 1602 972 1634 iuxta

230 1654 355 1687 illarum
370 1655 608 1696 institutionem,
627 1656 752 1695 factum,
770 1655 924 1688 sancitum
944 1659 973 1689 et

230 1706 394 1740 decretum
419 1708 545 1742 nemine
569 1709 692 1752 penitus
717 1708 925 1752 discrepante,
943 1714 973 1741 et

230 1761 379 1795 omnibus
403 1772 538 1806 quorum
565 1762 731 1801 intererat,
757 1762 970 1805 subscriptum

230 1818 261 1846 et
283 1819 491 1858 acceptatum,
516 1825 551 1847 ac
575 1825 632 1858 per
655 1815 816 1848 decretum
842 1825 971 1847 venera-

229 1866 302 1900 bilis
334 1868 440 1900 fratris
475 1868 574 1901 nostri
606 1868 765 1901 Francisci
792 1868 971 1901 Portuensis

229 1920 370 1953 eiusdem
388 1921 417 1954 S.
435 1922 469 1954 R.
487 1922 520 1954 E.
539 1921 706 1954 cardinalis
720 1921 880 1954 Barberini
896 1932 972 1955 nun-

229 1974 344 2017 cupati,
361 1974 512 2018 praedicti
530 1974 655 2008 Ordinis
678 1974 762 2018 apud
787 1985 844 2008 nos
868 1980 899 2008 et
922 1975 972 2009 Se-

229 2026 302 2059 dem
333 2027 543 2070 Apostolicam
570 2028 779 2070 protectoris,
803 2028 970 2061 confirma—

230 2084 296 2112 tum
312 2080 424 2120 fuisse3
449 2080 583 2124 ideoque
607 2080 708 2113 eidem
734 2082 970 2124 congregationi

229 2132 404 2176 supplicato
421 2143 478 2177 pro
506 2133 581 2166 dicti
599 2134 780 2167 concordati
806 2134 972 2168 observan—

230 2185 273 2218 tia
297 2197 397 2230 usque
421 2186 460 2219 ad
484 2187 561 2220 haec
586 2192 729 2231 tempora
753 2188 783 2220 in
809 2199 899 2221 usum
917 2188 971 2221 de-

229 2239 323 2273 ducta
340 2241 474 2274 firmiter
491 2247 521 2274 et
539 2241 733 2283 inconcusse,
750 2252 811 2274 non
830 2242 971 2276 obstante

230 2295 312 2337 quod
345 2294 439 2338 aliqui
477 2295 590 2327 fratres
622 2295 706 2327 hunc
741 2295 882 2328 ordinem
907 2301 969 2328 tam

229 2348 412 2381 solemniter
437 2348 550 2380 factum
568 2353 596 2381 et
615 2348 838 2381 concordatum
858 2353 971 2381 tentas-

229 2405 298 2434 sent
322 2405 483 2443 evertere,
507 2405 537 2433 et
559 2401 750 2444 praedictam
776 2401 969 2444 provinciam

229 2453 260 2487 S.
284 2453 477 2487 Sacramenti
513 2453 543 2485 in
573 2464 629 2486 suo
662 2453 762 2496 gradu
795 2454 970 2498 susceptio-

229 2507 278 2540 nis
296 2510 427 2540 stantcm
449 2506 566 2550 privari
585 2506 798 2540 definitoriatu
820 2507 969 2550 generali,

229 2560 324 2594 etiam
342 2564 451 2593 contra
475 2559 559 2593 aliud
584 2563 734 2594 statutum
760 2560 790 2593 in
813 2560 905 2593 simili
928 2562 970 2594 fa-

266 2624 277 2650 1
296 2622 332 2650 Ex
349 2622 455 2658 Regest.
473 2622 499 2649 in
514 2622 615 2650 Secret.
635 2622 711 2649 Brev.

1653 210 1711 244 70'1

1012 331 1079 354 mae
1097 332 1178 355 anno
1198 332 1327 356 Mucxxv
1347 328 1377 355 et
1405 334 1461 366 per
1484 322 1633 366 quasdam
1652 322 1751 355 felicis

1011 375 1238 408 recordationis
1252 376 1366 408 Urbani
1382 376 1480 420 Papae
1493 376 1557 408 VIII
1572 376 1753 419 praedeces-

1010 481 1120 514 eodem
1142 492 1223 514 anno
1243 482 1476 522 confirmatum,
1496 483 1648 524 videlicet,
1667 482 1751 526 quod

1011 534 1157 568 definitor
1175 535 1329 577 generalis
1354 535 1535 568 alternative
1560 536 1750 578 eligeretur3

1009 588 1148 632 praefata
1181 588 1385 631 congregatio
1416 588 1557 632 ipsorum
1587 598 1751 632 exponen-

1010 642 1087 674 tium
1124 641 1265 674 libellum
1292 642 1465 685 supplicem
1491 641 1528 674 ad
1554 642 1703 675 dilectum
1719 642 1753 674 fi-

1009 695 1086 727 lium
1113 695 1435 729 vicecominissarium
1456 695 1562 728 curiae
1576 695 1647 729 dicti
1664 695 1751 729 Ordi-

1009 749 1056 781 nis
1073 759 1131 792 pro
1146 748 1367 782 informatione
1388 749 1518 788 remisit,
1532 749 1584 792 qui
1606 749 1750 792 spondit:

1053 811 1072 834 1.
1097 801 1326 835 Concordaturn
1358 801 1538 834 huiusmodi
1576 801 1690 834 factum
1721 807 1751 834 et

1007 854 1171 888 fundatum
1197 865 1291 898 super
1316 860 1430 887 statuto
1451 854 1590 897 generali
1610 854 1750 897 praefato

1008 918 1064 952 per
1089 908 1187 941 dictas
1209 908 1326 941 Urbani
1350 908 1603 952 praedecessoris
1632 908 1751 939 litteras

1008 961 1195 994 confirmato
1212 971 1275 994 non
1297 962 1391 994 fuisse
1409 966 1603 1004 acceptatum
1630 971 1646 992 a
1672 961 1752 1004 capi-

1008 1015 1074 1047 tulo
1099 1014 1257 1057 generali5

1052 1078 1083 1100 11.
1110 1068 1236 1100 Fratres
1265 1068 1400 1100 familiae
1431 1068 1511 1100 hanc
1535 1068 1749 1100 alternativam

1008 1121 1221 1164 provisionem
1255 1131 1309 1154 seu
1341 1121 1525 1153 electionem
1558 1121 1640 1153 inter
1666 1121 1749 1164 ipsos

1007 1184 1070 1207 non
1094 1174 1282 1213 admittere,

1052 1237 1094 1260 111.
1129 1227 1278 1260 Eamdem
1315 1227 1530 1259 alter-nativam
1564 1226 1748 1259 electionem

1008 1291 1074 1314 esse
1100 1286 1208 1314 contra
1226 1291 1361 1314 canones
1379 1286 1409 1313 et
1429 1281 1497 1313 iura
1513 1280 1648 1322 Ordinis,
1666 1280 1747 1313 unde

1007 1335 1088 1367 dicta
1115 1335 1319 1377 congregatio
1352 1335 1536 1367 relationem
1568 1334 1748 1367 huiusmodi

1006 1388 1175 1432 praedietis
1193 1387 1419 1432 exponentibus
1437 1387 1662 1421 ostendendam
1681 1398 1748 1419 esse

1008 1441 1181 1485 rescripsit.

1052 1495 1066 1538 ἓ
1091 1495 1120 1528 ⁶2.
1145 1495 1220 1528 Cum
1240 1500 1354 1537 autem,
1373 1495 1452 1527 sieut
1469 1494 1577 1527 eadem
1596 1494 1749 1538 expositio

1007 1548 1225 1592 subiungebat,
1243 1549 1376 1591 allegata
1395 1559 1411 1580 a
1436 1549 1577 1591 praefato
1598 1548 1749 1580 vicecom-

1008 1602 1152 1634 missario
1167 1602 1272 1634 curiae
1286 1601 1362 1634 nihil
1377 1601 1522 1642 afficiant,
1533 1606 1650 1633 attento
1664 1601 1747 1644 quod

1007 1656 1203 1699 praedictum
1230 1655 1454 1689 concordatum
1480 1665 1574 1695 vere,
1600 1655 1748 1693 realiter,

1006 1715 1033 1741 ct
1061 1720 1130 1742 cum
1157 1708 1280 1749 effectu,
1301 1714 1365 1742 toto
1391 1708 1529 1752 capitulo
1554 1708 1692 1751 generali
1711 1708 1750 1740 vi-

1006 1762 1107 1803 dente,
1133 1762 1347 1795 consentiente
1372 1767 1401 1795 et
1425 1762 1629 1806 approbante,
1654 1762 1748 1795 fuerit

1006 1822 1219 1860 acceptatum,
1244 1826 1301 1849 nec
1326 1817 1363 1849 de
1389 1816 1450 1849 hoc
1474 1815 1611 1849 dubitari
1637 1816 1746 1859 possit,

1006 1880 1076 1902 cum
1103 1870 1133 1901 in
1159 1869 1340 1902 huiusmodi
1370 1869 1515 1912 capitulis
1546 1869 1747 1911 generalibus

1005 1922 1164 1966 quaelibet
1184 1922 1300 1954 familia
1315 1927 1376 1954 tam
1393 1922 1635 1955 reformatorum
1654 1932 1746 1965 quam

1005 1986 1067 2008 non
1082 1976 1324 2009 reformatorum
1339 1975 1504 2008 cuiuslibet
1519 1975 1652 2008 nationis
1669 1985 1747 2007 sem-

1006 2040 1061 2073 per
1086 2030 1274 2073 congregari
1309 2030 1407 2063 soleat
1439 2029 1468 2062 in
1499 2029 1684 2063 discretorio
1709 2029 1747 2060 ad

1005 2083 1236 2116 decernendum
1263 2082 1412 2127 quicquid
1433 2082 1616 2115 benevisum
1642 2082 1746 2121 fuerit,

1005 2142 1035 2169 et
1059 2137 1119 2170 tale
1143 2137 1367 2170 concordatum
1393 2136 1431 2169 ad
1456 2137 1539 2170 solos
1564 2136 1747 2169 recollectos

1005 2189 1206 2233 pertinuisset
1237 2189 1441 2234 approbare',
1466 2190 1513 2222 vel
1538 2189 1576 2222 ab
1601 2191 1636 2221 ea
1662 2199 1747 2221 rece-

1005 2243 1088 2283 dere⁷
1116 2242 1200 2275 iuxta
1223 2243 1342 2275 litteras
1368 2242 1554 2286 apostolicas
1581 2241 1747 2275 institutio-

1006 2296 1053 2327 nis
1067 2301 1096 2328 et
1117 2296 1283 2329 erectionis
1307 2296 1447 2340 ipsorum
1474 2295 1714 2328 recollectorum
1729 2305 1745 2327 a

1007 2349 1191 2382 recolendae
1217 2349 1388 2382 memoriae
1407 2349 1564 2383 Clemente
1583 2348 1663 2391 Papa
1682 2348 1745 2380 Vlll

1006 2401 1249 2445 praedecessore
1265 2402 1383 2446 pariter
1401 2407 1510 2435 nostro
1527 2404 1695 2441 emanatas,
1715 2400 1747 2432 il-

1005 2454 1121 2498 ludque
1146 2455 1249 2487 taliter
1277 2455 1428 2487 sancitum
1462 2453 1611 2497 praedicti
1639 2453 1742 2485 recol-

1005 2507 1073 2540 lccti
1099 2507 1368 2551 approbaverint;
1397 2506 1478 2540 unde
1505 2506 1743 2550 comprobatum

1040 2579 1049 2605 ¹
1071 2577 1141 2605 Ilaec
1156 2581 1183 2605 et
1196 2577 1337 2614 sequentia
1352 2577 1483 2613 intelligat
1499 2577 1538 2604 vel
1555 2577 1679 2604 emendet
1699 2577 1744 2612 qui

1004 2625 1091 2657 potest
1106 2623 1142 2655 (a.
1155 2622 1203 2655 r.).

1764 219 1811 245 An.
1829 219 1858 245 (ἶ.
1879 219 1943 245 1661

1791 1503 1876 1524 Motiva.
