<?xml version="1.0" encoding="UTF-8"?>
<!DOCTYPE html PUBLIC "-//W3C//DTD XHTML 1.0 Transitional//EN"
    "http://www.w3.org/TR/xhtml1/DTD/xhtml1-transitional.dtd">
<html xmlns="http://www.w3.org/1999/xhtml" xml:lang="en" lang="en">
 <head>
  <title>
</title>
<meta http-equiv="Content-Type" content="text/html;charset=utf-8" />
  <meta name='ocr-system' content='tesseract 3.04.00' />
  <meta name='ocr-capabilities' content='ocr_page ocr_carea ocr_par ocr_line ocrx_word'/>
</head>
<body>
  <div class='ocr_page' id='page_1' title='image "./bullarumdiplomat16cath_0490.png"; bbox 0 0 2243 3205; ppageno 0'>
   <div class='ocr_carea' id='block_1_1' title="bbox 275 197 568 235">
    <p class='ocr_par' dir='ltr' id='par_1_1' title="bbox 275 197 568 235">
     <span class='ocr_line' id='line_1_1' title="bbox 275 197 568 235; baseline -0.014 -2"><span class='ocrx_word' id='word_1_1' title='bbox 275 207 324 234; x_wconf 74' lang='lat' dir='ltr'>An.</span> <span class='ocrx_word' id='word_1_2' title='bbox 344 206 373 235; x_wconf 88' lang='lat' dir='ltr'>c.</span> <span class='ocrx_word' id='word_1_3' title='bbox 391 206 457 235; x_wconf 76' lang='lat'>1659</span> <span class='ocrx_word' id='word_1_4' title='bbox 503 197 568 231; x_wconf 65' lang='lat'>456</span> 
     </span>
    </p>
   </div>
   <div class='ocr_carea' id='block_1_2' title="bbox 470 255 1216 2648">
    <p class='ocr_par' dir='ltr' id='par_1_2' title="bbox 470 255 1213 938">
     <span class='ocr_line' id='line_1_2' title="bbox 471 255 1211 300; baseline 0.003 -12"><span class='ocrx_word' id='word_1_5' title='bbox 471 255 643 299; x_wconf 85' lang='lat' dir='ltr'>peragendi</span> <span class='ocrx_word' id='word_1_6' title='bbox 669 255 750 289; x_wconf 87' lang='lat' dir='ltr'>serie</span> <span class='ocrx_word' id='word_1_7' title='bbox 774 255 952 298; x_wconf 86' lang='lat' dir='ltr'>dividenda,</span> <span class='ocrx_word' id='word_1_8' title='bbox 976 260 1010 290; x_wconf 87' lang='lat' dir='ltr'>ut</span> <span class='ocrx_word' id='word_1_9' title='bbox 1033 257 1146 300; x_wconf 90' lang='lat' dir='ltr'>cuique</span> <span class='ocrx_word' id='word_1_10' title='bbox 1174 266 1211 290; x_wconf 91' lang='lat' dir='ltr'>eo</span> 
     </span>
     <span class='ocr_line' id='line_1_3' title="bbox 471 308 1211 354; baseline 0.001 -13"><span class='ocrx_word' id='word_1_11' title='bbox 471 308 582 341; x_wconf 84' lang='lat' dir='ltr'>ordine</span> <span class='ocrx_word' id='word_1_12' title='bbox 606 318 668 352; x_wconf 90' lang='lat' dir='ltr'>quo</span> <span class='ocrx_word' id='word_1_13' title='bbox 694 313 840 342; x_wconf 90' lang='lat' dir='ltr'>censetur</span> <span class='ocrx_word' id='word_1_14' title='bbox 865 309 925 342; x_wconf 91' lang='lat' dir='ltr'>tria</span> <span class='ocrx_word' id='word_1_15' title='bbox 954 309 1032 344; x_wconf 82' lang='lat' dir='ltr'>festa</span> <span class='ocrx_word' id='word_1_16' title='bbox 1062 319 1211 354; x_wconf 91' lang='lat' dir='ltr'>persona-</span> 
     </span>
     <span class='ocr_line' id='line_1_4' title="bbox 471 361 1211 406; baseline 0.001 -13"><span class='ocrx_word' id='word_1_17' title='bbox 471 361 543 394; x_wconf 90' lang='lat' dir='ltr'>liter</span> <span class='ocrx_word' id='word_1_18' title='bbox 567 361 754 394; x_wconf 90' lang='lat' dir='ltr'>celebranda</span> <span class='ocrx_word' id='word_1_19' title='bbox 777 362 965 403; x_wconf 84' lang='lat' dir='ltr'>obveniant;</span> <span class='ocrx_word' id='word_1_20' title='bbox 990 363 1074 406; x_wconf 93' lang='lat' dir='ltr'>quod</span> <span class='ocrx_word' id='word_1_21' title='bbox 1099 363 1124 395; x_wconf 88' lang='lat' dir='ltr'>si</span> <span class='ocrx_word' id='word_1_22' title='bbox 1149 362 1211 395; x_wconf 90' lang='lat' dir='ltr'>ali-</span> 
     </span>
     <span class='ocr_line' id='line_1_5' title="bbox 472 414 1213 457; baseline 0.001 -11"><span class='ocrx_word' id='word_1_23' title='bbox 472 424 567 457; x_wconf 90' lang='lat' dir='ltr'>quem</span> <span class='ocrx_word' id='word_1_24' title='bbox 584 414 819 457; x_wconf 90' lang='lat' dir='ltr'>canonicorum,</span> <span class='ocrx_word' id='word_1_25' title='bbox 848 415 898 448; x_wconf 94' lang='lat' dir='ltr'>cui</span> <span class='ocrx_word' id='word_1_26' title='bbox 914 416 1052 449; x_wconf 83' lang='lat' dir='ltr'>officium</span> <span class='ocrx_word' id='word_1_27' title='bbox 1074 415 1150 448; x_wconf 92' lang='lat' dir='ltr'>illud</span> <span class='ocrx_word' id='word_1_28' title='bbox 1171 415 1213 447; x_wconf 91' lang='lat' dir='ltr'>in-</span> 
     </span>
     <span class='ocr_line' id='line_1_6' title="bbox 473 466 1212 511; baseline 0 -11"><span class='ocrx_word' id='word_1_29' title='bbox 473 466 614 508; x_wconf 88' lang='lat' dir='ltr'>cumbit,</span> <span class='ocrx_word' id='word_1_30' title='bbox 644 467 683 500; x_wconf 92' lang='lat' dir='ltr'>ab</span> <span class='ocrx_word' id='word_1_31' title='bbox 719 467 852 501; x_wconf 73' lang='lat' dir='ltr'>ecclesia</span> <span class='ocrx_word' id='word_1_32' title='bbox 885 468 994 501; x_wconf 89' lang='lat' dir='ltr'>abesse</span> <span class='ocrx_word' id='word_1_33' title='bbox 1025 468 1212 511; x_wconf 79' lang='lat' dir='ltr'>contigerit,</span> 
     </span>
     <span class='ocr_line' id='line_1_7' title="bbox 472 519 1213 554; baseline 0.001 -2"><span class='ocrx_word' id='word_1_34' title='bbox 472 520 572 553; x_wconf 79' lang='lat' dir='ltr'>aliave</span> <span class='ocrx_word' id='word_1_35' title='bbox 592 519 630 553; x_wconf 93' lang='lat' dir='ltr'>de</span> <span class='ocrx_word' id='word_1_36' title='bbox 646 521 740 553; x_wconf 77' lang='lat' dir='ltr'>causa</span> <span class='ocrx_word' id='word_1_37' title='bbox 756 520 874 554; x_wconf 89' lang='lat' dir='ltr'>dictum</span> <span class='ocrx_word' id='word_1_38' title='bbox 891 521 968 554; x_wconf 89' lang='lat' dir='ltr'>illud</span> <span class='ocrx_word' id='word_1_39' title='bbox 987 521 1126 554; x_wconf 87' lang='lat' dir='ltr'>officium</span> <span class='ocrx_word' id='word_1_40' title='bbox 1144 530 1213 553; x_wconf 84' lang='lat' dir='ltr'>exe-</span> 
     </span>
     <span class='ocr_line' id='line_1_8' title="bbox 472 574 1213 618; baseline 0 -12"><span class='ocrx_word' id='word_1_41' title='bbox 472 574 526 618; x_wconf 88' lang='lat' dir='ltr'>qui</span> <span class='ocrx_word' id='word_1_42' title='bbox 550 584 614 607; x_wconf 91' lang='lat' dir='ltr'>non</span> <span class='ocrx_word' id='word_1_43' title='bbox 637 574 796 618; x_wconf 89' lang='lat' dir='ltr'>potuerit,</span> <span class='ocrx_word' id='word_1_44' title='bbox 825 575 892 608; x_wconf 87' lang='lat' dir='ltr'>eius</span> <span class='ocrx_word' id='word_1_45' title='bbox 919 575 990 608; x_wconf 91' lang='grc'><strong>1000</strong></span> <span class='ocrx_word' id='word_1_46' title='bbox 1019 574 1098 607; x_wconf 89' lang='lat' dir='ltr'>alius</span> <span class='ocrx_word' id='word_1_47' title='bbox 1122 584 1138 606; x_wconf 93' lang='lat' dir='ltr'>e</span> <span class='ocrx_word' id='word_1_48' title='bbox 1163 583 1213 606; x_wconf 91' lang='lat' dir='ltr'>ca-</span> 
     </span>
     <span class='ocr_line' id='line_1_9' title="bbox 471 626 1213 672; baseline -0.001 -12"><span class='ocrx_word' id='word_1_49' title='bbox 471 627 593 661; x_wconf 91' lang='lat' dir='ltr'>nonicis</span> <span class='ocrx_word' id='word_1_50' title='bbox 617 627 853 672; x_wconf 82' lang='lat' dir='ltr'>capitularibus,</span> <span class='ocrx_word' id='word_1_51' title='bbox 871 628 929 669; x_wconf 78' lang='lat' dir='ltr'>vel,</span> <span class='ocrx_word' id='word_1_52' title='bbox 950 628 1009 661; x_wconf 93' lang='grc'><strong>1100</strong></span> <span class='ocrx_word' id='word_1_53' title='bbox 1027 627 1120 660; x_wconf 84' lang='grc'><strong>0113111</strong></span> <span class='ocrx_word' id='word_1_54' title='bbox 1137 626 1213 659; x_wconf 87' lang='lat' dir='ltr'>defi-</span> 
     </span>
     <span class='ocr_line' id='line_1_10' title="bbox 472 679 1213 723; baseline -0.003 -9"><span class='ocrx_word' id='word_1_55' title='bbox 472 680 583 723; x_wconf 79' lang='lat' dir='ltr'>ciente,</span> <span class='ocrx_word' id='word_1_56' title='bbox 602 691 618 714; x_wconf 92' lang='lat' dir='ltr'>e</span> <span class='ocrx_word' id='word_1_57' title='bbox 638 680 894 715; x_wconf 89' lang='lat' dir='ltr'>domicellaribus</span> <span class='ocrx_word' id='word_1_58' title='bbox 915 680 1015 723; x_wconf 92' lang='lat' dir='ltr'>alius,</span> <span class='ocrx_word' id='word_1_59' title='bbox 1040 679 1213 713; x_wconf 88' lang='lat' dir='ltr'>maioribus</span> 
     </span>
     <span class='ocr_line' id='line_1_11' title="bbox 472 733 1213 778; baseline -0.004 -10"><span class='ocrx_word' id='word_1_60' title='bbox 472 734 639 768; x_wconf 86' lang='lat' dir='ltr'>ordinibus</span> <span class='ocrx_word' id='word_1_61' title='bbox 657 734 833 778; x_wconf 80' lang='lat' dir='ltr'>insignitus,</span> <span class='ocrx_word' id='word_1_62' title='bbox 854 735 938 768; x_wconf 84' lang='lat' dir='ltr'>vices</span> <span class='ocrx_word' id='word_1_63' title='bbox 960 733 1134 778; x_wconf 81' lang='lat' dir='ltr'>supplebit3</span> <span class='ocrx_word' id='word_1_64' title='bbox 1155 733 1213 766; x_wconf 92' lang='lat' dir='ltr'>sin-</span> 
     </span>
     <span class='ocr_line' id='line_1_12' title="bbox 471 786 1211 832; baseline -0.004 -11"><span class='ocrx_word' id='word_1_65' title='bbox 471 788 554 832; x_wconf 83' lang='lat' dir='ltr'>gulis</span> <span class='ocrx_word' id='word_1_66' title='bbox 577 793 681 821; x_wconf 90' lang='lat' dir='ltr'>autem</span> <span class='ocrx_word' id='word_1_67' title='bbox 700 787 819 820; x_wconf 90' lang='lat' dir='ltr'>vicibus</span> <span class='ocrx_word' id='word_1_68' title='bbox 836 787 944 820; x_wconf 91' lang='lat' dir='ltr'>decem</span> <span class='ocrx_word' id='word_1_69' title='bbox 965 786 1154 830; x_wconf 79' lang='lat' dir='ltr'>imperiales,</span> <span class='ocrx_word' id='word_1_70' title='bbox 1175 796 1211 819; x_wconf 90' lang='lat' dir='ltr'>ex</span> 
     </span>
     <span class='ocr_line' id='line_1_13' title="bbox 470 839 1211 886; baseline -0.003 -12"><span class='ocrx_word' id='word_1_71' title='bbox 470 841 633 886; x_wconf 90' lang='lat' dir='ltr'>praedicto</span> <span class='ocrx_word' id='word_1_72' title='bbox 657 840 863 885; x_wconf 84' lang='lat' dir='ltr'>pecuniarum</span> <span class='ocrx_word' id='word_1_73' title='bbox 889 840 1025 881; x_wconf 91' lang='lat' dir='ltr'>cumulo,</span> <span class='ocrx_word' id='word_1_74' title='bbox 1047 840 1089 872; x_wconf 87' lang='lat' dir='ltr'>ita</span> <span class='ocrx_word' id='word_1_75' title='bbox 1113 839 1211 872; x_wconf 91' lang='lat' dir='ltr'>admi-</span> 
     </span>
     <span class='ocr_line' id='line_1_14' title="bbox 470 894 1033 938; baseline -0.004 -10"><span class='ocrx_word' id='word_1_76' title='bbox 470 894 616 929; x_wconf 87' lang='lat' dir='ltr'>nistranti</span> <span class='ocrx_word' id='word_1_77' title='bbox 640 894 779 928; x_wconf 84' lang='lat' dir='ltr'>officium</span> <span class='ocrx_word' id='word_1_78' title='bbox 803 895 1033 938; x_wconf 78' lang='lat' dir='ltr'>persolventur.</span> 
     </span>
    </p>

    <p class='ocr_par' dir='ltr' id='par_1_3' title="bbox 471 946 1216 2648">
     <span class='ocr_line' id='line_1_15' title="bbox 516 946 1211 991; baseline -0.001 -10"><span class='ocrx_word' id='word_1_79' title='bbox 516 958 559 982; x_wconf 89' lang='lat'><em>111.</em></span> <span class='ocrx_word' id='word_1_80' title='bbox 585 948 623 981; x_wconf 93' lang='lat' dir='ltr'>Ut</span> <span class='ocrx_word' id='word_1_81' title='bbox 647 947 779 981; x_wconf 89' lang='lat' dir='ltr'>ecclesia</span> <span class='ocrx_word' id='word_1_82' title='bbox 794 958 921 991; x_wconf 90' lang='lat' dir='ltr'>quoque</span> <span class='ocrx_word' id='word_1_83' title='bbox 944 947 977 980; x_wconf 92' lang='lat' dir='ltr'>in</span> <span class='ocrx_word' id='word_1_84' title='bbox 994 957 1135 990; x_wconf 79' lang='lat' dir='ltr'>congruo</span> <span class='ocrx_word' id='word_1_85' title='bbox 1152 946 1211 980; x_wconf 90' lang='lat' dir='ltr'>sibi</span> 
     </span>
     <span class='ocr_line' id='line_1_16' title="bbox 472 1000 1211 1045; baseline -0.003 -10"><span class='ocrx_word' id='word_1_86' title='bbox 472 1006 554 1035; x_wconf 87' lang='lat' dir='ltr'>statu</span> <span class='ocrx_word' id='word_1_87' title='bbox 574 1001 752 1045; x_wconf 85' lang='lat' dir='ltr'>debitisque</span> <span class='ocrx_word' id='word_1_88' title='bbox 769 1000 890 1034; x_wconf 91' lang='lat' dir='ltr'>viribus</span> <span class='ocrx_word' id='word_1_89' title='bbox 907 1000 1086 1034; x_wconf 87' lang='lat' dir='ltr'>conservari</span> <span class='ocrx_word' id='word_1_90' title='bbox 1102 1000 1211 1044; x_wconf 80' lang='lat' dir='ltr'>possit,</span> 
     </span>
     <span class='ocr_line' id='line_1_17' title="bbox 471 1053 1213 1088; baseline -0.003 0"><span class='ocrx_word' id='word_1_91' title='bbox 471 1065 549 1088; x_wconf 92' lang='lat' dir='ltr'>neve</span> <span class='ocrx_word' id='word_1_92' title='bbox 573 1054 730 1088; x_wconf 82' lang='lat' dir='ltr'>similibus</span> <span class='ocrx_word' id='word_1_93' title='bbox 754 1059 784 1087; x_wconf 91' lang='lat' dir='ltr'>et</span> <span class='ocrx_word' id='word_1_94' title='bbox 811 1054 993 1087; x_wconf 90' lang='lat' dir='ltr'>huiusmodi</span> <span class='ocrx_word' id='word_1_95' title='bbox 1020 1053 1213 1087; x_wconf 83' lang='lat' dir='ltr'>alienationi-</span> 
     </span>
     <span class='ocr_line' id='line_1_18' title="bbox 471 1107 1213 1151; baseline -0.003 -9"><span class='ocrx_word' id='word_1_96' title='bbox 471 1108 540 1149; x_wconf 88' lang='lat' dir='ltr'>bus,</span> <span class='ocrx_word' id='word_1_97' title='bbox 558 1107 790 1148; x_wconf 86' lang='lat' dir='ltr'>donationibus,</span> <span class='ocrx_word' id='word_1_98' title='bbox 805 1107 1070 1141; x_wconf 88' lang='lat' dir='ltr'>reservationibus</span> <span class='ocrx_word' id='word_1_99' title='bbox 1091 1107 1213 1151; x_wconf 88' lang='lat' dir='ltr'>episco—</span> 
     </span>
     <span class='ocr_line' id='line_1_19' title="bbox 471 1160 1213 1206; baseline -0.001 -12"><span class='ocrx_word' id='word_1_100' title='bbox 471 1161 552 1206; x_wconf 89' lang='lat' dir='ltr'>palis</span> <span class='ocrx_word' id='word_1_101' title='bbox 569 1171 712 1194; x_wconf 88' lang='lat' dir='ltr'>camerae</span> <span class='ocrx_word' id='word_1_102' title='bbox 739 1160 879 1194; x_wconf 90' lang='lat' dir='ltr'>redditus</span> <span class='ocrx_word' id='word_1_103' title='bbox 903 1160 1135 1201; x_wconf 77' lang='lat' dir='ltr'>diminuantur,</span> <span class='ocrx_word' id='word_1_104' title='bbox 1159 1171 1213 1203; x_wconf 79' lang='lat' dir='ltr'>gu-</span> 
     </span>
     <span class='ocr_line' id='line_1_20' title="bbox 471 1213 1213 1259; baseline -0.001 -11"><span class='ocrx_word' id='word_1_105' title='bbox 471 1215 677 1259; x_wconf 90' lang='lat' dir='ltr'>bernantique</span> <span class='ocrx_word' id='word_1_106' title='bbox 700 1214 852 1259; x_wconf 89' lang='lat' dir='ltr'>episcopo</span> <span class='ocrx_word' id='word_1_107' title='bbox 869 1219 899 1247; x_wconf 91' lang='lat' dir='ltr'>et</span> <span class='ocrx_word' id='word_1_108' title='bbox 916 1214 1044 1248; x_wconf 90' lang='lat' dir='ltr'>domino</span> <span class='ocrx_word' id='word_1_109' title='bbox 1065 1213 1103 1247; x_wconf 92' lang='lat' dir='ltr'>ad</span> <span class='ocrx_word' id='word_1_110' title='bbox 1117 1214 1213 1247; x_wconf 88' lang='lat' dir='ltr'>eccle-</span> 
     </span>
     <span class='ocr_line' id='line_1_21' title="bbox 471 1268 1210 1313; baseline -0.001 -11"><span class='ocrx_word' id='word_1_111' title='bbox 471 1269 535 1302; x_wconf 89' lang='lat' dir='ltr'>siae</span> <span class='ocrx_word' id='word_1_112' title='bbox 563 1275 593 1302; x_wconf 89' lang='lat' dir='ltr'>et</span> <span class='ocrx_word' id='word_1_113' title='bbox 617 1269 737 1313; x_wconf 83' lang='lat' dir='ltr'>patriae</span> <span class='ocrx_word' id='word_1_114' title='bbox 765 1268 932 1301; x_wconf 84' lang='lat' dir='ltr'>utilitatem</span> <span class='ocrx_word' id='word_1_115' title='bbox 960 1272 1135 1312; x_wconf 85' lang='lat' dir='ltr'>spectantes</span> <span class='ocrx_word' id='word_1_116' title='bbox 1161 1268 1210 1301; x_wconf 87' lang='lat' dir='ltr'>sa-</span> 
     </span>
     <span class='ocr_line' id='line_1_22' title="bbox 472 1321 1212 1366; baseline -0.003 -10"><span class='ocrx_word' id='word_1_117' title='bbox 472 1323 603 1356; x_wconf 87' lang='lat' dir='ltr'>eultates</span> <span class='ocrx_word' id='word_1_118' title='bbox 635 1322 807 1366; x_wconf 87' lang='lat' dir='ltr'>eripiantur</span> <span class='ocrx_word' id='word_1_119' title='bbox 822 1349 830 1362; x_wconf 94' lang='lat'>,</span> <span class='ocrx_word' id='word_1_120' title='bbox 854 1321 1024 1365; x_wconf 88' lang='lat' dir='ltr'>quominus</span> <span class='ocrx_word' id='word_1_121' title='bbox 1049 1321 1212 1365; x_wconf 88' lang='lat' dir='ltr'>episcopa-</span> 
     </span>
     <span class='ocr_line' id='line_1_23' title="bbox 471 1375 1212 1419; baseline -0.004 -9"><span class='ocrx_word' id='word_1_122' title='bbox 471 1377 533 1410; x_wconf 90' lang='lat' dir='ltr'>lem</span> <span class='ocrx_word' id='word_1_123' title='bbox 558 1376 741 1419; x_wconf 78' lang='lat' dir='ltr'>dignitatem</span> <span class='ocrx_word' id='word_1_124' title='bbox 770 1375 802 1408; x_wconf 93' lang='lat' dir='ltr'>in</span> <span class='ocrx_word' id='word_1_125' title='bbox 822 1375 1041 1409; x_wconf 88' lang='lat' dir='ltr'>ecclesiasticis</span> <span class='ocrx_word' id='word_1_126' title='bbox 1061 1381 1092 1408; x_wconf 93' lang='lat' dir='ltr'>et</span> <span class='ocrx_word' id='word_1_127' title='bbox 1108 1375 1212 1419; x_wconf 90' lang='lat' dir='ltr'>politi-</span> 
     </span>
     <span class='ocr_line' id='line_1_24' title="bbox 472 1428 1213 1472; baseline 0 -10"><span class='ocrx_word' id='word_1_128' title='bbox 472 1429 516 1463; x_wconf 91' lang='lat' dir='ltr'>cis</span> <span class='ocrx_word' id='word_1_129' title='bbox 526 1429 753 1470; x_wconf 87' lang='lat' dir='ltr'>auctoritatem,</span> <span class='ocrx_word' id='word_1_130' title='bbox 764 1429 1066 1472; x_wconf 81' lang='lat' dir='ltr'>convenientemque</span> <span class='ocrx_word' id='word_1_131' title='bbox 1079 1428 1213 1472; x_wconf 88' lang='lat' dir='ltr'>imperio</span> 
     </span>
     <span class='ocr_line' id='line_1_25' title="bbox 472 1481 1215 1527; baseline -0.003 -11"><span class='ocrx_word' id='word_1_132' title='bbox 472 1482 675 1527; x_wconf 84' lang='lat' dir='ltr'>splendorem</span> <span class='ocrx_word' id='word_1_133' title='bbox 689 1482 844 1515; x_wconf 89' lang='lat' dir='ltr'>sustinere</span> <span class='ocrx_word' id='word_1_134' title='bbox 858 1486 961 1525; x_wconf 81' lang='lat' dir='ltr'>queat,</span> <span class='ocrx_word' id='word_1_135' title='bbox 974 1487 1071 1525; x_wconf 90' lang='lat' dir='ltr'>utque</span> <span class='ocrx_word' id='word_1_136' title='bbox 1082 1481 1215 1525; x_wconf 85' lang='lat' dir='ltr'>praedif-</span> 
     </span>
     <span class='ocr_line' id='line_1_26' title="bbox 472 1535 1214 1579; baseline -0.001 -10"><span class='ocrx_word' id='word_1_137' title='bbox 472 1536 546 1570; x_wconf 81' lang='lat' dir='ltr'>flcili</span> <span class='ocrx_word' id='word_1_138' title='bbox 564 1536 642 1569; x_wconf 90' lang='lat' dir='ltr'>iuris</span> <span class='ocrx_word' id='word_1_139' title='bbox 662 1536 903 1569; x_wconf 90' lang='lat' dir='ltr'>administrandi</span> <span class='ocrx_word' id='word_1_140' title='bbox 922 1536 1051 1579; x_wconf 79' lang='lat' dir='ltr'>negotio</span> <span class='ocrx_word' id='word_1_141' title='bbox 1069 1535 1214 1569; x_wconf 90' lang='lat' dir='ltr'>ordinan-</span> 
     </span>
     <span class='ocr_line' id='line_1_27' title="bbox 472 1588 1213 1634; baseline -0.003 -11"><span class='ocrx_word' id='word_1_142' title='bbox 472 1590 519 1623; x_wconf 92' lang='lat' dir='ltr'>dis</span> <span class='ocrx_word' id='word_1_143' title='bbox 533 1590 585 1634; x_wconf 90' lang='lat' dir='ltr'>qui</span> <span class='ocrx_word' id='word_1_144' title='bbox 603 1589 823 1623; x_wconf 89' lang='lat' dir='ltr'>ecclesiasticis</span> <span class='ocrx_word' id='word_1_145' title='bbox 840 1594 870 1622; x_wconf 91' lang='lat' dir='ltr'>et</span> <span class='ocrx_word' id='word_1_146' title='bbox 894 1588 1031 1633; x_wconf 84' lang='lat' dir='ltr'>politicis</span> <span class='ocrx_word' id='word_1_147' title='bbox 1052 1599 1069 1621; x_wconf 88' lang='lat' dir='ltr'>a</span> <span class='ocrx_word' id='word_1_148' title='bbox 1082 1589 1213 1622; x_wconf 92' lang='lat' dir='ltr'>consilio</span> 
     </span>
     <span class='ocr_line' id='line_1_28' title="bbox 472 1642 1214 1686; baseline 0 -11"><span class='ocrx_word' id='word_1_149' title='bbox 472 1643 534 1676; x_wconf 85' lang='lat' dir='ltr'>sint</span> <span class='ocrx_word' id='word_1_150' title='bbox 557 1653 709 1683; x_wconf 85' lang='lat' dir='ltr'>camerae,</span> <span class='ocrx_word' id='word_1_151' title='bbox 734 1643 832 1685; x_wconf 90' lang='lat' dir='ltr'>aulae,</span> <span class='ocrx_word' id='word_1_152' title='bbox 859 1642 990 1686; x_wconf 91' lang='lat' dir='ltr'>aliisque</span> <span class='ocrx_word' id='word_1_153' title='bbox 1015 1642 1047 1675; x_wconf 91' lang='lat' dir='ltr'>in</span> <span class='ocrx_word' id='word_1_154' title='bbox 1070 1652 1214 1675; x_wconf 87' lang='lat' dir='ltr'>necessa-</span> 
     </span>
     <span class='ocr_line' id='line_1_29' title="bbox 472 1695 1210 1740; baseline 0 -12"><span class='ocrx_word' id='word_1_155' title='bbox 472 1696 552 1729; x_wconf 88' lang='lat' dir='ltr'>riam</span> <span class='ocrx_word' id='word_1_156' title='bbox 577 1696 697 1740; x_wconf 85' lang='lat' dir='ltr'>patriae</span> <span class='ocrx_word' id='word_1_157' title='bbox 721 1695 936 1729; x_wconf 82' lang='lat' dir='ltr'>defensionem</span> <span class='ocrx_word' id='word_1_158' title='bbox 962 1700 992 1728; x_wconf 91' lang='lat' dir='ltr'>et</span> <span class='ocrx_word' id='word_1_159' title='bbox 1017 1705 1210 1729; x_wconf 89' lang='lat' dir='ltr'>conservan-</span> 
     </span>
     <span class='ocr_line' id='line_1_30' title="bbox 472 1749 1211 1793; baseline 0 -11"><span class='ocrx_word' id='word_1_160' title='bbox 472 1749 548 1782; x_wconf 91' lang='lat' dir='ltr'>dum</span> <span class='ocrx_word' id='word_1_161' title='bbox 581 1749 709 1782; x_wconf 88' lang='lat' dir='ltr'>militiae</span> <span class='ocrx_word' id='word_1_162' title='bbox 740 1749 839 1782; x_wconf 89' lang='lat' dir='ltr'>robur</span> <span class='ocrx_word' id='word_1_163' title='bbox 871 1749 1092 1793; x_wconf 88' lang='lat' dir='ltr'>praeficiendis</span> <span class='ocrx_word' id='word_1_164' title='bbox 1121 1749 1211 1782; x_wconf 90' lang='lat' dir='ltr'>mini-</span> 
     </span>
     <span class='ocr_line' id='line_1_31' title="bbox 473 1802 1214 1845; baseline 0 -10"><span class='ocrx_word' id='word_1_165' title='bbox 473 1802 546 1836; x_wconf 90' lang='lat' dir='ltr'>stris</span> <span class='ocrx_word' id='word_1_166' title='bbox 570 1802 636 1836; x_wconf 93' lang='lat' dir='ltr'>sine</span> <span class='ocrx_word' id='word_1_167' title='bbox 660 1802 849 1835; x_wconf 89' lang='lat' dir='ltr'>detrimento</span> <span class='ocrx_word' id='word_1_168' title='bbox 877 1812 935 1835; x_wconf 90' lang='lat' dir='ltr'>nec</span> <span class='ocrx_word' id='word_1_169' title='bbox 966 1802 1079 1836; x_wconf 88' lang='lat' dir='ltr'>maiori</span> <span class='ocrx_word' id='word_1_170' title='bbox 1108 1813 1214 1845; x_wconf 80' lang='lat' dir='ltr'>grava-</span> 
     </span>
     <span class='ocr_line' id='line_1_32' title="bbox 473 1854 1213 1899; baseline 0 -11"><span class='ocrx_word' id='word_1_171' title='bbox 473 1855 557 1888; x_wconf 91' lang='lat' dir='ltr'>mine</span> <span class='ocrx_word' id='word_1_172' title='bbox 575 1861 604 1889; x_wconf 92' lang='lat' dir='ltr'>et</span> <span class='ocrx_word' id='word_1_173' title='bbox 614 1855 763 1889; x_wconf 86' lang='lat' dir='ltr'>ecclesiae</span> <span class='ocrx_word' id='word_1_174' title='bbox 777 1854 980 1889; x_wconf 89' lang='lat' dir='ltr'>incommodo</span> <span class='ocrx_word' id='word_1_175' title='bbox 994 1855 1114 1899; x_wconf 85' lang='lat' dir='ltr'>absque</span> <span class='ocrx_word' id='word_1_176' title='bbox 1132 1855 1213 1888; x_wconf 88' lang='lat' dir='ltr'>aeris</span> 
     </span>
     <span class='ocr_line' id='line_1_33' title="bbox 473 1908 1213 1952; baseline -0.001 -11"><span class='ocrx_word' id='word_1_177' title='bbox 473 1908 564 1942; x_wconf 87' lang='lat' dir='ltr'>alieni</span> <span class='ocrx_word' id='word_1_178' title='bbox 578 1909 728 1942; x_wconf 84' lang='lat' dir='ltr'>oneribus</span> <span class='ocrx_word' id='word_1_179' title='bbox 742 1908 856 1941; x_wconf 86' lang='lat' dir='ltr'>iniecto</span> <span class='ocrx_word' id='word_1_180' title='bbox 873 1913 1036 1952; x_wconf 90' lang='lat' dir='ltr'>posterum</span> <span class='ocrx_word' id='word_1_181' title='bbox 1053 1908 1213 1952; x_wconf 89' lang='lat' dir='ltr'>provideri</span> 
     </span>
     <span class='ocr_line' id='line_1_34' title="bbox 473 1961 1212 2005; baseline -0.001 -10"><span class='ocrx_word' id='word_1_182' title='bbox 473 1963 583 2003; x_wconf 88' lang='lat' dir='ltr'>valeat,</span> <span class='ocrx_word' id='word_1_183' title='bbox 601 1973 638 1995; x_wconf 83' lang='lat' dir='ltr'>ex</span> <span class='ocrx_word' id='word_1_184' title='bbox 653 1962 769 1995; x_wconf 90' lang='lat' dir='ltr'>horum</span> <span class='ocrx_word' id='word_1_185' title='bbox 786 1961 984 2005; x_wconf 87' lang='lat' dir='ltr'>praescripto</span> <span class='ocrx_word' id='word_1_186' title='bbox 1005 1961 1212 2005; x_wconf 88' lang='lat' dir='ltr'>praepositus,</span> 
     </span>
     <span class='ocr_line' id='line_1_35' title="bbox 473 2015 1214 2058; baseline 0 -10"><span class='ocrx_word' id='word_1_187' title='bbox 473 2015 610 2048; x_wconf 91' lang='lat' dir='ltr'>decanus</span> <span class='ocrx_word' id='word_1_188' title='bbox 627 2015 741 2058; x_wconf 91' lang='lat' dir='ltr'>senior,</span> <span class='ocrx_word' id='word_1_189' title='bbox 759 2020 789 2048; x_wconf 91' lang='lat' dir='ltr'>et</span> <span class='ocrx_word' id='word_1_190' title='bbox 805 2015 987 2058; x_wconf 88' lang='lat' dir='ltr'>capitulum,</span> <span class='ocrx_word' id='word_1_191' title='bbox 1006 2020 1036 2048; x_wconf 91' lang='lat' dir='ltr'>et</span> <span class='ocrx_word' id='word_1_192' title='bbox 1056 2025 1214 2048; x_wconf 88' lang='lat' dir='ltr'>successo-</span> 
     </span>
     <span class='ocr_line' id='line_1_36' title="bbox 473 2068 1215 2112; baseline 0 -10"><span class='ocrx_word' id='word_1_193' title='bbox 473 2079 524 2102; x_wconf 86' lang='lat' dir='ltr'>res</span> <span class='ocrx_word' id='word_1_194' title='bbox 547 2068 657 2109; x_wconf 85' lang='lat' dir='ltr'>nostri,</span> <span class='ocrx_word' id='word_1_195' title='bbox 682 2068 744 2100; x_wconf 89' lang='lat' dir='ltr'>iam</span> <span class='ocrx_word' id='word_1_196' title='bbox 768 2078 852 2100; x_wconf 89' lang='lat' dir='ltr'>nunc</span> <span class='ocrx_word' id='word_1_197' title='bbox 869 2068 947 2101; x_wconf 85' lang='lat' dir='ltr'>etin</span> <span class='ocrx_word' id='word_1_198' title='bbox 971 2073 1160 2112; x_wconf 88' lang='lat' dir='ltr'>perpetuum</span> <span class='ocrx_word' id='word_1_199' title='bbox 1179 2079 1215 2102; x_wconf 81' lang='lat' dir='ltr'>ex</span> 
     </span>
     <span class='ocr_line' id='line_1_37' title="bbox 473 2121 1215 2166; baseline 0 -11"><span class='ocrx_word' id='word_1_200' title='bbox 473 2122 548 2155; x_wconf 90' lang='lat' dir='ltr'>hinc</span> <span class='ocrx_word' id='word_1_201' title='bbox 561 2122 776 2155; x_wconf 85' lang='lat' dir='ltr'>consecuturis</span> <span class='ocrx_word' id='word_1_202' title='bbox 799 2121 1005 2166; x_wconf 87' lang='lat' dir='ltr'>temporibus,</span> <span class='ocrx_word' id='word_1_203' title='bbox 1022 2122 1143 2165; x_wconf 86' lang='lat' dir='ltr'>quoties</span> <span class='ocrx_word' id='word_1_204' title='bbox 1161 2133 1215 2165; x_wconf 86' lang='lat' dir='ltr'>gu-</span> 
     </span>
     <span class='ocr_line' id='line_1_38' title="bbox 473 2175 1216 2219; baseline 0.001 -11"><span class='ocrx_word' id='word_1_205' title='bbox 473 2176 659 2208; x_wconf 88' lang='lat' dir='ltr'>bernantem</span> <span class='ocrx_word' id='word_1_206' title='bbox 685 2175 869 2219; x_wconf 90' lang='lat' dir='ltr'>episcopum</span> <span class='ocrx_word' id='word_1_207' title='bbox 901 2175 1161 2219; x_wconf 87' lang='lat' dir='ltr'>Herbipolensem</span> <span class='ocrx_word' id='word_1_208' title='bbox 1186 2181 1216 2209; x_wconf 89' lang='lat' dir='ltr'>et</span> 
     </span>
     <span class='ocr_line' id='line_1_39' title="bbox 474 2229 1216 2263; baseline 0.001 -1"><span class='ocrx_word' id='word_1_209' title='bbox 474 2230 667 2263; x_wconf 85' lang='lat' dir='ltr'>Franconiac</span> <span class='ocrx_word' id='word_1_210' title='bbox 691 2229 802 2263; x_wconf 90' lang='lat' dir='ltr'>ducem</span> <span class='ocrx_word' id='word_1_211' title='bbox 827 2229 859 2262; x_wconf 93' lang='lat' dir='ltr'>in</span> <span class='ocrx_word' id='word_1_212' title='bbox 882 2229 1016 2263; x_wconf 91' lang='lat' dir='ltr'>Domino</span> <span class='ocrx_word' id='word_1_213' title='bbox 1033 2239 1049 2262; x_wconf 90' lang='lat' dir='ltr'>e</span> <span class='ocrx_word' id='word_1_214' title='bbox 1067 2229 1143 2263; x_wconf 90' lang='lat' dir='ltr'>vivis</span> <span class='ocrx_word' id='word_1_215' title='bbox 1168 2239 1216 2263; x_wconf 87' lang='lat' dir='ltr'>ex-</span> 
     </span>
     <span class='ocr_line' id='line_1_40' title="bbox 475 2282 1215 2326; baseline -0.001 -9"><span class='ocrx_word' id='word_1_216' title='bbox 475 2283 587 2317; x_wconf 87' lang='lat' dir='ltr'>cedere</span> <span class='ocrx_word' id='word_1_217' title='bbox 611 2282 789 2326; x_wconf 81' lang='lat' dir='ltr'>contigerit‚</span> <span class='ocrx_word' id='word_1_218' title='bbox 806 2282 875 2315; x_wconf 91' lang='lat' dir='ltr'>iure</span> <span class='ocrx_word' id='word_1_219' title='bbox 896 2287 925 2315; x_wconf 89' lang='lat' dir='ltr'>et</span> <span class='ocrx_word' id='word_1_220' title='bbox 949 2287 1101 2326; x_wconf 87' lang='lat' dir='ltr'>potestate</span> <span class='ocrx_word' id='word_1_221' title='bbox 1126 2293 1215 2316; x_wconf 90' lang='lat' dir='ltr'>cura-</span> 
     </span>
     <span class='ocr_line' id='line_1_41' title="bbox 474 2335 1214 2380; baseline 0 -11"><span class='ocrx_word' id='word_1_222' title='bbox 474 2336 596 2377; x_wconf 89' lang='lat' dir='ltr'>bimus,</span> <span class='ocrx_word' id='word_1_223' title='bbox 621 2335 791 2380; x_wconf 89' lang='lat' dir='ltr'>episcopali</span> <span class='ocrx_word' id='word_1_224' title='bbox 816 2335 888 2368; x_wconf 91' lang='lat' dir='ltr'>sede</span> <span class='ocrx_word' id='word_1_225' title='bbox 913 2341 1051 2376; x_wconf 84' lang='lat' dir='ltr'>vacante,</span> <span class='ocrx_word' id='word_1_226' title='bbox 1075 2336 1214 2370; x_wconf 82' lang='lat' dir='ltr'>futurum</span> 
     </span>
     <span class='ocr_line' id='line_1_42' title="bbox 475 2389 1215 2434; baseline -0.001 -11"><span class='ocrx_word' id='word_1_227' title='bbox 475 2400 690 2424; x_wconf 85' lang='lat' dir='ltr'>successorem</span> <span class='ocrx_word' id='word_1_228' title='bbox 708 2393 737 2424; x_wconf 91' lang='lat' dir='ltr'>et</span> <span class='ocrx_word' id='word_1_229' title='bbox 754 2389 953 2423; x_wconf 89' lang='lat' dir='ltr'>Ordinarium</span> <span class='ocrx_word' id='word_1_230' title='bbox 973 2389 1155 2434; x_wconf 88' lang='lat' dir='ltr'>episcopum</span> <span class='ocrx_word' id='word_1_231' title='bbox 1177 2389 1215 2423; x_wconf 85' lang='lat' dir='ltr'>ad</span> 
     </span>
     <span class='ocr_line' id='line_1_43' title="bbox 475 2442 1212 2486; baseline 0 -10"><span class='ocrx_word' id='word_1_232' title='bbox 475 2442 656 2476; x_wconf 91' lang='lat' dir='ltr'>huiusmodi</span> <span class='ocrx_word' id='word_1_233' title='bbox 685 2442 887 2476; x_wconf 84' lang='lat' dir='ltr'>alienationes</span> <span class='ocrx_word' id='word_1_234' title='bbox 918 2447 948 2475; x_wconf 93' lang='lat' dir='ltr'>et</span> <span class='ocrx_word' id='word_1_235' title='bbox 978 2442 1212 2486; x_wconf 88' lang='lat' dir='ltr'>incorporatio-</span> 
     </span>
     <span class='ocr_line' id='line_1_44' title="bbox 475 2496 1214 2540; baseline -0.001 -10"><span class='ocrx_word' id='word_1_236' title='bbox 475 2506 530 2530; x_wconf 87' lang='lat' dir='ltr'>nes</span> <span class='ocrx_word' id='word_1_237' title='bbox 554 2496 757 2530; x_wconf 88' lang='lat' dir='ltr'>cameralium</span> <span class='ocrx_word' id='word_1_238' title='bbox 782 2496 961 2530; x_wconf 88' lang='lat' dir='ltr'>reddituum</span> <span class='ocrx_word' id='word_1_239' title='bbox 989 2496 1214 2540; x_wconf 79' lang='lat' dir='ltr'>adstringendi,</span> 
     </span>
     <span class='ocr_line' id='line_1_45' title="bbox 476 2549 1214 2594; baseline 0 -12"><span class='ocrx_word' id='word_1_240' title='bbox 476 2559 566 2582; x_wconf 86' lang='lat' dir='ltr'>easve</span> <span class='ocrx_word' id='word_1_241' title='bbox 597 2550 628 2582; x_wconf 92' lang='lat' dir='ltr'>in</span> <span class='ocrx_word' id='word_1_242' title='bbox 659 2550 806 2594; x_wconf 89' lang='lat' dir='ltr'>proprios</span> <span class='ocrx_word' id='word_1_243' title='bbox 836 2549 928 2583; x_wconf 88' lang='lat' dir='ltr'>nobis</span> <span class='ocrx_word' id='word_1_244' title='bbox 952 2560 1027 2583; x_wconf 89' lang='lat' dir='ltr'>usus</span> <span class='ocrx_word' id='word_1_245' title='bbox 1053 2549 1214 2591; x_wconf 89' lang='lat' dir='ltr'>vertendi,</span> 
     </span>
     <span class='ocr_line' id='line_1_46' title="bbox 477 2603 1215 2648; baseline 0 -12"><span class='ocrx_word' id='word_1_246' title='bbox 477 2608 507 2637; x_wconf 89' lang='lat' dir='ltr'>et</span> <span class='ocrx_word' id='word_1_247' title='bbox 529 2613 568 2636; x_wconf 90' lang='lat' dir='ltr'>ne</span> <span class='ocrx_word' id='word_1_248' title='bbox 591 2603 666 2648; x_wconf 90' lang='lat' dir='ltr'>quid</span> <span class='ocrx_word' id='word_1_249' title='bbox 691 2604 792 2637; x_wconf 90' lang='lat' dir='ltr'>simile</span> <span class='ocrx_word' id='word_1_250' title='bbox 824 2603 1128 2648; x_wconf 87' lang='lat' dir='ltr'>praeterlabentibus</span> <span class='ocrx_word' id='word_1_251' title='bbox 1160 2603 1215 2637; x_wconf 90' lang='lat' dir='ltr'>ali-</span> 
     </span>
    </p>
   </div>
   <div class='ocr_carea' id='block_1_3' title="bbox 1050 205 1407 233">
    <p class='ocr_par' dir='ltr' id='par_1_4' title="bbox 1050 205 1407 233">
     <span class='ocr_line' id='line_1_47' title="bbox 1050 205 1407 233; baseline -0.003 -1"><span class='ocrx_word' id='word_1_252' title='bbox 1050 207 1229 233; x_wconf 76' lang='lat' dir='ltr'><strong>BULLARIUM</strong></span> <span class='ocrx_word' id='word_1_253' title='bbox 1252 205 1407 232; x_wconf 73' lang='lat' dir='ltr'>ROMANUM</span> 
     </span>
    </p>
   </div>
   <div class='ocr_carea' id='block_1_4' title="bbox 1244 254 1989 2487">
    <p class='ocr_par' dir='ltr' id='par_1_5' title="bbox 1244 254 1987 1098">
     <span class='ocr_line' id='line_1_48' title="bbox 1244 254 1983 301; baseline 0.003 -14"><span class='ocrx_word' id='word_1_254' title='bbox 1244 255 1369 299; x_wconf 88' lang='lat' dir='ltr'>quando</span> <span class='ocrx_word' id='word_1_255' title='bbox 1395 254 1484 288; x_wconf 87' lang='lat' dir='ltr'>annis</span> <span class='ocrx_word' id='word_1_256' title='bbox 1501 254 1632 296; x_wconf 87' lang='lat' dir='ltr'>eveniat,</span> <span class='ocrx_word' id='word_1_257' title='bbox 1648 264 1706 289; x_wconf 88' lang='lat' dir='ltr'>nos</span> <span class='ocrx_word' id='word_1_258' title='bbox 1723 260 1753 289; x_wconf 90' lang='lat' dir='ltr'>et</span> <span class='ocrx_word' id='word_1_259' title='bbox 1769 255 1907 301; x_wconf 84' lang='lat' dir='ltr'>capitulo</span> <span class='ocrx_word' id='word_1_260' title='bbox 1931 265 1983 289; x_wconf 89' lang='lat' dir='ltr'>no-</span> 
     </span>
     <span class='ocr_line' id='line_1_49' title="bbox 1245 308 1983 353; baseline 0.003 -12"><span class='ocrx_word' id='word_1_261' title='bbox 1245 313 1310 342; x_wconf 89' lang='lat' dir='ltr'>stro</span> <span class='ocrx_word' id='word_1_262' title='bbox 1334 318 1542 349; x_wconf 90' lang='lat' dir='ltr'>successores,</span> <span class='ocrx_word' id='word_1_263' title='bbox 1567 308 1724 352; x_wconf 82' lang='lat' dir='ltr'>corporali</span> <span class='ocrx_word' id='word_1_264' title='bbox 1748 308 1788 341; x_wconf 90' lang='lat' dir='ltr'>ad</span> <span class='ocrx_word' id='word_1_265' title='bbox 1810 309 1871 343; x_wconf 89' lang='lat' dir='ltr'>hoc</span> <span class='ocrx_word' id='word_1_266' title='bbox 1893 319 1983 353; x_wconf 89' lang='lat' dir='ltr'>prae-</span> 
     </span>
     <span class='ocr_line' id='line_1_50' title="bbox 1246 361 1983 405; baseline 0 -11"><span class='ocrx_word' id='word_1_267' title='bbox 1246 361 1317 394; x_wconf 90' lang='lat' dir='ltr'>stito</span> <span class='ocrx_word' id='word_1_268' title='bbox 1335 361 1532 402; x_wconf 86' lang='lat' dir='ltr'>iuramento,</span> <span class='ocrx_word' id='word_1_269' title='bbox 1555 361 1639 405; x_wconf 91' lang='lat' dir='ltr'>quod</span> <span class='ocrx_word' id='word_1_270' title='bbox 1667 361 1705 394; x_wconf 93' lang='lat' dir='ltr'>de</span> <span class='ocrx_word' id='word_1_271' title='bbox 1733 366 1838 395; x_wconf 87' lang='lat' dir='ltr'>cetero</span> <span class='ocrx_word' id='word_1_272' title='bbox 1862 362 1983 405; x_wconf 81' lang='lat' dir='ltr'>obliga-</span> 
     </span>
     <span class='ocr_line' id='line_1_51' title="bbox 1246 413 1983 448; baseline 0.003 -2"><span class='ocrx_word' id='word_1_273' title='bbox 1246 425 1317 447; x_wconf 89' lang='lat' dir='ltr'>mur</span> <span class='ocrx_word' id='word_1_274' title='bbox 1342 415 1473 448; x_wconf 87' lang='lat' dir='ltr'>ecclesia</span> <span class='ocrx_word' id='word_1_275' title='bbox 1491 419 1599 447; x_wconf 89' lang='lat' dir='ltr'>nostra</span> <span class='ocrx_word' id='word_1_276' title='bbox 1627 414 1730 448; x_wconf 92' lang='lat' dir='ltr'>denuo</span> <span class='ocrx_word' id='word_1_277' title='bbox 1758 413 1951 447; x_wconf 90' lang='lat' dir='ltr'>devincimus</span> <span class='ocrx_word' id='word_1_278' title='bbox 1964 413 1983 448; x_wconf 88' lang='lat'>¹.</span> 
     </span>
     <span class='ocr_line' id='line_1_52' title="bbox 1246 467 1984 512; baseline 0 -12"><span class='ocrx_word' id='word_1_279' title='bbox 1246 467 1276 501; x_wconf 91' lang='lat' dir='ltr'>Si</span> <span class='ocrx_word' id='word_1_280' title='bbox 1305 467 1380 511; x_wconf 91' lang='lat' dir='ltr'>quid</span> <span class='ocrx_word' id='word_1_281' title='bbox 1404 472 1509 501; x_wconf 90' lang='lat' dir='ltr'>autem</span> <span class='ocrx_word' id='word_1_282' title='bbox 1534 467 1654 509; x_wconf 87' lang='lat' dir='ltr'>simile,</span> <span class='ocrx_word' id='word_1_283' title='bbox 1686 467 1769 512; x_wconf 88' lang='lat' dir='ltr'>quod</span> <span class='ocrx_word' id='word_1_284' title='bbox 1800 467 1984 511; x_wconf 84' lang='lat' dir='ltr'>longissime</span> 
     </span>
     <span class='ocr_line' id='line_1_53' title="bbox 1245 520 1984 565; baseline 0 -11"><span class='ocrx_word' id='word_1_285' title='bbox 1245 531 1263 554; x_wconf 95' lang='lat' dir='ltr'>a</span> <span class='ocrx_word' id='word_1_286' title='bbox 1286 520 1377 554; x_wconf 89' lang='lat' dir='ltr'>nobis</span> <span class='ocrx_word' id='word_1_287' title='bbox 1402 521 1500 555; x_wconf 88' lang='lat' dir='ltr'>averti</span> <span class='ocrx_word' id='word_1_288' title='bbox 1524 521 1679 565; x_wconf 89' lang='lat' dir='ltr'>cupimus,</span> <span class='ocrx_word' id='word_1_289' title='bbox 1696 531 1896 565; x_wconf 91' lang='lat' dir='ltr'>quocumque</span> <span class='ocrx_word' id='word_1_290' title='bbox 1916 526 1984 554; x_wconf 91' lang='lat' dir='ltr'>tan-</span> 
     </span>
     <span class='ocr_line' id='line_1_54' title="bbox 1246 573 1986 617; baseline 0.003 -11"><span class='ocrx_word' id='word_1_291' title='bbox 1246 573 1316 606; x_wconf 91' lang='lat' dir='ltr'>dem</span> <span class='ocrx_word' id='word_1_292' title='bbox 1337 578 1501 617; x_wconf 86' lang='lat' dir='ltr'>praetextu</span> <span class='ocrx_word' id='word_1_293' title='bbox 1521 578 1573 607; x_wconf 91' lang='lat' dir='ltr'>aut</span> <span class='ocrx_word' id='word_1_294' title='bbox 1601 573 1755 607; x_wconf 90' lang='lat' dir='ltr'>velamine</span> <span class='ocrx_word' id='word_1_295' title='bbox 1773 574 1898 607; x_wconf 90' lang='lat' dir='ltr'>evenire</span> <span class='ocrx_word' id='word_1_296' title='bbox 1915 584 1986 608; x_wconf 90' lang='lat' dir='ltr'>con-</span> 
     </span>
     <span class='ocr_line' id='line_1_55' title="bbox 1246 626 1985 669; baseline 0.001 -10"><span class='ocrx_word' id='word_1_297' title='bbox 1246 626 1372 669; x_wconf 81' lang='lat' dir='ltr'>tigerit,</span> <span class='ocrx_word' id='word_1_298' title='bbox 1402 626 1433 660; x_wconf 94' lang='lat' dir='ltr'>id</span> <span class='ocrx_word' id='word_1_299' title='bbox 1456 627 1543 660; x_wconf 87' lang='lat' dir='ltr'>hisce</span> <span class='ocrx_word' id='word_1_300' title='bbox 1568 632 1598 660; x_wconf 91' lang='lat' dir='ltr'>et</span> <span class='ocrx_word' id='word_1_301' title='bbox 1628 627 1740 660; x_wconf 89' lang='lat' dir='ltr'>harum</span> <span class='ocrx_word' id='word_1_302' title='bbox 1767 627 1881 660; x_wconf 87' lang='lat' dir='ltr'>virtute</span> <span class='ocrx_word' id='word_1_303' title='bbox 1905 627 1985 660; x_wconf 89' lang='lat' dir='ltr'>litte-</span> 
     </span>
     <span class='ocr_line' id='line_1_56' title="bbox 1247 681 1986 725; baseline 0.001 -12"><span class='ocrx_word' id='word_1_304' title='bbox 1247 691 1355 713; x_wconf 88' lang='lat' dir='ltr'>rarum</span> <span class='ocrx_word' id='word_1_305' title='bbox 1379 691 1438 725; x_wconf 92' lang='lat' dir='ltr'>pro</span> <span class='ocrx_word' id='word_1_306' title='bbox 1463 681 1628 724; x_wconf 84' lang='lat' dir='ltr'>illegitimo</span> <span class='ocrx_word' id='word_1_307' title='bbox 1652 681 1820 722; x_wconf 86' lang='lat' dir='ltr'>habemus,</span> <span class='ocrx_word' id='word_1_308' title='bbox 1849 681 1986 714; x_wconf 90' lang='lat' dir='ltr'>irritum-</span> 
     </span>
     <span class='ocr_line' id='line_1_57' title="bbox 1246 733 1985 778; baseline 0.001 -12"><span class='ocrx_word' id='word_1_309' title='bbox 1246 743 1306 777; x_wconf 92' lang='lat' dir='ltr'>que</span> <span class='ocrx_word' id='word_1_310' title='bbox 1328 738 1358 767; x_wconf 92' lang='lat' dir='ltr'>et</span> <span class='ocrx_word' id='word_1_311' title='bbox 1382 733 1552 768; x_wconf 90' lang='lat' dir='ltr'>invalidum</span> <span class='ocrx_word' id='word_1_312' title='bbox 1576 734 1748 775; x_wconf 80' lang='lat' dir='ltr'>reddimus,</span> <span class='ocrx_word' id='word_1_313' title='bbox 1763 744 1865 778; x_wconf 88' lang='lat' dir='ltr'>neque</span> <span class='ocrx_word' id='word_1_314' title='bbox 1888 734 1985 767; x_wconf 89' lang='lat' dir='ltr'>ullum</span> 
     </span>
     <span class='ocr_line' id='line_1_58' title="bbox 1246 787 1987 831; baseline 0.001 -12"><span class='ocrx_word' id='word_1_315' title='bbox 1246 796 1462 820; x_wconf 89' lang='lat' dir='ltr'>successorem</span> <span class='ocrx_word' id='word_1_316' title='bbox 1484 787 1667 831; x_wconf 90' lang='lat' dir='ltr'>episcopum</span> <span class='ocrx_word' id='word_1_317' title='bbox 1691 787 1729 820; x_wconf 91' lang='lat' dir='ltr'>ad</span> <span class='ocrx_word' id='word_1_318' title='bbox 1749 787 1936 821; x_wconf 89' lang='lat' dir='ltr'>servandum</span> <span class='ocrx_word' id='word_1_319' title='bbox 1955 787 1987 820; x_wconf 93' lang='lat' dir='ltr'>il-</span> 
     </span>
     <span class='ocr_line' id='line_1_59' title="bbox 1246 839 1987 883; baseline 0.001 -11"><span class='ocrx_word' id='word_1_320' title='bbox 1246 839 1300 872; x_wconf 92' lang='lat' dir='ltr'>lud</span> <span class='ocrx_word' id='word_1_321' title='bbox 1317 839 1524 883; x_wconf 84' lang='lat' dir='ltr'>obligandum</span> <span class='ocrx_word' id='word_1_322' title='bbox 1548 840 1754 882; x_wconf 86' lang='lat' dir='ltr'>declaramus,</span> <span class='ocrx_word' id='word_1_323' title='bbox 1770 840 1848 873; x_wconf 89' lang='lat' dir='ltr'>nihil</span> <span class='ocrx_word' id='word_1_324' title='bbox 1869 840 1907 873; x_wconf 91' lang='lat' dir='ltr'>ad</span> <span class='ocrx_word' id='word_1_325' title='bbox 1927 840 1987 874; x_wconf 90' lang='lat' dir='ltr'>hoc</span> 
     </span>
     <span class='ocr_line' id='line_1_60' title="bbox 1246 892 1987 939; baseline 0.001 -13"><span class='ocrx_word' id='word_1_326' title='bbox 1246 892 1438 936; x_wconf 81' lang='lat' dir='ltr'>suffragante</span> <span class='ocrx_word' id='word_1_327' title='bbox 1462 894 1639 928; x_wconf 87' lang='lat' dir='ltr'>iuramento</span> <span class='ocrx_word' id='word_1_328' title='bbox 1653 921 1660 935; x_wconf 94' lang='lat'>,</span> <span class='ocrx_word' id='word_1_329' title='bbox 1684 894 1757 928; x_wconf 89' lang='lat' dir='ltr'>licet</span> <span class='ocrx_word' id='word_1_330' title='bbox 1780 894 1987 939; x_wconf 86' lang='lat' dir='ltr'>corporaliter</span> 
     </span>
     <span class='ocr_line' id='line_1_61' title="bbox 1246 947 1986 991; baseline 0.003 -12"><span class='ocrx_word' id='word_1_331' title='bbox 1246 947 1410 991; x_wconf 89' lang='lat' dir='ltr'>praestito,</span> <span class='ocrx_word' id='word_1_332' title='bbox 1435 952 1549 991; x_wconf 85' lang='lat' dir='ltr'>pacto,</span> <span class='ocrx_word' id='word_1_333' title='bbox 1581 948 1826 989; x_wconf 88' lang='lat' dir='ltr'>consuetudine,</span> <span class='ocrx_word' id='word_1_334' title='bbox 1850 951 1986 990; x_wconf 92' lang='lat' dir='ltr'>statuto,</span> 
     </span>
     <span class='ocr_line' id='line_1_62' title="bbox 1246 1000 1986 1045; baseline 0 -12"><span class='ocrx_word' id='word_1_335' title='bbox 1246 1000 1506 1045; x_wconf 87' lang='lat' dir='ltr'>praescriptione,</span> <span class='ocrx_word' id='word_1_336' title='bbox 1531 1001 1630 1034; x_wconf 78' lang='lat' dir='ltr'>aliave</span> <span class='ocrx_word' id='word_1_337' title='bbox 1655 1001 1861 1035; x_wconf 90' lang='lat' dir='ltr'>conventione</span> <span class='ocrx_word' id='word_1_338' title='bbox 1876 1000 1986 1045; x_wconf 70' lang='lat' dir='ltr'>‘quali-</span> 
     </span>
     <span class='ocr_line' id='line_1_63' title="bbox 1246 1054 1781 1098; baseline 0.002 -11"><span class='ocrx_word' id='word_1_339' title='bbox 1246 1054 1297 1087; x_wconf 90' lang='lat' dir='ltr'>bet</span> <span class='ocrx_word' id='word_1_340' title='bbox 1322 1054 1353 1087; x_wconf 92' lang='lat' dir='ltr'>in</span> <span class='ocrx_word' id='word_1_341' title='bbox 1379 1054 1573 1088; x_wconf 90' lang='lat' dir='ltr'>contrarium</span> <span class='ocrx_word' id='word_1_342' title='bbox 1599 1054 1781 1098; x_wconf 81' lang='lat' dir='ltr'>allegandis.</span> 
     </span>
    </p>

    <p class='ocr_par' dir='ltr' id='par_1_6' title="bbox 1246 1107 1989 2487">
     <span class='ocr_line' id='line_1_64' title="bbox 1290 1107 1987 1151; baseline 0.001 -11"><span class='ocrx_word' id='word_1_343' title='bbox 1290 1117 1332 1140; x_wconf 90' lang='lat' dir='ltr'>1v.</span> <span class='ocrx_word' id='word_1_344' title='bbox 1350 1107 1526 1149; x_wconf 89' lang='lat' dir='ltr'>Praeterea,</span> <span class='ocrx_word' id='word_1_345' title='bbox 1543 1112 1694 1151; x_wconf 89' lang='lat' dir='ltr'>quantum</span> <span class='ocrx_word' id='word_1_346' title='bbox 1711 1107 1750 1141; x_wconf 87' lang='lat' dir='ltr'>ad</span> <span class='ocrx_word' id='word_1_347' title='bbox 1767 1107 1924 1141; x_wconf 89' lang='lat' dir='ltr'>aerarium</span> <span class='ocrx_word' id='word_1_348' title='bbox 1942 1112 1987 1141; x_wconf 90' lang='lat' dir='ltr'>at-</span> 
     </span>
     <span class='ocr_line' id='line_1_65' title="bbox 1246 1160 1989 1206; baseline 0.004 -14"><span class='ocrx_word' id='word_1_349' title='bbox 1246 1160 1332 1202; x_wconf 87' lang='lat' dir='ltr'>tinet,</span> <span class='ocrx_word' id='word_1_350' title='bbox 1350 1171 1389 1194; x_wconf 91' lang='lat' dir='ltr'>ne</span> <span class='ocrx_word' id='word_1_351' title='bbox 1413 1161 1452 1194; x_wconf 89' lang='lat' dir='ltr'>ab</span> <span class='ocrx_word' id='word_1_352' title='bbox 1478 1161 1564 1195; x_wconf 89' lang='lat' dir='ltr'>obitu</span> <span class='ocrx_word' id='word_1_353' title='bbox 1582 1161 1723 1206; x_wconf 87' lang='lat' dir='ltr'>episcopi</span> <span class='ocrx_word' id='word_1_354' title='bbox 1751 1161 1989 1206; x_wconf 91' lang='lat' dir='ltr'>Herbipolensis</span> 
     </span>
     <span class='ocr_line' id='line_1_66' title="bbox 1246 1214 1988 1259; baseline 0.003 -13"><span class='ocrx_word' id='word_1_355' title='bbox 1246 1214 1503 1259; x_wconf 87' lang='lat' dir='ltr'>Franconiaeque</span> <span class='ocrx_word' id='word_1_356' title='bbox 1526 1214 1687 1248; x_wconf 90' lang='lat' dir='ltr'>orientalis</span> <span class='ocrx_word' id='word_1_357' title='bbox 1711 1214 1816 1256; x_wconf 90' lang='lat' dir='ltr'>ducis,</span> <span class='ocrx_word' id='word_1_358' title='bbox 1841 1225 1878 1249; x_wconf 95' lang='grc' dir='ltr'>οο</span> <span class='ocrx_word' id='word_1_359' title='bbox 1902 1214 1988 1259; x_wconf 89' lang='lat' dir='ltr'>quis-</span> 
     </span>
     <span class='ocr_line' id='line_1_67' title="bbox 1246 1261 1989 1312; baseline 0.003 -13"><span class='ocrx_word' id='word_1_360' title='bbox 1246 1267 1340 1311; x_wconf 85' lang='lat' dir='ltr'>piam,</span> <span class='ocrx_word' id='word_1_361' title='bbox 1361 1261 1435 1301; x_wconf 87' lang='lat' dir='ltr'>sede</span> <span class='ocrx_word' id='word_1_362' title='bbox 1454 1273 1594 1309; x_wconf 86' lang='lat' dir='ltr'>vacante,</span> <span class='ocrx_word' id='word_1_363' title='bbox 1608 1267 1703 1302; x_wconf 88' lang='lat' dir='ltr'>veluti</span> <span class='ocrx_word' id='word_1_364' title='bbox 1716 1268 1813 1312; x_wconf 88' lang='lat' dir='ltr'>ipsius</span> <span class='ocrx_word' id='word_1_365' title='bbox 1837 1268 1989 1302; x_wconf 83' lang='lat' dir='ltr'>ecclesiae</span> 
     </span>
     <span class='ocr_line' id='line_1_68' title="bbox 1246 1321 1987 1365; baseline 0.001 -12"><span class='ocrx_word' id='word_1_366' title='bbox 1246 1321 1437 1364; x_wconf 89' lang='lat' dir='ltr'>patrimonio</span> <span class='ocrx_word' id='word_1_367' title='bbox 1462 1321 1630 1362; x_wconf 85' lang='lat' dir='ltr'>abutatur,</span> <span class='ocrx_word' id='word_1_368' title='bbox 1654 1332 1732 1354; x_wconf 90' lang='lat' dir='ltr'>neve</span> <span class='ocrx_word' id='word_1_369' title='bbox 1746 1332 1833 1355; x_wconf 89' lang='lat' dir='ltr'>exeo</span> <span class='ocrx_word' id='word_1_370' title='bbox 1858 1321 1987 1365; x_wconf 89' lang='lat' dir='ltr'>aliquid,</span> 
     </span>
     <span class='ocr_line' id='line_1_69' title="bbox 1246 1374 1988 1419; baseline 0 -12"><span class='ocrx_word' id='word_1_371' title='bbox 1246 1379 1340 1418; x_wconf 89' lang='lat' dir='ltr'>prout</span> <span class='ocrx_word' id='word_1_372' title='bbox 1369 1374 1507 1418; x_wconf 87' lang='lat' dir='ltr'>pessimo</span> <span class='ocrx_word' id='word_1_373' title='bbox 1539 1374 1695 1418; x_wconf 85' lang='lat' dir='ltr'>aliquibus</span> <span class='ocrx_word' id='word_1_374' title='bbox 1719 1374 1797 1408; x_wconf 91' lang='lat' dir='ltr'>locis</span> <span class='ocrx_word' id='word_1_375' title='bbox 1821 1375 1988 1419; x_wconf 85' lang='lat' dir='ltr'>exemplo,</span> 
     </span>
     <span class='ocr_line' id='line_1_70' title="bbox 1246 1427 1985 1471; baseline 0.001 -11"><span class='ocrx_word' id='word_1_376' title='bbox 1246 1437 1304 1461; x_wconf 89' lang='lat' dir='ltr'>nec</span> <span class='ocrx_word' id='word_1_377' title='bbox 1329 1427 1447 1471; x_wconf 84' lang='lat' dir='ltr'>absque</span> <span class='ocrx_word' id='word_1_378' title='bbox 1471 1428 1558 1471; x_wconf 84' lang='lat' dir='ltr'>gravi</span> <span class='ocrx_word' id='word_1_379' title='bbox 1583 1428 1685 1461; x_wconf 91' lang='lat' dir='ltr'>Divini</span> <span class='ocrx_word' id='word_1_380' title='bbox 1709 1428 1852 1462; x_wconf 90' lang='lat' dir='ltr'>Numinis</span> <span class='ocrx_word' id='word_1_381' title='bbox 1877 1428 1985 1461; x_wconf 60' lang='lat' dir='ltr'>Ponti&gt;-</span> 
     </span>
     <span class='ocr_line' id='line_1_71' title="bbox 1247 1480 1988 1524; baseline 0.001 -11"><span class='ocrx_word' id='word_1_382' title='bbox 1247 1480 1399 1524; x_wconf 85' lang='lat' dir='ltr'>siciaeque</span> <span class='ocrx_word' id='word_1_383' title='bbox 1423 1491 1497 1514; x_wconf 87' lang='lat' dir='ltr'>suae</span> <span class='ocrx_word' id='word_1_384' title='bbox 1527 1480 1703 1514; x_wconf 85' lang='lat' dir='ltr'>Sanctitatis</span> <span class='ocrx_word' id='word_1_385' title='bbox 1728 1481 1865 1522; x_wconf 78' lang='lat' dir='ltr'>offensa,</span> <span class='ocrx_word' id='word_1_386' title='bbox 1891 1481 1988 1515; x_wconf 88' lang='lat' dir='ltr'>maxi-</span> 
     </span>
     <span class='ocr_line' id='line_1_72' title="bbox 1247 1534 1988 1578; baseline 0.003 -12"><span class='ocrx_word' id='word_1_387' title='bbox 1247 1544 1363 1578; x_wconf 91' lang='lat' dir='ltr'>moque</span> <span class='ocrx_word' id='word_1_388' title='bbox 1387 1534 1575 1568; x_wconf 88' lang='lat' dir='ltr'>detrimento</span> <span class='ocrx_word' id='word_1_389' title='bbox 1597 1534 1746 1568; x_wconf 84' lang='lat' dir='ltr'>ecclesiae</span> <span class='ocrx_word' id='word_1_390' title='bbox 1766 1535 1834 1568; x_wconf 88' lang='lat' dir='ltr'>fieri</span> <span class='ocrx_word' id='word_1_391' title='bbox 1852 1535 1940 1576; x_wconf 89' lang='lat' dir='ltr'>solet,</span> <span class='ocrx_word' id='word_1_392' title='bbox 1957 1535 1988 1568; x_wconf 90' lang='lat' dir='ltr'>in</span> 
     </span>
     <span class='ocr_line' id='line_1_73' title="bbox 1246 1587 1989 1633; baseline 0.003 -13"><span class='ocrx_word' id='word_1_393' title='bbox 1246 1587 1422 1630; x_wconf 81' lang='lat' dir='ltr'>singulares</span> <span class='ocrx_word' id='word_1_394' title='bbox 1440 1587 1617 1629; x_wconf 91' lang='lat' dir='ltr'>divisiones,</span> <span class='ocrx_word' id='word_1_395' title='bbox 1633 1588 1859 1632; x_wconf 87' lang='lat' dir='ltr'>distractiones,</span> <span class='ocrx_word' id='word_1_396' title='bbox 1878 1599 1989 1633; x_wconf 89' lang='lat' dir='ltr'>appro-</span> 
     </span>
     <span class='ocr_line' id='line_1_74' title="bbox 1246 1641 1986 1686; baseline 0.003 -13"><span class='ocrx_word' id='word_1_397' title='bbox 1246 1641 1438 1685; x_wconf 88' lang='lat' dir='ltr'>priationes,</span> <span class='ocrx_word' id='word_1_398' title='bbox 1463 1645 1493 1674; x_wconf 92' lang='lat' dir='ltr'>et</span> <span class='ocrx_word' id='word_1_399' title='bbox 1517 1641 1562 1674; x_wconf 86' lang='lat' dir='ltr'>sic</span> <span class='ocrx_word' id='word_1_400' title='bbox 1586 1641 1616 1674; x_wconf 91' lang='lat' dir='ltr'>in</span> <span class='ocrx_word' id='word_1_401' title='bbox 1641 1642 1806 1686; x_wconf 90' lang='lat' dir='ltr'>proprium</span> <span class='ocrx_word' id='word_1_402' title='bbox 1830 1642 1986 1686; x_wconf 87' lang='lat' dir='ltr'>privatum</span> 
     </span>
     <span class='ocr_line' id='line_1_75' title="bbox 1247 1695 1988 1739; baseline 0.003 -12"><span class='ocrx_word' id='word_1_403' title='bbox 1247 1695 1450 1728; x_wconf 89' lang='lat' dir='ltr'>commodum</span> <span class='ocrx_word' id='word_1_404' title='bbox 1475 1700 1660 1739; x_wconf 88' lang='lat' dir='ltr'>usurpetur,</span> <span class='ocrx_word' id='word_1_405' title='bbox 1677 1705 1734 1729; x_wconf 87' lang='lat' dir='ltr'>nos</span> <span class='ocrx_word' id='word_1_406' title='bbox 1758 1706 1896 1739; x_wconf 87' lang='lat' dir='ltr'>quoque,</span> <span class='ocrx_word' id='word_1_407' title='bbox 1921 1706 1988 1728; x_wconf 86' lang='lat' dir='ltr'>ma-</span> 
     </span>
     <span class='ocr_line' id='line_1_76' title="bbox 1247 1748 1989 1793; baseline 0.001 -12"><span class='ocrx_word' id='word_1_408' title='bbox 1247 1753 1319 1781; x_wconf 89' lang='lat' dir='ltr'>turo</span> <span class='ocrx_word' id='word_1_409' title='bbox 1344 1748 1480 1792; x_wconf 89' lang='lat' dir='ltr'>desuper</span> <span class='ocrx_word' id='word_1_410' title='bbox 1496 1748 1603 1782; x_wconf 89' lang='lat' dir='ltr'>habito</span> <span class='ocrx_word' id='word_1_411' title='bbox 1620 1749 1760 1793; x_wconf 88' lang='lat' dir='ltr'>initoque</span> <span class='ocrx_word' id='word_1_412' title='bbox 1786 1749 1925 1792; x_wconf 91' lang='lat' dir='ltr'>consilio,</span> <span class='ocrx_word' id='word_1_413' title='bbox 1947 1749 1989 1782; x_wconf 95' lang='lat' dir='ltr'>vi-</span> 
     </span>
     <span class='ocr_line' id='line_1_77' title="bbox 1247 1801 1989 1844; baseline 0.004 -11"><span class='ocrx_word' id='word_1_414' title='bbox 1247 1811 1324 1844; x_wconf 76' lang='lat' dir='ltr'>gore</span> <span class='ocrx_word' id='word_1_415' title='bbox 1344 1801 1438 1834; x_wconf 90' lang='lat' dir='ltr'>huius</span> <span class='ocrx_word' id='word_1_416' title='bbox 1461 1801 1626 1834; x_wconf 89' lang='lat' dir='ltr'>laudabilis</span> <span class='ocrx_word' id='word_1_417' title='bbox 1647 1802 1875 1836; x_wconf 87' lang='lat' dir='ltr'>observationis</span> <span class='ocrx_word' id='word_1_418' title='bbox 1893 1803 1989 1836; x_wconf 89' lang='lat' dir='ltr'>eccle-</span> 
     </span>
     <span class='ocr_line' id='line_1_78' title="bbox 1247 1854 1988 1896; baseline 0.001 -9"><span class='ocrx_word' id='word_1_419' title='bbox 1247 1854 1321 1895; x_wconf 86' lang='lat' dir='ltr'>siae,</span> <span class='ocrx_word' id='word_1_420' title='bbox 1340 1854 1503 1888; x_wconf 86' lang='lat' dir='ltr'>statuimus</span> <span class='ocrx_word' id='word_1_421' title='bbox 1524 1859 1554 1888; x_wconf 87' lang='lat' dir='ltr'>et</span> <span class='ocrx_word' id='word_1_422' title='bbox 1578 1855 1802 1896; x_wconf 87' lang='lat' dir='ltr'>ordinavimus,</span> <span class='ocrx_word' id='word_1_423' title='bbox 1820 1859 1988 1890; x_wconf 84' lang='lat' dir='ltr'>statuentes</span> 
     </span>
     <span class='ocr_line' id='line_1_79' title="bbox 1248 1907 1988 1954; baseline 0.003 -14"><span class='ocrx_word' id='word_1_424' title='bbox 1248 1913 1277 1941; x_wconf 89' lang='lat' dir='ltr'>et</span> <span class='ocrx_word' id='word_1_425' title='bbox 1301 1907 1482 1941; x_wconf 89' lang='lat' dir='ltr'>ordinantes</span> <span class='ocrx_word' id='word_1_426' title='bbox 1506 1908 1609 1942; x_wconf 88' lang='lat' dir='ltr'>denuo</span> <span class='ocrx_word' id='word_1_427' title='bbox 1633 1909 1730 1949; x_wconf 88' lang='lat' dir='ltr'>hisce,</span> <span class='ocrx_word' id='word_1_428' title='bbox 1750 1909 1845 1954; x_wconf 89' lang='lat' dir='ltr'>idque</span> <span class='ocrx_word' id='word_1_429' title='bbox 1870 1909 1900 1942; x_wconf 91' lang='lat' dir='ltr'>in</span> <span class='ocrx_word' id='word_1_430' title='bbox 1926 1909 1988 1942; x_wconf 91' lang='lat' dir='ltr'>vim</span> 
     </span>
     <span class='ocr_line' id='line_1_80' title="bbox 1247 1961 1988 2007; baseline 0.004 -13"><span class='ocrx_word' id='word_1_431' title='bbox 1247 1961 1390 2005; x_wconf 90' lang='lat' dir='ltr'>perpetui</span> <span class='ocrx_word' id='word_1_432' title='bbox 1411 1962 1539 1995; x_wconf 89' lang='lat' dir='ltr'>canonis</span> <span class='ocrx_word' id='word_1_433' title='bbox 1564 1968 1595 1995; x_wconf 86' lang='grc'>01</span> <span class='ocrx_word' id='word_1_434' title='bbox 1618 1962 1733 2004; x_wconf 91' lang='lat' dir='ltr'>statuti,</span> <span class='ocrx_word' id='word_1_435' title='bbox 1765 1968 1799 1995; x_wconf 90' lang='lat' dir='ltr'>ut</span> <span class='ocrx_word' id='word_1_436' title='bbox 1831 1967 1988 2007; x_wconf 87' lang='lat' dir='ltr'>superstes</span> 
     </span>
     <span class='ocr_line' id='line_1_81' title="bbox 1248 2015 1989 2060; baseline 0.003 -13"><span class='ocrx_word' id='word_1_437' title='bbox 1248 2015 1325 2047; x_wconf 91' lang='lat' dir='ltr'>illud</span> <span class='ocrx_word' id='word_1_438' title='bbox 1349 2015 1506 2048; x_wconf 90' lang='lat' dir='ltr'>aerarium</span> <span class='ocrx_word' id='word_1_439' title='bbox 1537 2015 1675 2060; x_wconf 88' lang='lat' dir='ltr'>episcopi</span> <span class='ocrx_word' id='word_1_440' title='bbox 1700 2016 1841 2060; x_wconf 81' lang='lat' dir='ltr'>diligenti</span> <span class='ocrx_word' id='word_1_441' title='bbox 1866 2018 1941 2050; x_wconf 80' lang='lat' dir='ltr'>cura</span> <span class='ocrx_word' id='word_1_442' title='bbox 1971 2027 1989 2049; x_wconf 89' lang='lat' dir='ltr'>a</span> 
     </span>
     <span class='ocr_line' id='line_1_82' title="bbox 1248 2068 1988 2114; baseline 0.005 -14"><span class='ocrx_word' id='word_1_443' title='bbox 1248 2068 1385 2112; x_wconf 90' lang='lat' dir='ltr'>capitulo</span> <span class='ocrx_word' id='word_1_444' title='bbox 1405 2068 1437 2101; x_wconf 93' lang='lat' dir='ltr'>in</span> <span class='ocrx_word' id='word_1_445' title='bbox 1461 2068 1672 2102; x_wconf 86' lang='lat' dir='ltr'>inventarium</span> <span class='ocrx_word' id='word_1_446' title='bbox 1697 2069 1868 2113; x_wconf 82' lang='lat' dir='ltr'>redigatur,</span> <span class='ocrx_word' id='word_1_447' title='bbox 1889 2069 1988 2114; x_wconf 92' lang='lat' dir='ltr'>depo-</span> 
     </span>
     <span class='ocr_line' id='line_1_83' title="bbox 1248 2121 1988 2165; baseline 0.003 -11"><span class='ocrx_word' id='word_1_448' title='bbox 1248 2121 1407 2165; x_wconf 87' lang='lat' dir='ltr'>situmque</span> <span class='ocrx_word' id='word_1_449' title='bbox 1435 2121 1545 2155; x_wconf 80' lang='lat' dir='ltr'>exinde</span> <span class='ocrx_word' id='word_1_450' title='bbox 1562 2122 1684 2156; x_wconf 87' lang='lat' dir='ltr'>duabus</span> <span class='ocrx_word' id='word_1_451' title='bbox 1701 2123 1831 2156; x_wconf 89' lang='lat' dir='ltr'>diversis</span> <span class='ocrx_word' id='word_1_452' title='bbox 1849 2123 1988 2156; x_wconf 90' lang='lat' dir='ltr'>clavibus</span> 
     </span>
     <span class='ocr_line' id='line_1_84' title="bbox 1249 2175 1989 2223; baseline 0.003 -15"><span class='ocrx_word' id='word_1_453' title='bbox 1249 2175 1475 2217; x_wconf 90' lang='lat' dir='ltr'>concludatur,</span> <span class='ocrx_word' id='word_1_454' title='bbox 1502 2186 1611 2209; x_wconf 88' lang='lat' dir='ltr'>earum</span> <span class='ocrx_word' id='word_1_455' title='bbox 1644 2178 1707 2209; x_wconf 75' lang='lat' dir='ltr'>una</span> <span class='ocrx_word' id='word_1_456' title='bbox 1740 2176 1989 2223; x_wconf 58' lang='grc'><strong>51311111313013</strong></span> 
     </span>
     <span class='ocr_line' id='line_1_85' title="bbox 1249 2221 1988 2273; baseline 0.001 -12"><span class='ocrx_word' id='word_1_457' title='bbox 1249 2229 1400 2262; x_wconf 89' lang='lat' dir='ltr'>electione</span> <span class='ocrx_word' id='word_1_458' title='bbox 1425 2229 1531 2263; x_wconf 88' lang='lat' dir='ltr'>futuro</span> <span class='ocrx_word' id='word_1_459' title='bbox 1556 2230 1730 2263; x_wconf 86' lang='lat' dir='ltr'>successori</span> <span class='ocrx_word' id='word_1_460' title='bbox 1757 2221 1988 2273; x_wconf 58' lang='lat' dir='ltr'>consignanda,</span> 
     </span>
     <span class='ocr_line' id='line_1_86' title="bbox 1248 2282 1987 2327; baseline 0.001 -12"><span class='ocrx_word' id='word_1_461' title='bbox 1248 2283 1412 2327; x_wconf 78' lang='lat' dir='ltr'>alteraque</span> <span class='ocrx_word' id='word_1_462' title='bbox 1426 2282 1457 2316; x_wconf 93' lang='lat' dir='ltr'>in</span> <span class='ocrx_word' id='word_1_463' title='bbox 1471 2283 1615 2316; x_wconf 89' lang='lat' dir='ltr'>manibus</span> <span class='ocrx_word' id='word_1_464' title='bbox 1629 2284 1756 2327; x_wconf 85' lang='lat' dir='ltr'>capituli</span> <span class='ocrx_word' id='word_1_465' title='bbox 1771 2285 1987 2327; x_wconf 72' lang='lat' dir='ltr'>permansura,</span> 
     </span>
     <span class='ocr_line' id='line_1_87' title="bbox 1248 2336 1988 2381; baseline 0.003 -13"><span class='ocrx_word' id='word_1_466' title='bbox 1248 2347 1283 2369; x_wconf 87' lang='lat' dir='ltr'>ex</span> <span class='ocrx_word' id='word_1_467' title='bbox 1302 2336 1355 2369; x_wconf 93' lang='lat' dir='ltr'>illo</span> <span class='ocrx_word' id='word_1_468' title='bbox 1373 2341 1476 2369; x_wconf 88' lang='lat' dir='ltr'>tamen</span> <span class='ocrx_word' id='word_1_469' title='bbox 1495 2337 1618 2370; x_wconf 89' lang='lat' dir='ltr'>aerario</span> <span class='ocrx_word' id='word_1_470' title='bbox 1640 2336 1814 2381; x_wconf 87' lang='lat' dir='ltr'>capitulari,</span> <span class='ocrx_word' id='word_1_471' title='bbox 1832 2336 1988 2370; x_wconf 76' lang='lat' dir='ltr'>cuiusvis²</span> 
     </span>
     <span class='ocr_line' id='line_1_88' title="bbox 1249 2389 1987 2434; baseline 0.001 -12"><span class='ocrx_word' id='word_1_472' title='bbox 1249 2390 1405 2434; x_wconf 85' lang='lat' dir='ltr'>praesenti</span> <span class='ocrx_word' id='word_1_473' title='bbox 1422 2389 1454 2423; x_wconf 92' lang='lat' dir='ltr'>in</span> <span class='ocrx_word' id='word_1_474' title='bbox 1471 2390 1623 2424; x_wconf 88' lang='lat' dir='ltr'>electione</span> <span class='ocrx_word' id='word_1_475' title='bbox 1640 2391 1801 2433; x_wconf 86' lang='lat' dir='ltr'>canonico,</span> <span class='ocrx_word' id='word_1_476' title='bbox 1816 2391 1877 2424; x_wconf 89' lang='lat' dir='ltr'>illis</span> <span class='ocrx_word' id='word_1_477' title='bbox 1895 2390 1987 2424; x_wconf 91' lang='lat' dir='ltr'>etiam</span> 
     </span>
     <span class='ocr_line' id='line_1_89' title="bbox 1248 2443 1988 2487; baseline 0 -11"><span class='ocrx_word' id='word_1_478' title='bbox 1248 2443 1301 2487; x_wconf 91' lang='lat' dir='ltr'>qui</span> <span class='ocrx_word' id='word_1_479' title='bbox 1318 2443 1356 2477; x_wconf 89' lang='lat' dir='ltr'>de</span> <span class='ocrx_word' id='word_1_480' title='bbox 1374 2443 1600 2477; x_wconf 87' lang='lat' dir='ltr'>consuetudine</span> <span class='ocrx_word' id='word_1_481' title='bbox 1615 2443 1717 2477; x_wconf 87' lang='lat' dir='ltr'>claves</span> <span class='ocrx_word' id='word_1_482' title='bbox 1734 2448 1849 2485; x_wconf 89' lang='lat' dir='ltr'>tenent,</span> <span class='ocrx_word' id='word_1_483' title='bbox 1866 2454 1883 2476; x_wconf 92' lang='lat' dir='ltr'>a</span> <span class='ocrx_word' id='word_1_484' title='bbox 1899 2443 1988 2487; x_wconf 90' lang='lat' dir='ltr'>quin-</span> 
     </span>
    </p>
   </div>
   <div class='ocr_carea' id='block_1_5' title="bbox 1248 2522 1987 2647">
    <p class='ocr_par' dir='ltr' id='par_1_7' title="bbox 1248 2522 1987 2647">
     <span class='ocr_line' id='line_1_90' title="bbox 1285 2522 1987 2558; baseline 0.001 -9"><span class='ocrx_word' id='word_1_485' title='bbox 1285 2524 1295 2549; x_wconf 87' lang='lat'><strong>1</strong></span> <span class='ocrx_word' id='word_1_486' title='bbox 1314 2523 1534 2558; x_wconf 84' lang='lat' dir='ltr'>Interpretationi</span> <span class='ocrx_word' id='word_1_487' title='bbox 1559 2526 1642 2558; x_wconf 84' lang='lat' dir='ltr'>tuae,</span> <span class='ocrx_word' id='word_1_488' title='bbox 1666 2523 1750 2551; x_wconf 83' lang='lat' dir='ltr'>lector</span> <span class='ocrx_word' id='word_1_489' title='bbox 1773 2522 1909 2558; x_wconf 85' lang='lat' dir='ltr'>henigne,</span> <span class='ocrx_word' id='word_1_490' title='bbox 1936 2522 1987 2550; x_wconf 87' lang='lat' dir='ltr'>ista</span> 
     </span>
     <span class='ocr_line' id='line_1_91' title="bbox 1248 2567 1529 2603; baseline 0.007 -9"><span class='ocrx_word' id='word_1_491' title='bbox 1248 2567 1406 2595; x_wconf 87' lang='lat' dir='ltr'>dimittimus</span> <span class='ocrx_word' id='word_1_492' title='bbox 1420 2569 1459 2603; x_wconf 78' lang='lat' dir='ltr'>(n.</span> <span class='ocrx_word' id='word_1_493' title='bbox 1479 2568 1529 2603; x_wconf 71' lang='grc'><strong>1.).</strong></span> 
     </span>
     <span class='ocr_line' id='line_1_92' title="bbox 1283 2612 1654 2647; baseline 0 -8"><span class='ocrx_word' id='word_1_494' title='bbox 1283 2612 1300 2639; x_wconf 85' lang='grc'><strong>2</strong></span> <span class='ocrx_word' id='word_1_495' title='bbox 1318 2613 1420 2642; x_wconf 85' lang='lat' dir='ltr'>Forsan</span> <span class='ocrx_word' id='word_1_496' title='bbox 1439 2612 1530 2641; x_wconf 79' lang='lat' dir='ltr'>cuivis</span> <span class='ocrx_word' id='word_1_497' title='bbox 1547 2613 1586 2647; x_wconf 77' lang='grc'>(3.</span> <span class='ocrx_word' id='word_1_498' title='bbox 1605 2612 1654 2647; x_wconf 69' lang='grc'><strong>1.).</strong></span> 
     </span>
    </p>
   </div>
   <div class='ocr_carea' id='block_1_6' title="bbox 1998 206 2226 236">
    <p class='ocr_par' dir='ltr' id='par_1_8' title="bbox 1998 206 2226 236">
     <span class='ocr_line' id='line_1_93' title="bbox 1998 206 2226 236; baseline -0.009 -1"><span class='ocrx_word' id='word_1_499' title='bbox 1998 207 2047 235; x_wconf 80' lang='lat' dir='ltr'>An.</span> <span class='ocrx_word' id='word_1_500' title='bbox 2067 207 2098 236; x_wconf 86' lang='lat' dir='ltr'>C.</span> <span class='ocrx_word' id='word_1_501' title='bbox 2116 206 2183 236; x_wconf 79' lang='lat'><strong>1659</strong></span> <span class='ocrx_word' id='word_1_502' title='bbox 2224 229 2226 233; x_wconf 95' lang='lat'>.</span> 
     </span>
    </p>
   </div>
   <div class='ocr_carea' id='block_1_7' title="bbox 2191 0 2243 2422">
    <p class='ocr_par' dir='ltr' id='par_1_9' title="bbox 2191 0 2243 2422">
     <span class='ocr_line' id='line_1_94' title="bbox 2191 0 2243 2422; baseline 0 0"><span class='ocrx_word' id='word_1_503' title='bbox 2191 0 2243 2422; x_wconf 95' lang='lat' dir='ltr'> </span> 
     </span>
    </p>
   </div>
  </div>
 </body>
</html>
