2243 3205
17 208 65 234 An.
81 205 110 232 C.
131 206 194 231 lsstil

35 1379 144 1402 ΕΙειικυΙιι»
154 1383 191 1403 ad-

9 1405 46 1427 ὧι

807 202 995 226 immanenti

212 251 323 285 siensis
346 251 524 284 communis
548 251 642 284 studii
667 250 740 283 dicti
765 249 899 292 Ordinis,
925 249 955 282 in

213 305 404 338 novitiorum
431 305 468 337 ad
494 315 694 338 communem
725 303 953 337 observantiam

213 369 284 391 cum
311 369 369 391 usu
394 358 464 390 talis
489 358 731 401 dispensationis
755 357 839 390 circa
866 367 952 389 esum

212 411 354 444 carnium
370 439 377 453 ,
403 412 533 444 servatis
566 411 737 451 servandis,
762 410 952 454 receptione,

212 475 387 508 eorumque
412 465 613 504 educatione,
633 475 691 497 nec
716 465 746 496 in
772 463 953 496 omnimoda

211 519 437 559 iurisdictione,
455 529 548 561 quam
573 518 611 550 ab
636 518 724 550 initio
748 517 887 550 eiusdem
901 517 953 550 Or·

211 572 291 605 dinis
316 572 504 611 hahuerunt,
523 577 552 604 et
572 571 763 615 quibuslibet
788 571 856 603 aliis
878 570 952 603 iuri-

210 625 280 665 bus,
297 635 388 668 quae,
405 635 442 657 ex
466 625 493 656 ri
514 624 643 667 regulae
661 629 690 657 et
709 623 878 667 saepedicti
897 623 952 657 Or-

209 678 291 711 dinis
305 677 561 711 constitutionum
577 677 747 720 apostolica
767 677 952 710 auctoritate

210 731 480 771 confirmatarum,
508 731 569 763 illis
595 736 624 763 et
649 730 787 774 capitulo
812 730 950 772 generali

209 787 405 827 competunt,
431 784 586 816 ullatenus
617 783 851 827 perturbentur,
877 794 949 826 pro-

209 838 378 870 hibeantur
413 837 461 870 vel
500 837 729 878 molestentur,
762 842 856 880 prout
887 847 949 870 non

208 891 378 931 molestari,
400 890 563 934 prohiberi
592 901 647 922 seu
667 889 847 933 perturbari
866 900 950 922 man-

208 944 319 977 damus
337 949 367 977 et
384 943 607 987 praecipimus,
623 943 871 986 circumscriptis
888 953 949 976 me-

208 997 338 1030 moratis
353 997 514 1029 sententiis
528 996 578 1028 die
592 1006 679 1029 xxvii
695 995 761 1028 iulii
775 1005 947 1035 itmcxxxtv,

207 1051 332 1093 augusti
367 1059 516 1083 mncxxxv
550 1059 567 1081 a
597 1048 737 1092 praefato
773 1049 947 1092 apostolico

208 1103 366 1137 visitatore
391 1104 445 1145 (ut
469 1102 607 1145 dicitur)
633 1102 805 1140 en‘ianatis,
825 1112 947 1135 necnon

206 1157 424 1200 quorumlibet
452 1156 586 1189 aliorum
614 1155 764 1195 iudicum,
785 1155 838 1198 qui
864 1155 947 1188 circa

206 1209 379 1253 praemissa
392 1209 562 1252 quidquam
580 1219 668 1241 secus
685 1213 821 1242 statuere
836 1209 882 1240 vel
898 1208 949 1241 de-

206 1274 336 1296 cernere
362 1267 560 1295 tentaverunt
579 1267 632 1294 aut
656 1268 946 1305 praesumpserunt,

206 1328 276 1350 cum
303 1316 448 1350 omnibus
473 1315 545 1348 inde
571 1315 719 1359 sequutis

251 1369 308 1413 §3-
327 1370 536 1402 Decernentes
556 1368 681 1401 easdem
702 1374 882 1411 praesentes
902 1368 947 1402 lit-

207 1427 288 1457 teras
312 1433 438 1466 semper
458 1423 584 1461 firmas,
610 1421 726 1454 validas
751 1428 781 1454 et
805 1422 946 1454 efficaces

206 1477 341 1510 existere
366 1483 396 1509 et
420 1477 497 1516 sore,
514 1486 649 1519 suosque
674 1475 830 1519 plenarios
856 1480 885 1509 et
905 1475 947 1507 in-

206 1536 312 1573 tegros
337 1530 466 1565 effectus
487 1529 591 1562 sortiri
618 1534 648 1562 et
672 1529 824 1569 obtinere,
845 1539 880 1561 ac
907 1528 945 1560 ab

205 1584 276 1624 illis,
292 1583 331 1617 ad
351 1594 429 1627 quos
449 1587 567 1626 spectat
591 1587 620 1615 et
646 1592 704 1626 pro
721 1587 864 1625 tempore
878 1592 946 1625 spe-

205 1637 310 1677 ctabit,
335 1636 555 1669 inviolabiliter
580 1635 760 1674 observari,
783 1634 889 1678 sicque
914 1635 945 1666 in

204 1689 386 1733 praemissis
410 1699 468 1732 per
485 1698 702 1733 quoscumque
723 1687 840 1720 iudices
864 1687 945 1720 ordi-

204 1742 310 1775 narios
323 1747 353 1774 et
366 1741 638 1784 delegatos,etiam
657 1751 822 1774 causarum
838 1740 943 1783 palatii

203 1795 368 1838 apostolici
400 1794 580 1835 auditores,
605 1793 735 1826 iudicari
766 1798 796 1826 et
820 1793 943 1826 deliniri

204 1849 344 1890 debere,
374 1859 411 1882 ac
435 1848 559 1881 irritum
591 1851 621 1881 et
654 1847 766 1888 inane,
798 1846 822 1878 si
854 1857 944 1880 secus

204 1913 301 1946 super
326 1903 374 1935 his
399 1912 417 1934 a
439 1911 597 1945 quoquam
615 1900 724 1944 quavis
748 1899 942 1941 auctoritate,

204 1956 339 1989 scienter
373 1956 419 1987 vel
456 1955 662 1997 ignoranter,
694 1953 861 1996 contigerit
891 1959 939 1986 at-

205 2009 326 2044 tentari.

248 2062 317 2106 §la
350 2062 417 2095 Non
450 2060 644 2094 obstantibus
678 2059 879 2103 praemissis,
908 2070 944 2092 ac

204 2115 477 2150 constitutionibus
499 2120 528 2146 et
548 2113 797 2146 ordinationibus
822 2118 944 2155 aposto-

203 2169 281 2209 licis,
298 2178 430 2209 necnon,
444 2172 596 2210 quatenus
614 2176 692 2209 opus
721 2166 769 2207 sit,
792 2165 865 2198 dicti
886 2165 942 2199 Or-

204 2223 294 2264 dinis,
311 2228 341 2255 et
365 2221 431 2254 eius
457 2219 720 2253 monasteriorum
747 2219 942 2262 quorumvis,

205 2275 297 2309 etiam
327 2275 520 2313 iuramento,
545 2272 784 2305 confirmatione
810 2277 938 2315 aposto-

204 2330 274 2371 lica,
302 2329 347 2362 vel
377 2327 485 2371 quavis
505 2326 652 2359 firmitate
681 2326 739 2358 alia
769 2325 941 2365 roboratis,

204 2382 326 2416 statutis
365 2387 394 2414 ct
430 2378 734 2421 consuetudinibus,
770 2378 942 2421 privilegiis

203 2446 339 2481 quoquc,
370 2433 496 2467 indultis
520 2438 550 2465 et
573 2432 683 2466 litteris
709 2432 890 2475 apostolicis
911 2432 959 2473 in,

204 2488 396 2523 contrarium
430 2486 676 2531 praemissorum
703 2485 941 2528 quomodolibet

204 2542 383 2582 concessis,
408 2540 602 2574 confirmatis
627 2544 656 2571 et
681 2539 850 2578 innovatis,
876 2539 959 2582 qui-³.

203 2597 261 2630 bus
281 2595 427 2629 omnibus
445 2599 474 2626 et
499 2593 640 2635 singulis,
666 2593 791 2626 illorum
818 2596 959 2634 tenores1

286 2658 365 2686 Buta.
386 2658 469 2684 Rom.
485 2672 517 2674 —
542 2656 598 2682 l‘vl.
615 2655 689 2682 ΧΗ.
840 2656 873 2681 88

1024 202 1064 224 tn
1088 202 1136 225 ΡΙ).
1637 191 1699 223 oo?

989 249 1206 293 praesentibus
1225 261 1283 293 pro
1304 251 1394 293 plene
1420 255 1449 282 et
1473 249 1664 282 sufficienter
1682 260 1730 281 ex-

988 302 1104 346 pressis
1136 308 1166 335 et
1193 302 1231 335 de
1263 303 1360 336 verbo
1384 303 1423 336 ad
1449 304 1578 336 verbum
1606 302 1729 335 insertis

988 356 1149 396 habentes,
1161 356 1221 389 illis
1234 357 1309 388 alias
1330 357 1360 389 in
1379 367 1436 390 suo
1454 357 1570 390 robore
1588 366 1730 399 perman-

987 410 1079 450 suris,
1093 410 1131 442 ad
1146 410 1392 453 praemissorum
1411 410 1567 449 effectum,
1585 410 1643 442 liae
1662 409 1729 442 viee

986 463 1157 503 dumtaxat,
1182 462 1360 506 specialiter
1381 468 1410 496 et
1427 474 1571 507 expresse
1599 463 1729 505 deroga-

986 527 1073 556 mus3
1091 515 1265 558 ceterisque
1283 516 1449 549 contrariis
1466 516 1726 559 quibuscumque.

1029 569 1140 602 Datum
1164 569 1297 609 Romae,
1321 569 1402 612 apud
1430 570 1459 603 S.
1484 569 1611 601 Mariam
1637 569 1728 601 Maio-

986 633 1070 664 rem,
1096 622 1153 655 sub
1182 622 1297 654 annulo
1322 622 1505 661 Piscatoris,
1534 622 1583 654 die
1613 632 1634 655 ιι
1661 622 1726 654 iulii

987 686 1115 715 minema,
1141 675 1343 719 pontificatus
1357 676 1457 708 nostri
1471 686 1553 708 anno
1572 686 1624 708 vn.

1019 739 1080 766 Dat.
1101 738 1145 766 die
1164 738 1179 765 2
1200 738 1273 766 iulii¹
1299 738 1377 771 1661,
1396 738 1491 773 pontif.
1509 747 1578 765 anno
1595 745 1640 765 vn.

1263 881 1443 915 CCCXLVII.

984 961 1196 1004 Confirmatio
1228 961 1346 994 decreti?
1377 961 1634 1003 conareqalionis
1659 962 1726 1004 epi-

1026 1025 1195 1057 scoporum
1219 1019 1248 1047 et
1271 1014 1499 1057 regyularium,
1524 1025 1588 1057 quo
1613 1015 1725 1046 inime-

1025 1070 1116 1111 qitur
1147 1069 1294 1112 qeuerali
1318 1073 1347 1101 et
1372 1068 1555 1109 definitorio
1590 1068 1725 1101 Ordinis

1024 1124 1167 1166 fratrum
1187 1123 1292 1155 sancti
1312 1122 1416 1155 Pauli
1442 1122 1546 1165 primi
1571 1122 1725 1154 eremitae

1024 1177 1061 1209 in
1084 1186 1181 1219 refluo
1206 1175 1443 1218 Portuqalliac‚
1464 1179 1500 1207 ut
1525 1174 1655 1207 imlulla
1672 1175 1725 1206 de-

1024 1229 1122 1272 qendi
1145 1234 1238 1261 eastra
1270 1229 1415 1261 claustra
1449 1228 1620 1270 religionis
1645 1227 1725 1260 dicu·

1026 1281 1161 1315 Ordinis
1197 1293 1217 1314 a
1251 1281 1451 1325 quibuslibet
1486 1280 1723 1324 quomodolibet

1025 1335 1144 1378 absque
1161 1334 1251 1368 Sedis
1268 1334 1474 1377 Apostolicae
1487 1333 1643 1376 sucitllale
1656 1344 1724 1376 spc-

1024 1387 1105 1420 ciali
1136 1387 1252 1430 quavis
1284 1387 1321 1419 sle
1345 1388 1440 1419 causft
1465 1397 1611 1419 concessa
1635 1397 1722 1418 reuo-

1024 1445 1102 1481 cent,
1124 1445 1152 1473 el
1168 1441 1336 1483 reliyiosos
1354 1440 1395 1472 ad
1415 1440 1559 1472 claustra
1576 1440 1635 1472 sub
1653 1450 1723 1471 sus-

1022 1494 1186 1536 pensionis
1211 1504 1231 1526 a
1254 1493 1388 1533 divinis,
1416 1493 1723 1526 eoecommum'ralio-

1023 1546 1086 1586 nis,
1111 1546 1253 1590 aliisque
1278 1546 1501 1578 ecclesiasticis
1526 1545 1670 1577 censuris
1695 1550 1723 1577 et

1020 1600 1142 1642 poenis,
1168 1603 1223 1632 etc.
1251 1599 1357 1631 redire
1382 1603 1507 1641 cossam,
1531 1599 1641 1641 ibique
1665 1598 1722 1630 sub

1023 1652 1201 1685 obedientis?
1224 1652 1432 1694 superiorum
1457 1661 1586 1684 manere
1606 1655 1722 1693 coqmzt

1023 1709 1051 1737 et
1075 1704 1299 1748 compellanffi.

1172 1785 1337 1811 Alexander
1358 1785 1435 1818 Papa
1456 1783 1522 1816 VII,

1120 1831 1155 1855 ad
1180 1829 1312 1855 futuram
1332 1828 1375 1855 rei
1396 1828 1576 1855 memoriam.

1022 1900 1037 1943 ᾗ
1064 1899 1090 1932 1.
1115 1898 1198 1932 Alias
1215 1909 1273 1942 pro
1290 1904 1379 1942 parte
1396 1898 1500 1931 dilecti
1526 1898 1581 1930 sitii
1608 1909 1720 1941 procu<

979 1953 1092 1986 ratoris
1117 1953 1273 1994 generalis
1299 1952 1330 1984 in
1357 1952 1496 1984 Romana
1528 1951 1616 1984 curia
1642 1951 1718 1983 resi-

977 2006 1078 2039 dentis
1097 2005 1221 2038 Ordinis
1246 2006 1377 2038 fratrum
1403 2005 1500 2037 sancti
1519 2005 1604 2037 Pauli
1623 2004 1719 2048 primi

977 2058 1127 2092 eremitae
1160 2058 1190 2090 in
1216 2068 1314 2101 regno
1344 2058 1553 2101 Pei-tugalliae
1578 2068 1715 2099 congre-

977 2112 1093 2154 gationi
1121 2111 1343 2144 venerabilium
1378 2111 1508 2145 fratrum
1537 2116 1716 2144 nostrorum

977 2170 1101 2197 sanctae
1126 2165 1284 2197 Romanae
1316 2165 1472 2197 Ecclesiae
1510 2164 1716 2197 cardinalium

976 2218 1110 2260 negotiis
1135 2224 1164 2250 ct
1192 2218 1471 2251 consultationibus
1497 2217 1716 2260 episcoporum

976 2277 1006 2305 et
1028 2271 1221 2314 regularium
1242 2271 1441 2314 praepositae
1460 2271 1611 2314 exposito,
1634 2271 1718 2313 quod

976 2325 1155 2368 superiores
1186 2325 1349 2367 generales
1374 2329 1402 2356 et
1428 2324 1633 2364 definitores,
1663 2323 1716 2367 qui

976 2379 1108 2411 antebac
1132 2379 1277 2417 suerunt,
1303 2378 1377 2410 dicti
1403 2377 1528 2411 Ordinis
1561 2378 1718 2419 religiosis

976 2432 1113 2464 eiusdem
1132 2431 1256 2464 Ordinis
1282 2431 1438 2463 licentiam
1457 2431 1588 2473 degendi
1609 2431 1717 2463 babitu

1011 2558 1020 2582 ft
1042 2556 1109 2582 Edit.
1127 2555 1205 2582 Main.
1222 2555 1255 2582 ad
1272 2564 1357 2590 marg.
1375 2555 1438 2590 legit
1452 2556 1533 2583 iicniz'
1548 2557 1584 2590 (n.
1602 2556 1649 2589 Τ.).

1009 2602 1024 2627 2
1044 2600 1082 2627 Ex
1102 2600 1209 2635 Regest.
1231 2600 1256 2626 iu
1277 2600 1378 2627 Secret.
1396 2600 1472 2627 Brex'.

1763 1909 1848 1928 Minna.

1819 199 1834 218 Γ
1866 200 1926 226 toul
