2263 3215
279 225 314 251 An
343 224 369 251 C.

398 226 459 251 1'5')

303 394 457 419 Nutaiiusttpru·

277 421 368 443 stolium.
395 425 458 439 cmvi-

277 450 315 470 ιω.
325 449 412 473 emittes,
423 453 457 467 nt·-

274 472 328 494 Μιι
345 476 408 494 cruat.

337 1818 452 1843 Pantegtts

272 1844 363 1891 'mitodem
381 1845 452 1865 decer-

504 215 545 249 48

474 274 633 306 dumtaxat
649 270 912 315 consequendum,
932 270 1044 302 harum
1062 270 1142 302 sei-Ie
1155 269 1205 302 ab-

474 326 626 359 solventes
651 328 679 357 et
701 323 859 357 absolutos
883 323 948 356 sore
973 328 1143 362 censentes,

516 379 531 421 ἓ
555 377 582 410 ⁶2.
609 378 690 409 Motu
724 375 874 419 proprio,
905 385 966 408 non
996 375 1034 407 ad
1071 379 1203 407 vestram

475 432 519 464 vel
544 429 670 462 alterius
694 439 752 472 pro
778 428 864 461 vobis
889 439 985 472 super
1006 428 1066 460 hoc
1084 427 1205 460 oblatae

473 482 626 527 petitionis
651 480 848 522 instantiam,
880 480 933 513 sed
957 480 995 512 de
1020 481 1106 512 mera
1130 479 1205 511 libe-

473 535 593 568 ralitate
618 538 647 566 et
671 535 757 566 certa
789 533 918 566 scientia
947 532 1082 572 nostris,
1108 542 1142 564 ac
1167 531 1204 564 de

471 587 662 632 apostolicae
687 586 846 629 potestatis
871 585 1074 629 plenitudine,
1098 594 1151 617 vos
1176 588 1205 617 et

471 639 640 683 quemlibet
666 644 802 671 vestrum
828 638 1001 682 respective
1026 637 1056 669 in
1081 642 1204 670 nostros

470 698 498 725 et
522 692 608 725 Sedis
632 691 826 735 Apostolicae
846 690 983 723 notarios
1002 689 1081 732 (sine
1100 694 1203 721 tamen

469 744 659 789 praeiudicio
683 743 868 776 dilectorum
900 743 1037 775 liliorum
1068 742 1204 775 notario-

472 808 540 830 rum
554 798 591 830 de
604 807 735 829 numero
746 795 1203 839 participantium),apostolica

470 850 663 890 auctoritate,
698 855 805 882 tenore
838 847 1062 892 praesentium,
1091 847 1202 891 recipi-

470 913 548 942 muS,
562 913 597 935 ac
617 902 695 934 sacri
712 901 816 945 palatii
837 904 865 934 et
882 901 970 933 aulae
986 900 1203 932 Lateranensis

470 955 607 994 comites,
630 964 750 987 necnon
770 959 894 986 auratae
928 952 1054 986 militiae
1072 952 1201 996 equites,

469 1018 504 1040 ac
528 1007 647 1040 nobiles
672 1007 827 1039 Romanos
851 1011 881 1038 et
906 1005 998 1038 Urbis
1022 1005 1150 1044 Romae,
1166 1015 1202 1038 ac

469 1061 626 1093 civitatum
648 1059 878 1099 Avenionensis‚
902 1058 1114 1098 Bononiensis,
1131 1058 1202 1090 Fer-

469 1113 614 1146 rariensis
639 1118 667 1145 et
692 1112 934 1153 Beneventanae‚
949 1110 1153 1154 omniumque
1173 1116 1203 1143 et

469 1167 662 1209 singularum
687 1166 819 1197 aliarum
844 1165 1018 1204 civitatum,
1044 1169 1199 1196 terrarum

469 1225 497 1252 ct
522 1220 661 1252 locorum
694 1219 849 1252 Romanae
881 1218 1036 1250 Ecclesiae
1068 1217 1201 1250 mediate

470 1274 516 1308 vel
552 1273 727 1305 immediate
763 1271 974 1305 subiectorum
1000 1271 1104 1311 cives,
1129 1281 1200 1304 cum

469 1327 613 1361 omnibus
631 1326 759 1366 iuribus,
781 1324 1059 1365 iurisdictionibus,
1077 1334 1201 1368 praero-

469 1381 578 1424 gativis
603 1386 631 1412 et
657 1379 829 1422 insignibus
843 1378 954 1411 debitis
979 1383 1008 1411 et
1033 1378 1199 1418 consuetis,

469 1445 611 1469 creamus
635 1445 670 1466 ac
687 1433 912 1474 constituimus,
930 1443 966 1466 ac
984 1434 1016 1465 in
1032 1443 1199 1465 numerum

468 1493 495 1521 et
521 1488 711 1521 consortium
736 1487 868 1519 aliorum
887 1491 1068 1519 nostrorum
1081 1486 1201 1519 eteius-

468 1542 537 1574 dem
561 1541 647 1574 Sedis
670 1540 875 1579 notariorum,
900 1549 1021 1573 necnon
1045 1540 1150 1583 palatii
1172 1544 1201 1574 et

468 1595 555 1627 aulae
587 1594 765 1627 huiusmodi
797 1593 969 1633 comitum,
1002 1594 1141 1638 equitum
1172 1597 1202 1627 et

467 1648 617 1682 nobilium
633 1648 854 1687 Romanorum,
872 1647 1068 1691 aliorumque
1085 1647 1199 1680 civium

468 1702 624 1735 civitatum
650 1707 679 1734 et
704 1706 858 1733 terrarum
877 1701 1107 1745 praedictarum
1127 1702 1201 1735 rese-

467 1755 565 1788 ritnus
589 1760 619 1787 et
642 1754 878 1787 conscribimus.

511 1806 567 1850 53.
593 1806 758 1850 Vobisque‚
779 1807 897 1839 etiamsi
920 1807 1059 1840 habitum
1081 1808 1201 1841 rochet-

469 1865 533 1893 tum
558 1861 749 1894 notariorum
766 1860 865 1893 dictae
879 1861 965 1894 Sedis
980 1861 1062 1894 iuxta
1075 1862 1200 1894 decreta

468 1913 682 1946 Latcranensis
704 1914 830 1946 Concilii
859 1914 1027 1947 novissime
1053 1914 1200 1947 celebrati

468 1978 529 2000 non
561 1967 725 2007 deseratis,
762 1973 814 2000 aut
846 1967 983 2001 civitates
1018 1968 1199 2002 huiusmodi

469 2030 530 2054 non
555 2020 763 2061 ineoluerssis,
788 2031 843 2053 nce
870 2032 1005 2065 unquam
1032 2021 1061 2053 in
1083 2022 1198 2055 eisdem

469 2074 641 2107 civitatibus
665 2074 857 2107 domicilium
883 2075 1064 2115 habueritis,
1086 2080 1116 2108 ut
1137 2086 1201 2108 om-

469 2126 559 2159 nibus
584 2132 611 2159 et
637 2127 884 2170 quibuscumque
908 2127 1090 2170 privilegiis,
1108 2128 1201 2161 sacul-

471 2179 582 2211 tatibus
596 2205 603 2218 ,
632 2179 899 2222 exemptionibus,
929 2179 1177 2214 immunitatibus
1192 2209 1199 2222 ‚

471 2232 674 2272 libertatibus,
699 2233 864 2273 favoribus,
889 2233 997 2275 gratiis
1017 2238 1047 2266 et
1064 2234 1199 2275 indultis,

469 2285 582 2329 quibus
599 2285 691 2317 ceteri
714 2295 821 2317 omnes
836 2285 948 2318 notarii
966 2286 1081 2327 nostri,
1107 2287 1198 2320 etiam

469 2338 506 2370 de
530 2348 661 2371 numero
685 2338 958 2382 participantium,
989 2349 1024 2372 ac
1049 2340 1199 2382 comites,

468 2390 586 2434 equites
609 2396 639 2423 et
662 2391 780 2423 nobiles
805 2391 895 2433 (citra
913 2396 1015 2424 tamen
1032 2393 1200 2436 exemptio-

469 2454 523 2477 nes
547 2454 564 2475 a
587 2444 722 2477 Concilio
747 2445 926 2477 Tridentino
954 2446 1098 2489 sublatas,
1124 2447 1199 2480 itaut

469 2496 582 2530 nedum
597 2497 699 2539 quoad
715 2497 896 2540 criminalia,
917 2498 968 2531 scd
989 2499 1082 2533 etiam
1096 2501 1199 2544 quoad

471 2548 570 2583 civilia
595 2549 778 2582 subiaceatis
802 2551 984 2594 Ordinariis,
1009 2557 1039 2584 et
1059 2552 1136 2586 citra
1160 2554 1199 2586 sa-

1049 221 1225 247 nonar-11:31
1250 220 1404 245 ROMANUM

1239 268 1348 309 vendi,
1375 267 1513 301 notarios
1541 276 1596 300 seu
1622 267 1802 302 tabelliones
1826 269 1973 311 creandi,

1238 320 1359 363 aliaque
1383 319 1564 352 huiusmodi
1588 319 1752 364 privilegia
1769 331 1786 354 a
1802 321 1931 355 notariis
1945 326 1975 356 et

1238 372 1404 405 comitibus
1429 372 1595 415 praedietis
1618 374 1854 416 praetensa,ita
1867 379 1900 407 ut
1913 374 1974 408 illis

1238 424 1281 457 uti
1306 424 1417 457 nullibi
1451 425 1594 466 valeatis,
1619 435 1654 458 ae
1679 425 1802 459 irritum
1828 431 1858 460 et
1883 427 1974 461 inane

1238 477 1357 519 existat,
1383 477 1531 521 quicquid
1555 488 1643 511 secus
1659 489 1715 522 per
1733 488 1788 512 vos
1804 485 1856 512 aut
1870 490 1974 524 quem-

1237 529 1312 561 libet
1337 535 1474 563 vestrum
1496 530 1669 574 respective
1690 531 1834 564 attentari
1858 533 1974 567 contin·

1238 581 1333 625 gerit)

1283 636 1298 678 ἓ
1322 634 1350 667 4.
1376 635 1503 669 Necnon
1528 636 1611 669 cives
1633 637 1807 680 originarii,
1832 637 1924 672 etiam
1942 638 1973 671 in

1238 687 1443 730 dignitatum,
1465 688 1692 723 beneficiorum
1725 694 1755 722 et
1786 690 1973 732 officiorum,

1237 742 1519 775 ecclesiasticorum
1545 753 1580 776 ac
1600 743 1799 784 secularium,
1824 743 1917 776 etiam
1936 754 1972 778 ex

1236 795 1379 839 personis
1403 795 1616 830 Romanorum
1642 797 1755 830 civium
1784 797 1974 840 originario-

1238 859 1307 881 rum
1334 849 1526 892 vacantium,
1541 850 1736 884 assecutione
1760 856 1790 884 et
1814 851 1973 892 exercitio,

1238 907 1297 934 tam
1313 902 1344 934 in
1361 902 1443 936 Urbe
1467 913 1560 947 quam
1582 904 1611 936 in
1629 905 1776 938 omnibus
1793 909 1823 938 et
1843 905 1974 948 singulis

1236 955 1411 988 civitatibus
1435 956 1612 999 praedictis,
1638 962 1668 990 et
1692 957 1766 990 alias
1790 958 1908 1001 ubique
1927 958 1969 991 lo-

1236 1017 1344 1040 corum
1371 1013 1399 1040 et
1423 1008 1562 1051 gentium
1601 1019 1722 1042 necnon
1746 1009 1919 1043 sessionum
1943 1015 1974 1044 et

1236 1065 1445 1096 conventuum
1470 1068 1621 1104 utuntur,
1646 1064 1810 1107 potiuntur
1836 1068 1867 1096 et
1889 1074 1970 1107 gau-

1235 1113 1324 1155 dent,
1350 1125 1384 1148 ae
1409 1116 1465 1158 uti,
1492 1116 1587 1159 potiri
1613 1121 1642 1149 et
1665 1116 1803 1159 gaudere
1823 1121 1973 1160 poterunt

1234 1167 1471 1210 quomodolibet
1490 1169 1522 1201 in
1547 1169 1697 1211 futurum⁷
1722 1179 1784 1202 non
1809 1169 1910 1203 solum
1934 1170 1972 1203 ad

1235 1230 1345 1253 eorum
1370 1221 1477 1264 instar,
1502 1222 1557 1255 scd
1583 1222 1797 1266 pariformiter
1821 1228 1851 1256 et
1874 1233 1973 1267 aeque

1235 1274 1460 1318 principaliter,
1485 1285 1520 1308 ac
1546 1275 1570 1308 si
1595 1276 1775 1319 privilegia,
1802 1276 1971 1318 facultates,

1235 1328 1458 1372 exemptiones,
1483 1329 1600 1371 gratiae
1615 1334 1644 1361 et
1659 1329 1778 1362 indulta
1792 1329 1971 1363 huiusmodi

1234 1392 1292 1424 pro
1317 1381 1405 1415 vobis
1429 1388 1635 1424 emanassent,
1654 1383 1707 1425 uti,
1727 1383 1823 1426 potiri
1846 1388 1876 1416 et
1900 1394 1972 1427 gau-

1235 1434 1324 1475 dere,
1350 1445 1384 1468 ac
1409 1435 1439 1468 in
1460 1435 1605 1469 omnibus
1630 1441 1659 1468 et
1683 1436 1814 1479 singulis
1846 1442 1972 1480 aposto-

1234 1489 1311 1530 licis,
1337 1489 1467 1533 aliisque
1484 1490 1605 1532 litteris,
1623 1489 1837 1524 instrumentis
1853 1496 1884 1523 et
1900 1491 1973 1524 scri—

1234 1542 1334 1585 pturis
1348 1543 1480 1586 publicis
1493 1549 1522 1575 et
1537 1543 1664 1587 privatis
1686 1543 1832 1588 deinceps
1845 1543 1972 1577 nomine

1235 1600 1338 1628 vestro
1363 1595 1564 1629 conficiendis
1591 1606 1643 1629 vos
1661 1596 1810 1637 notarios,
1831 1596 1972 1637 comites,

1234 1648 1353 1692 equites
1374 1653 1403 1681 ct
1428 1648 1566 1690 nobiles⁷
1598 1659 1632 1691 ac
1666 1649 1702 1682 de
1731 1649 1829 1682 nobili
1855 1660 1972 1692 genere

1234 1712 1271 1734 ex
1303 1706 1436 1745 utroque
1468 1707 1596 1745 parente
1620 1707 1817 1746 procreatos,
1850 1713 1972 1737 necnon

1234 1754 1391 1787 Romanos
1416 1759 1446 1786 et
1470 1754 1602 1787 aliarum
1627 1754 1787 1787 civitatum
1818 1760 1848 1788 et
1878 1760 1973 1788 terra-

1235 1817 1303 1839 rum
1336 1807 1568 1851 praedictarum
1602 1808 1684 1841 cives
1718 1813 1812 1851 prout
1846 1808 1972 1842 libuerit

1234 1860 1424 1902 inscribere,
1456 1867 1485 1893 et
1516 1871 1569 1894 vos
1599 1861 1658 1893 illis
1690 1861 1889 1894 subscribere
1915 1871 1968 1894 va-

1234 1914 1332 1954 leatis,
1357 1919 1387 1947 et
1411 1925 1469 1958 pro
1494 1916 1575 1947 veris
1600 1920 1629 1947 et
1654 1925 1715 1948 non
1734 1915 1814 1948 fictis
1830 1915 1971 1957 notariis,

1234 1967 1411 2007 comitibus,
1433 1968 1588 2011 equitibus
1612 1971 1642 2002 et
1666 1968 1825 2001 nobilibus
1845 1978 1882 2002 ac
1902 1968 1972 2002 civi-

1233 2021 1292 2054 bus
1315 2021 1503 2061 habeamini,
1527 2021 1678 2065 nihilque,
1694 2021 1924 2065 qualecumque
1939 2022 1971 2055 il-

1234 2074 1287 2107 lud
1312 2074 1405 2107 suerit
1429 2085 1500 2107 cum
1524 2075 1562 2108 iis
1587 2074 1884 2118 supplicationibus¹
1899 2075 1972 2109 sub-

1234 2127 1395 2171 reptitium
1415 2132 1467 2162 aut
1489 2128 1693 2172 obreptitium
1719 2128 1766 2161 vel
1785 2128 1966 2171 invalidum,

1234 2182 1287 2214 sed
1312 2181 1388 2214 illud
1412 2181 1495 2214 idem
1520 2181 1627 2214 efficax
1658 2181 1689 2214 in
1717 2181 1862 2214 omnibus
1891 2192 1971 2216 cen-

1234 2239 1358 2275 seatur,
1392 2244 1514 2267 necnon
1550 2234 1679 2268 honoris
1712 2236 1805 2268 causa
1839 2234 1972 2278 insignia

1233 2287 1334 2331 gentis
1357 2292 1493 2328 nostrae,
1518 2286 1581 2320 sive
1606 2287 1737 2331 integre,
1758 2287 1822 2321 sive
1839 2298 1910 2321 cum
1925 2298 1972 2321 ve-

1234 2341 1306 2374 stris
1318 2341 1493 2385 respective
1506 2340 1689 2384 composita,
1699 2345 1822 2383 gestare
1835 2340 1970 2384 possitis,

1233 2399 1328 2438 prout
1349 2394 1438 2427 vobis
1462 2393 1625 2438 placuerit,
1651 2393 1861 2427 concedimus.

1278 2447 1334 2491 ἓξ).
1355 2447 1392 2480 Et
1408 2447 1536 2490 insuper
1553 2456 1617 2489 vos,
1633 2451 1796 2490 vestraque
1821 2445 1972 2479 beneficia

1232 2506 1262 2534 et
1287 2501 1387 2534 officia
1412 2500 1620 2534 ecclesiastica
1645 2509 1871 2544 quaecumque,
1896 2499 1968 2534 illo-

1269 2574 1280 2597 1
1304 2571 1403 2598 Forsan
1423 2571 1664 2606 appellationibus
1683 2573 1730 2597 aut
1747 2569 1813 2606 quid
1826 2569 1914 2598 simile
1929 2569 1970 2598 le-

471 2602 599 2637 cultalcs
624 2602 832 2646 legitimandi,
861 2604 897 2636 ad
929 2605 1043 2648 gradus
1069 2616 1198 2650 promo·
1213 2626 1218 2652 Ι
1232 2615 1350 2651 gendum
1371 2624 1417 2651 pru
1437 2615 1695 2652 supplicationibus
1715 2616 1752 2649 (n.
1768 2615 1817 2649 ⁷13).

1994 222 2042 249 An.
2059 222 2086 249 e.
2105 222 2172 250 1655
2219 249 2222 258 ,

1988 652 2127 699 teramum.
2135 658 2171 674 n-

2012 2453 2104 2476 Eosdom
2113 2459 2126 2475 ι
2137 2458 2171 2474 m-

1986 2479 2065 2502 tutione
2083 2485 2171 2502 onerum

1986 2506 2065 2528 eximit.

2229 2299 2236 2303 -
2224 2276 2235 2289 ν’
2224 2255 2241 2267 λ
2221 2222 2235 2248 '⁴¹
2222 2147 2238 2214 ‘Hi‘
2223 2079 2238 2132 *e-lv
2223 1805 2242 2073 „**Q—0s⁴*q—-Qw
2226 1722 2236 1798 —v-*e

2203 0 2243 112 ..ΛΜ

2220 366 2229 412 ι’.»
2217 305 2227 346 νει.

2218 424 2227 482 ³1⁵—-

2219 542 2233 627 ’ἥς-«ἣ
2216 510 2230 538 f*-

2226 1107 2239 1121 ,Α
2223 1026 2236 1097 anas
2225 988 2234 1004 ι
2220 719 2243 978 ’afim-<maor
2223 676 2229 693 -⁴

2224 1157 2234 1243 svn.

2223 1355 2236 1412 -ιιιςΔ
2225 1260 2233 1297 ,a-

2223 1493 2238 1576 wer-u
2224 1427 2233 1462 rs

2216 1583 2248 1717 ''0⁴2'’
