2243 3205
260 206 310 233 An.
325 207 355 235 c.
373 207 441 235 1659
485 199 550 232 440

299 1334 353 1354 Vere
377 1336 444 1354 natm-

260 1361 317 1380 nates
335 1363 376 1380 smt
395 1366 444 1386 poe<

260 1388 384 1408 mtrntiarii.

457 265 532 290 vero
556 267 615 301 pro
639 257 744 291 Italica
782 259 962 293 nationibus
995 271 1050 294 seu
1081 262 1197 305 linguis

458 309 596 344 minores
620 311 852 354 poenitentiarii
882 314 1060 357 praedictae
1091 325 1198 348 sacrae

458 362 571 397 domus
587 364 780 399 Lauretanae
804 368 979 411 respective
998 368 1197 412 deputentur,

458 415 574 459 quique
608 428 716 451 omnes
748 424 779 451 et
810 419 924 463 singuli
956 422 1198 454 sacramentales

458 469 712 504 christifidelium
738 472 870 515 (scilicet
894 475 1042 518 propriae
1066 474 1199 518 quisque

457 522 593 556 nationis
617 524 768 568 primum,
788 531 828 566 et,
852 526 900 559 his
924 537 987 560 non
1013 527 1198 568 extantibus,

458 575 593 608 aliorum
617 577 722 620 etiam,
747 579 871 622 quando
896 590 986 613 casus
1011 580 1198 623 contigerit,

458 639 596 673 quorum
627 630 777 665 idiomata
806 633 962 677 calleant)
988 634 1199 666 consessiones

458 682 490 714 in
515 684 647 717 ecclesia
672 684 857 729 Lauretana,
883 686 915 718 in
940 698 1001 730 qua
1027 692 1200 720 memorata

459 747 549 770 sacra
573 738 685 771 domus
710 739 824 780 existit,
849 739 1016 783 diligenter
1041 740 1149 773 audire
1171 746 1201 774 et

460 790 498 823 ad
518 791 549 823 id
569 798 695 835 praesto
713 803 791 834 esse,
805 798 972 838 ceteraque
990 794 1129 827 officium
1147 795 1202 827 mi-

459 854 573 877 norum
599 846 913 889 poenitentiariorum
928 847 1108 880 huiusmodi
1126 858 1185 881 con

460 898 620 931 cernentia
634 899 742 932 sedulo
756 909 901 933 exercere
914 900 1047 933 debeant
1064 901 1201 944 (rectore

460 951 585 995 collegii
609 958 759 996 excepto;
784 963 857 986 nam
882 953 945 995 ille,
970 965 1042 987 cum
1066 954 1133 987 cius
1158 955 1202 988 os-

459 1004 522 1037 ficii
547 1006 639 1038 causa
660 1006 820 1040 multoties
837 1007 991 1050 legittime
1016 1007 1055 1040 sit
1072 1007 1202 1052 impedi-

459 1062 519 1097 tus,
543 1058 617 1092 huic
642 1060 776 1101 muneri,
801 1065 896 1104 prout
921 1060 1094 1094 secundum
1119 1072 1197 1106 pro-

458 1111 561 1155 priam
592 1112 817 1146 conscientiam
843 1114 980 1158 poterit,
1011 1114 1200 1159 satisfaciet),

459 1170 614 1210 perpetuo
642 1166 760 1200 habere
794 1172 823 1200 et
856 1173 1060 1201 manutenere
1090 1168 1202 1202 debeat

459 1222 490 1251 et
513 1223 664 1262 teneatur,
683 1225 792 1254 tenore
808 1221 1022 1265 praesentium
1039 1221 1202 1256 statuimus

459 1277 490 1306 et
509 1273 702 1307 ordinamus.

503 1327 519 1370 g
543 1327 572 1359 ΞΣ.
596 1327 794 1362 Declarantes
811 1333 841 1361 et
866 1328 1091 1370 decernentes,
1117 1329 1202 1373 quod

458 1380 676 1424 unusquisque
700 1380 849 1422 illorum,
874 1381 928 1425 qui
964 1391 1001 1414 ex
1032 1381 1201 1425 praedictis

458 1432 652 1476 presbyteris
669 1434 870 1476 regularibus
887 1445 946 1478 pro
963 1445 1061 1479 supra
1080 1445 1202 1478 expres-

459 1486 501 1519 sis
525 1486 705 1520 nationibus
722 1497 776 1520 seu
801 1487 918 1530 linguis
939 1488 1078 1521 minores
1098 1488 1202 1531 poeni-

459 1539 596 1572 tentiarii
621 1540 722 1573 dictae
746 1550 853 1573 sacrae
885 1540 997 1573 domus
1029 1541 1203 1585 respective

459 1593 711 1636 deputabuntur,
737 1603 773 1626 ex
797 1593 850 1626 illa
881 1594 1027 1637 natione,
1052 1604 1110 1638 pro
1141 1604 1202 1638 qua

459 1646 670 1691 deputabitur,
695 1657 768 1680 vere
792 1652 822 1680 et
846 1647 973 1680 realiter
998 1657 1075 1690 esse,
1094 1648 1203 1691 ipsius-

459 1710 522 1744 que
534 1699 670 1733 nationis
688 1700 805 1733 idioma
818 1700 936 1744 optime
954 1701 1068 1734 callere
1082 1701 1201 1743 debeat,

460 1754 619 1798 quodque,
636 1754 690 1798 qui
704 1753 735 1786 in
749 1754 932 1797 regionibus
944 1755 1126 1788 earumdem
1147 1766 1201 1788 na-

460 1807 581 1840 tionum
596 1807 773 1851 respective
789 1808 853 1840 nati
869 1813 898 1841 et
915 1808 1037 1841 educati
1054 1819 1117 1842 non
1131 1809 1201 1850 sint,

460 1859 518 1893 sub
544 1871 746 1904 quocumque
769 1866 951 1905 praetextu,
977 1862 1098 1894 etiamsi
1122 1861 1201 1894 idio-

460 1913 552 1946 matis
575 1914 721 1955 nationis,
739 1924 798 1957 pro
815 1924 876 1957 qua
895 1914 1038 1958 deputari
1057 1920 1201 1958 praeten-

460 1967 619 2008 derentur,
641 1968 824 2012 peritissimi
841 1968 954 2009 forent,
974 1968 1012 2001 ad
1040 1968 1201 2001 minorum

460 2021 776 2064 poenitentiariorum
800 2021 982 2055 huiusmodi
1004 2015 1117 2055 'officia
1141 2022 1201 2055 ad—

460 2074 543 2107 sumi
562 2074 692 2107 minime
716 2075 848 2115 valeant,
866 2075 1002 2119 exceptis
1025 2080 1129 2108 tamen
1146 2076 1202 2108 Ita-

460 2128 508 2168 lis,
525 2138 604 2171 quos
624 2138 683 2172 pro
704 2128 816 2161 maiori
836 2134 926 2172 parte
951 2129 1083 2163 sufficiat
1100 2129 1131 2162 in
1148 2130 1202 2163 lta-

460 2182 502 2215 lia
526 2187 615 2215 natos
640 2186 670 2215 et
694 2181 842 2215 educatos
867 2193 955 2224 esse,
981 2188 1102 2216 ceteros
1126 2193 1201 2217 vero

460 2236 493 2268 in
508 2237 544 2268 ea
561 2235 615 2268 diu
634 2235 855 2279 permansisse,
868 2241 961 2279 atque
974 2236 1112 2269 italicum
1128 2237 1203 2270 idio-

461 2299 513 2322 ma
540 2289 659 2333 optime
687 2289 817 2330 callere;
838 2290 980 2334 quinimo
1005 2290 1082 2323 alios
1107 2291 1201 2324 etiam

461 2341 661 2386 praedictos,
686 2342 739 2386 qui
768 2353 827 2386 pro
851 2343 1030 2376 nationibus
1054 2343 1202 2387 praefatis

461 2396 633 2439 eligentur,
659 2396 801 2429 eamdem
825 2396 962 2430 italicam
986 2397 1144 2440 linguam,
1173 2403 1203 2431 et

461 2449 582 2492 aliquos
607 2459 643 2482 ex
668 2449 712 2482 eis
744 2449 836 2482 etiam
872 2449 1037 2482 lusitanam
1063 2455 1092 2483 et
1116 2451 1199 2483 liun-

462 2502 601 2545 garicam
627 2502 755 2536 edoctos
780 2513 847 2536 esse
873 2503 1047 2537 curandum
1074 2504 1144 2544 erit,
1168 2509 1202 2537 ut

462 2556 610 2590 Italorum
643 2568 791 2602 quoque,
816 2558 1036 2593 Lusitanorum
1068 2564 1098 2592 et
1122 2559 1204 2592 Hun-

463 2620 625 2653 garorum,
643 2611 668 2644 si
684 2611 809 2654 quando
826 2622 905 2656 opus
921 2612 1025 2653 suerit,
1036 2612 1204 2646 confessio-

1024 212 1205 238 BULLARIUM
1228 212 1385 238 ROMANUM

1983 215 2037 243 An.
2053 215 2082 244 C.
2097 215 2168 245 1659

1230 272 1286 295 nes
1307 261 1426 303 audire,
1443 266 1536 306 atque
1559 261 1636 295 alios
1663 262 1695 295 in
1711 262 1821 296 eodem
1839 272 1971 297 munere

1232 314 1418 348 coadiuvare
1442 315 1573 348 valeant.

1276 369 1291 412 ξ,
1315 368 1344 402 3.
1369 368 1458 408 Quod
1482 368 1523 409 si,
1547 373 1676 413 propter
1708 375 1854 410 mortem,
1885 371 1972 404 infir-

1233 421 1394 462 mitatem,
1427 421 1657 462 remotionem,
1686 422 1809 455 aliudve
1841 423 1971 467 quodvis

1233 474 1491 518 impedimentum
1512 475 1643 508 alicuius
1665 485 1701 508 ex
1721 475 1891 519 praedictis
1912 478 1971 510 mi-

1232 527 1363 561 noribus
1380 527 1629 571 poenitentiariis
1642 539 1700 572 pro
1717 533 1860 572 tempore
1876 529 1971 574 depu-

1233 580 1314 623 tatis,
1341 581 1517 625 oportuerit
1540 581 1636 614 aliurn
1661 581 1693 614 in
1717 581 1784 615 eius
1807 582 1911 615 locum
1935 583 1974 615 ad

1234 634 1417 667 exercitium
1453 634 1548 667 officii
1581 635 1713 668 minoris
1742 636 1975 678 poenitentiarii

1234 687 1386 732 tantisper
1403 687 1591 730 subrogari,
1605 698 1642 721 eo
1656 699 1731 721 casu
1748 689 1881 722 alterum
1898 689 1977 722 eius-

1234 740 1304 773 dem
1324 751 1396 774 cum
1423 741 1477 774 illo
1493 741 1638 782 nationis,
1659 741 1684 774 si
1704 741 1813 775 haberi
1844 741 1975 775 idoneus

1235 794 1344 838 possit,
1369 794 1417 827 sin
1442 794 1556 837 minus,
1570 794 1676 836 alium,
1696 795 1824 828 alterius
1847 795 1974 839 quidem

1234 847 1393 888 nationis,
1417 847 1471 880 sed
1496 847 1549 891 qui
1574 847 1731 881 idiomatis
1754 848 1889 882 nationis
1904 875 1911 889 ‚
1936 859 1974 882 ex

1235 911 1297 944 qua
1314 900 1490 941 defunctus,
1506 900 1662 941 infirmus,
1678 906 1818 934 remotus
1834 901 1882 934 vel
1899 901 1975 934 alias

1236 954 1404 998 impeditus
1430 954 1535 996 suerit,
1555 954 1675 998 peritus
1693 954 1811 996 existat,
1829 954 1974 989 substitui

1235 1008 1398 1041 volumus:
1423 1008 1464 1041 ita
1488 1011 1603 1049 tamen,
1624 1012 1657 1040 ut
1674 1007 1718 1041 sic
1742 1008 1977 1041 substituendus

1236 1066 1306 1094 ante
1342 1061 1465 1102 omnia,
1501 1061 1630 1105 praevio
1660 1060 1802 1094 examine
1832 1066 1867 1094 ut
1896 1061 1977 1095 infra

1236 1115 1387 1159 faciendo,
1408 1115 1611 1160 approbetur,
1625 1120 1655 1149 et
1678 1125 1736 1159 per
1760 1115 1889 1149 modum
1905 1126 1978 1160 pro-

1236 1169 1364 1203 visionis
1388 1180 1449 1213 pro
1474 1180 1510 1202 eo
1535 1174 1680 1213 tempore
1710 1169 1888 1211 dumtaxat,
1913 1180 1977 1214 quo

1236 1221 1362 1255 durabit
1387 1223 1552 1255 infirmitas
1577 1223 1625 1255 vel
1646 1222 1908 1267 impedimentum
1932 1222 1978 1256 in-

1235 1276 1320 1309 firmi
1344 1276 1393 1309 vel
1418 1276 1578 1320 impediti,
1605 1286 1661 1309 seu
1696 1276 1797 1310 donec
1828 1275 1976 1310 defuncto

1236 1329 1285 1362 vel
1309 1334 1433 1363 remoto
1465 1339 1629 1363 successor
1660 1329 1755 1362 fuerit
1779 1329 1975 1372 constitutus,

1236 1383 1405 1427 deputetur
1430 1387 1460 1417 et
1483 1383 1686 1426 subrogetur.

1281 1436 1296 1479 ξ
1325 1435 1354 1468 4.
1389 1436 1488 1469 Porro
1521 1436 1707 1469 electionem
1739 1437 1893 1478 rectoris,
1925 1447 1976 1471 ce·
2018 1447 2176 1468 erectiorem-

2027 384 2135 408 Quomodo
2149 385 2169 406 in

1987 416 2037 431 casu
2083 411 2170 438 impedi-

1986 438 2050 458 menti
2068 438 2109 458 siut
2122 437 2170 458 sub·

1987 464 2082 491 rogandi.

1989 1474 2018 1495 ris
2034 1476 2055 1494 et
2069 1474 2176 1500 poeniten·
2223 1490 2225 1495 ,

1236 1493 1443 1533 terorumque
1468 1488 1628 1522 minorum
1658 1490 1974 1533 poenitentiariorum
1991 1500 2099 1530 umorum
2114 1505 2177 1527 gene·

1236 1542 1389 1586 praedicti
1423 1542 1546 1586 collegii
1581 1543 1759 1586 apostolici,
1785 1548 1815 1576 et
1844 1543 1976 1577 fratrum
1990 1528 2037 1575 {322
2053 1555 2170 1574 reservata.

1237 1595 1435 1639 aliorumque
1470 1595 1730 1637 inservientium,
1765 1596 1879 1630 dilecto
1911 1596 1976 1631 filio

1235 1659 1319 1682 nunc
1335 1654 1365 1682 et
1384 1660 1442 1693 pro
1467 1654 1611 1693 tempore
1635 1649 1779 1684 existenti
1795 1649 1976 1694 praeposito

1236 1703 1375 1745 generali
1393 1708 1586 1736 memoratae
1610 1703 1773 1737 Societatis
1793 1703 1977 1745 tribuimus,

1237 1760 1405 1788 statuentes
1430 1761 1463 1788 ut
1492 1755 1530 1787 ab
1558 1755 1669 1788 eodem
1686 1756 1866 1799 praeposito
1883 1767 1977 1800 gene-

1237 1809 1294 1841 rali
1311 1819 1369 1852 pro
1387 1814 1530 1852 tempore
1547 1809 1636 1843 electi
1660 1820 1723 1843 non
1741 1816 1813 1842 ante
1830 1810 1869 1843 ad
1888 1821 1976 1843 exer-

1236 1862 1343 1895 citium
1361 1862 1456 1896 officii
1475 1862 1634 1895 minorum
1659 1863 1975 1906 poenitentiariorum

1237 1916 1418 1949 huiusmodi
1442 1916 1658 1957 admittantur,
1683 1927 1778 1961 quam
1803 1917 1887 1950 circa
1910 1927 1976 1950 ma·

1236 1969 1330 2003 terias
1358 1969 1396 2002 ad
1421 1969 1503 2002 idem
1525 1970 1664 2003 officium
1681 1975 1857 2014 spectantes
1881 1971 1913 2003 in
1937 1971 1977 2004 si-

1236 2024 1369 2065 gnatura
1386 2023 1645 2067 poenitentiariae
1662 2024 1863 2068 apostolicae,
1880 2025 1938 2066 vel,
1951 2025 1977 2058 si

1236 2077 1274 2109 ad
1298 2077 1414 2109 almam
1440 2077 1556 2110 Urbem
1581 2083 1721 2111 nostram
1747 2077 1813 2111 sine
1830 2079 1918 2121 gravi
1935 2077 1977 2111 in-

1236 2130 1405 2163 commodo
1430 2135 1460 2163 et
1483 2131 1629 2174 expensis
1650 2130 1799 2164 accedere
1823 2141 1885 2164 non
1909 2142 1978 2176 pos-

1236 2184 1308 2224 sint,
1336 2194 1443 2217 eoram
1468 2184 1574 2228 aliquo
1598 2195 1634 2218 ex
1661 2184 1891 2218 venerabilibus
1916 2186 1977 2219 sra-

1236 2238 1337 2271 tribus
1353 2238 1509 2283 episcopis
1526 2239 1725 2283 supradictae
1742 2249 1849 2272 sacrae
1869 2239 1976 2273 domui

1236 2292 1428 2325 Lauretanae
1459 2291 1584 2334 vicinis,
1609 2302 1665 2335 per
1697 2291 1845 2325 dilectum
1876 2292 1975 2326 filium

1236 2350 1379 2378 nostrum
1404 2345 1568 2378 Nicolaum
1591 2345 1670 2379 tituli
1696 2345 1724 2378 S.
1742 2345 1857 2378 Mariae
1874 2346 1976 2389 Ange-

1237 2400 1341 2432 lorum
1366 2399 1394 2432 S.
1420 2399 1455 2432 R.
1481 2399 1514 2432 E.
1539 2399 1759 2443 presbyterum
1785 2399 1975 2432 cardinalem

1237 2452 1438 2486 Ludovisium
1474 2457 1690 2496 nuncupatum
1726 2452 1914 2485 modernum
1947 2457 1977 2485 et

1236 2516 1294 2550 pro
1320 2511 1461 2550 tempore
1486 2506 1670 2539 existentem
1695 2505 1847 2539 maiorem
1872 2505 1977 2549 poeni-

1238 2559 1419 2592 tentiarium
1445 2559 1477 2592 in
1501 2559 1633 2602 singulis
1664 2558 1789 2592 casibus
1819 2558 1858 2591 ad
1893 2558 1977 2592 hunc

1237 2618 1341 2648 actum
1365 2613 1544 2659 specialiter
1568 2612 1762 2656 delegando,
1787 2616 1882 2656 prout
1915 2612 1976 2656 ipsi

2059 1526 2175 1548 Societaus
2224 1527 2225 1542 ἓ
