2263 3215
269 216 313 240 Αιι.
332 216 360 240 (ἶ,
386 215 450 240 11ῗῖΫῖ

497 207 560 239 ’180

466 270 533 295 rota
551 274 605 296 sua
627 264 757 297 Domino
776 265 908 299 reddere
929 268 1147 309 satagentium,
1167 270 1205 301 se-

465 316 513 348 tivi
533 316 705 349 directione
723 318 852 360 provide
870 319 947 351 t'acta
966 326 1047 359 sunt,
1061 320 1203 363 libenter,

464 381 534 401 cum
561 381 577 402 a
602 369 692 403 nobis
718 371 854 414 petitur,
879 374 1067 416 apostolicae
1093 376 1204 407 contir-

464 423 610 455 mationis
637 424 809 457 munimine
835 425 1032 467 roboramus,
1058 433 1151 470 prout
1173 427 1202 460 in

463 476 572 508 eodem
596 477 727 510 Domino
741 478 954 522 conspicimus
971 480 1138 513 salubriter
1155 491 1203 514 ex-

463 530 580 572 pedire.

506 584 520 626 ξ
538 583 566 615 t.
593 584 712 627 Exponi
731 585 884 629 siquidem
906 587 998 620 nobis
1015 597 1116 632 nuper
1132 589 1203 622 secit

407 629 444 667 .'.¹,','.
461 636 592 669 dilectus
618 637 699 670 tilius
718 638 830 671 Lucius
854 650 871 672 a
896 640 924 673 S.
947 641 1040 681 Iusto,
1059 642 1202 674 commis—

276 2136 422 2158 Contirntatur.

411 681 444 720 “sl
461 690 562 722 sarius
587 691 742 733 generalis
774 693 880 725 curiae
912 694 1037 726 Ordinis
1068 695 1219 734 fratrum,

369 761 373 773 .
398 735 444 773 affl!
461 743 615 776 Minorutu
634 745 731 777 saneti
751 745 908 779 Francisci
933 747 971 780 de
996 747 1200 781 observantia
1236 746 1337 779 sterii¹
1357 747 1385 778 in
1412 757 1523 779 novam
1550 748 1722 781 custodiam
1740 748 1865 781 Ordinis
1890 759 1976 792 prac-

398 788 443 802 '‘''''
461 802 726 840 nuncupatorum,
744 799 826 842 quod
844 800 929 841 alias,
950 806 1115 844 postquam
1131 812 1200 834 con·
1235 800 1307 833 dicti
1321 827 1328 839 ,
1353 810 1369 832 a
1395 807 1570 834 meinorato
1597 802 1701 843 Paulo,
1729 808 1763 835 ut
1786 803 1974 846 praefertur,

460 851 602 893 gregatio
627 857 700 883 tunc
725 852 923 886 existentium
945 853 973 885 S.
997 854 1029 887 tt.
1049 854 1080 886 E.
1099 855 1200 887 cardi·
1217 847 1218 895 i
1236 854 1357 893 factam,
1372 854 1540 897 apostoliea
1556 855 1751 895 auctoritate,
1768 861 1875 889 tenore
1888 867 1974 900 prae-

1217 907 1218 911 ’
1235 907 1379 945 sentium,
1398 907 1625 941 confirmamus
1645 914 1672 941 et
1699 909 1922 952 approbamus,
1941 909 1974 941 il-

459 903 594 945 nalium,
619 905 753 947 negotiis
777 911 807 937 et
832 907 1115 940 consultationibus
1137 909 1200 951 epi-

459 966 626 1000 scoporum
642 963 671 990 et
692 959 884 1000 regularium
906 960 1094 1004 praeposita,
1108 961 1200 1004 Zaga-

457 1063 655 1104 Crisiensem,
682 1065 939 1104 llemeticensem,
960 1067 1151 1100 luariensem
1169 1073 1199 1101 et
1215 1090 1216 1093 =

456 1116 696 1159 Craprinensem
716 1122 886 1152 conventus
904 1119 1029 1151 Ordinis
1043 1120 1196 1163 praedicti

457 1170 487 1201 iu
514 1170 677 1203 Sclax‘onia
702 1171 909 1208 constitutos,
941 1182 1063 1206 necnon
1089 1184 1197 1207 mona-

455 1223 585 1255 sterium
600 1224 822 1257 Sanctissimae
838 1225 998 1259 Trinitatis
1013 1226 1197 1270 Zagabrien-

455 1276 496 1307 sis
511 1277 693 1310 monialium
704 1277 827 1311 Ordinis
840 1279 1026 1319 subiectum,
1037 1280 1068 1312 in
1082 1290 1194 1314 novam

455 1329 626 1362 custodiam
643 1330 679 1362 ad
692 1331 921 1374 praescriptum
936 1333 1194 1366 constitutionum

453 1382 578 1414 ttrdinis
603 1383 793 1423 huiusmodi,
811 1395 881 1416 cum
897 1386 1133 1428 praerogativis,
1156 1388 1194 1419 ti-

454 1435 525 1467 tulis
539 1441 564 1467 et
581 1436 809 1479 praecedentiis
824 1439 991 1478 consuetis,
1009 1439 1086 1482 erigi
1106 1450 1194 1473 man-

452 1489 607 1530 d:u·erat¹‚
631 1490 763 1523 dilectus
777 1492 896 1534 pariter
914 1492 998 1525 tilius
1024 1493 1138 1526 Paulus
1156 1493 1194 1527 de

453 1596 518 1628 ciae
536 1597 679 1629 Austri-ac
693 1597 767 1631 dicti
781 1597 917 1639 Ordinis,
936 1599 1043 1642 vigore
1058 1601 1192 1635 mandati
1210 1617 1211 1632 i

451 1650 508 1682 sibi
536 1661 632 1694 super
656 1650 717 1684 lioc
742 1662 757 1684 a
783 1651 898 1685 dilecto
923 1653 1015 1686 etiam
1047 1654 1112 1686 silio
1137 1655 1191 1688 Se-

451 1703 591 1736 bastiano
617 1714 632 1736 a
657 1704 779 1745 Caieta,
813 1705 1026 1740 cismontanae
1056 1707 1191 1740 familiae

450 1756 574 1788 Ordinis
608 1757 760 1800 praedicti
786 1758 1006 1792 commissario
1029 1761 1168 1802 generali
1183 1765 1209 1803 ,⁵

449 1809 532 1849 dati,
558 1815 676 1853 septem
703 1815 873 1845 conventus
902 1822 938 1845 ac
963 1813 1188 1846 monasterium

449 1862 652 1904 huiusmodi,
686 1863 813 1906 praevia
840 1864 965 1897 illorum
991 1866 1189 1909 separatione

448 1927 463 1947 :1
483 1916 643 1959 provincia
657 1917 836 1960 llungariae
854 1917 993 1951 eiusdem
1009 1919 1143 1960 (ti-dinis,
1159 1921 1188 1953 in

448 1980 559 2003 novam
586 1971 760 2004 custodiam
779 1971 947 2015 saepedicti
965 1972 1090 2005 Ordinis
1104 1974 1188 2007 iuxta

447 2014 687 2067 dispositionem
713 2024 831 2057 decreti
851 2024 952 2058 dictae
973 2028 1189 2069 congregatio-

449 2077 496 2109 nis
522 2087 617 2120 super
641 2078 823 2121 praemissis
848 2080 982 2112 emanati
1009 2080 1118 2112 erexit.

494 2131 508 2173 ξ
532 2130 561 2163 22.
582 2131 657 2163 Cum
670 2136 786 2171 autem,
800 2132 879 2164 sicut
900 2132 1007 2165 eadem
1034 2134 1187 2177 expositio

448 2183 668 2226 subiungebat,
679 2183 856 2227 praedictus
870 2184 983 2217 Lucius
997 2186 1186 2219 erectionem

449 2236 639 2278 huiusmodi,
654 2248 712 2281 pro
727 2237 861 2270 firmiori
876 2238 959 2271 illius
974 2239 1185 2282 subsistentia,

447 2290 637 2332 apostolicae
653 2290 902 2323 confirmationis
916 2297 1041 2324 nostrae
1055 2293 1188 2335 patroci-

446 2343 498 2375 nio
513 2343 701 2375 communiri
719 2353 921 2387 summopere
934 2344 1102 2377 desideret:
1120 2356 1185 2387 nos,

445 2396 591 2428 eumdem
602 2397 731 2429 Lucium
742 2398 994 2430 commissarium
1005 2400 1184 2441 generalem

443 2449 630 2492 specialibus
642 2450 800 2483 l'avoribus
811 2457 837 2483 et
851 2451 960 2493 gratiis
971 2453 1119 2496 prosequi
1133 2463 1184 2486 vo-

443 2503 551 2543 lentes,
570 2508 599 2534 et
619 2513 636 2535 a
661 2504 823 2547 quibusvis
840 2506 1184 2547 excomuulnicationis,

1052 220 1229 245 nULLitnttut
1256 222 1408 246 ROMANUM

1206 1812 1473 1845 'ordinationibus
1493 1813 1684 1856 apostolicis,
1705 1823 1835 1855 necnon,
1861 1819 1968 1857 quate-

443 2555 657 2598 suspensionis
682 2562 711 2588 et
736 2557 903 2600 interdicti,
928 2558 1059 2602 aliisque
1084 2559 1201 2602 eccle-1

482 2621 488 2645 t
515 2618 583 2645 lidit.
600 2618 679 2646 Maiu.
696 2620 759 2654 legit
774 2620 981 2648 attitulaverant
995 2620 1031 2655 (u.
1046 2623 1096 2655 T.).

1996 224 2044 250 An.
2061 224 2090 250 C.
2110 225 2174 254 1656

1239 270 1369 302 siasticis
1395 269 1574 310 sententiis,
1600 270 1741 303 censuris
1766 276 1791 303 et
1818 271 1936 315 poenis,
1962 281 1978 303 a

1220 341 1222 345 -
1239 322 1306 354 iure
1333 322 1377 353 vel
1403 322 1441 354 ab
1467 322 1604 363 bomine,
1621 323 1730 366 quavis
1750 324 1914 357 occasione
1931 325 1979 356 vel

1238 378 1331 409 eausa
1365 376 1452 415 latis,
1478 376 1501 408 si
1531 376 1647 419 quibus
1675 376 1915 420 quomodolibet
1938 377 1980 409 in-

1238 430 1370 462 nodatus
1395 429 1509 471 existit,
1535 429 1571 462 ad
1597 430 1742 463 ess'ectum
1763 431 1977 474 praesentium

1237 483 1398 515 dumtaxat
1416 483 1681 527 consequendum,
1700 484 1812 516 barum
1831 484 1912 517 serie
1928 484 1980 516 ab·

1238 536 1392 569 solventes
1424 540 1453 569 et
1484 537 1660 569 absolutum
1698 537 1763 569 sore
1795 543 1978 577 censentes,

1237 589 1519 632 supplicationibus
1539 589 1606 621 eius
1624 590 1750 622 nomine
1775 590 1864 623 nobis
1884 600 1978 634 super

1238 641 1297 674 boc
1327 642 1490 674 luuniliter
1518 642 1678 681 inclinati,
1703 643 1894 676 erectionem
1919 653 1974 676 su-

1237 693 1407 736 pradictam
1434 699 1552 737 septem
1579 701 1789 727 conventuum
1815 706 1850 728 ac
1871 705 1977 728 mona-

1236 959 1318 1002 lique
1340 960 1527 994 inviolabilis
1545 961 1733 1004 apostolicae
1751 961 1905 996 firmitatis
1927 972 1974 996 ro-

458 1009 633 1053 briensem⁷
660 1011 906 1053 Varasdiensem,
932 1013 1198 1054 Ormusdiensem‚
1215 1005 1217 1057 J
1234 1012 1294 1045 bur
1318 1013 1493 1054 adiieimus,
1510 1025 1544 1047 ac
1563 1025 1672 1047 omncs
1688 1020 1717 1047 et
1738 1015 1878 1058 singulos
1896 1015 1972 1048 iuris

1215 1064 1262 1097 'ct
1287 1065 1357 1098 sacti
1384 1066 1532 1105 desectus,
1557 1067 1581 1099 si
1608 1067 1660 1111 qui
1685 1067 1820 1112 desuper
1844 1079 1973 1112 quomo-

1999 1160 2002 1162 *
2015 1133 2124 1154 Decretum
2145 1135 2169 1155 ir-

1987 1162 2025 1179 rita
2031 1166 2059 1179 us.

1232 1118 1349 1152 dolibet
1375 1119 1609 1159 intervenerint,
1636 1121 1827 1164 supplemus.

1276 1172 1333 1215 ξῧ.
1353 1173 1559 1207 Decernentes
1577 1175 1701 1207 easdem
1720 1181 1901 1218 praesentes
1925 1175 1971 1208 lit-

1233 1230 1330 1266 teras,
1354 1237 1478 1271 semper
1504 1228 1620 1267 firmas,
1638 1228 1754 1261 validas
1774 1236 1803 1261 et
1831 1229 1973 1263 efficaces

1231 1280 1363 1313 existere
1390 1286 1419 1313 et
1444 1281 1519 1322 sore,
1537 1292 1571 1314 ac
1590 1282 1628 1313 ab
1654 1282 1810 1322 omnibus,
1831 1283 1868 1316 ad
1894 1293 1972 1327 quos

1212 1335 1348 1376 {spectat
1374 1339 1403 1366 et
1427 1345 1484 1377 pro
1521 1340 1663 1378 tempore
1696 1335 1846 1379 spectabit
1863 1363 1870 1375 ‚
1894 1346 1968 1379 per-

1230 1391 1324 1429 petuo
1350 1387 1570 1420 invIolabiliter
1599 1387 1779 1427 observari,
1808 1388 1915 1432 sleque
1940 1389 1970 1421 in

1229 1439 1410 1481 praemissis
1431 1450 1487 1483 per
1507 1450 1723 1484 quoscumque
1749 1440 1867 1474 iudices
1887 1441 1970 1474 ordi-

1229 1492 1333 1524 narios
1352 1499 1380 1525 et
1406 1493 1577 1536 delegatos,
1602 1494 1695 1526 etiam
1721 1504 1887 1527 causarum
1916 1505 1970 1538 pa-

452 1543 572 1584 Tauris,
599 1544 694 1576 frater
719 1556 866 1588 expresse
891 1548 1052 1589 protessus
1067 1548 1194 1590 provin·
1229 1545 1290 1578 latii
1317 1546 1481 1589 apostolici
1502 1546 1672 1586 auditores,
1691 1546 1821 1580 iudicari
1843 1553 1873 1580 et
1897 1547 1971 1580 defi-

1228 1598 1287 1630 niri
1313 1598 1439 1639 debere,
1464 1610 1499 1632 ac
1518 1600 1641 1632 irritum
1663 1605 1693 1632 et
1711 1600 1809 1641 inane,
1837 1601 1861 1633 si
1879 1611 1969 1634 secus

1227 1662 1322 1694 super
1346 1652 1393 1684 bis
1417 1663 1433 1684 a
1451 1663 1619 1696 quoquam,
1637 1653 1745 1696 quavis
1769 1654 1968 1696 auctoritate,

1226 1705 1360 1737 scienter
1373 1706 1418 1738 vel
1436 1706 1627 1748 ignoranter,
1635 1706 1802 1749 contigerit
1812 1707 1966 1740 attentari.

1270 1759 1284 1801 ξ
1301 1758 1331 1790 4.
1349 1759 1416 1792 Non
1434 1759 1630 1791 obstantibus
1646 1759 1924 1794 constitutionibus
1937 1766 1967 1794 et
2053 1770 2167 1792 Contrariis

1981 1796 2076 1822 derogat.

1224 1874 1281 1897 nus
1306 1876 1385 1908 opus
1403 1866 1452 1906 sit,
1470 1865 1642 1898 Ordinum⁹
1667 1872 1696 1899 et
1720 1866 1910 1910 provinciae,
1931 1878 1966 1901 ac

1223 1923 1432 1950 conventuum
1465 1923 1495 1951 et
1528 1919 1733 1951 monasterii³
1765 1919 1966 1961 huiusmodi,

1224 1972 1316 2004 etiam
1333 1972 1519 2013 iuramento,
1530 1973 1769 2007 confirmatione
1783 1974 1966 2018 apostolica,

1225 2025 1270 2057 vel
1288 2025 1396 2068 quavis
1417 2025 1563 2059 firmitate
1577 2026 1638 2058 alia
1659 2026 1827 2067 roboratis,
1845 2027 1966 2060 statutis

1223 2084 1249 2110 et
1285 2079 1582 2120 consuetudinibus,
1614 2080 1788 2123 privilegiis
1822 2090 1965 2125 qnoque,

1222 2131 1348 2164 indultis
1362 2136 1392 2163 et
1406 2131 1517 2164 litteris
1531 2133 1710 2176 apostolicis
1725 2133 1753 2165 in
1770 2133 1963 2166 contrarium

1221 2184 1470 2228 praemissorum
1506 2186 1744 2229 quomodolibet
1784 2187 1962 2230 concessis,

1221 2238 1414 2271 confirmatis
1435 2244 1465 2270 et
1485 2239 1655 2279 innovatis;
1681 2239 1795 2283 quibus
1817 2240 1964 2273 omnibus

1221 2296 1250 2324 et
1273 2291 1413 2334 singulis,
1439 2292 1564 2325 illorum
1592 2298 1716 2326 tenores
1745 2293 1964 2336 praesentibus

1222 2355 1280 2389 pro
1304 2345 1395 2388 plene
1420 2349 1449 2379 et
1474 2346 1666 2379 sufficienter
1686 2347 1842 2390 expressis
1862 2357 1897 2380 ac
1925 2347 1963 2380 de

1220 2398 1316 2431 verbo
1344 2398 1380 2431 ad
1401 2398 1530 2431 verbum
1563 2399 1688 2432 insertis
1713 2400 1873 2441 babentes,
1901 2399 1963 2433 illis

1219 2452 1293 2484 alias
1318 2452 1348 2484 in
1371 2463 1428 2485 suo
1445 2452 1560 2486 robore
1579 2453 1806 2496 permansuris,
1823 2454 1880 2486 hae
1896 2453 1961 2487 vice

1258 2533 1265 2558 l
1289 2531 1358 2558 Male
1380 2531 1445 2559 edit.
1466 2531 1544 2559 Main.
1568 2532 1630 2567 legit
1650 2533 1832 2560 nzouasteriis
1853 2534 1890 2568 (R.
1911 2534 1959 2568 Τ.).

1252 2576 1267 2602 2
1288 2575 1400 2603 Videtur
1420 2576 1566 2612 legendum
1588 2577 1708 2604 Ordinis
1731 2583 1769 2606 tn.
1787 2577 1835 2611 T.).

1199 2613 1201 2654 i
1251 2621 1267 2645 3
1288 2620 1358 2647 Edit.
1379 2620 1457 2648 Main.
1479 2621 1543 2655 legit
1563 2622 1746 2650 monasteriis
1767 2624 1804 2655 (R.
1822 2624 1871 2658 T.).
