2202 3190
460 207 693 250 redemptionis
733 208 953 252 captivorum,
993 208 1108 242 scilicet

462 262 547 304 quod
581 262 713 305 praelati
747 261 863 294 locales
896 272 952 294 seu
978 272 1111 295 conven-

461 315 561 346 tuales
586 324 649 346 non
675 314 811 357 amplius
836 314 974 348 habeant.
992 319 1063 347 vota
1081 314 1112 346 in

460 367 607 410 capitulis
619 367 833 410 generalibus,
844 368 898 400 scd
910 368 1012 401 solum
1025 378 1113 411 supe-

463 421 560 453 riores
585 421 759 463 generales,
777 420 961 454 definitores
981 431 1112 464 gencra-

460 474 515 510 lcs,
531 474 738 517 provinc-iales
756 481 785 509 et
803 475 879 509 socii
898 486 954 508 scu
972 474 1112 510 discreti,

461 526 533 560 533.

371 580 550 614 CCLXXXI.
579 580 757 614 Declaratio
782 580 889 614 Brevis
906 586 1032 613 sanctae
1049 590 1112 613 mc-

460 634 580 667 moriae
616 635 792 668 Innocentii
826 636 851 668 X
889 646 986 678 super
1018 635 1113 667 modo

460 687 634 731 recipiendi
661 693 692 721 et
717 688 888 731 profitendi
923 688 1057 721 novitios
1082 687 1113 720 in

460 741 661 774 monasteriis
687 742 865 774 reformatis
889 741 1114 785 Congrcgatio-

459 794 508 826 nis
534 794 583 826 del
614 795 754 835 Tanton,
782 795 907 828 Ordinis
932 795 1032 827 sancti
1057 795 1114 827 Ba-

460 847 520 879 silii
547 848 662 890 Magni,
689 848 763 881 535.
1065 855 1069 858 ”

370 899 564 933 CCLXXXII.
599 902 637 934 Ut
671 901 781 935 electio
815 901 920 935 vicarii
953 902 1112 945 generalis

460 954 718 997 congregationis
744 954 970 998 Hispaniarum
1001 961 1029 988 et
1064 955 1112 987 ln-

458 1005 582 1038 diarum
628 1008 761 1040 fratrum
806 1007 1110 1050 Augustinianorum

458 1059 733 1093 Discalceatorum
757 1061 1023 1101 fiat.‚att‹3r11ativa
1049 1071 1112 1094 ser-

460 1114 528 1145 vata
556 1113 640 1146 inter
664 1120 804 1157 quatuor
829 1114 1009 1157 provincias
1040 1125 1113 1148 con-

460 1167 654 1209 gregationis
679 1167 876 1205 liuiusmodi;
910 1167 950 1200 ita
972 1173 1017 1205 ut,
1042 1179 1112 1201 eve-

459 1220 565 1253 niente
590 1231 666 1254 casu
699 1232 762 1264 quo
802 1222 924 1255 vocales
949 1221 1111 1255 Indiarum

459 1273 597 1317 capitulo
613 1274 745 1318 tempori
766 1275 877 1307 adesse
897 1285 962 1307 non
976 1275 1112 1315 valeant,

461 1332 536 1359 tunc
560 1338 645 1360 unus
671 1328 765 1360 l'rater
794 1329 976 1371 provinciae
1004 1328 1115 1362 subse-

461 1379 590 1422 quentis
613 1379 644 1411 in
670 1381 781 1413 ordine
807 1381 837 1413 in
864 1381 1017 1414 vicarium
1035 1382 1110 1424 eligi

460 1432 584 1471 debeat,
608 1432 683 1466 538.
798 1468 800 1470 ,

373 1483 582 1517 CCLxxxlll.
601 1484 807 1518 Confirmatio
825 1486 1040 1529 quorumdam
1059 1488 1112 1520 de-

459 1543 620 1571 cretorum
647 1539 776 1582 capituli
805 1540 1012 1582 provincialis
1037 1551 1112 1585 pro-

460 1591 582 1625 vinciae
600 1591 629 1624 S.
650 1592 778 1625 loannis
797 1593 882 1627 tertii
901 1593 1027 1627 Ordinis
1046 1604 1114 1626 san-

461 1645 503 1677 cti
531 1644 691 1677 Francisci
725 1645 757 1677 in
790 1645 908 1687 Gallia,
944 1658 1000 1691 per
1032 1658 1113 1690 quae

463 1697 648 1740 providetur
673 1698 806 1732 diversis
831 1700 958 1733 casibus
982 1711 1039 1744 per
1055 1706 1114 1734 sta-

463 1756 530 1784 tuta
556 1752 713 1795 generalia
738 1753 865 1786 omissis
885 1753 916 1786 in
941 1765 1016 1788 casu
1034 1766 1114 1788 mor-

462 1804 499 1837 tis
524 1805 728 1848 provincialis
744 1812 774 1839 et
798 1807 972 1841 vacationis
997 1808 1114 1841 officio-

460 1869 532 1892 rum
563 1859 769 1893 definitorum
802 1862 975 1894 actualium
1010 1862 1113 1895 dictae

460 1912 653 1956 provinciae,
671 1924 784 1958 nempe
814 1920 846 1947 ut
871 1915 926 1947 alii
949 1916 1033 1948 certa
1052 1916 1112 1948 sor-

460 1967 511 1998 ma
537 1965 763 2009 subrogentur,
791 1966 866 2000 539.

371 2017 576 2052 CCLXXXIV.
601 2018 767 2052 Absolutio
793 2026 821 2053 et
848 2020 1044 2063 dispensatio
1062 2032 1112 2054 su-

458 2082 514 2115 per
547 2071 841 2106 minuscanonica
873 2074 1113 2108 consecratione

460 2125 605 2168 impensa
630 2131 660 2159 et
690 2127 865 2170 respective
899 2130 1048 2172 suscepta
1074 2129 1113 2161 ab

460 2179 617 2223 episcopis
642 2180 808 2214 civitatum
827 2182 1062 2226 Assumptionis
1083 2188 1113 2216 et

460 2231 709 2266 Tucamanensis
733 2234 764 2266 in
790 2234 886 2268 lndiis
905 2235 1113 2269 occidentali-

460 2284 530 2325 bus,
559 2285 633 2318 541.

372 2333 560 2370 CCLXXXV.
611 2339 805 2383 ,aggregatio
844 2341 1112 2374 monasteriorum

459 2390 488 2423 S.
507 2391 568 2423 Viti
587 2391 625 2424 de
654 2392 750 2432 Urbe,
777 2393 975 2427 Claraevallis
999 2395 1037 2428 de
1059 2394 1113 2428 Ca-

460 2443 605 2485 stagnola
632 2443 890 2488 Senogalliensis,
920 2447 1112 2480 Casaemarii

462 2495 700 2538 chlanensis,
725 2499 945 2533 Fossaenovae
969 2500 1112 2533 Terraci—

461 2549 581 2589 nensis,
602 2549 641 2581 de
663 2551 807 2585 Ferraria
825 2553 1030 2594 Theanensis,
1053 2554 1112 2587 Rc-

962 156 1136 180 BULLARIUM
1163 156 1312 179 ROMANUM

1253 208 1422 252 galisvallis
1461 208 1598 241 Nolanae
1621 236 1629 249 ,
1666 219 1703 241 ac
1744 208 1903 242 Casaeno-

1253 272 1310 295 vae
1335 262 1460 305 Aprutii
1484 262 1676 303 Pennensis,
1692 273 1748 295 seu
1772 261 1904 303 nullius,

1254 316 1428 359 respective
1462 315 1625 355 dioccesis⁷
1650 321 1680 348 et
1704 325 1813 349 eorum
1834 315 1906 348 reli-

1254 369 1431 411 giosorum,
1459 368 1715 412 congregationis
1739 369 1906 401 Romanae

1255 422 1481 462 Cistercicnsis,
1495 433 1566 455 cum
1590 421 1835 467 congregatione
1851 421 1908 454 Ita-

1252 476 1312 509 liae
1338 476 1518 519 provinciae
1543 476 1675 510 Tusciae
1700 476 1843 510 eiusdem
1859 486 1907 508 re-

1253 529 1391 573 ligionis,
1416 530 1475 562 sul)
1501 529 1676 563 directione
1700 535 1730 562 ct
1748 527 1905 572 gubernio

1254 588 1380 626 patrum
1407 582 1572 626 tegiminis
1596 593 1682 616 nunc
1702 588 1731 616 et
1748 593 1806 626 pro
1824 588 1904 615 tem-

1254 647 1331 679 pore
1358 636 1561 671 cxistentium
1587 637 1691 670 dictae
1723 634 1907 680 provinciae

1253 690 1398 731 Tusciae,
1419 701 1491 724 cum
1511 690 1642 723 diversis
1668 690 1768 733 pactis
1786 694 1816 723 et
1832 699 1906 722 con-

1254 742 1444 780 ditionibus,
1472 742 1545 775 542.

1165 795 1366 829 CCLXXXVI.
1395 797 1532 830 Revocat
1565 806 1675 830 omnes
1708 800 1905 836 contractus,

1254 849 1308 893 qui
1329 850 1566 883 contrariantur
1583 848 1761 893 paupertati
1775 854 1806 882 et
1821 847 1906 882 bono

1254 903 1398 946 regimini
1427 903 1554 937 Ordinis
1580 901 1807 944 cisterciensis,
1832 901 1906 934 544.

1165 955 1382 989 CCLXXXVII.
1416 956 1587 990 Confirmat
1625 955 1751 990 decreta
1780 953 1907 988 noviter

1253 1010 1349 1049 edita,
1376 1020 1432 1053 pro
1463 1010 1627 1053 regularis.
1645 1008 1833 1052 disciplinae
1858 1007 1926 1040 in-‘

1253 1063 1450 1096 stauratione
1486 1063 1516 1096 in
1554 1063 1705 1105 religione
1746 1061 1906 1095 Minorum

1252 1116 1513 1150 Conventualium
1525 1116 1623 1149 sancti
1643 1114 1814 1156 Francisoi,
1828 1113 1904 1148 545.

1165 1170 1398 1204 CCLXXXVIII.
1416 1170 1505 1209 Quod
1527 1170 1558 1203 in
1584 1180 1677 1203 causa
1691 1169 1830 1202 fabricae
1847 1168 1907 1202 Ge-

1253 1223 1384 1256 nuensis
1413 1222 1538 1266 collegii
1569 1222 1737 1256 Societatis
1774 1222 1845 1256 Iesu
1876 1227 1907 1255 et

1254 1277 1388 1309 fratrum
1429 1276 1587 1309 Minorum
1628 1277 1666 1309 de
1702 1275 1906 1309 observantia

1253 1330 1438 1369 Nunciatae‚
1460 1329 1636 1374 presbyteri
1651 1328 1818 1363 Societatis
1842 1339 1905 1362 non

1254 1383 1377 1426 possint.
1395 1382 1544 1426 impediri
1571 1382 1744 1426 quominus
1762 1386 1905 1425 coeptam

1253 1435 1420 1469 ecclesiam
1446 1435 1598 1479 perficere
1623 1435 1761 1479 possint,
1788 1434 1863 1468 549.

1164 1487 1368 1521 CCLXXXIX.
1396 1488 1512 1521 Statuit
1545 1487 1790 1521 celebrationem
1820 1486 1907 1531 capi-

1253 1543 1393 1575 tulorum
1424 1542 1617 1586 generalium
1648 1541 1906 1585 congregationis

1252 1595 1505 1629 Camaldulensis
1534 1595 1661 1629 Ordinis
1679 1595 1781 1628 sancti
1805 1595 1906 1628 Bene—

1253 1648 1329 1682 dicti
1363 1649 1401 1682 de
1430 1654 1537 1682 cetero
1569 1648 1744 1681 faciendam
1776 1659 1843 1681 esse
1868 1647 1907 1681 de

1254 1701 1475 1746 quinquennio
1490 1703 1521 1734 in
1541 1701 1811 1745 quinquennium,
1831 1706 1907 1741 eto,

1164 1808 1267 1842 CCXC.
1288 1809 1462 1842 Confirmat
1478 1808 1707 1843 conventiones
1725 1818 1819 1852 super
1835 1807 1906 1841 iure

1252 1868 1440 1906 patronatus
1458 1862 1549 1895 ducis
1576 1861 1720 1895 Medinae
1745 1861 1905 1906 Sydoniae

1253 1915 1282 1947 in
1305 1921 1368 1948 tres
1389 1921 1564 1948 conventus
1582 1916 1716 1948 fratrum
1734 1924 1907 1958 congrega-

1254 1968 1353 2001 tionis
1378 1968 1548 2012 Hispaniae
1577 1967 1704 2002 Ordinis
1729 1967 1763 2001 B.
1790 1966 1906 2000 Mariae

1253 2021 1291 2054 de
1317 2021 1462 2055 Mercede
1494 2021 1674 2065 provinciae
1707 2020 1903 2055 Andalusiae

1253 2079 1284 2108 et
1308 2074 1340 2107 in
1368 2079 1465 2107 totam
1492 2074 1789 2118 congregationem,
1813 2072 1888 2106 552.

1164 2125 1282 2161 CCXCI.
1307 2127 1496 2170 prorogatio
1514 2127 1729 2161 concessionis
1742 2127 1916 2172 fructuum¹

1255 2180 1350 2213 nnius
1371 2180 1488 2213 mensis
1509 2181 1660 2214 ecclesiae
1684 2185 1714 2212 et
1737 2179 1907 2213 beneficio-

1257 2244 1328 2267 rum
1355 2235 1580 2278 Hispaniarum
1606 2239 1636 2267 et
1659 2233 1826 2267 Sardiniae
1849 2242 1906 2277 pro

1255 2297 1329 2330 rege
1355 2288 1522 2329 catholico,
1550 2287 1624 2320 555.
1684 2280 1694 2283 ..

1164 2339 1297 2373 CCXCll.
1325 2341 1531 2375 Confirmatio
1549 2340 1666 2375 decreti
1694 2350 1791 2383 super
1815 2349 1903 2373 oeco-

1252 2392 1381 2429 nomico
1401 2399 1484 2428 statu
1502 2399 1533 2428 et
1549 2395 1633 2428 recta
1651 2394 1811 2427 bonorum
1827 2398 1907 2426 tem—

1253 2448 1410 2490 poralium
1436 2447 1716 2481 administratione
1739 2446 1906 2480 Cassinen-

1252 2500 1334 2533 sium
1353 2500 1482 2534 Ordinis
1500 2500 1529 2533 S.
1548 2499 1724 2540 Benedicti,
1746 2499 1822 2533 559.

1163 2552 1312 2587 CCXCIII.
1341 2554 1400 2588 Dat
1428 2555 1560 2588 modum
1586 2553 1722 2588 faciendi
1746 2552 1904 2597 provisio-
