2185 3188
17 168 64 196 An.
84 167 112 194 C.
131 163 196 192 1657

39 701 143 723 [zi-numia
156 707 188 721 ra,-

17 729 70 750 tenu„

798 158 985 184 Atextxaznen
1009 158 1052 183 vn
1076 158 1123 183 rr.
1621 146 1686 181 289
1732 156 1783 184 An.
1801 156 1828 183 c.
1847 156 1913 185 ⁵657

208 208 299 242 etiam
315 207 354 241 de
370 207 466 241 latere
480 207 609 251 legatos,
635 213 665 240 et
688 207 765 240 alios
778 216 943 250 quoscum-

205 272 265 306 que
288 260 396 305 quavis
419 261 606 294 auctoritate
630 266 660 294 et
690 264 842 304 potestate
876 259 943 292 sun—

205 318 311 357 gentes
335 319 365 347 et
388 313 652 357 quandocumque
676 314 849 353 iuncturos,
867 312 940 345 sub-

204 369 265 402 lata
288 367 332 400 eis
357 372 387 400 et
411 376 522 400 eorum
556 366 685 400 cuilibet
712 365 820 409 quavis
851 365 942 398 aliter

205 419 361 453 iudicandi
377 424 408 452 et
427 418 654 462 interpretandi
678 419 823 452 facultate
845 424 875 451 et
890 427 942 451 au-

204 472 361 512 ctoritate,
385 471 518 505 iudicari
543 477 572 504 et
596 471 720 505 definiri
746 471 881 513 debere,
906 481 942 504 ac

203 525 327 559 irritum
365 530 395 558 et
429 524 520 558 inane
536 553 543 567 ‚
568 525 592 557 si
618 534 708 558 secus
737 535 833 568 super
855 525 904 558 his
925 536 942 557 a

204 587 372 622 quoquam,
389 578 500 622 quavis
521 577 716 619 auctoritate,
742 578 942 611 scienter'vel

205 633 396 675 ignoranter,
421 630 589 674 contigerit
608 630 763 663 attentari*

247 684 263 728 ἓ
287 683 316 717 5.
342 684 410 717 Non
441 683 637 717 obstantibus
663 683 726 716 litis
750 683 940 727 pendentia¹

204 736 384 770 huiusmodi
417 736 548 780 aliisque
583 736 785 780 praemissis,
818 745 941 769 necnon

203 789 355 833 praedicti
392 789 549 823 Francisei
580 789 695 823 Mariae
727 789 814 822 ducis
847 789 939 822 etiam

203 842 312 875 ultima
337 842 506 883 voluntate,
531 852 624 886 quam
650 842 733 876 circa
757 842 939 886 praemissa,

203 901 233 929 et
255 895 422 939 praecipue
446 895 500 928 ubi
526 895 814 929 confraternitatem
850 905 941 938 prae-

202 948 315 982 dictam
340 947 523 981 memoratis
540 948 757 982 communitati
782 952 812 980 et
835 947 939 980 homi-

200 1001 291 1034 nibus
323 1002 355 1033 in
387 1001 489 1044 legato
514 1012 569 1034 seu
597 1001 669 1034 fidei
703 1000 871 1034 commisso
896 1000 940 1032 bi-

200 1054 373 1087 bliothecae
397 1064 433 1086 ac
457 1053 646 1098 graphidum
675 1064 729 1086 seu
760 1053 939 1086 delineatio-

200 1117 275 1140 num
301 1106 534 1150 praedictarum
561 1106 731 1147 substituit,
748 1106 938 1139 sufficienter

200 1164 230 1193 et
253 1170 398 1203 expresse
423 1165 675 1202 commutamus,
706 1165 753 1200 et,
785 1165 938 1203 quatenus

202 1224 281 1257 opus
306 1213 353 1255 sit,
379 1215 487 1247 nostra
511 1219 540 1246 et
565 1213 768 1247 cancellariae
794 1213 939 1257 apostoli—

201 1277 254 1300 cae
270 1267 381 1310 regula
398 1266 436 1299 de
452 1276 515 1300 non
537 1267 674 1300 tollendo
699 1267 767 1300 iure
785 1267 937 1310 quaesito,

201 1325 230 1354 et
253 1320 352 1353 felicis
372 1320 600 1354 recordationis
618 1320 661 1353 Pii
679 1320 782 1364 Papae
798 1320 834 1353 lv
852 1330 938 1364 prae-

200 1374 375 1408 decessoris
399 1373 498 1408 nostri
516 1374 554 1407 de
574 1374 684 1417 gratiis
709 1374 937 1418 qualecumque

199 1429 350 1462 interesse
374 1428 474 1461 dictae
503 1438 646 1461 camerae
677 1428 938 1462 concernentibus

199 1483 231 1516 in
251 1483 302 1515 illa
322 1482 404 1515 intra
424 1487 545 1515 certum
564 1487 685 1525 tempus
701 1481 937 1525 praesentandis

200 1542 228 1570 et
253 1536 468 1579 registrandis,
492 1536 533 1568 ita
558 1540 591 1568 ut
616 1540 796 1579 praesentes
822 1535 936 1568 ibidem

199 1589 391 1634 praesentari
424 1590 471 1622 vel
503 1589 664 1632 registrari
691 1599 851 1632 nunquam
876 1600 934 1622 nc-

200 1654 284 1677 cessc
308 1643 356 1684 sit,
381 1648 411 1676 et
436 1642 503 1675 aliis
528 1642 804 1676 constitutionibus
832 1648 862 1675 et
886 1653 937 1676 or-

200 1697 410 1730 dinationibus
437 1696 620 1740 apostolicis
645 1695 737 1728 etiam
764 1696 939 1728 conciliari-

200 1751 279 1790 bus,
303 1749 427 1794 legibus
451 1760 577 1794 quoque
601 1750 694 1782 etiam
721 1749 938 1793 imperialibus

200 1810 230 1837 et
254 1803 513 1848 municipalibus,
537 1813 658 1837 necnon
683 1802 839 1835 dictarum
865 1803 938 1835 civi-

200 1857 270 1890 tatis
290 1862 319 1890 et
336 1856 610 1897 confraternitatis,
628 1866 663 1889 ac
679 1855 748 1888 aliis
765 1855 937 1899 quibusvis,

201 1910 293 1943 etiam
319 1910 512 1950 iuramento,
538 1908 777 1942 confirmatione
813 1914 937 1952 aposto-

201 1963 282 2004 lica,
307 1964 354 1996 vel
379 1963 488 2007 quavis
520 1962 667 1995 tirmitate
687 1962 746 1995 alia
771 1961 938 2003 roboratis,

202 2017 323 2050 statutis
359 2022 389 2050 et
425 2016 724 2057 consuctudinibus,
765 2015 938 2059 privilegiis

202 2080 336 2113 quoque,
353 2069 480 2102 indultis
498 2075 528 2102 et
546 2069 658 2102 litteris
674 2068 865 2112 apostolicis,
881 2068 938 2100 sub

201 2123 451 2167 quibuscumque
469 2123 639 2156 verborum
659 2122 820 2156 tenoribus
834 2127 863 2154 ct
881 2122 939 2154 sor-

203 2176 281 2217 mis‚
307 2188 342 2210 ac
366 2187 437 2209 cum
463 2176 624 2220 quibusvis
649 2175 743 2208 etiam
770 2175 938 2217 derogato-

202 2230 319 2263 riarum
343 2229 573 2272 derogatoriis‚
598 2229 730 2272 aliisque
760 2228 940 2262 efficaciori-

202 2283 280 2325 bus,
306 2283 530 2316 cfficacissimis
555 2288 584 2315 et
613 2282 745 2315 insolitis
771 2281 939 2322 clausulis,

203 2346 239 2369 ac
259 2336 453 2370 irritantibus
471 2340 501 2369 et
520 2336 588 2368 aliis
612 2335 756 2377 decretis,
776 2336 804 2367 iu
823 2345 939 2378 genere

204 2390 251 2423 vel
266 2390 297 2422 in
314 2391 426 2434 specie,
443 2401 479 2422 ac
496 2389 569 2422 alias
586 2389 618 2422 in
637 2389 830 2423 contrarium
850 2399 939 2432 prac-

205 2443 370 2477 missorum
397 2442 634 2487 quomodolibet
668 2442 846 2482 concessis,
871 2452 941 2475 con-

204 2496 335 2530 firmatis
359 2503 390 2530 et
414 2497 588 2536 innovatis3
613 2495 726 2539 quibus
747 2495 894 2529 omnibus
912 2501 942 2529 ct

239 2560 252 2587 1
269 2559 335 2587 Male
349 2560 412 2588 edit.
430 2559 508 2587 ltlaiu.
525 2559 590 2593 legit
602 2559 772 2594 penitentiae
787 2560 826 2592 (u.
842 2559 890 2591 r).

286 2613 364 2643 Ruti.
384 2615 467 2643 Rom.
509 2613 568 2643 Vol.
589 2613 663 2642 XVI.
826 2612 859 2639 37

976 205 1127 248 singulis,
1152 205 1272 239 etiamsi
1307 216 1365 249 pro
1402 205 1569 238 sufficienti
1604 214 1714 238 eorum

975 258 1179 302 derogatione
1211 259 1250 292 de
1281 259 1343 291 illis
1368 269 1542 302 eorumque
1575 258 1646 292 totis
1671 263 1715 290 tc-

975 312 1107 345 uoribus
1131 312 1297 356 specialis,
1322 311 1489 356 specifica,
1515 322 1661 355 expressa
1687 317 1716 345 ct

976 364 1146 405 individua,
1170 376 1206 397 ac
1230 365 1268 397 de
1298 365 1394 398 verbo
1419 365 1457 397 ad
1482 365 1624 405 verbum,
1653 375 1716 398 non

975 423 1079 451 autem
1104 429 1160 462 per
1184 417 1339 451 clausulas
1364 418 1527 460 generales
1559 418 1641 451 idem
1662 419 1716 451 im-

975 475 1158 515 portantes,
1193 470 1310 504 mentio
1336 481 1390 504 seu
1423 471 1551 514 quaevis
1586 472 1645 504 alia
1669 482 1716 504 ex-

975 525 1098 569 pressio
1123 524 1267 558 habcnda
1300 528 1353 556 aut
1383 523 1489 567 aliqua
1520 525 1580 557 alia
1612 524 1717 568 exqui-

975 578 1032 612 sita
1049 578 1150 612 forma
1168 578 1206 611 ad
1224 578 1284 611 lioc
1300 577 1455 610 servanda
1478 578 1569 620 soret,
1587 578 1715 611 illorum

975 636 1100 664 tenores
1124 631 1344 676 praesentibus
1380 641 1439 674 pro
1463 631 1553 674 plene
1579 636 1608 663 et
1633 631 1713 663 susti-

976 684 1095 718 cienter
1124 684 1282 728 expressis
1315 693 1351 716 ac
1384 682 1422 716 de
1455 683 1551 716 verbo
1583 683 1622 716 ad
1650 693 1714 716 ver-

974 737 1049 770 bum
1074 737 1199 770 insertis
1224 736 1391 775 habentes,
1416 735 1477 768 illis
1502 736 1577 768 alias
1602 736 1633 768 in
1657 746 1714 769 suo

975 790 1090 823 robore
1108 789 1336 834 permansuris,
1353 788 1392 821 ad
1409 788 1657 832 praemissorum
1676 789 1714 821 es-

974 842 1100 883 fectum,
1125 842 1184 875 hac
1208 842 1275 875 vice
1301 841 1469 883 dumtaxat,
1488 841 1664 885 specialiter
1685 846 1714 873 ct

975 905 1119 938 expresse
1137 895 1343 938 derogamus3
1358 894 1533 938 ceterisque
1548 893 1714 927 contrariis

974 947 1236 992 quibuscumque

1018 1001 1033 1044 ἓ
1058 1000 1086 1034 6.
1112 1001 1255 1035 Ceterum
1288 1000 1405 1034 eisdem
1442 999 1659 1033 communitati
1684 1004 1714 1032 et
1756 1008 1915 1029 riom-nouo.

1052 1053 1057 1058 .
1086 1053 1092 1059 .
1248 1053 1253 1059 .
1449 1053 1454 1058 .
1505 1053 1510 1058 .
1599 1052 1605 1057 .
1729 1040 1754 1055 ne
1772 1041 1827 1055 aeris
1849 1036 1913 1056 alicui

973 1053 1156 1087 hominibus
1169 1064 1297 1088 nomme
1313 1059 1420 1087 nostro
1431 1052 1633 1095 s1gn1ficab1s,
1645 1062 1712 1094 nos⁷
1729 1061 1802 1082 <it-cem
1827 1061 1914 1082 manum

973 1115 1035 1149 quo
1059 1105 1145 1149 ipsos
1178 1106 1319 1149 ingenti,
1345 1111 1377 1138 ut
1407 1105 1585 1149 accepimus
1600 1132 1607 1144 ,
1632 1105 1713 1137 aeris
1729 1090 1914 1149 iii.i¹1i=⁰is.¹'i'¹1iaij¹¹c¹il

973 1159 1065 1191 alieni
1080 1160 1161 1192 mole
1175 1159 1315 1203 obrutos5
1330 1160 1459 1203 paterna
1478 1158 1629 1191 charitate
1643 1158 1715 1190 sub-
1728 1140 1913 1187 }.*j¹?,¹⁰„“‚3¹„„t';;{⁰·

972 1213 1132 1255 levemus,
1159 1223 1314 1246 summam
1340 1213 1447 1245 decem
1475 1212 1608 1245 millium
1637 1222 1710 1245 scu-

973 1271 1075 1298 torum
1108 1271 1252 1299 monetae
1281 1266 1310 1298 iu
1340 1265 1561 1298 extinctionem
1596 1269 1638 1298 tot
1667 1265 1711 1297 lo-

971 1329 1079 1352 corum
1106 1319 1260 1352 montium
1286 1319 1400 1362 quibus
1424 1318 1506 1351 dicta
1531 1318 1639 1351 civitas
1657 1318 1713 1351 Ur-

972 1372 1037 1405 bini
1062 1378 1189 1406 onerata
1207 1372 1366 1416 reperitur
1384 1370 1647 1405 convertendum¹
1669 1371 1713 1403 eis

971 1426 1124 1470 praestari
1152 1426 1366 1466 mandaturos,
1391 1431 1485 1469 prout
1504 1425 1534 1457 in
1552 1425 1713 1467 chirogra-

971 1480 1034 1523 pho
1058 1485 1167 1513 nostro
1192 1479 1328 1523 desuper
1353 1478 1547 1523 expediendo
1572 1478 1712 1511 declara-

972 1533 1066 1566 bitur.

1016 1586 1126 1619 Datum
1153 1587 1288 1626 Romae,
1313 1585 1396 1629 apud
1422 1586 1450 1617 S.
1477 1584 1603 1617 Mariam
1623 1584 1713 1617 Maio-

972 1649 1058 1678 rem,
1086 1637 1143 1670 sub
1168 1638 1283 1670 annulo
1314 1636 1499 1678 Piscatoris,
1521 1636 1570 1669 die
1593 1646 1632 1668 vu
1658 1647 1712 1667 au-

972 1691 1053 1734 gusti
1079 1701 1218 1731 tinemut,
1243 1690 1441 1734 pontificatus
1454 1690 1647 1723 nosti-innuo
1669 1699 1711 1721 ιιι.

1008 1754 1066 1781 Dat.
1083 1753 1125 1780 die
1140 1754 1155 1780 7
1171 1752 1277 1788 augusti
1296 1752 1372 1786 1657,
1390 1752 1482 1786 pontif.
1501 1760 1570 1778 auno
1587 1758 1623 1778 111.

1285 1895 1406 1928 Gtht'.

972 1976 1158 2010 Prolze'bitz'o
1184 1974 1379 2007 extrahendi
1405 1979 1610 2017 paramenta,
1642 1979 1713 2010 etc..

1014 2041 1073 2073 pro
1113 2029 1259 2062 ommibus
1300 2028 1438 2061 ecclesiis
1485 2028 1714 2060 ›tronarlzorum

1019 2082 1286 2126 Cotzyv·rq‹ili0›ze's
1313 2081 1578 2114 Caelestinorum.

1161 2161 1326 2189 Alexander
1354 2162 1432 2195 Papa
1460 2161 1524 2192 vil,

1114 2208 1150 2234 ad
1170 2207 1301 2234 futuram
1322 2205 1366 2233 rei
1387 2205 1566 2232 memoriam.

1017 2278 1249 2311 telonservationi
1264 2282 1294 2310 et
1312 2276 1538 2309 manutentioui
1554 2285 1716 2308 oruameu-
1757 2281 1897 2302 Prooemmm.

975 2336 1076 2366 torum
1103 2338 1132 2364 ct
1157 2334 1414 2374 paramentorum
1432 2330 1636 2362 ecclesiarum
1651 2339 1715 2362 om-

974 2386 1061 2419 nium
1080 2390 1109 2417 ct
1129 2385 1327 2427 singulorum
1342 2382 1606 2416 iuouasterioiuiu
1622 2381 1715 2414 totius

974 2438 1231 2482 congregationis
1243 2437 1489 2470 Caelestiuorum
1509 2435 1633 2469 Ordinis
1650 2445 1716 2468 sau-

1013 2512 1020 2537 1
1038 2510 1080 2537 Vel
1094 2510 1313 2537 convertendum
1327 2509 1367 2535 rel
1381 2507 1640 2536 comvm-tenclormn
1655 2506 1715 2541 lego

975 2558 1016 2591 (u.
1033 2556 1080 2589 13).
