2243 3205
267 204 317 231 An.
337 203 365 231 c.
388 202 456 231 ¹659
501 192 565 227 458

279 561 283 564 Δ
299 533 409 554 Decretum
424 531 450 551 ir-

267 563 339 582 vitans.

307 1277 399 1303 Derogat
412 1283 459 1299 eon-

277 1304 354 1326 trariis.

466 250 692 284 confirmamus
717 254 747 282 et
770 249 993 293 approbamus,
1014 250 1137 294 illisque
1156 251 1202 283 in-

465 303 622 336 violabilis
645 303 836 346 apostolicae
861 303 1018 337 firmitatis
1036 304 1134 337 robur
1154 303 1204 336 ad-

466 357 601 399 iicimus,
615 367 651 389 ac
668 366 777 390 omnes
794 361 824 389 et
841 356 982 400 singulos
997 357 1076 389 iuris
1091 361 1120 389 et
1133 357 1204 389 sacti

465 409 613 449 desectus,
634 409 659 441 si
677 409 730 453 qui
750 409 885 453 desuper
905 409 1144 454 quomodolibet
1162 409 1205 442 in-

465 463 667 503 tervenerint,
693 463 887 506 supplemus.

510 516 525 559 g
544 515 574 549 3.
591 516 801 549 Decernentes
818 516 944 549 easdem
964 519 1146 560 praesentes
1161 515 1207 547 lit-

466 573 549 602 teras
574 580 699 613 semper
723 569 844 612 firmas,
869 569 987 602 validas
1012 575 1042 602 et
1066 569 1208 601 efficaces

467 622 601 655 existere
625 627 655 655 et
679 623 755 663 sore,
780 633 816 656 ac
841 623 911 663 illis,
929 623 967 655 ad
988 633 1066 666 quos
1091 624 1209 665 spectat

468 680 498 708 et
522 687 581 719 pro
606 681 748 720 tempore
767 677 1030 720 quandocumque
1046 674 1208 719 spectabit,

467 729 649 773 plenissime
665 729 841 772 suffragari,
860 734 889 763 et
901 729 940 762 ab
958 729 1018 761 illis
1035 727 1209 771 respective

469 782 693 816 inviolabiliter
720 782 898 823 observari,
923 783 1031 824 sicque
1054 781 1085 813 in
1112 790 1208 824 prae-

471 836 574 869 missis
590 847 647 880 per
663 847 880 880 quoscumque
898 836 1017 869 iudices
1034 834 1210 868 ordinarios

472 895 502 922 et
525 890 695 933 delegatos,
714 890 807 923 etiam
825 900 991 923 causarum
1012 888 1119 932 palatii
1137 899 1212 932 apo-

471 943 573 975 stolici
598 943 768 984 auditores,
792 948 822 976 et
846 944 874 977 S.
900 943 934 976 R.
961 943 993 975 E.
1020 941 1211 983 cardinales,

471 996 565 1028 etiam
589 996 627 1028 de
651 996 749 1029 latere
772 997 901 1039 legatos⁷
920 995 1070 1039 Sedisque
1086 995 1213 1038 Aposto-

471 1047 550 1081 licae
573 1049 716 1089 nuncios,
731 1049 863 1082 iudicari
885 1054 915 1082 et
939 1048 1064 1081 definiri
1087 1048 1213 1088 debere,

473 1111 508 1134 ao
532 1102 658 1134 irritum
682 1107 712 1135 et
737 1102 839 1143 inane,
856 1102 881 1135 si
902 1112 994 1135 secus
1011 1112 1106 1145 super
1131 1101 1179 1134 his
1197 1111 1214 1133 a

473 1165 644 1200 quoquam,
670 1156 779 1200 quavis
795 1156 992 1197 auctoritate,
1013 1155 1149 1189 scienter
1166 1155 1214 1188 vel

473 1207 667 1251 ignoranter,
692 1209 860 1251 contigerit
879 1208 1035 1242 attentari.
1056 1249 1060 1252 η

520 1263 535 1305 g
559 1261 588 1295 4.
614 1263 683 1296 Non
714 1262 912 1295 obstantibus
939 1261 1143 1306 praemissis,
1179 1271 1215 1293 ac

474 1315 574 1347 felicis
598 1315 824 1348 recordationis
856 1315 941 1348 Pauli
969 1315 995 1348 II
1027 1319 1056 1347 et
1080 1314 1214 1347 aliorum

475 1369 690 1402 Romanorum
717 1369 901 1401 Pontificum
934 1368 1214 1412 praedecessorum

476 1427 669 1464 nostrorum,
690 1422 821 1465 aliisque
838 1421 1030 1464 apostolicis,
1047 1431 1083 1453 ac
1105 1421 1135 1452 in
1152 1421 1216 1452 uni-

476 1475 651 1507 versalibus
675 1475 986 1518 provincialibusque
1003 1479 1032 1507 et
1060 1473 1216 1518 synodali-

476 1527 535 1560 bus
552 1527 692 1560 conciliis
706 1528 805 1567 editis,
820 1527 1019 1569 generalibus
1036 1527 1083 1559 vel
1098 1526 1216 1569 specia-

477 1581 572 1620 libus,
597 1580 872 1613 constitutionibus
901 1585 931 1612 et
957 1579 1217 1619 ordinationibus,

477 1644 610 1674 necnon,
628 1639 782 1677 quatenus
800 1644 882 1676 opus
900 1632 948 1674 sit,
973 1632 1151 1676 praedictae
1168 1642 1218 1665 ec-

479 1687 592 1719 clesiae
619 1686 877 1730 Herbipolensis,
902 1685 995 1719 etiam
1020 1685 1218 1726 iuramento,

479 1739 718 1773 confirmatione
735 1739 918 1783 apostolica,
937 1739 985 1771 vel
1002 1738 1110 1782 quavis
1124 1738 1220 1771 firmi-

478 1797 541 1826 tate
565 1793 626 1825 alia
651 1792 823 1834 roboratis,
853 1792 975 1826 statutis
1000 1797 1030 1824 et
1055 1797 1220 1824 consuetu-

479 1846 626 1887 dinibus,
657 1846 831 1890 privilegiis
862 1856 1010 1889 quoque,
1040 1845 1167 1877 indultis
1191 1849 1221 1878 et

479 1900 592 1932 litteris
617 1899 795 1943 apostolicis
812 1899 843 1931 in
861 1898 1055 1932 contrarium
1072 1897 1221 1941 praemis-

480 1963 587 1986 sorum
606 1952 843 1997 quomodolibet
870 1952 1038 1992 concessis,
1059 1951 1222 1984 confirma-

481 2006 520 2038 tis
531 2010 560 2038 et
570 2005 733 2046 innovatis;
748 2005 861 2049 quibus
875 2005 1020 2038 omnibus
1034 2010 1063 2037 et
1079 2004 1221 2047 singulis,

481 2060 608 2093 illorum
644 2064 767 2093 tenores
796 2059 1016 2103 praesentibus
1051 2069 1108 2103 pro
1131 2059 1221 2102 plene

482 2119 513 2147 et
536 2114 729 2147 sufficienter
753 2113 908 2157 expressis
932 2123 968 2146 ac
996 2113 1034 2145 de
1058 2112 1155 2145 verbo
1184 2112 1222 2145 ad

482 2165 614 2199 verbum
631 2166 756 2199 insertis
769 2166 930 2207 habentes,
950 2166 1011 2199 illis
1025 2165 1099 2199 alias
1121 2166 1153 2198 in
1166 2176 1222 2199 suo

482 2220 599 2254 robore
632 2220 866 2263 permansuris,
905 2220 943 2252 ad
976 2220 1221 2263 praemissorum

483 2273 646 2315 effectum,
672 2273 730 2305 hac
754 2273 821 2305 vice
846 2272 1021 2314 dumtaxat,
1047 2273 1223 2317 specialiter

483 2331 514 2361 et
540 2336 685 2370 expresse
710 2326 919 2369 derogamus;
949 2327 1125 2370 ceterisque
1149 2337 1223 2360 con-

484 2380 590 2413 trariis
615 2379 874 2423 quibuscumque.

528 2434 639 2466 Datum
660 2434 788 2473 Romae,
809 2433 891 2476 apud
921 2433 949 2465 S.
975 2433 1104 2466 Mariam
1129 2432 1223 2466 Maio-

484 2497 572 2528 rem⁷
602 2487 660 2519 sub
690 2486 806 2519 annulo
835 2486 1024 2527 Piscatoris‚
1050 2487 1100 2519 die
1124 2496 1224 2520 xxv111

486 2540 590 2572 martii
608 2550 733 2583 MDCLIX,
747 2540 947 2584 pontificatus
960 2540 1060 2574 nostri
1083 2550 1164 2574 anno
1182 2550 1222 2573 iv.

522 2602 582 2629 Dat.
598 2602 640 2630 die
654 2603 687 2630 28
701 2603 793 2630 martii
810 2602 888 2638 1659,
904 2603 1002 2639 pontif.
1014 2611 1085 2632 anno
1101 2611 1135 2631 iv.

1039 202 1217 228 BULLARIUM
1242 203 1395 228 ROMANUM

1547 251 1663 286 CCXLI.

1235 331 1421 374 Accepeaeio
1445 331 1661 364 donationum
1678 331 1753 365 Secli
1769 332 1974 375 Apostolicae

1281 385 1444 427 factarum
1469 394 1490 417 a
1512 384 1711 428 quibusdam
1727 393 1765 416 ex
1788 384 1921 427 familia
1937 384 1975 418 de

1281 437 1389 470 Flisco
1423 448 1461 470 ex
1496 437 1612 481 oppido
1643 438 1824 471 Messerano
1854 438 1975 471 Vercel-

1285 490 1382 523 lensz's
1398 491 1547 524 dioecesis
1565 490 1601 523 in
1614 495 1643 523 et
1655 500 1752 534 super
1765 490 1870 534 feudis
1882 490 1977 534 prin-

1282 543 1408 586 cipatus
1433 543 1513 576 dicti
1537 542 1650 586 oppidi
1680 547 1709 575 et
1737 542 1978 576 marchionatus

1287 597 1487 640 Crepacorii,
1515 606 1689 641 eorumque
1716 597 1809 630 terris
1833 601 1863 629 et
1881 596 1980 630 adia-

1286 650 1400 682 centiz's
1415 650 1434 682 ¹.

1435 720 1600 748 Alexander
1620 720 1698 754 Papa
1717 720 1786 753 VH,

1366 765 1401 792 ad
1421 767 1598 799 perpetuam
1618 765 1663 793 rei
1683 764 1862 792 memoriam.

1288 834 1377 876 Cum,
1395 836 1477 869 sicut
1493 836 1682 880 accepimus,
1696 835 1801 870 dilecti
1817 835 1873 869 filii
1888 835 1982 869 Fran-

1245 889 1346 922 ciscus
1370 889 1466 922 Maria
1490 889 1648 933 quondam
1666 889 1825 922 Barnabae
1842 894 1872 922 et
1897 889 1982 923 Oeta-

1245 941 1313 974 vius
1337 942 1495 985 quondam
1513 942 1596 975 Petri
1619 942 1785 985 Augustini
1809 942 1982 986 respective

1245 994 1309 1026 nati
1333 994 1371 1026 de
1387 994 1489 1027 Flisco
1504 1005 1540 1027 ex
1560 994 1678 1039 oppido
1695 993 1893 1028 Messa-ano*
1912 996 1984 1028 Ver-

1246 1047 1390 1080 cellensis
1415 1047 1567 1081 dioecesis
1591 1048 1733 1092 proprio,
1758 1048 1921 1091 dictusque
1945 1048 1984 1082 O-

1247 1100 1366 1133 ctavius
1389 1106 1552 1144 praeterea
1568 1101 1614 1134 uti
1631 1098 1720 1134 tutor
1732 1093 1918 1134 dilectorum
1935 1111 1986 1145 pa-

1247 1153 1326 1186 riter
1349 1154 1488 1188 filiorum
1514 1155 1642 1189 Victorii
1671 1155 1804 1196 Felicis,
1827 1154 1985 1188 Francisci

1248 1207 1370 1248 Mariae,
1395 1218 1430 1241 ac
1454 1208 1577 1252 Iosephi
1594 1208 1752 1242 Benedicti
1778 1213 1808 1242 et
1831 1208 1914 1241 Petri
1930 1209 1986 1242 Lu-

1248 1271 1302 1294 cae
1326 1262 1419 1294 etiam
1443 1262 1596 1305 praedicti
1625 1262 1708 1295 Petri
1732 1262 1898 1306 Augustini
1925 1272 1984 1295 na-

1248 1319 1353 1347 torum
1377 1315 1570 1358 pupillorum
1588 1320 1618 1348 et
1635 1316 1808 1359 respective
1823 1315 1987 1348 infantium

1249 1368 1310 1399 una
1334 1378 1405 1400 cum
1430 1368 1544 1401 dilecta
1567 1368 1599 1400 in
1624 1368 1746 1401 Christo
1770 1368 1835 1401 filia
1854 1368 1988 1401 Antonia

1249 1420 1433 1453 eorumdem
1459 1421 1652 1464 pupillorum
1684 1421 1836 1464 genitrice
1860 1426 1890 1454 et
1914 1431 1989 1455 con-

1251 1474 1363 1507 tutrice
1387 1474 1529 1518 ipsorum
1558 1475 1752 1519 pupillorum
1787 1475 1989 1516 nominibus,

1251 1527 1434 1570 respective,
1466 1537 1568 1571 nuper
1592 1528 1699 1561 omnia
1726 1528 1795 1560 iura
1827 1531 1857 1561 et
1886 1527 1987 1561 actio-

1251 1590 1315 1621 nes,
1330 1590 1409 1623 quae
1423 1585 1485 1613 tam
1503 1581 1561 1624 ipsi
1578 1581 1787 1625 primodictus
1805 1580 1990 1614 Franciseus

1252 1632 1348 1665 Maria
1375 1638 1405 1665 et
1433 1632 1577 1666 Octavius
1600 1634 1713 1677 quam⁸
1737 1633 1811 1667 dicti
1835 1633 1990 1667 Victorius

1253 1685 1338 1718 Felix
1368 1696 1404 1718 ac
1432 1686 1509 1719 alter
1533 1687 1718 1720 Franciscus
1742 1687 1838 1720 Maria
1868 1696 1991 1720 necnon

1253 1739 1403 1783 Iosephus
1427 1740 1612 1773 Benedictus
1636 1746 1666 1773 et
1689 1741 1799 1773 Petrus
1818 1740 1917 1774 Lucas
1937 1751 1992 1784 pu-

1253 1792 1320 1836 pilli
1346 1792 1377 1824 in
1402 1797 1432 1825 et
1456 1803 1553 1836 super
1576 1793 1676 1826 feudis
1702 1794 1899 1838 principatus
1917 1793 1992 1827 dicti

1254 1842 1360 1886 oppidi
1382 1843 1549 1876 Messerani
1573 1854 1609 1877 ac
1630 1845 1864 1878 marchionatus
1883 1845 1992 1888 Crepa-

1254 1896 1332 1930 corii
1357 1896 1457 1930 dictae
1483 1897 1656 1939 dioecesis,
1681 1908 1856 1942 eorumque
1881 1898 1992 1939 terris,

1254 1949 1331 1982 locis
1348 1954 1378 1982 et
1397 1950 1588 1991 adiacentiis,
1605 1951 1644 1983 ad
1667 1961 1724 1984 nos
1741 1956 1771 1984 et
1787 1951 1898 1985 Sedem
1915 1952 1994 1995 Apo-

1255 2003 1395 2037 stolicam
1409 2004 1624 2047 spectantibus
1637 2009 1667 2037 et
1682 2004 1921 2048 pertinentibus,
1938 2005 1992 2037 ha-

1256 2056 1371 2089 bebant
1402 2067 1457 2089 seu
1488 2057 1755 2101 praetendebant,
1785 2057 1849 2090 sive
1877 2057 1993 2091 habere

1256 2121 1291 2144 ac
1314 2111 1521 2155 praetendere
1544 2115 1688 2156 poterant
1704 2112 1736 2144 in
1752 2112 1904 2152 futurum,
1921 2111 1994 2144 talia

1256 2165 1358 2209 qualia
1383 2170 1465 2207 sunt,
1490 2165 1544 2198 ac‘
1559 2165 1650 2199 nobis
1666 2170 1696 2198 et
1715 2165 1864 2199 Romanis
1888 2165 1993 2198 Ponti-

1293 2293 1304 2317 1
1323 2291 1359 2317 Ex
1376 2290 1483 2325 Regest.
1500 2290 1527 2316 in
1543 2290 1644 2317 Secret.
1666 2290 1748 2317 Brev.

1292 2335 1308 2361 2
1324 2335 1361 2362 De
1377 2334 1475 2371 oppido
1491 2334 1637 2362 Masserani
1652 2334 1764 2371 aliisque
1782 2333 1870 2362 feudis
1885 2334 1996 2362 adnexis

1258 2380 1317 2407 vide
1333 2384 1397 2407 tom.
1413 2387 1466 2414 x1v‚
1483 2387 1544 2415 pag.
1559 2380 1592 2406 57
1609 2383 1636 2406 et
1651 2379 1713 2412 465,
1734 2387 1784 2406 nec
1798 2388 1852 2407 non
1867 2388 1927 2416 pag.
1946 2380 1992 2407 101

1257 2429 1284 2451 et
1308 2424 1361 2451 262
1384 2424 1464 2451 huius
1484 2424 1566 2450 tomi:
1589 2423 1616 2450 in
1635 2424 1687 2451 loc.
1708 2423 1753 2451 cit.
1774 2432 1881 2460 semper
1900 2424 1997 2460 legitur

1256 2469 1419 2498 Masserani
1437 2471 1473 2503 (Fi.
1489 2469 1537 2501 τ.).

1292 2514 1308 2540 3
1322 2514 1370 2540 Ed.
1389 2513 1468 2540 Main.
1488 2512 1569 2540 habet
1584 2521 1644 2548 qu„
1661 2512 1859 2549 lectionemque
1874 2513 1996 2540 mutilam

1257 2558 1410 2593 significare
1426 2566 1515 2592 quam
1531 2557 1713 2584 coniectamus
1727 2559 1769 2591 (R.
1785 2557 1835 2591 τ.).

1293 2603 1309 2629 4
1324 2602 1457 2630 Particula
1471 2610 1503 2630 ac
1518 2601 1633 2630 delenda
1646 2602 1683 2637 (a.
1699 2602 1747 2636 iu).

1986 203 2036 231 An.
2051 203 2082 232 G.
2101 202 2167 232 1659
2220 247 2221 250 Ἴ

2035 845 2120 867 oblatio
2140 846 2178 868 ali·

1996 878 2085 899 quarum
2113 873 2178 894 dona-

1997 902 2074 920 tionum
2086 899 2178 921 exhibita

1997 925 2049 946 Scdi
2076 926 2179 956 Apostoli-

1997 957 2045 998 322.
2060 958 2080 999 ζ
2094 952 2179 1002 ‘aab

1998 1004 2075 1027 Fusco.
