<?xml version="1.0" encoding="UTF-8"?>
<!DOCTYPE html PUBLIC "-//W3C//DTD XHTML 1.0 Transitional//EN"
    "http://www.w3.org/TR/xhtml1/DTD/xhtml1-transitional.dtd">
<html xmlns="http://www.w3.org/1999/xhtml" xml:lang="en" lang="en">
 <head>
  <title>
</title>
<meta http-equiv="Content-Type" content="text/html;charset=utf-8" />
  <meta name='ocr-system' content='tesseract 3.04.00' />
  <meta name='ocr-capabilities' content='ocr_page ocr_carea ocr_par ocr_line ocrx_word'/>
</head>
<body>
  <div class='ocr_page' id='page_1' title='image "./bullarumdiplomat16cath_0125.png"; bbox 0 0 2185 3188; ppageno 0'>
   <div class='ocr_carea' id='block_1_1' title="bbox 26 192 210 220">
    <p class='ocr_par' dir='ltr' id='par_1_1' title="bbox 26 192 210 220">
     <span class='ocr_line' id='line_1_1' title="bbox 26 192 210 220; baseline 0 0"><span class='ocrx_word' id='word_1_1' title='bbox 26 194 75 220; x_wconf 74' lang='lat' dir='ltr'><strong>An.</strong></span> <span class='ocrx_word' id='word_1_2' title='bbox 91 192 120 220; x_wconf 87' lang='lat' dir='ltr'><strong>C.</strong></span> <span class='ocrx_word' id='word_1_3' title='bbox 142 192 210 220; x_wconf 86' lang='grc'>1655</span> 
     </span>
    </p>
   </div>
   <div class='ocr_carea' id='block_1_2' title="bbox 26 517 210 646">
    <p class='ocr_par' dir='ltr' id='par_1_2' title="bbox 26 517 210 646">
     <span class='ocr_line' id='line_1_2' title="bbox 66 517 209 544; baseline -0.021 -4"><span class='ocrx_word' id='word_1_4' title='bbox 66 519 86 540; x_wconf 88' lang='lat' dir='ltr'><strong>tn</strong></span> <span class='ocrx_word' id='word_1_5' title='bbox 108 517 209 544; x_wconf 66' lang='lat' dir='ltr'><strong>exigendo</strong></span> 
     </span>
     <span class='ocr_line' id='line_1_3' title="bbox 26 544 210 566; baseline -0.011 0"><span class='ocrx_word' id='word_1_6' title='bbox 26 544 119 566; x_wconf 76' lang='lat' dir='ltr'><strong>subsidio</strong></span> <span class='ocrx_word' id='word_1_7' title='bbox 132 544 210 565; x_wconf 77' lang='lat' dir='ltr'><strong>consti-</strong></span> 
     </span>
     <span class='ocr_line' id='line_1_4' title="bbox 28 571 210 592; baseline -0.005 0"><span class='ocrx_word' id='word_1_8' title='bbox 28 575 127 592; x_wconf 69' lang='lat' dir='ltr'><strong>tutionem</strong></span> <span class='ocrx_word' id='word_1_9' title='bbox 161 571 210 591; x_wconf 73' lang='lat' dir='ltr'><strong>Clu-</strong></span> 
     </span>
     <span class='ocr_line' id='line_1_5' title="bbox 28 598 209 619; baseline -0.006 0"><span class='ocrx_word' id='word_1_10' title='bbox 28 599 101 619; x_wconf 60' lang='lat' dir='ltr'><strong>mentis</strong></span> <span class='ocrx_word' id='word_1_11' title='bbox 112 598 126 617; x_wconf 71' lang='lat' dir='ltr'>V</span> <span class='ocrx_word' id='word_1_12' title='bbox 139 598 209 618; x_wconf 66' lang='lat' dir='ltr'><strong>valore</strong></span> 
     </span>
     <span class='ocr_line' id='line_1_6' title="bbox 28 625 126 646; baseline -0.02 -1"><span class='ocrx_word' id='word_1_13' title='bbox 28 625 126 646; x_wconf 69' lang='lat' dir='ltr'><strong>decernit.</strong></span> 
     </span>
    </p>
   </div>
   <div class='ocr_carea' id='block_1_3' title="bbox 64 1750 203 1771">
    <p class='ocr_par' dir='ltr' id='par_1_3' title="bbox 64 1750 203 1771">
     <span class='ocr_line' id='line_1_7' title="bbox 64 1750 203 1771; baseline 0 -1"><span class='ocrx_word' id='word_1_14' title='bbox 64 1750 203 1771; x_wconf 54' lang='lat' dir='ltr'><strong>Prooemium.</strong></span> 
     </span>
    </p>
   </div>
   <div class='ocr_carea' id='block_1_4' title="bbox 41 2333 223 2465">
    <p class='ocr_par' dir='ltr' id='par_1_4' title="bbox 41 2333 223 2465">
     <span class='ocr_line' id='line_1_8' title="bbox 99 2333 222 2354; baseline 0 -1"><span class='ocrx_word' id='word_1_15' title='bbox 99 2333 222 2354; x_wconf 68' lang='lat' dir='ltr'><strong>llucliettuin</strong></span> 
     </span>
     <span class='ocr_line' id='line_1_9' title="bbox 41 2360 223 2381; baseline -0.005 -1"><span class='ocrx_word' id='word_1_16' title='bbox 41 2360 124 2381; x_wconf 76' lang='lat' dir='ltr'><strong>clericis</strong></span> <span class='ocrx_word' id='word_1_17' title='bbox 155 2366 223 2380; x_wconf 74' lang='lat' dir='ltr'><strong>canie-</strong></span> 
     </span>
     <span class='ocr_line' id='line_1_10' title="bbox 42 2387 222 2412; baseline 0.006 -6"><span class='ocrx_word' id='word_1_18' title='bbox 42 2391 78 2406; x_wconf 67' lang='grc' dir='ltr'><strong>ηε</strong></span> <span class='ocrx_word' id='word_1_19' title='bbox 95 2387 222 2412; x_wconf 64' lang='lat' dir='ltr'><strong>apostoncae</strong></span> 
     </span>
     <span class='ocr_line' id='line_1_11' title="bbox 42 2412 223 2434; baseline 0.011 -2"><span class='ocrx_word' id='word_1_20' title='bbox 42 2412 175 2434; x_wconf 73' lang='lat' dir='ltr'><strong>deferendum</strong></span> <span class='ocrx_word' id='word_1_21' title='bbox 189 2419 223 2434; x_wconf 72' lang='lat' dir='ltr'><strong>as—</strong></span> 
     </span>
     <span class='ocr_line' id='line_1_12' title="bbox 42 2439 118 2465; baseline 0.013 -6"><span class='ocrx_word' id='word_1_22' title='bbox 42 2439 118 2465; x_wconf 63' lang='lat' dir='ltr'><strong>aignan.</strong></span> 
     </span>
    </p>
   </div>
   <div class='ocr_carea' id='block_1_5' title="bbox 822 189 1142 214">
    <p class='ocr_par' dir='ltr' id='par_1_5' title="bbox 822 189 1142 214">
     <span class='ocr_line' id='line_1_13' title="bbox 822 189 1142 214; baseline 0.003 -1"><span class='ocrx_word' id='word_1_23' title='bbox 822 189 1006 214; x_wconf 76' lang='lat' dir='ltr'><strong>ALEXANDER</strong></span> <span class='ocrx_word' id='word_1_24' title='bbox 1030 190 1075 214; x_wconf 85' lang='lat' dir='ltr'><strong>VII</strong></span> <span class='ocrx_word' id='word_1_25' title='bbox 1094 190 1142 214; x_wconf 73' lang='lat' dir='ltr'><strong>Pr.</strong></span> 
     </span>
    </p>
   </div>
   <div class='ocr_carea' id='block_1_6' title="bbox 221 238 1740 284">
    <p class='ocr_par' dir='ltr' id='par_1_6' title="bbox 221 238 1740 284">
     <span class='ocr_line' id='line_1_14' title="bbox 221 238 1740 284; baseline 0.001 -12"><span class='ocrx_word' id='word_1_26' title='bbox 221 239 394 283; x_wconf 79' lang='lat' dir='ltr'>expressis,</span> <span class='ocrx_word' id='word_1_27' title='bbox 419 239 549 272; x_wconf 87' lang='lat' dir='ltr'><strong>servatis</strong></span> <span class='ocrx_word' id='word_1_28' title='bbox 575 243 605 271; x_wconf 87' lang='lat' dir='ltr'><strong>et</strong></span> <span class='ocrx_word' id='word_1_29' title='bbox 636 238 762 271; x_wconf 86' lang='lat' dir='ltr'><strong>insertis</strong></span> <span class='ocrx_word' id='word_1_30' title='bbox 788 238 981 281; x_wconf 69' lang='lat' dir='ltr'><strong>respective*</strong></span> <span class='ocrx_word' id='word_1_31' title='bbox 999 239 1082 271; x_wconf 90' lang='lat' dir='ltr'><strong>tione</strong></span> <span class='ocrx_word' id='word_1_32' title='bbox 1099 238 1224 281; x_wconf 85' lang='lat' dir='ltr'><strong>nostris,</strong></span> <span class='ocrx_word' id='word_1_33' title='bbox 1247 239 1347 283; x_wconf 85' lang='lat' dir='ltr'><strong>deque</strong></span> <span class='ocrx_word' id='word_1_34' title='bbox 1364 240 1554 284; x_wconf 83' lang='lat' dir='ltr'><strong>apostolicae</strong></span> <span class='ocrx_word' id='word_1_35' title='bbox 1578 240 1740 284; x_wconf 84' lang='lat' dir='ltr'><strong>potestatis</strong></span> 
     </span>
    </p>
   </div>
   <div class='ocr_carea' id='block_1_7' title="bbox 221 290 986 1246">
    <p class='ocr_par' dir='ltr' id='par_1_7' title="bbox 221 290 964 496">
     <span class='ocr_line' id='line_1_15' title="bbox 221 290 963 334; baseline -0.004 -8"><span class='ocrx_word' id='word_1_36' title='bbox 221 293 392 333; x_wconf 87' lang='lat' dir='ltr'><strong>habentes,</strong></span> <span class='ocrx_word' id='word_1_37' title='bbox 418 292 478 325; x_wconf 89' lang='lat' dir='ltr'><strong>illis</strong></span> <span class='ocrx_word' id='word_1_38' title='bbox 503 292 578 325; x_wconf 85' lang='lat' dir='ltr'><strong>alias</strong></span> <span class='ocrx_word' id='word_1_39' title='bbox 605 292 635 324; x_wconf 92' lang='lat' dir='ltr'><strong>in</strong></span> <span class='ocrx_word' id='word_1_40' title='bbox 660 302 716 324; x_wconf 89' lang='lat' dir='ltr'><strong>suo</strong></span> <span class='ocrx_word' id='word_1_41' title='bbox 747 290 863 324; x_wconf 79' lang='lat' dir='ltr'><strong>robore</strong></span> <span class='ocrx_word' id='word_1_42' title='bbox 891 300 963 334; x_wconf 88' lang='lat' dir='ltr'><strong>per-</strong></span> 
     </span>
     <span class='ocr_line' id='line_1_16' title="bbox 222 344 964 390; baseline -0.005 -11"><span class='ocrx_word' id='word_1_43' title='bbox 222 346 389 387; x_wconf 76' lang='lat' dir='ltr'>mansuris,</span> <span class='ocrx_word' id='word_1_44' title='bbox 409 345 447 378; x_wconf 91' lang='lat' dir='ltr'><strong>ad</strong></span> <span class='ocrx_word' id='word_1_45' title='bbox 464 345 713 390; x_wconf 85' lang='lat' dir='ltr'><strong>praemissorum</strong></span> <span class='ocrx_word' id='word_1_46' title='bbox 730 344 876 377; x_wconf 78' lang='lat' dir='ltr'><strong>effectum</strong></span> <span class='ocrx_word' id='word_1_47' title='bbox 898 353 964 387; x_wconf 88' lang='lat' dir='ltr'><strong>spe-</strong></span> 
     </span>
     <span class='ocr_line' id='line_1_17' title="bbox 222 396 963 442; baseline -0.004 -10"><span class='ocrx_word' id='word_1_48' title='bbox 222 398 342 432; x_wconf 82' lang='lat' dir='ltr'><strong>cialiter</strong></span> <span class='ocrx_word' id='word_1_49' title='bbox 363 403 393 432; x_wconf 86' lang='lat' dir='ltr'><strong>ct</strong></span> <span class='ocrx_word' id='word_1_50' title='bbox 407 409 552 442; x_wconf 82' lang='lat' dir='ltr'><strong>expresse</strong></span> <span class='ocrx_word' id='word_1_51' title='bbox 570 398 769 441; x_wconf 71' lang='lat' dir='ltr'><strong>derogamus,</strong></span> <span class='ocrx_word' id='word_1_52' title='bbox 788 396 963 440; x_wconf 85' lang='lat' dir='ltr'><strong>ceterisque</strong></span> 
     </span>
     <span class='ocr_line' id='line_1_18' title="bbox 223 452 674 496; baseline 0 -12"><span class='ocrx_word' id='word_1_53' title='bbox 223 452 388 485; x_wconf 82' lang='lat' dir='ltr'><strong>contrariis</strong></span> <span class='ocrx_word' id='word_1_54' title='bbox 412 452 674 496; x_wconf 88' lang='lat' dir='ltr'><strong>quibuscumque.</strong></span> 
     </span>
    </p>

    <p class='ocr_par' dir='ltr' id='par_1_8' title="bbox 224 503 966 1020">
     <span class='ocr_line' id='line_1_19' title="bbox 268 503 963 549; baseline -0.001 -12"><span class='ocrx_word' id='word_1_55' title='bbox 268 506 282 549; x_wconf 70' lang='lat' dir='ltr'>g</span> <span class='ocrx_word' id='word_1_56' title='bbox 306 505 335 538; x_wconf 76' lang='lat'><strong>4.</strong></span> <span class='ocrx_word' id='word_1_57' title='bbox 361 506 504 539; x_wconf 89' lang='lat' dir='ltr'><strong>Ceterum</strong></span> <span class='ocrx_word' id='word_1_58' title='bbox 526 505 556 538; x_wconf 91' lang='lat' dir='ltr'><strong>in</strong></span> <span class='ocrx_word' id='word_1_59' title='bbox 581 504 733 548; x_wconf 79' lang='lat' dir='ltr'><strong>exigendo</strong></span> <span class='ocrx_word' id='word_1_60' title='bbox 752 503 891 537; x_wconf 86' lang='lat' dir='ltr'><strong>subsidio</strong></span> <span class='ocrx_word' id='word_1_61' title='bbox 909 503 963 536; x_wconf 88' lang='lat' dir='ltr'><strong>hu-</strong></span> 
     </span>
     <span class='ocr_line' id='line_1_20' title="bbox 224 557 964 593; baseline -0.003 -1"><span class='ocrx_word' id='word_1_62' title='bbox 224 559 360 592; x_wconf 89' lang='lat' dir='ltr'><strong>iusmodi</strong></span> <span class='ocrx_word' id='word_1_63' title='bbox 392 559 647 593; x_wconf 87' lang='lat' dir='ltr'><strong>constitutionem</strong></span> <span class='ocrx_word' id='word_1_64' title='bbox 683 557 869 591; x_wconf 79' lang='lat' dir='ltr'><strong>recolendae</strong></span> <span class='ocrx_word' id='word_1_65' title='bbox 901 567 964 590; x_wconf 89' lang='lat' dir='ltr'><strong>me-</strong></span> 
     </span>
     <span class='ocr_line' id='line_1_21' title="bbox 225 611 964 656; baseline -0.004 -10"><span class='ocrx_word' id='word_1_66' title='bbox 225 613 343 647; x_wconf 84' lang='lat' dir='ltr'><strong>moriae</strong></span> <span class='ocrx_word' id='word_1_67' title='bbox 367 612 535 647; x_wconf 84' lang='lat' dir='ltr'><strong>Clementis</strong></span> <span class='ocrx_word' id='word_1_68' title='bbox 560 612 661 656; x_wconf 83' lang='lat' dir='ltr'><strong>Papae</strong></span> <span class='ocrx_word' id='word_1_69' title='bbox 681 612 703 644; x_wconf 84' lang='lat' dir='ltr'>V</span> <span class='ocrx_word' id='word_1_70' title='bbox 729 616 759 644; x_wconf 90' lang='lat' dir='ltr'><strong>ct</strong></span> <span class='ocrx_word' id='word_1_71' title='bbox 783 611 964 655; x_wconf 84' lang='lat' dir='ltr'><strong>praedeees-</strong></span> 
     </span>
     <span class='ocr_line' id='line_1_22' title="bbox 224 664 963 703; baseline -0.003 -5"><span class='ocrx_word' id='word_1_72' title='bbox 224 665 304 699; x_wconf 86' lang='lat' dir='ltr'><strong>soris</strong></span> <span class='ocrx_word' id='word_1_73' title='bbox 328 666 428 699; x_wconf 85' lang='lat' dir='ltr'><strong>nostri</strong></span> <span class='ocrx_word' id='word_1_74' title='bbox 446 666 475 698; x_wconf 89' lang='lat' dir='ltr'><strong>in</strong></span> <span class='ocrx_word' id='word_1_75' title='bbox 493 665 630 699; x_wconf 86' lang='lat' dir='ltr'><strong>Concilio</strong></span> <span class='ocrx_word' id='word_1_76' title='bbox 648 664 814 697; x_wconf 86' lang='lat' dir='ltr'><strong>Viennensi</strong></span> <span class='ocrx_word' id='word_1_77' title='bbox 837 664 963 703; x_wconf 88' lang='lat' dir='ltr'><strong>editam,</strong></span> 
     </span>
     <span class='ocr_line' id='line_1_23' title="bbox 224 719 963 763; baseline -0.003 -11"><span class='ocrx_word' id='word_1_78' title='bbox 224 719 309 763; x_wconf 86' lang='lat' dir='ltr'><strong>quod</strong></span> <span class='ocrx_word' id='word_1_79' title='bbox 340 719 478 752; x_wconf 82' lang='lat' dir='ltr'><strong>decimae</strong></span> <span class='ocrx_word' id='word_1_80' title='bbox 514 719 552 751; x_wconf 91' lang='lat' dir='ltr'><strong>ad</strong></span> <span class='ocrx_word' id='word_1_81' title='bbox 589 725 747 752; x_wconf 81' lang='lat' dir='ltr'><strong>monetam</strong></span> <span class='ocrx_word' id='word_1_82' title='bbox 784 724 963 751; x_wconf 88' lang='lat' dir='ltr'><strong>currentem</strong></span> 
     </span>
     <span class='ocr_line' id='line_1_24' title="bbox 225 771 965 812; baseline 0 -8"><span class='ocrx_word' id='word_1_83' title='bbox 225 773 434 805; x_wconf 82' lang='lat' dir='ltr'><strong>communiter</strong></span> <span class='ocrx_word' id='word_1_84' title='bbox 459 771 565 812; x_wconf 83' lang='lat' dir='ltr'><strong>levari,</strong></span> <span class='ocrx_word' id='word_1_85' title='bbox 590 782 647 805; x_wconf 88' lang='lat' dir='ltr'><strong>nee</strong></span> <span class='ocrx_word' id='word_1_86' title='bbox 672 771 793 811; x_wconf 80' lang='lat' dir='ltr'><strong>calices,</strong></span> <span class='ocrx_word' id='word_1_87' title='bbox 818 771 890 804; x_wconf 86' lang='lat' dir='ltr'><strong>libri</strong></span> <span class='ocrx_word' id='word_1_88' title='bbox 915 782 965 804; x_wconf 88' lang='lat' dir='ltr'><strong>ce-</strong></span> 
     </span>
     <span class='ocr_line' id='line_1_25' title="bbox 225 825 965 870; baseline -0.001 -12"><span class='ocrx_word' id='word_1_89' title='bbox 225 831 354 870; x_wconf 89' lang='lat' dir='ltr'><strong>teraque</strong></span> <span class='ocrx_word' id='word_1_90' title='bbox 383 829 567 859; x_wconf 85' lang='lat' dir='ltr'><strong>ornamenta</strong></span> <span class='ocrx_word' id='word_1_91' title='bbox 600 825 706 858; x_wconf 77' lang='lat' dir='ltr'><strong>divino</strong></span> <span class='ocrx_word' id='word_1_92' title='bbox 731 825 829 858; x_wconf 88' lang='lat' dir='ltr'><strong>cultui</strong></span> <span class='ocrx_word' id='word_1_93' title='bbox 864 825 965 858; x_wconf 86' lang='lat' dir='ltr'><strong>dicata</strong></span> 
     </span>
     <span class='ocr_line' id='line_1_26' title="bbox 225 879 966 923; baseline -0.001 -11"><span class='ocrx_word' id='word_1_94' title='bbox 225 890 261 912; x_wconf 81' lang='lat' dir='ltr'><strong>ex</strong></span> <span class='ocrx_word' id='word_1_95' title='bbox 287 881 381 912; x_wconf 75' lang='lat' dir='ltr'><strong>causa</strong></span> <span class='ocrx_word' id='word_1_96' title='bbox 416 879 558 923; x_wconf 79' lang='lat' dir='ltr'><strong>pignoris</strong></span> <span class='ocrx_word' id='word_1_97' title='bbox 589 879 659 923; x_wconf 90' lang='lat' dir='ltr'><strong>capi</strong></span> <span class='ocrx_word' id='word_1_98' title='bbox 684 879 731 912; x_wconf 76' lang='lat' dir='ltr'><strong>rel</strong></span> <span class='ocrx_word' id='word_1_99' title='bbox 757 879 888 911; x_wconf 83' lang='lat' dir='ltr'><strong>distrahi</strong></span> <span class='ocrx_word' id='word_1_100' title='bbox 913 884 966 911; x_wconf 87' lang='lat' dir='ltr'><strong>aut</strong></span> 
     </span>
     <span class='ocr_line' id='line_1_27' title="bbox 225 933 966 978; baseline 0 -13"><span class='ocrx_word' id='word_1_101' title='bbox 225 933 300 967; x_wconf 80' lang='lat' dir='ltr'><strong>alias</strong></span> <span class='ocrx_word' id='word_1_102' title='bbox 317 933 553 978; x_wconf 87' lang='lat' dir='ltr'><strong>quomodolibet</strong></span> <span class='ocrx_word' id='word_1_103' title='bbox 573 933 721 976; x_wconf 83' lang='lat' dir='ltr'><strong>occupari</strong></span> <span class='ocrx_word' id='word_1_104' title='bbox 741 933 884 975; x_wconf 88' lang='lat' dir='ltr'><strong>debeant,</strong></span> <span class='ocrx_word' id='word_1_105' title='bbox 904 943 966 966; x_wconf 90' lang='lat' dir='ltr'><strong>om-</strong></span> 
     </span>
     <span class='ocr_line' id='line_1_28' title="bbox 226 987 666 1020; baseline 0.002 -2"><span class='ocrx_word' id='word_1_106' title='bbox 226 987 300 1020; x_wconf 88' lang='lat' dir='ltr'><strong>nino</strong></span> <span class='ocrx_word' id='word_1_107' title='bbox 325 988 469 1020; x_wconf 85' lang='lat' dir='ltr'><strong>volumus</strong></span> <span class='ocrx_word' id='word_1_108' title='bbox 494 987 666 1020; x_wconf 73' lang='lat' dir='ltr'><strong>observari.</strong></span> 
     </span>
    </p>

    <p class='ocr_par' dir='ltr' id='par_1_9' title="bbox 228 1040 986 1192">
     <span class='ocr_line' id='line_1_29' title="bbox 271 1040 966 1084; baseline -0.001 -11"><span class='ocrx_word' id='word_1_109' title='bbox 271 1041 380 1073; x_wconf 85' lang='lat' dir='ltr'><strong>Datum</strong></span> <span class='ocrx_word' id='word_1_110' title='bbox 402 1042 529 1081; x_wconf 85' lang='lat' dir='ltr'><strong>Romae,</strong></span> <span class='ocrx_word' id='word_1_111' title='bbox 551 1041 632 1084; x_wconf 87' lang='lat' dir='ltr'><strong>apud</strong></span> <span class='ocrx_word' id='word_1_112' title='bbox 663 1041 691 1072; x_wconf 80' lang='lat' dir='ltr'><strong>S.</strong></span> <span class='ocrx_word' id='word_1_113' title='bbox 718 1040 846 1073; x_wconf 83' lang='lat' dir='ltr'><strong>Mariam</strong></span> <span class='ocrx_word' id='word_1_114' title='bbox 872 1040 966 1073; x_wconf 83' lang='lat' dir='ltr'><strong>Maio-</strong></span> 
     </span>
     <span class='ocr_line' id='line_1_30' title="bbox 228 1094 968 1137; baseline -0.001 -10"><span class='ocrx_word' id='word_1_115' title='bbox 228 1105 305 1137; x_wconf 86' lang='lat' dir='ltr'><strong>rem,</strong></span> <span class='ocrx_word' id='word_1_116' title='bbox 326 1095 384 1128; x_wconf 90' lang='lat' dir='ltr'><strong>sub</strong></span> <span class='ocrx_word' id='word_1_117' title='bbox 412 1095 528 1127; x_wconf 91' lang='lat' dir='ltr'><strong>annulo</strong></span> <span class='ocrx_word' id='word_1_118' title='bbox 553 1094 742 1134; x_wconf 81' lang='lat' dir='ltr'><strong>Piscatoris,</strong></span> <span class='ocrx_word' id='word_1_119' title='bbox 767 1094 816 1126; x_wconf 90' lang='lat' dir='ltr'><strong>die</strong></span> <span class='ocrx_word' id='word_1_120' title='bbox 849 1104 888 1126; x_wconf 79' lang='lat' dir='ltr'><strong>xv</strong></span> <span class='ocrx_word' id='word_1_121' title='bbox 914 1104 968 1126; x_wconf 86' lang='lat' dir='ltr'><strong>no-</strong></span> 
     </span>
     <span class='ocr_line' id='line_1_31' title="bbox 229 1144 986 1192; baseline -0.001 -12"><span class='ocrx_word' id='word_1_122' title='bbox 229 1148 365 1182; x_wconf 84' lang='lat' dir='ltr'><strong>vembris</strong></span> <span class='ocrx_word' id='word_1_123' title='bbox 389 1158 502 1191; x_wconf 76' lang='lat' dir='ltr'><strong>MDCLV,</strong></span> <span class='ocrx_word' id='word_1_124' title='bbox 515 1148 715 1192; x_wconf 80' lang='lat' dir='ltr'><strong>pontificatus</strong></span> <span class='ocrx_word' id='word_1_125' title='bbox 728 1148 827 1181; x_wconf 85' lang='lat' dir='ltr'><strong>nostri</strong></span> <span class='ocrx_word' id='word_1_126' title='bbox 848 1158 930 1181; x_wconf 89' lang='lat' dir='ltr'><strong>anno</strong></span> <span class='ocrx_word' id='word_1_127' title='bbox 948 1158 966 1180; x_wconf 90' lang='lat'><strong>1.</strong></span> <span class='ocrx_word' id='word_1_128' title='bbox 984 1144 986 1150; x_wconf 76' lang='lat'><em>&#39;</em></span> 
     </span>
    </p>

    <p class='ocr_par' dir='ltr' id='par_1_10' title="bbox 265 1211 926 1246">
     <span class='ocr_line' id='line_1_32' title="bbox 265 1211 926 1246; baseline -0.002 -8"><span class='ocrx_word' id='word_1_129' title='bbox 265 1211 322 1238; x_wconf 81' lang='lat' dir='ltr'><strong>Dat..</strong></span> <span class='ocrx_word' id='word_1_130' title='bbox 340 1211 382 1238; x_wconf 80' lang='lat' dir='ltr'><strong>die</strong></span> <span class='ocrx_word' id='word_1_131' title='bbox 400 1212 432 1239; x_wconf 77' lang='lat'><strong>15</strong></span> <span class='ocrx_word' id='word_1_132' title='bbox 449 1211 603 1239; x_wconf 81' lang='lat' dir='ltr'><strong>novembris</strong></span> <span class='ocrx_word' id='word_1_133' title='bbox 622 1211 697 1243; x_wconf 80' lang='lat'><strong>1655,</strong></span> <span class='ocrx_word' id='word_1_134' title='bbox 716 1211 810 1246; x_wconf 85' lang='lat' dir='ltr'><strong>pontif.</strong></span> <span class='ocrx_word' id='word_1_135' title='bbox 824 1219 893 1238; x_wconf 86' lang='lat' dir='ltr'><strong>anno</strong></span> <span class='ocrx_word' id='word_1_136' title='bbox 909 1217 926 1237; x_wconf 73' lang='grc' dir='ltr'><strong>ι.</strong></span> 
     </span>
    </p>
   </div>
   <div class='ocr_carea' id='block_1_8' title="bbox 577 1354 621 1386">
    <p class='ocr_par' dir='ltr' id='par_1_11' title="bbox 577 1354 621 1386">
     <span class='ocr_line' id='line_1_33' title="bbox 577 1354 621 1386; baseline 0 0"><span class='ocrx_word' id='word_1_137' title='bbox 577 1354 621 1386; x_wconf 86' lang='lat' dir='ltr'><strong>Ll.</strong></span> 
     </span>
    </p>
   </div>
   <div class='ocr_carea' id='block_1_9' title="bbox 235 1433 970 1581">
    <p class='ocr_par' dir='ltr' id='par_1_12' title="bbox 235 1433 970 1581">
     <span class='ocr_line' id='line_1_34' title="bbox 235 1433 968 1476; baseline -0.003 -10"><span class='ocrx_word' id='word_1_138' title='bbox 235 1433 406 1466; x_wconf 78' lang='lat' dir='ltr'><strong>Inclultum</strong></span> <span class='ocrx_word' id='word_1_139' title='bbox 440 1433 630 1466; x_wconf 76' lang='lat' dir='ltr'><strong>clericormn</strong></span> <span class='ocrx_word' id='word_1_140' title='bbox 667 1443 810 1466; x_wconf 78' lang='lat' dir='ltr'><strong>camerae</strong></span> <span class='ocrx_word' id='word_1_141' title='bbox 846 1436 968 1476; x_wconf 77' lang='lat' dir='ltr'><strong>aposlo-</strong></span> 
     </span>
     <span class='ocr_line' id='line_1_35' title="bbox 280 1486 970 1529; baseline -0.001 -10"><span class='ocrx_word' id='word_1_142' title='bbox 280 1487 361 1520; x_wconf 74' lang='lat' dir='ltr'><strong>lz&#39;cae</strong></span> <span class='ocrx_word' id='word_1_143' title='bbox 386 1486 550 1529; x_wconf 75' lang='lat' dir='ltr'><strong>deserendi</strong></span> <span class='ocrx_word' id='word_1_144' title='bbox 581 1487 699 1529; x_wconf 74' lang='lat' dir='ltr'><strong>ubique</strong></span> <span class='ocrx_word' id='word_1_145' title='bbox 729 1487 910 1519; x_wconf 78' lang='lat' dir='ltr'><strong>rochettum</strong></span> <span class='ocrx_word' id='word_1_146' title='bbox 942 1490 970 1519; x_wconf 80' lang='lat' dir='ltr'><strong>el</strong></span> 
     </span>
     <span class='ocr_line' id='line_1_36' title="bbox 280 1539 926 1581; baseline 0 -9"><span class='ocrx_word' id='word_1_147' title='bbox 280 1541 445 1574; x_wconf 74' lang='lat' dir='ltr'><strong>licentiam</strong></span> <span class='ocrx_word' id='word_1_148' title='bbox 471 1540 627 1572; x_wconf 76' lang='lat' dir='ltr'><strong>celebrari</strong></span> <span class='ocrx_word' id='word_1_149' title='bbox 650 1539 794 1581; x_wconf 79' lang='lat' dir='ltr'><strong>faciendi</strong></span> <span class='ocrx_word' id='word_1_150' title='bbox 812 1539 926 1572; x_wconf 67' lang='lat' dir='ltr'><strong>domi¹⁸</strong></span> 
     </span>
    </p>
   </div>
   <div class='ocr_carea' id='block_1_10' title="bbox 978 258 990 1519">
    <p class='ocr_par' dir='ltr' id='par_1_13' title="bbox 978 258 990 1519">
     <span class='ocr_line' id='line_1_37' title="bbox 978 258 990 1519; baseline 0 0"><span class='ocrx_word' id='word_1_151' title='bbox 978 258 990 1519; x_wconf 95' lang='lat' dir='ltr'><strong> </strong></span> 
     </span>
    </p>
   </div>
   <div class='ocr_carea' id='block_1_11' title="bbox 357 1620 849 1699">
    <p class='ocr_par' dir='ltr' id='par_1_14' title="bbox 357 1620 849 1699">
     <span class='ocr_line' id='line_1_38' title="bbox 428 1620 778 1654; baseline -0.003 -7"><span class='ocrx_word' id='word_1_152' title='bbox 428 1620 595 1647; x_wconf 78' lang='lat' dir='ltr'><strong>Alexander</strong></span> <span class='ocrx_word' id='word_1_153' title='bbox 616 1621 693 1654; x_wconf 84' lang='lat' dir='ltr'><strong>Papa</strong></span> <span class='ocrx_word' id='word_1_154' title='bbox 714 1621 778 1653; x_wconf 80' lang='lat' dir='ltr'><strong>vn,</strong></span> 
     </span>
     <span class='ocr_line' id='line_1_39' title="bbox 357 1665 849 1699; baseline -0.002 -7"><span class='ocrx_word' id='word_1_155' title='bbox 357 1666 392 1692; x_wconf 90' lang='lat' dir='ltr'><strong>ad</strong></span> <span class='ocrx_word' id='word_1_156' title='bbox 413 1668 585 1699; x_wconf 82' lang='lat' dir='ltr'><strong>perpetuam</strong></span> <span class='ocrx_word' id='word_1_157' title='bbox 604 1665 648 1692; x_wconf 80' lang='lat' dir='ltr'><strong>rei</strong></span> <span class='ocrx_word' id='word_1_158' title='bbox 669 1665 849 1692; x_wconf 79' lang='lat' dir='ltr'><strong>memoriam.</strong></span> 
     </span>
    </p>
   </div>
   <div class='ocr_carea' id='block_1_12' title="bbox 233 1736 993 2523">
    <p class='ocr_par' dir='ltr' id='par_1_15' title="bbox 233 1736 993 2307">
     <span class='ocr_line' id='line_1_40' title="bbox 278 1736 991 1780; baseline -0.001 -11"><span class='ocrx_word' id='word_1_159' title='bbox 278 1737 292 1780; x_wconf 67' lang='grc' dir='ltr'><strong>ἓ</strong></span> <span class='ocrx_word' id='word_1_160' title='bbox 313 1737 341 1769; x_wconf 78' lang='grc' dir='ltr'><strong>Ἰ.</strong></span> <span class='ocrx_word' id='word_1_161' title='bbox 360 1736 535 1779; x_wconf 79' lang='lat' dir='ltr'><strong>Singularis</strong></span> <span class='ocrx_word' id='word_1_162' title='bbox 556 1736 742 1769; x_wconf 87' lang='lat' dir='ltr'><strong>dilectorum</strong></span> <span class='ocrx_word' id='word_1_163' title='bbox 768 1736 906 1768; x_wconf 86' lang='lat' dir='ltr'><strong>filiorum</strong></span> <span class='ocrx_word' id='word_1_164' title='bbox 927 1747 991 1778; x_wconf 28' lang='lat' dir='ltr'><strong>ca·-</strong></span> 
     </span>
     <span class='ocr_line' id='line_1_41' title="bbox 235 1789 971 1832; baseline -0.001 -10"><span class='ocrx_word' id='word_1_165' title='bbox 235 1800 339 1823; x_wconf 84' lang='lat' dir='ltr'><strong>merae</strong></span> <span class='ocrx_word' id='word_1_166' title='bbox 363 1795 490 1822; x_wconf 86' lang='lat' dir='ltr'><strong>nostrae</strong></span> <span class='ocrx_word' id='word_1_167' title='bbox 514 1789 706 1832; x_wconf 77' lang='lat' dir='ltr'><strong>apostolicae</strong></span> <span class='ocrx_word' id='word_1_168' title='bbox 731 1789 920 1822; x_wconf 89' lang='lat' dir='ltr'><strong>clericorum</strong></span> <span class='ocrx_word' id='word_1_169' title='bbox 942 1789 971 1821; x_wconf 91' lang='lat' dir='ltr'><strong>in</strong></span> 
     </span>
     <span class='ocr_line' id='line_1_42' title="bbox 233 1842 991 1895; baseline -0.003 -18"><span class='ocrx_word' id='word_1_170' title='bbox 233 1855 289 1877; x_wconf 89' lang='lat' dir='ltr'><strong>nos</strong></span> <span class='ocrx_word' id='word_1_171' title='bbox 313 1849 343 1877; x_wconf 84' lang='lat' dir='ltr'><strong>et</strong></span> <span class='ocrx_word' id='word_1_172' title='bbox 367 1843 577 1887; x_wconf 79' lang='lat' dir='ltr'><strong>Apostolicam</strong></span> <span class='ocrx_word' id='word_1_173' title='bbox 604 1842 714 1875; x_wconf 74' lang='lat' dir='ltr'><strong>Sedem</strong></span> <span class='ocrx_word' id='word_1_174' title='bbox 740 1842 818 1875; x_wconf 80' lang='lat' dir='ltr'><strong>tides</strong></span> <span class='ocrx_word' id='word_1_175' title='bbox 835 1847 865 1875; x_wconf 90' lang='lat' dir='ltr'><strong>et</strong></span> <span class='ocrx_word' id='word_1_176' title='bbox 882 1843 991 1895; x_wconf 62' lang='lat' dir='ltr'><strong>devo-3</strong></span> 
     </span>
     <span class='ocr_line' id='line_1_43' title="bbox 234 1896 972 1940; baseline -0.003 -10"><span class='ocrx_word' id='word_1_177' title='bbox 234 1898 295 1939; x_wconf 90' lang='lat' dir='ltr'><strong>tio,</strong></span> <span class='ocrx_word' id='word_1_178' title='bbox 320 1907 442 1930; x_wconf 85' lang='lat' dir='ltr'><strong>necnon</strong></span> <span class='ocrx_word' id='word_1_179' title='bbox 474 1896 588 1929; x_wconf 79' lang='lat' dir='ltr'><strong>assidui</strong></span> <span class='ocrx_word' id='word_1_180' title='bbox 622 1907 794 1940; x_wconf 72' lang='lat' dir='ltr'><strong>gravesque</strong></span> <span class='ocrx_word' id='word_1_181' title='bbox 827 1896 972 1937; x_wconf 79' lang='lat' dir='ltr'><strong>labores,</strong></span> 
     </span>
     <span class='ocr_line' id='line_1_44' title="bbox 233 1950 974 1995; baseline 0 -13"><span class='ocrx_word' id='word_1_182' title='bbox 233 1962 313 1995; x_wconf 88' lang='lat' dir='ltr'><strong>quos</strong></span> <span class='ocrx_word' id='word_1_183' title='bbox 337 1962 396 1995; x_wconf 87' lang='lat' dir='ltr'><strong>pro</strong></span> <span class='ocrx_word' id='word_1_184' title='bbox 422 1957 529 1984; x_wconf 88' lang='lat' dir='ltr'><strong>nostro</strong></span> <span class='ocrx_word' id='word_1_185' title='bbox 555 1956 584 1983; x_wconf 88' lang='lat' dir='ltr'><strong>et</strong></span> <span class='ocrx_word' id='word_1_186' title='bbox 609 1950 747 1983; x_wconf 70' lang='lat' dir='ltr'><strong>eiusdem</strong></span> <span class='ocrx_word' id='word_1_187' title='bbox 772 1950 859 1983; x_wconf 82' lang='lat' dir='ltr'><strong>Sedis</strong></span> <span class='ocrx_word' id='word_1_188' title='bbox 880 1951 974 1984; x_wconf 70' lang='lat' dir='ltr'><strong>serri-</strong></span> 
     </span>
     <span class='ocr_line' id='line_1_45' title="bbox 235 2004 974 2047; baseline -0.001 -9"><span class='ocrx_word' id='word_1_189' title='bbox 235 2005 276 2038; x_wconf 83' lang='lat' dir='ltr'><strong>lio</strong></span> <span class='ocrx_word' id='word_1_190' title='bbox 303 2005 417 2047; x_wconf 81' lang='lat' dir='ltr'><strong>iugiter</strong></span> <span class='ocrx_word' id='word_1_191' title='bbox 435 2005 596 2045; x_wconf 88' lang='lat' dir='ltr'><strong>sustinent,</strong></span> <span class='ocrx_word' id='word_1_192' title='bbox 621 2009 854 2047; x_wconf 83' lang='lat' dir='ltr'><strong>promerentur,</strong></span> <span class='ocrx_word' id='word_1_193' title='bbox 876 2010 919 2044; x_wconf 88' lang='lat' dir='ltr'><strong>ut,</strong></span> <span class='ocrx_word' id='word_1_194' title='bbox 937 2004 974 2037; x_wconf 88' lang='lat' dir='ltr'><strong>si-</strong></span> 
     </span>
     <span class='ocr_line' id='line_1_46' title="bbox 234 2057 974 2102; baseline 0.001 -12"><span class='ocrx_word' id='word_1_195' title='bbox 234 2059 296 2091; x_wconf 88' lang='lat' dir='ltr'><strong>cuti</strong></span> <span class='ocrx_word' id='word_1_196' title='bbox 322 2058 489 2102; x_wconf 82' lang='lat' dir='ltr'><strong>conspicua</strong></span> <span class='ocrx_word' id='word_1_197' title='bbox 525 2058 665 2090; x_wconf 79' lang='lat' dir='ltr'><strong>muneris</strong></span> <span class='ocrx_word' id='word_1_198' title='bbox 696 2068 805 2090; x_wconf 85' lang='lat' dir='ltr'><strong>eorum</strong></span> <span class='ocrx_word' id='word_1_199' title='bbox 839 2057 974 2101; x_wconf 81' lang='lat' dir='ltr'><strong>dignitas</strong></span> 
     </span>
     <span class='ocr_line' id='line_1_47' title="bbox 235 2111 993 2155; baseline -0.003 -10"><span class='ocrx_word' id='word_1_200' title='bbox 235 2113 407 2145; x_wconf 72' lang='lat' dir='ltr'><strong>Romanam</strong></span> <span class='ocrx_word' id='word_1_201' title='bbox 429 2111 552 2145; x_wconf 88' lang='lat' dir='ltr'><strong>Curiam</strong></span> <span class='ocrx_word' id='word_1_202' title='bbox 579 2111 667 2143; x_wconf 68' lang='lat' dir='ltr'><strong>valde</strong></span> <span class='ocrx_word' id='word_1_203' title='bbox 691 2117 830 2151; x_wconf 78' lang='lat' dir='ltr'><strong>exornat,</strong></span> <span class='ocrx_word' id='word_1_204' title='bbox 856 2111 898 2144; x_wconf 84' lang='lat' dir='ltr'><strong>ita</strong></span> <span class='ocrx_word' id='word_1_205' title='bbox 915 2111 972 2155; x_wconf 89' lang='lat' dir='ltr'><strong>ipsi</strong></span> <span class='ocrx_word' id='word_1_206' title='bbox 991 2123 993 2130; x_wconf 68' lang='grc'>’</span> 
     </span>
     <span class='ocr_line' id='line_1_48' title="bbox 235 2165 975 2209; baseline 0.001 -12"><span class='ocrx_word' id='word_1_207' title='bbox 235 2165 392 2198; x_wconf 86' lang='lat' dir='ltr'><strong>uberioris</strong></span> <span class='ocrx_word' id='word_1_208' title='bbox 412 2165 540 2198; x_wconf 86' lang='lat' dir='ltr'><strong>lionoris</strong></span> <span class='ocrx_word' id='word_1_209' title='bbox 561 2165 782 2208; x_wconf 75' lang='lat' dir='ltr'><strong>praerogativa</strong></span> <span class='ocrx_word' id='word_1_210' title='bbox 800 2170 829 2197; x_wconf 75' lang='lat' dir='ltr'><strong>et</strong></span> <span class='ocrx_word' id='word_1_211' title='bbox 846 2166 975 2209; x_wconf 86' lang='lat' dir='ltr'><strong>amplio-</strong></span> 
     </span>
     <span class='ocr_line' id='line_1_49' title="bbox 236 2219 976 2263; baseline 0 -10"><span class='ocrx_word' id='word_1_212' title='bbox 236 2220 324 2253; x_wconf 83' lang='lat' dir='ltr'><strong>ribus</strong></span> <span class='ocrx_word' id='word_1_213' title='bbox 348 2219 456 2263; x_wconf 78' lang='lat' dir='ltr'><strong>gratiis</strong></span> <span class='ocrx_word' id='word_1_214' title='bbox 483 2219 622 2252; x_wconf 84' lang='lat' dir='ltr'><strong>eiusdem</strong></span> <span class='ocrx_word' id='word_1_215' title='bbox 645 2219 732 2253; x_wconf 83' lang='lat' dir='ltr'><strong>Sedis</strong></span> <span class='ocrx_word' id='word_1_216' title='bbox 753 2220 906 2253; x_wconf 82' lang='lat' dir='ltr'><strong>beneficio</strong></span> <span class='ocrx_word' id='word_1_217' title='bbox 927 2220 976 2253; x_wconf 84' lang='lat' dir='ltr'><strong>de—</strong></span> 
     </span>
     <span class='ocr_line' id='line_1_50' title="bbox 236 2279 395 2307; baseline -0.013 0"><span class='ocrx_word' id='word_1_218' title='bbox 236 2279 395 2307; x_wconf 87' lang='lat' dir='ltr'><strong>corentur.</strong></span> 
     </span>
    </p>

    <p class='ocr_par' dir='ltr' id='par_1_16' title="bbox 237 2327 978 2523">
     <span class='ocr_line' id='line_1_51' title="bbox 281 2327 976 2371; baseline 0 -12"><span class='ocrx_word' id='word_1_219' title='bbox 281 2327 296 2370; x_wconf 64' lang='grc' dir='ltr'>ἓ</span> <span class='ocrx_word' id='word_1_220' title='bbox 320 2328 349 2360; x_wconf 69' lang='grc'><strong>9,.</strong></span> <span class='ocrx_word' id='word_1_221' title='bbox 377 2328 520 2360; x_wconf 86' lang='lat' dir='ltr'><strong>Volentes</strong></span> <span class='ocrx_word' id='word_1_222' title='bbox 545 2328 648 2371; x_wconf 84' lang='lat' dir='ltr'><strong>itaque</strong></span> <span class='ocrx_word' id='word_1_223' title='bbox 672 2328 797 2371; x_wconf 80' lang='lat' dir='ltr'><strong>aliquod</strong></span> <span class='ocrx_word' id='word_1_224' title='bbox 818 2338 893 2371; x_wconf 75' lang='lat' dir='ltr'><strong>erga</strong></span> <span class='ocrx_word' id='word_1_225' title='bbox 910 2339 976 2361; x_wconf 81' lang='lat' dir='ltr'><strong>cos-</strong></span> 
     </span>
     <span class='ocr_line' id='line_1_52' title="bbox 237 2381 976 2424; baseline -0.001 -10"><span class='ocrx_word' id='word_1_226' title='bbox 237 2381 307 2414; x_wconf 88' lang='lat' dir='ltr'><strong>dem</strong></span> <span class='ocrx_word' id='word_1_227' title='bbox 334 2381 465 2414; x_wconf 83' lang='lat' dir='ltr'><strong>clericos</strong></span> <span class='ocrx_word' id='word_1_228' title='bbox 484 2385 631 2424; x_wconf 80' lang='lat' dir='ltr'><strong>paternae</strong></span> <span class='ocrx_word' id='word_1_229' title='bbox 651 2386 776 2415; x_wconf 85' lang='lat' dir='ltr'><strong>nostrae</strong></span> <span class='ocrx_word' id='word_1_230' title='bbox 795 2382 976 2415; x_wconf 86' lang='lat' dir='ltr'><strong>munilicen-</strong></span> 
     </span>
     <span class='ocr_line' id='line_1_53' title="bbox 239 2435 976 2479; baseline 0.003 -12"><span class='ocrx_word' id='word_1_231' title='bbox 239 2435 299 2468; x_wconf 86' lang='lat' dir='ltr'><strong>tiae</strong></span> <span class='ocrx_word' id='word_1_232' title='bbox 319 2440 426 2468; x_wconf 87' lang='lat' dir='ltr'><strong>extare</strong></span> <span class='ocrx_word' id='word_1_233' title='bbox 452 2440 701 2477; x_wconf 78' lang='lat' dir='ltr'><strong>monumentum,</strong></span> <span class='ocrx_word' id='word_1_234' title='bbox 728 2440 813 2468; x_wconf 87' lang='lat' dir='ltr'><strong>motu</strong></span> <span class='ocrx_word' id='word_1_235' title='bbox 835 2436 976 2479; x_wconf 88' lang='lat' dir='ltr'><strong>proprio,</strong></span> 
     </span>
     <span class='ocr_line' id='line_1_54' title="bbox 240 2488 978 2523; baseline 0.001 -2"><span class='ocrx_word' id='word_1_236' title='bbox 240 2499 275 2522; x_wconf 85' lang='lat' dir='ltr'><strong>ae</strong></span> <span class='ocrx_word' id='word_1_237' title='bbox 299 2499 335 2522; x_wconf 85' lang='lat' dir='ltr'><strong>cx</strong></span> <span class='ocrx_word' id='word_1_238' title='bbox 361 2490 446 2523; x_wconf 78' lang='lat' dir='ltr'><strong>certa</strong></span> <span class='ocrx_word' id='word_1_239' title='bbox 472 2488 601 2522; x_wconf 71' lang='lat' dir='ltr'><strong>scientia</strong></span> <span class='ocrx_word' id='word_1_240' title='bbox 626 2494 654 2522; x_wconf 91' lang='lat' dir='ltr'><strong>et</strong></span> <span class='ocrx_word' id='word_1_241' title='bbox 681 2491 802 2522; x_wconf 77' lang='lat' dir='ltr'><strong>matura</strong></span> <span class='ocrx_word' id='word_1_242' title='bbox 828 2489 978 2522; x_wconf 87' lang='lat' dir='ltr'><strong>delibera-</strong></span> 
     </span>
    </p>
   </div>
   <div class='ocr_carea' id='block_1_13' title="bbox 990 1779 997 2566">
    <p class='ocr_par' dir='ltr' id='par_1_17' title="bbox 990 1779 997 2566">
     <span class='ocr_line' id='line_1_55' title="bbox 990 1779 997 2566; baseline 0 0"><span class='ocrx_word' id='word_1_243' title='bbox 990 1779 997 2566; x_wconf 95' lang='lat' dir='ltr'><strong> </strong></span> 
     </span>
    </p>
   </div>
   <div class='ocr_carea' id='block_1_14' title="bbox 280 2604 746 2640">
    <p class='ocr_par' dir='ltr' id='par_1_18' title="bbox 280 2604 746 2640">
     <span class='ocr_line' id='line_1_56' title="bbox 280 2604 746 2640; baseline 0 -10"><span class='ocrx_word' id='word_1_244' title='bbox 280 2606 288 2631; x_wconf 85' lang='lat' dir='ltr'><strong>t</strong></span> <span class='ocrx_word' id='word_1_245' title='bbox 313 2604 347 2630; x_wconf 82' lang='lat' dir='ltr'><strong>Ex</strong></span> <span class='ocrx_word' id='word_1_246' title='bbox 368 2605 477 2640; x_wconf 79' lang='lat' dir='ltr'><strong>Regest.</strong></span> <span class='ocrx_word' id='word_1_247' title='bbox 501 2606 526 2631; x_wconf 91' lang='lat' dir='ltr'><strong>in</strong></span> <span class='ocrx_word' id='word_1_248' title='bbox 547 2605 649 2632; x_wconf 77' lang='lat' dir='ltr'><strong>secret.</strong></span> <span class='ocrx_word' id='word_1_249' title='bbox 672 2604 746 2632; x_wconf 79' lang='lat' dir='ltr'><strong>Brev.</strong></span> 
     </span>
    </p>
   </div>
   <div class='ocr_carea' id='block_1_15' title="bbox 996 291 1745 980">
    <p class='ocr_par' dir='ltr' id='par_1_19' title="bbox 996 291 1745 980">
     <span class='ocr_line' id='line_1_57' title="bbox 998 291 1738 336; baseline 0.004 -13"><span class='ocrx_word' id='word_1_250' title='bbox 998 291 1203 334; x_wconf 89' lang='lat' dir='ltr'><strong>plenitudine,</strong></span> <span class='ocrx_word' id='word_1_251' title='bbox 1220 292 1367 325; x_wconf 88' lang='lat' dir='ltr'><strong>omnibus</strong></span> <span class='ocrx_word' id='word_1_252' title='bbox 1391 298 1421 325; x_wconf 91' lang='lat' dir='ltr'><strong>et</strong></span> <span class='ocrx_word' id='word_1_253' title='bbox 1446 293 1577 336; x_wconf 79' lang='lat' dir='ltr'><strong>singulis</strong></span> <span class='ocrx_word' id='word_1_254' title='bbox 1595 303 1738 326; x_wconf 86' lang='lat' dir='ltr'><strong>camerae</strong></span> 
     </span>
     <span class='ocr_line' id='line_1_58' title="bbox 997 345 1739 391; baseline 0.003 -13"><span class='ocrx_word' id='word_1_255' title='bbox 997 345 1176 388; x_wconf 81' lang='lat' dir='ltr'><strong>praedictae</strong></span> <span class='ocrx_word' id='word_1_256' title='bbox 1203 346 1325 379; x_wconf 87' lang='lat' dir='ltr'><strong>clericis</strong></span> <span class='ocrx_word' id='word_1_257' title='bbox 1350 357 1433 380; x_wconf 89' lang='lat' dir='ltr'><strong>nunc</strong></span> <span class='ocrx_word' id='word_1_258' title='bbox 1462 353 1492 380; x_wconf 84' lang='lat' dir='ltr'><strong>et</strong></span> <span class='ocrx_word' id='word_1_259' title='bbox 1511 358 1570 391; x_wconf 89' lang='lat' dir='ltr'><strong>pro</strong></span> <span class='ocrx_word' id='word_1_260' title='bbox 1595 353 1739 391; x_wconf 86' lang='lat' dir='ltr'><strong>tempore</strong></span> 
     </span>
     <span class='ocr_line' id='line_1_59' title="bbox 996 398 1740 443; baseline 0.003 -12"><span class='ocrx_word' id='word_1_261' title='bbox 996 398 1258 443; x_wconf 83' lang='lat' dir='ltr'><strong>quandocumque</strong></span> <span class='ocrx_word' id='word_1_262' title='bbox 1295 400 1520 442; x_wconf 61' lang='lat' dir='ltr'><strong>existentibus,</strong></span> <span class='ocrx_word' id='word_1_263' title='bbox 1557 406 1590 433; x_wconf 87' lang='lat' dir='ltr'><strong>ut</strong></span> <span class='ocrx_word' id='word_1_264' title='bbox 1622 405 1740 433; x_wconf 87' lang='lat' dir='ltr'><strong>vestem</strong></span> 
     </span>
     <span class='ocr_line' id='line_1_60' title="bbox 996 451 1741 498; baseline 0.004 -15"><span class='ocrx_word' id='word_1_265' title='bbox 996 451 1121 495; x_wconf 86' lang='lat' dir='ltr'><strong>lineam,</strong></span> <span class='ocrx_word' id='word_1_266' title='bbox 1139 453 1319 485; x_wconf 77' lang='lat' dir='ltr'><strong>rochettum</strong></span> <span class='ocrx_word' id='word_1_267' title='bbox 1345 453 1439 495; x_wconf 80' lang='lat' dir='ltr'><strong>vulgo</strong></span> <span class='ocrx_word' id='word_1_268' title='bbox 1463 459 1686 498; x_wconf 86' lang='lat' dir='ltr'><strong>nuncupatam,</strong></span> <span class='ocrx_word' id='word_1_269' title='bbox 1709 453 1741 486; x_wconf 90' lang='lat' dir='ltr'><strong>in</strong></span> 
     </span>
     <span class='ocr_line' id='line_1_61' title="bbox 997 504 1740 549; baseline 0.005 -13"><span class='ocrx_word' id='word_1_270' title='bbox 997 504 1159 547; x_wconf 79' lang='lat' dir='ltr'><strong>quibusvis</strong></span> <span class='ocrx_word' id='word_1_271' title='bbox 1185 506 1348 547; x_wconf 85' lang='lat' dir='ltr'><strong>conciliis,</strong></span> <span class='ocrx_word' id='word_1_272' title='bbox 1374 506 1465 538; x_wconf 87' lang='lat' dir='ltr'><strong>etiam</strong></span> <span class='ocrx_word' id='word_1_273' title='bbox 1492 507 1740 549; x_wconf 73' lang='lat' dir='ltr'><strong>universalibus,</strong></span> 
     </span>
     <span class='ocr_line' id='line_1_62' title="bbox 997 559 1742 602; baseline 0.004 -12"><span class='ocrx_word' id='word_1_274' title='bbox 997 559 1230 601; x_wconf 83' lang='lat' dir='ltr'><strong>congressibus,</strong></span> <span class='ocrx_word' id='word_1_275' title='bbox 1255 560 1564 602; x_wconf 81' lang='lat' dir='ltr'><strong>congregationibus,</strong></span> <span class='ocrx_word' id='word_1_276' title='bbox 1582 560 1742 593; x_wconf 84' lang='lat' dir='ltr'><strong>conventi-</strong></span> 
     </span>
     <span class='ocr_line' id='line_1_63' title="bbox 998 611 1742 658; baseline 0.005 -15"><span class='ocrx_word' id='word_1_277' title='bbox 998 611 1067 652; x_wconf 85' lang='lat' dir='ltr'><strong>bus,</strong></span> <span class='ocrx_word' id='word_1_278' title='bbox 1089 613 1292 654; x_wconf 82' lang='lat' dir='ltr'><strong>sessionibus,</strong></span> <span class='ocrx_word' id='word_1_279' title='bbox 1311 614 1578 657; x_wconf 85' lang='lat' dir='ltr'><strong>processionibus,</strong></span> <span class='ocrx_word' id='word_1_280' title='bbox 1592 614 1742 658; x_wconf 88' lang='lat' dir='ltr'><strong>porapiis,</strong></span> 
     </span>
     <span class='ocr_line' id='line_1_64' title="bbox 999 666 1742 711; baseline 0.004 -13"><span class='ocrx_word' id='word_1_281' title='bbox 999 666 1146 708; x_wconf 89' lang='lat' dir='ltr'><strong>consiliis,</strong></span> <span class='ocrx_word' id='word_1_282' title='bbox 1160 666 1385 708; x_wconf 76' lang='lat' dir='ltr'><strong>functionibus,</strong></span> <span class='ocrx_word' id='word_1_283' title='bbox 1404 667 1548 710; x_wconf 81' lang='lat' dir='ltr'><strong>negotiis,</strong></span> <span class='ocrx_word' id='word_1_284' title='bbox 1567 668 1742 711; x_wconf 86' lang='lat' dir='ltr'><strong>ceterisque</strong></span> 
     </span>
     <span class='ocr_line' id='line_1_65' title="bbox 999 719 1741 764; baseline 0.004 -13"><span class='ocrx_word' id='word_1_285' title='bbox 999 719 1139 761; x_wconf 85' lang='lat' dir='ltr'><strong>actibus,</strong></span> <span class='ocrx_word' id='word_1_286' title='bbox 1166 720 1299 763; x_wconf 77' lang='lat' dir='ltr'><strong>publicis</strong></span> <span class='ocrx_word' id='word_1_287' title='bbox 1324 726 1351 753; x_wconf 86' lang='lat' dir='ltr'><strong>ct</strong></span> <span class='ocrx_word' id='word_1_288' title='bbox 1377 721 1526 764; x_wconf 76' lang='lat' dir='ltr'><strong>privatis,</strong></span> <span class='ocrx_word' id='word_1_289' title='bbox 1552 721 1741 764; x_wconf 84' lang='lat' dir='ltr'><strong>pontificiis,</strong></span> 
     </span>
     <span class='ocr_line' id='line_1_66' title="bbox 1000 773 1744 819; baseline 0.004 -14"><span class='ocrx_word' id='word_1_290' title='bbox 1000 773 1226 817; x_wconf 86' lang='lat' dir='ltr'><strong>imperialibus,</strong></span> <span class='ocrx_word' id='word_1_291' title='bbox 1249 774 1355 817; x_wconf 73' lang='lat' dir='ltr'><strong>regiis,</strong></span> <span class='ocrx_word' id='word_1_292' title='bbox 1380 774 1595 815; x_wconf 82' lang='lat' dir='ltr'><strong>cardinalitiis‚</strong></span> <span class='ocrx_word' id='word_1_293' title='bbox 1612 785 1647 808; x_wconf 90' lang='lat' dir='ltr'><strong>ac</strong></span> <span class='ocrx_word' id='word_1_294' title='bbox 1668 785 1744 819; x_wconf 86' lang='lat' dir='ltr'><strong>quo-</strong></span> 
     </span>
     <span class='ocr_line' id='line_1_67' title="bbox 1000 827 1744 871; baseline 0.001 -11"><span class='ocrx_word' id='word_1_295' title='bbox 1000 838 1209 871; x_wconf 88' lang='lat' dir='ltr'><strong>rumcumque</strong></span> <span class='ocrx_word' id='word_1_296' title='bbox 1233 827 1428 871; x_wconf 86' lang='lat' dir='ltr'><strong>principum,</strong></span> <span class='ocrx_word' id='word_1_297' title='bbox 1461 828 1526 860; x_wconf 78' lang='lat' dir='ltr'><strong>sive</strong></span> <span class='ocrx_word' id='word_1_298' title='bbox 1551 828 1647 861; x_wconf 85' lang='lat' dir='ltr'><strong>sacris</strong></span> <span class='ocrx_word' id='word_1_299' title='bbox 1679 829 1744 861; x_wconf 87' lang='lat' dir='ltr'><strong>sive</strong></span> 
     </span>
     <span class='ocr_line' id='line_1_68' title="bbox 1000 880 1743 924; baseline 0.003 -11"><span class='ocrx_word' id='word_1_300' title='bbox 1000 880 1138 924; x_wconf 83' lang='lat' dir='ltr'><strong>profanis</strong></span> <span class='ocrx_word' id='word_1_301' title='bbox 1170 881 1217 913; x_wconf 88' lang='lat' dir='ltr'><strong>vel</strong></span> <span class='ocrx_word' id='word_1_302' title='bbox 1253 881 1380 922; x_wconf 71' lang='lat' dir='ltr'><strong>mixtis,</strong></span> <span class='ocrx_word' id='word_1_303' title='bbox 1413 887 1474 914; x_wconf 89' lang='lat' dir='ltr'><strong>tam</strong></span> <span class='ocrx_word' id='word_1_304' title='bbox 1507 882 1539 914; x_wconf 89' lang='lat' dir='ltr'><strong>in</strong></span> <span class='ocrx_word' id='word_1_305' title='bbox 1568 882 1655 915; x_wconf 84' lang='lat' dir='ltr'><strong>Statu</strong></span> <span class='ocrx_word' id='word_1_306' title='bbox 1685 883 1743 915; x_wconf 88' lang='lat' dir='ltr'><strong>Ec-</strong></span> 
     </span>
     <span class='ocr_line' id='line_1_69' title="bbox 1001 935 1745 980; baseline 0.004 -13"><span class='ocrx_word' id='word_1_307' title='bbox 1001 935 1186 975; x_wconf 82' lang='lat' dir='ltr'><strong>clesiastico,</strong></span> <span class='ocrx_word' id='word_1_308' title='bbox 1212 945 1305 978; x_wconf 84' lang='lat' dir='ltr'><strong>quam</strong></span> <span class='ocrx_word' id='word_1_309' title='bbox 1332 940 1419 968; x_wconf 72' lang='lat' dir='ltr'><strong>extra</strong></span> <span class='ocrx_word' id='word_1_310' title='bbox 1448 936 1536 969; x_wconf 89' lang='lat' dir='ltr'><strong>illum</strong></span> <span class='ocrx_word' id='word_1_311' title='bbox 1561 936 1677 980; x_wconf 90' lang='lat' dir='ltr'><strong>ubique</strong></span> <span class='ocrx_word' id='word_1_312' title='bbox 1703 937 1745 970; x_wconf 93' lang='lat' dir='ltr'><strong>lo-</strong></span> 
     </span>
    </p>
   </div>
   <div class='ocr_carea' id='block_1_16' title="bbox 983 988 1745 1090">
    <p class='ocr_par' dir='ltr' id='par_1_20' title="bbox 983 988 1745 1090">
     <span class='ocr_line' id='line_1_70' title="bbox 983 988 1745 1031; baseline 0.001 -9"><span class='ocrx_word' id='word_1_313' title='bbox 983 999 1111 1022; x_wconf 87' lang='lat' dir='ltr'><strong>·corum</strong></span> <span class='ocrx_word' id='word_1_314' title='bbox 1138 992 1167 1022; x_wconf 81' lang='lat' dir='ltr'><strong>et</strong></span> <span class='ocrx_word' id='word_1_315' title='bbox 1191 988 1343 1031; x_wconf 79' lang='lat' dir='ltr'><strong>gentium,</strong></span> <span class='ocrx_word' id='word_1_316' title='bbox 1362 989 1454 1022; x_wconf 91' lang='lat' dir='ltr'><strong>etiam</strong></span> <span class='ocrx_word' id='word_1_317' title='bbox 1476 989 1506 1022; x_wconf 92' lang='lat' dir='ltr'><strong>in</strong></span> <span class='ocrx_word' id='word_1_318' title='bbox 1532 990 1673 1023; x_wconf 81' lang='lat' dir='ltr'><strong>Romana</strong></span> <span class='ocrx_word' id='word_1_319' title='bbox 1690 990 1745 1024; x_wconf 92' lang='lat' dir='ltr'><strong>Cu-</strong></span> 
     </span>
     <span class='ocr_line' id='line_1_71' title="bbox 984 1042 1743 1090; baseline 0.003 -16"><span class='ocrx_word' id='word_1_320' title='bbox 984 1043 1069 1090; x_wconf 45' lang='lat' dir='ltr'><strong>¹ria,</strong></span> <span class='ocrx_word' id='word_1_321' title='bbox 1095 1052 1130 1075; x_wconf 86' lang='lat' dir='ltr'><strong>ae</strong></span> <span class='ocrx_word' id='word_1_322' title='bbox 1155 1042 1185 1074; x_wconf 90' lang='lat' dir='ltr'><strong>in</strong></span> <span class='ocrx_word' id='word_1_323' title='bbox 1210 1042 1373 1086; x_wconf 85' lang='lat' dir='ltr'><strong>quibusvis</strong></span> <span class='ocrx_word' id='word_1_324' title='bbox 1398 1044 1526 1085; x_wconf 73' lang='lat' dir='ltr'><strong>reg-nis,</strong></span> <span class='ocrx_word' id='word_1_325' title='bbox 1551 1043 1743 1086; x_wconf 89' lang='lat' dir='ltr'><strong>provinciis,</strong></span> 
     </span>
    </p>
   </div>
   <div class='ocr_carea' id='block_1_17' title="bbox 1003 1095 1746 1140">
    <p class='ocr_par' dir='ltr' id='par_1_21' title="bbox 1003 1095 1746 1140">
     <span class='ocr_line' id='line_1_72' title="bbox 1003 1095 1746 1140; baseline 0.003 -13"><span class='ocrx_word' id='word_1_326' title='bbox 1003 1095 1185 1138; x_wconf 75' lang='lat' dir='ltr'><strong>regionibus</strong></span> <span class='ocrx_word' id='word_1_327' title='bbox 1210 1101 1240 1128; x_wconf 86' lang='lat' dir='ltr'><strong>et</strong></span> <span class='ocrx_word' id='word_1_328' title='bbox 1264 1095 1341 1128; x_wconf 90' lang='lat' dir='ltr'><strong>locis</strong></span> <span class='ocrx_word' id='word_1_329' title='bbox 1366 1095 1457 1129; x_wconf 90' lang='lat' dir='ltr'><strong>etiam</strong></span> <span class='ocrx_word' id='word_1_330' title='bbox 1483 1096 1684 1140; x_wconf 85' lang='lat' dir='ltr'><strong>transalpinis</strong></span> <span class='ocrx_word' id='word_1_331' title='bbox 1716 1100 1746 1129; x_wconf 85' lang='lat' dir='ltr'><strong>et</strong></span> 
     </span>
    </p>
   </div>
   <div class='ocr_carea' id='block_1_18' title="bbox 985 1149 1747 1301">
    <p class='ocr_par' dir='ltr' id='par_1_22' title="bbox 985 1149 1747 1301">
     <span class='ocr_line' id='line_1_73' title="bbox 985 1149 1744 1199; baseline 0.003 -18"><span class='ocrx_word' id='word_1_332' title='bbox 985 1149 1235 1199; x_wconf 47' lang='lat' dir='ltr'><strong>tultrainarinis,</strong></span> <span class='ocrx_word' id='word_1_333' title='bbox 1260 1160 1296 1182; x_wconf 88' lang='lat' dir='ltr'><strong>ac</strong></span> <span class='ocrx_word' id='word_1_334' title='bbox 1321 1149 1414 1182; x_wconf 89' lang='lat' dir='ltr'><strong>etiam</strong></span> <span class='ocrx_word' id='word_1_335' title='bbox 1440 1150 1469 1182; x_wconf 92' lang='lat' dir='ltr'><strong>in</strong></span> <span class='ocrx_word' id='word_1_336' title='bbox 1496 1152 1614 1192; x_wconf 78' lang='lat' dir='ltr'><strong>nostra,</strong></span> <span class='ocrx_word' id='word_1_337' title='bbox 1633 1155 1663 1183; x_wconf 83' lang='lat' dir='ltr'><strong>et</strong></span> <span class='ocrx_word' id='word_1_338' title='bbox 1683 1151 1744 1183; x_wconf 81' lang='lat' dir='ltr'><strong>tto-</strong></span> 
     </span>
     <span class='ocr_line' id='line_1_74' title="bbox 985 1203 1747 1247; baseline 0.003 -12"><span class='ocrx_word' id='word_1_339' title='bbox 985 1204 986 1227; x_wconf 63' lang='lat'><em>3</em></span> <span class='ocrx_word' id='word_1_340' title='bbox 1003 1203 1086 1236; x_wconf 90' lang='lat' dir='ltr'><strong>mani</strong></span> <span class='ocrx_word' id='word_1_341' title='bbox 1108 1203 1266 1236; x_wconf 83' lang='lat' dir='ltr'><strong>Pontificis</strong></span> <span class='ocrx_word' id='word_1_342' title='bbox 1284 1213 1341 1246; x_wconf 92' lang='lat' dir='ltr'><strong>pro</strong></span> <span class='ocrx_word' id='word_1_343' title='bbox 1360 1208 1503 1247; x_wconf 88' lang='lat' dir='ltr'><strong>tempore</strong></span> <span class='ocrx_word' id='word_1_344' title='bbox 1521 1204 1693 1244; x_wconf 79' lang='lat' dir='ltr'><strong>existentis,</strong></span> <span class='ocrx_word' id='word_1_345' title='bbox 1711 1214 1747 1237; x_wconf 87' lang='lat' dir='ltr'><strong>ac</strong></span> 
     </span>
     <span class='ocr_line' id='line_1_75' title="bbox 985 1250 1746 1301; baseline 0 -11"><span class='ocrx_word' id='word_1_346' title='bbox 985 1250 1216 1301; x_wconf 58' lang='lat' dir='ltr'><strong>imperatoris,</strong></span> <span class='ocrx_word' id='word_1_347' title='bbox 1241 1267 1351 1300; x_wconf 77' lang='lat' dir='ltr'><strong>regum</strong></span> <span class='ocrx_word' id='word_1_348' title='bbox 1367 1283 1374 1297; x_wconf 85' lang='lat'><strong>,</strong></span> <span class='ocrx_word' id='word_1_349' title='bbox 1399 1257 1628 1298; x_wconf 86' lang='lat' dir='ltr'><strong>cardinalium,</strong></span> <span class='ocrx_word' id='word_1_350' title='bbox 1654 1257 1746 1291; x_wconf 87' lang='lat' dir='ltr'><strong>etiam</strong></span> 
     </span>
    </p>
   </div>
   <div class='ocr_carea' id='block_1_19' title="bbox 1003 1311 1746 1356">
    <p class='ocr_par' dir='ltr' id='par_1_23' title="bbox 1003 1311 1746 1356">
     <span class='ocr_line' id='line_1_76' title="bbox 1003 1311 1746 1356; baseline 0.001 -13"><span class='ocrx_word' id='word_1_351' title='bbox 1003 1311 1040 1343; x_wconf 90' lang='lat' dir='ltr'><strong>de</strong></span> <span class='ocrx_word' id='word_1_352' title='bbox 1061 1312 1157 1344; x_wconf 86' lang='lat' dir='ltr'><strong>latere</strong></span> <span class='ocrx_word' id='word_1_353' title='bbox 1181 1311 1377 1354; x_wconf 80' lang='lat' dir='ltr'><strong>legatorum,</strong></span> <span class='ocrx_word' id='word_1_354' title='bbox 1403 1311 1530 1352; x_wconf 89' lang='lat' dir='ltr'><strong>ducum,</strong></span> <span class='ocrx_word' id='word_1_355' title='bbox 1555 1311 1746 1356; x_wconf 88' lang='lat' dir='ltr'><strong>principum,</strong></span> 
     </span>
    </p>
   </div>
   <div class='ocr_carea' id='block_1_20' title="bbox 985 1365 1750 1570">
    <p class='ocr_par' dir='ltr' id='par_1_24' title="bbox 985 1365 1750 1570">
     <span class='ocr_line' id='line_1_77' title="bbox 985 1365 1748 1409; baseline 0.001 -11"><span class='ocrx_word' id='word_1_356' title='bbox 985 1380 987 1387; x_wconf 46' lang='grc' dir='ltr'><strong>ν</strong></span> <span class='ocrx_word' id='word_1_357' title='bbox 1003 1371 1033 1398; x_wconf 87' lang='lat' dir='ltr'><strong>et</strong></span> <span class='ocrx_word' id='word_1_358' title='bbox 1048 1365 1263 1408; x_wconf 87' lang='lat' dir='ltr'><strong>quorumlibet</strong></span> <span class='ocrx_word' id='word_1_359' title='bbox 1279 1365 1413 1398; x_wconf 89' lang='lat' dir='ltr'><strong>aliorum</strong></span> <span class='ocrx_word' id='word_1_360' title='bbox 1435 1376 1634 1409; x_wconf 88' lang='lat' dir='ltr'><strong>quacumque</strong></span> <span class='ocrx_word' id='word_1_361' title='bbox 1651 1366 1748 1399; x_wconf 89' lang='lat' dir='ltr'><strong>eccle-</strong></span> 
     </span>
     <span class='ocr_line' id='line_1_78' title="bbox 986 1418 1750 1463; baseline 0.001 -12"><span class='ocrx_word' id='word_1_362' title='bbox 986 1419 1128 1451; x_wconf 76' lang='lat' dir='ltr'><strong>siastica</strong></span> <span class='ocrx_word' id='word_1_363' title='bbox 1153 1424 1182 1451; x_wconf 90' lang='lat' dir='ltr'><strong>et</strong></span> <span class='ocrx_word' id='word_1_364' title='bbox 1208 1419 1368 1451; x_wconf 76' lang='lat' dir='ltr'><strong>numdana</strong></span> <span class='ocrx_word' id='word_1_365' title='bbox 1392 1418 1555 1462; x_wconf 80' lang='lat' dir='ltr'><strong>dignitate,</strong></span> <span class='ocrx_word' id='word_1_366' title='bbox 1569 1419 1660 1453; x_wconf 87' lang='lat' dir='ltr'><strong>etiam</strong></span> <span class='ocrx_word' id='word_1_367' title='bbox 1684 1430 1750 1463; x_wconf 87' lang='lat' dir='ltr'><strong>spe-</strong></span> 
     </span>
     <span class='ocr_line' id='line_1_79' title="bbox 987 1471 1748 1517; baseline 0.001 -13"><span class='ocrx_word' id='word_1_368' title='bbox 987 1476 988 1484; x_wconf 65' lang='lat'><em>*</em></span> <span class='ocrx_word' id='word_1_369' title='bbox 1005 1473 1114 1505; x_wconf 85' lang='lat' dir='ltr'><strong>cialem</strong></span> <span class='ocrx_word' id='word_1_370' title='bbox 1130 1477 1159 1504; x_wconf 90' lang='lat' dir='ltr'><strong>et</strong></span> <span class='ocrx_word' id='word_1_371' title='bbox 1177 1471 1368 1505; x_wconf 71' lang='lat' dir='ltr'><strong>individuam</strong></span> <span class='ocrx_word' id='word_1_372' title='bbox 1383 1473 1620 1516; x_wconf 79' lang='lat' dir='ltr'><strong>expressionem</strong></span> <span class='ocrx_word' id='word_1_373' title='bbox 1641 1474 1748 1517; x_wconf 88' lang='lat' dir='ltr'><strong>requi-</strong></span> 
     </span>
     <span class='ocr_line' id='line_1_80' title="bbox 988 1525 1749 1570; baseline 0 -12"><span class='ocrx_word' id='word_1_374' title='bbox 988 1560 989 1566; x_wconf 21' lang='lat'><strong>,</strong></span> <span class='ocrx_word' id='word_1_375' title='bbox 1007 1531 1102 1567; x_wconf 83' lang='lat' dir='ltr'><strong>rente,</strong></span> <span class='ocrx_word' id='word_1_376' title='bbox 1118 1525 1306 1568; x_wconf 77' lang='lat' dir='ltr'><strong>fulgentium</strong></span> <span class='ocrx_word' id='word_1_377' title='bbox 1319 1526 1508 1570; x_wconf 81' lang='lat' dir='ltr'><strong>praesentia,</strong></span> <span class='ocrx_word' id='word_1_378' title='bbox 1527 1527 1749 1570; x_wconf 87' lang='lat' dir='ltr'><strong>conspectibus</strong></span> 
     </span>
    </p>
   </div>
   <div class='ocr_carea' id='block_1_21' title="bbox 1006 1579 1749 1623">
    <p class='ocr_par' dir='ltr' id='par_1_25' title="bbox 1006 1579 1749 1623">
     <span class='ocr_line' id='line_1_81' title="bbox 1006 1579 1749 1623; baseline 0.003 -12"><span class='ocrx_word' id='word_1_379' title='bbox 1006 1585 1035 1612; x_wconf 78' lang='lat' dir='ltr'><strong>et</strong></span> <span class='ocrx_word' id='word_1_380' title='bbox 1049 1579 1154 1619; x_wconf 84' lang='lat' dir='ltr'><strong>curiis,</strong></span> <span class='ocrx_word' id='word_1_381' title='bbox 1169 1584 1198 1612; x_wconf 89' lang='lat' dir='ltr'><strong>et</strong></span> <span class='ocrx_word' id='word_1_382' title='bbox 1215 1579 1405 1622; x_wconf 80' lang='lat' dir='ltr'><strong>generaliter</strong></span> <span class='ocrx_word' id='word_1_383' title='bbox 1421 1579 1622 1623; x_wconf 83' lang='lat' dir='ltr'><strong>ubicumque,</strong></span> <span class='ocrx_word' id='word_1_384' title='bbox 1642 1590 1749 1613; x_wconf 85' lang='lat' dir='ltr'><strong>coram</strong></span> 
     </span>
    </p>
   </div>
   <div class='ocr_carea' id='block_1_22' title="bbox 989 1622 1750 1680">
    <p class='ocr_par' dir='ltr' id='par_1_26' title="bbox 989 1622 1750 1680">
     <span class='ocr_line' id='line_1_82' title="bbox 989 1622 1750 1680; baseline 0.003 -16"><span class='ocrx_word' id='word_1_385' title='bbox 989 1622 1266 1680; x_wconf 42' lang='lat' dir='ltr'><strong>{quibuscumque</strong></span> <span class='ocrx_word' id='word_1_386' title='bbox 1282 1643 1317 1664; x_wconf 85' lang='lat' dir='ltr'><strong>ae</strong></span> <span class='ocrx_word' id='word_1_387' title='bbox 1341 1632 1427 1665; x_wconf 85' lang='lat' dir='ltr'><strong>omni</strong></span> <span class='ocrx_word' id='word_1_388' title='bbox 1454 1637 1596 1676; x_wconf 87' lang='lat' dir='ltr'><strong>tempore</strong></span> <span class='ocrx_word' id='word_1_389' title='bbox 1617 1633 1750 1674; x_wconf 81' lang='lat' dir='ltr'><strong>deferre,</strong></span> 
     </span>
    </p>
   </div>
   <div class='ocr_carea' id='block_1_23' title="bbox 1008 1685 1753 1888">
    <p class='ocr_par' dir='ltr' id='par_1_27' title="bbox 1009 1685 1570 1729">
     <span class='ocr_line' id='line_1_83' title="bbox 1009 1685 1570 1729; baseline 0.004 -12"><span class='ocrx_word' id='word_1_390' title='bbox 1009 1686 1124 1729; x_wconf 87' lang='lat' dir='ltr'><strong>illoque</strong></span> <span class='ocrx_word' id='word_1_391' title='bbox 1149 1685 1248 1718; x_wconf 89' lang='lat' dir='ltr'><strong>induti</strong></span> <span class='ocrx_word' id='word_1_392' title='bbox 1270 1686 1395 1729; x_wconf 88' lang='lat' dir='ltr'><strong>publice</strong></span> <span class='ocrx_word' id='word_1_393' title='bbox 1414 1686 1570 1719; x_wconf 84' lang='lat' dir='ltr'><strong>incedere.</strong></span> 
     </span>
    </p>

    <p class='ocr_par' dir='ltr' id='par_1_28' title="bbox 1008 1739 1753 1888">
     <span class='ocr_line' id='line_1_84' title="bbox 1053 1739 1752 1783; baseline 0.003 -11"><span class='ocrx_word' id='word_1_394' title='bbox 1053 1740 1066 1782; x_wconf 66' lang='grc' dir='ltr'><strong>ξ</strong></span> <span class='ocrx_word' id='word_1_395' title='bbox 1091 1739 1120 1772; x_wconf 78' lang='lat'><strong>3.</strong></span> <span class='ocrx_word' id='word_1_396' title='bbox 1146 1741 1190 1772; x_wconf 80' lang='lat' dir='ltr'><strong>Ac</strong></span> <span class='ocrx_word' id='word_1_397' title='bbox 1214 1739 1345 1783; x_wconf 86' lang='lat' dir='ltr'><strong>insuper</strong></span> <span class='ocrx_word' id='word_1_398' title='bbox 1370 1740 1479 1772; x_wconf 90' lang='lat' dir='ltr'><strong>iisdem</strong></span> <span class='ocrx_word' id='word_1_399' title='bbox 1514 1740 1636 1773; x_wconf 84' lang='lat' dir='ltr'><strong>clericis</strong></span> <span class='ocrx_word' id='word_1_400' title='bbox 1668 1751 1752 1774; x_wconf 88' lang='lat' dir='ltr'><strong>nunc</strong></span> 
     </span>
     <span class='ocr_line' id='line_1_85' title="bbox 1008 1792 1753 1836; baseline 0.003 -12"><span class='ocrx_word' id='word_1_401' title='bbox 1008 1798 1037 1825; x_wconf 89' lang='lat' dir='ltr'><strong>ct</strong></span> <span class='ocrx_word' id='word_1_402' title='bbox 1062 1803 1121 1836; x_wconf 88' lang='lat' dir='ltr'><strong>pro</strong></span> <span class='ocrx_word' id='word_1_403' title='bbox 1147 1798 1292 1836; x_wconf 88' lang='lat' dir='ltr'><strong>tempore</strong></span> <span class='ocrx_word' id='word_1_404' title='bbox 1317 1792 1579 1836; x_wconf 82' lang='lat' dir='ltr'><strong>quandocumque</strong></span> <span class='ocrx_word' id='word_1_405' title='bbox 1598 1793 1753 1826; x_wconf 75' lang='lat' dir='ltr'><strong>existenti-</strong></span> 
     </span>
     <span class='ocr_line' id='line_1_86' title="bbox 1008 1845 1749 1888; baseline 0.003 -11"><span class='ocrx_word' id='word_1_406' title='bbox 1008 1845 1084 1885; x_wconf 87' lang='lat' dir='ltr'><strong>bus,</strong></span> <span class='ocrx_word' id='word_1_407' title='bbox 1115 1856 1173 1888; x_wconf 87' lang='lat' dir='ltr'><strong>pro</strong></span> <span class='ocrx_word' id='word_1_408' title='bbox 1199 1845 1355 1888; x_wconf 85' lang='lat' dir='ltr'><strong>spirituali</strong></span> <span class='ocrx_word' id='word_1_409' title='bbox 1380 1856 1490 1878; x_wconf 86' lang='lat' dir='ltr'><strong>eorum</strong></span> <span class='ocrx_word' id='word_1_410' title='bbox 1517 1847 1749 1888; x_wconf 83' lang='lat' dir='ltr'><strong>consolatione,</strong></span> 
     </span>
    </p>
   </div>
   <div class='ocr_carea' id='block_1_24' title="bbox 989 1898 1754 1944">
    <p class='ocr_par' dir='ltr' id='par_1_29' title="bbox 989 1898 1754 1944">
     <span class='ocr_line' id='line_1_87' title="bbox 989 1898 1754 1944; baseline 0.004 -14"><span class='ocrx_word' id='word_1_411' title='bbox 989 1924 991 1944; x_wconf 39' lang='grc' dir='ltr'>ᾖ</span> <span class='ocrx_word' id='word_1_412' title='bbox 1008 1903 1041 1931; x_wconf 89' lang='lat' dir='ltr'><strong>ut</strong></span> <span class='ocrx_word' id='word_1_413' title='bbox 1065 1899 1096 1931; x_wconf 93' lang='lat' dir='ltr'><strong>in</strong></span> <span class='ocrx_word' id='word_1_414' title='bbox 1121 1898 1244 1942; x_wconf 76' lang='lat' dir='ltr'><strong>privato</strong></span> <span class='ocrx_word' id='word_1_415' title='bbox 1260 1899 1372 1931; x_wconf 85' lang='lat' dir='ltr'><strong>domus</strong></span> <span class='ocrx_word' id='word_1_416' title='bbox 1390 1899 1557 1932; x_wconf 86' lang='lat' dir='ltr'><strong>cuiuslibet</strong></span> <span class='ocrx_word' id='word_1_417' title='bbox 1574 1910 1684 1933; x_wconf 86' lang='lat' dir='ltr'><strong>eorum</strong></span> <span class='ocrx_word' id='word_1_418' title='bbox 1703 1901 1754 1933; x_wconf 81' lang='lat' dir='ltr'><strong>lia-</strong></span> 
     </span>
    </p>
   </div>
   <div class='ocr_carea' id='block_1_25' title="bbox 1007 1952 1755 2266">
    <p class='ocr_par' dir='ltr' id='par_1_30' title="bbox 1007 1952 1755 2266">
     <span class='ocr_line' id='line_1_88' title="bbox 1007 1952 1753 1995; baseline 0.005 -12"><span class='ocrx_word' id='word_1_419' title='bbox 1007 1952 1176 1993; x_wconf 85' lang='lat' dir='ltr'><strong>bitationis,</strong></span> <span class='ocrx_word' id='word_1_420' title='bbox 1195 1952 1288 1984; x_wconf 86' lang='lat' dir='ltr'><strong>etiam</strong></span> <span class='ocrx_word' id='word_1_421' title='bbox 1308 1953 1337 1984; x_wconf 93' lang='lat' dir='ltr'><strong>in</strong></span> <span class='ocrx_word' id='word_1_422' title='bbox 1357 1953 1413 1985; x_wconf 82' lang='lat' dir='ltr'><strong>liae</strong></span> <span class='ocrx_word' id='word_1_423' title='bbox 1435 1953 1516 1985; x_wconf 74' lang='lat' dir='ltr'><strong>aliua</strong></span> <span class='ocrx_word' id='word_1_424' title='bbox 1535 1953 1617 1987; x_wconf 88' lang='lat' dir='ltr'><strong>Urbe</strong></span> <span class='ocrx_word' id='word_1_425' title='bbox 1634 1956 1753 1995; x_wconf 71' lang='lat' dir='ltr'><strong>nostra,</strong></span> 
     </span>
     <span class='ocr_line' id='line_1_89' title="bbox 1008 2004 1752 2042; baseline 0.004 -5"><span class='ocrx_word' id='word_1_426' title='bbox 1008 2005 1147 2038; x_wconf 89' lang='lat' dir='ltr'><strong>oratorio</strong></span> <span class='ocrx_word' id='word_1_427' title='bbox 1172 2004 1210 2038; x_wconf 85' lang='lat' dir='ltr'><strong>ad</strong></span> <span class='ocrx_word' id='word_1_428' title='bbox 1235 2005 1295 2039; x_wconf 89' lang='lat' dir='ltr'><strong>hoc</strong></span> <span class='ocrx_word' id='word_1_429' title='bbox 1320 2005 1467 2040; x_wconf 84' lang='lat' dir='ltr'><strong>decenter</strong></span> <span class='ocrx_word' id='word_1_430' title='bbox 1493 2017 1583 2040; x_wconf 89' lang='lat' dir='ltr'><strong>muro</strong></span> <span class='ocrx_word' id='word_1_431' title='bbox 1609 2012 1752 2042; x_wconf 81' lang='lat' dir='ltr'><strong>extructo</strong></span> 
     </span>
     <span class='ocr_line' id='line_1_90' title="bbox 1009 2060 1754 2103; baseline 0.004 -12"><span class='ocrx_word' id='word_1_432' title='bbox 1009 2065 1038 2091; x_wconf 91' lang='lat' dir='ltr'><strong>et</strong></span> <span class='ocrx_word' id='word_1_433' title='bbox 1062 2064 1185 2098; x_wconf 82' lang='lat' dir='ltr'><strong>ornato,</strong></span> <span class='ocrx_word' id='word_1_434' title='bbox 1210 2069 1264 2092; x_wconf 90' lang='lat' dir='ltr'><strong>seu</strong></span> <span class='ocrx_word' id='word_1_435' title='bbox 1291 2060 1464 2093; x_wconf 79' lang='lat' dir='ltr'><strong>extruendo</strong></span> <span class='ocrx_word' id='word_1_436' title='bbox 1490 2066 1519 2093; x_wconf 84' lang='lat' dir='ltr'><strong>et</strong></span> <span class='ocrx_word' id='word_1_437' title='bbox 1545 2061 1696 2103; x_wconf 90' lang='lat' dir='ltr'><strong>ornando,</strong></span> <span class='ocrx_word' id='word_1_438' title='bbox 1715 2061 1754 2094; x_wconf 86' lang='lat' dir='ltr'><strong>ab</strong></span> 
     </span>
     <span class='ocr_line' id='line_1_91' title="bbox 1009 2113 1755 2158; baseline 0.003 -13"><span class='ocrx_word' id='word_1_439' title='bbox 1009 2113 1156 2146; x_wconf 87' lang='lat' dir='ltr'><strong>omnibus</strong></span> <span class='ocrx_word' id='word_1_440' title='bbox 1181 2113 1360 2147; x_wconf 84' lang='lat' dir='ltr'><strong>domesticis</strong></span> <span class='ocrx_word' id='word_1_441' title='bbox 1378 2114 1487 2147; x_wconf 85' lang='lat' dir='ltr'><strong>usibus</strong></span> <span class='ocrx_word' id='word_1_442' title='bbox 1508 2114 1619 2155; x_wconf 85' lang='lat' dir='ltr'><strong>libero,</strong></span> <span class='ocrx_word' id='word_1_443' title='bbox 1635 2125 1693 2158; x_wconf 87' lang='lat' dir='ltr'><strong>per</strong></span> <span class='ocrx_word' id='word_1_444' title='bbox 1713 2115 1755 2147; x_wconf 93' lang='lat' dir='ltr'><strong>di-</strong></span> 
     </span>
     <span class='ocr_line' id='line_1_92' title="bbox 1010 2167 1755 2202; baseline 0.004 -3"><span class='ocrx_word' id='word_1_445' title='bbox 1010 2167 1124 2200; x_wconf 90' lang='lat' dir='ltr'><strong>lectum</strong></span> <span class='ocrx_word' id='word_1_446' title='bbox 1157 2167 1255 2200; x_wconf 83' lang='lat' dir='ltr'><strong>silium</strong></span> <span class='ocrx_word' id='word_1_447' title='bbox 1289 2173 1431 2201; x_wconf 88' lang='lat' dir='ltr'><strong>nostrum</strong></span> <span class='ocrx_word' id='word_1_448' title='bbox 1466 2169 1495 2200; x_wconf 89' lang='lat' dir='ltr'><strong>in</strong></span> <span class='ocrx_word' id='word_1_449' title='bbox 1530 2168 1639 2202; x_wconf 79' lang='lat' dir='ltr'><strong>eadem</strong></span> <span class='ocrx_word' id='word_1_450' title='bbox 1673 2169 1755 2202; x_wconf 91' lang='lat' dir='ltr'><strong>Urbe</strong></span> 
     </span>
     <span class='ocr_line' id='line_1_93' title="bbox 1010 2221 1755 2266; baseline 0.003 -13"><span class='ocrx_word' id='word_1_451' title='bbox 1010 2221 1161 2254; x_wconf 69' lang='lat' dir='ltr'><strong>vicarium</strong></span> <span class='ocrx_word' id='word_1_452' title='bbox 1177 2221 1207 2253; x_wconf 87' lang='lat' dir='ltr'><strong>in</strong></span> <span class='ocrx_word' id='word_1_453' title='bbox 1222 2221 1438 2265; x_wconf 83' lang='lat' dir='ltr'><strong>spiritualibus</strong></span> <span class='ocrx_word' id='word_1_454' title='bbox 1450 2223 1641 2265; x_wconf 75' lang='lat' dir='ltr'><strong>generalem,</strong></span> <span class='ocrx_word' id='word_1_455' title='bbox 1652 2222 1755 2266; x_wconf 89' lang='lat' dir='ltr'><strong>quoad</strong></span> 
     </span>
    </p>
   </div>
   <div class='ocr_carea' id='block_1_26' title="bbox 992 2275 1756 2319">
    <p class='ocr_par' dir='ltr' id='par_1_31' title="bbox 992 2275 1756 2319">
     <span class='ocr_line' id='line_1_94' title="bbox 992 2275 1756 2319; baseline 0.001 -12"><span class='ocrx_word' id='word_1_456' title='bbox 992 2275 1149 2315; x_wconf 52' lang='lat' dir='ltr'><strong>,oratoria</strong></span> <span class='ocrx_word' id='word_1_457' title='bbox 1175 2275 1205 2307; x_wconf 93' lang='lat' dir='ltr'><strong>in</strong></span> <span class='ocrx_word' id='word_1_458' title='bbox 1230 2275 1338 2308; x_wconf 78' lang='lat' dir='ltr'><strong>eadem</strong></span> <span class='ocrx_word' id='word_1_459' title='bbox 1377 2275 1481 2318; x_wconf 84' lang='lat' dir='ltr'><strong>Urbe,</strong></span> <span class='ocrx_word' id='word_1_460' title='bbox 1508 2282 1535 2309; x_wconf 87' lang='lat' dir='ltr'><strong>et</strong></span> <span class='ocrx_word' id='word_1_461' title='bbox 1560 2276 1665 2319; x_wconf 85' lang='lat' dir='ltr'><strong>quoad</strong></span> <span class='ocrx_word' id='word_1_462' title='bbox 1697 2277 1756 2309; x_wconf 91' lang='lat' dir='ltr'><strong>alia</strong></span> 
     </span>
    </p>
   </div>
   <div class='ocr_carea' id='block_1_27' title="bbox 1011 2328 1758 2642">
    <p class='ocr_par' dir='ltr' id='par_1_32' title="bbox 1011 2328 1758 2642">
     <span class='ocr_line' id='line_1_95' title="bbox 1011 2328 1756 2372; baseline 0.001 -12"><span class='ocrx_word' id='word_1_463' title='bbox 1011 2333 1097 2361; x_wconf 80' lang='lat' dir='ltr'><strong>extra</strong></span> <span class='ocrx_word' id='word_1_464' title='bbox 1122 2328 1315 2372; x_wconf 86' lang='lat' dir='ltr'><strong>praedictam</strong></span> <span class='ocrx_word' id='word_1_465' title='bbox 1338 2329 1453 2362; x_wconf 87' lang='lat' dir='ltr'><strong>Urbem</strong></span> <span class='ocrx_word' id='word_1_466' title='bbox 1481 2340 1537 2372; x_wconf 86' lang='lat' dir='ltr'><strong>per</strong></span> <span class='ocrx_word' id='word_1_467' title='bbox 1555 2329 1756 2362; x_wconf 84' lang='lat' dir='ltr'><strong>Ordinarium</strong></span> 
     </span>
     <span class='ocr_line' id='line_1_96' title="bbox 1012 2382 1758 2427; baseline 0.004 -14"><span class='ocrx_word' id='word_1_468' title='bbox 1012 2382 1072 2415; x_wconf 88' lang='lat' dir='ltr'><strong>loci</strong></span> <span class='ocrx_word' id='word_1_469' title='bbox 1098 2382 1271 2426; x_wconf 77' lang='lat' dir='ltr'><strong>respective</strong></span> <span class='ocrx_word' id='word_1_470' title='bbox 1297 2382 1386 2426; x_wconf 85' lang='lat' dir='ltr'><strong>prius</strong></span> <span class='ocrx_word' id='word_1_471' title='bbox 1411 2383 1564 2416; x_wconf 72' lang='lat' dir='ltr'><strong>visitando</strong></span> <span class='ocrx_word' id='word_1_472' title='bbox 1590 2389 1619 2416; x_wconf 85' lang='lat' dir='ltr'><strong>et</strong></span> <span class='ocrx_word' id='word_1_473' title='bbox 1644 2394 1758 2427; x_wconf 80' lang='lat' dir='ltr'><strong>appro-</strong></span> 
     </span>
     <span class='ocr_line' id='line_1_97' title="bbox 1013 2435 1757 2482; baseline 0.004 -15"><span class='ocrx_word' id='word_1_474' title='bbox 1013 2435 1125 2476; x_wconf 87' lang='lat' dir='ltr'><strong>bando,</strong></span> <span class='ocrx_word' id='word_1_475' title='bbox 1152 2446 1244 2468; x_wconf 88' lang='lat' dir='ltr'><strong>unam</strong></span> <span class='ocrx_word' id='word_1_476' title='bbox 1265 2436 1390 2469; x_wconf 81' lang='lat' dir='ltr'><strong>missam</strong></span> <span class='ocrx_word' id='word_1_477' title='bbox 1410 2447 1468 2480; x_wconf 85' lang='lat' dir='ltr'><strong>pro</strong></span> <span class='ocrx_word' id='word_1_478' title='bbox 1486 2448 1679 2482; x_wconf 76' lang='lat' dir='ltr'><strong>unoquoque</strong></span> <span class='ocrx_word' id='word_1_479' title='bbox 1697 2437 1757 2477; x_wconf 90' lang='lat' dir='ltr'><strong>die,</strong></span> 
     </span>
     <span class='ocr_line' id='line_1_98' title="bbox 1012 2490 1757 2524; baseline 0.003 -2"><span class='ocrx_word' id='word_1_480' title='bbox 1012 2490 1186 2523; x_wconf 90' lang='lat' dir='ltr'><strong>dummodo</strong></span> <span class='ocrx_word' id='word_1_481' title='bbox 1212 2490 1242 2522; x_wconf 91' lang='lat' dir='ltr'><strong>in</strong></span> <span class='ocrx_word' id='word_1_482' title='bbox 1263 2490 1357 2524; x_wconf 88' lang='lat' dir='ltr'><strong>domo</strong></span> <span class='ocrx_word' id='word_1_483' title='bbox 1379 2491 1559 2524; x_wconf 80' lang='lat' dir='ltr'><strong>huiusmodi</strong></span> <span class='ocrx_word' id='word_1_484' title='bbox 1578 2491 1757 2524; x_wconf 88' lang='lat' dir='ltr'><strong>celebrandi</strong></span> 
     </span>
     <span class='ocr_line' id='line_1_99' title="bbox 1015 2544 1758 2588; baseline 0.001 -12"><span class='ocrx_word' id='word_1_485' title='bbox 1015 2544 1147 2584; x_wconf 89' lang='lat' dir='ltr'><strong>licentia,</strong></span> <span class='ocrx_word' id='word_1_486' title='bbox 1164 2554 1244 2588; x_wconf 86' lang='lat' dir='ltr'><strong>quae</strong></span> <span class='ocrx_word' id='word_1_487' title='bbox 1261 2544 1363 2577; x_wconf 83' lang='lat' dir='ltr'><strong>adliuc</strong></span> <span class='ocrx_word' id='word_1_488' title='bbox 1383 2544 1485 2585; x_wconf 88' lang='lat' dir='ltr'><strong>duret,</strong></span> <span class='ocrx_word' id='word_1_489' title='bbox 1502 2545 1591 2578; x_wconf 83' lang='lat' dir='ltr'><strong>alteri</strong></span> <span class='ocrx_word' id='word_1_490' title='bbox 1610 2555 1758 2579; x_wconf 84' lang='lat' dir='ltr'><strong>concessa</strong></span> 
     </span>
     <span class='ocr_line' id='line_1_100' title="bbox 1014 2598 1758 2642; baseline 0.003 -12"><span class='ocrx_word' id='word_1_491' title='bbox 1014 2608 1076 2632; x_wconf 92' lang='lat' dir='ltr'><strong>non</strong></span> <span class='ocrx_word' id='word_1_492' title='bbox 1102 2598 1206 2638; x_wconf 78' lang='lat' dir='ltr'><strong>suerit,</strong></span> <span class='ocrx_word' id='word_1_493' title='bbox 1223 2609 1279 2641; x_wconf 89' lang='lat' dir='ltr'><strong>per</strong></span> <span class='ocrx_word' id='word_1_494' title='bbox 1297 2609 1329 2631; x_wconf 85' lang='lat' dir='ltr'><strong>se</strong></span> <span class='ocrx_word' id='word_1_495' title='bbox 1348 2598 1442 2642; x_wconf 89' lang='lat' dir='ltr'><strong>ipsos,</strong></span> <span class='ocrx_word' id='word_1_496' title='bbox 1458 2598 1481 2631; x_wconf 86' lang='lat' dir='ltr'><strong>si</strong></span> <span class='ocrx_word' id='word_1_497' title='bbox 1496 2599 1675 2633; x_wconf 83' lang='lat' dir='ltr'><strong>sacerdotes</strong></span> <span class='ocrx_word' id='word_1_498' title='bbox 1692 2599 1758 2632; x_wconf 85' lang='lat' dir='ltr'><strong>sue-</strong></span> 
     </span>
    </p>
   </div>
   <div class='ocr_carea' id='block_1_28' title="bbox 1661 182 1935 220">
    <p class='ocr_par' dir='ltr' id='par_1_33' title="bbox 1661 182 1935 220">
     <span class='ocr_line' id='line_1_101' title="bbox 1661 182 1935 220; baseline 0.018 -5"><span class='ocrx_word' id='word_1_499' title='bbox 1661 182 1698 215; x_wconf 72' lang='lat'><strong>91</strong></span> <span class='ocrx_word' id='word_1_500' title='bbox 1749 192 1800 219; x_wconf 79' lang='grc' dir='ltr'><strong>Αη.</strong></span> <span class='ocrx_word' id='word_1_501' title='bbox 1816 192 1844 219; x_wconf 89' lang='lat' dir='ltr'><strong>c.</strong></span> <span class='ocrx_word' id='word_1_502' title='bbox 1868 192 1935 220; x_wconf 81' lang='lat'>¹655</span> 
     </span>
    </p>
   </div>
   <div class='ocr_carea' id='block_1_29' title="bbox 1767 1749 1953 1903">
    <p class='ocr_par' dir='ltr' id='par_1_34' title="bbox 1767 1749 1953 1903">
     <span class='ocr_line' id='line_1_102' title="bbox 1808 1749 1952 1770; baseline 0 0"><span class='ocrx_word' id='word_1_503' title='bbox 1808 1750 1846 1770; x_wconf 67' lang='lat' dir='ltr'><strong>Dat</strong></span> <span class='ocrx_word' id='word_1_504' title='bbox 1862 1749 1952 1770; x_wconf 76' lang='lat' dir='ltr'><strong>faculta-</strong></span> 
     </span>
     <span class='ocr_line' id='line_1_103' title="bbox 1768 1777 1952 1802; baseline 0.005 -6"><span class='ocrx_word' id='word_1_505' title='bbox 1768 1779 1808 1796; x_wconf 63' lang='lat' dir='ltr'><strong>tem</strong></span> <span class='ocrx_word' id='word_1_506' title='bbox 1837 1777 1952 1802; x_wconf 74' lang='lat' dir='ltr'><strong>praedictis</strong></span> 
     </span>
     <span class='ocr_line' id='line_1_104' title="bbox 1767 1804 1952 1824; baseline 0.005 -1"><span class='ocrx_word' id='word_1_507' title='bbox 1767 1804 1851 1824; x_wconf 68' lang='lat' dir='ltr'><strong>cleric-is</strong></span> <span class='ocrx_word' id='word_1_508' title='bbox 1898 1804 1952 1824; x_wconf 78' lang='lat' dir='ltr'><strong>cele-</strong></span> 
     </span>
     <span class='ocr_line' id='line_1_105' title="bbox 1767 1830 1952 1850; baseline -0.005 0"><span class='ocrx_word' id='word_1_509' title='bbox 1767 1830 1841 1850; x_wconf 63' lang='lat' dir='ltr'><strong>braim</strong></span> <span class='ocrx_word' id='word_1_510' title='bbox 1867 1831 1952 1850; x_wconf 69' lang='lat' dir='ltr'><strong>missam</strong></span> 
     </span>
     <span class='ocr_line' id='line_1_106' title="bbox 1769 1857 1953 1883; baseline 0 -7"><span class='ocrx_word' id='word_1_511' title='bbox 1769 1858 1788 1876; x_wconf 88' lang='lat' dir='ltr'><strong>in</strong></span> <span class='ocrx_word' id='word_1_512' title='bbox 1804 1858 1897 1877; x_wconf 66' lang='lat' dir='ltr'><strong>oraturio</strong></span> <span class='ocrx_word' id='word_1_513' title='bbox 1912 1857 1953 1883; x_wconf 81' lang='lat' dir='ltr'><strong>pri-</strong></span> 
     </span>
     <span class='ocr_line' id='line_1_107' title="bbox 1769 1886 1824 1903; baseline 0 0"><span class='ocrx_word' id='word_1_514' title='bbox 1769 1886 1824 1903; x_wconf 57' lang='lat' dir='ltr'><strong>walo.</strong></span> 
     </span>
    </p>
   </div>
  </div>
 </body>
</html>
