2243 3205
19 238 68 265 Aa.
83 237 113 265 c.
132 236 199 264 1658
812 236 997 261 ALEXANDER
1022 236 1066 260 vn
1090 236 1139 261 rr.
1640 226 1704 260 3⁵27
1751 235 1839 263 Aac.
1863 236 1930 263 1658

213 293 306 329 peres
331 284 405 327 sint)
429 285 638 329 persolverint
662 285 823 326 alimenta,
849 294 955 318 conce-
970 286 974 335 l
989 285 1154 328 repererit,
1168 284 1206 317 ad
1221 285 1432 319 confessiones
1446 284 1656 329 excipiendas,
1670 295 1733 328 quo

214 337 326 380 datur,
351 348 390 370 ne
415 349 431 371 a
457 344 560 372 rectae
586 338 777 373 educationis
801 337 955 371 beneficio
971 342 973 388 ζ
990 337 1110 371 facilius
1136 344 1165 371 et
1190 339 1337 371 libentius
1362 339 1468 372 fideles
1501 343 1732 371 sacramentum

213 402 344 436 prorsus
369 393 585 434 excludantur,
610 392 717 426 habita
743 398 846 425 tamen
871 402 951 435 pru·
971 389 973 413 '=

214 445 298 478 denti
319 445 516 480 distinctione
533 457 549 479 a
567 446 706 490 reliquis,
725 451 758 479 ut
772 445 868 490 quieti
887 440 973 484 con-'j

216 497 344 531 sulatur.

259 561 288 584 v.
313 551 358 584 Ad
384 552 529 585 scientias
549 552 752 586 addiscendas
779 557 808 585 et
834 551 956 585 scholas

215 604 346 648 quilibet
375 605 574 646 admittatur,
610 606 696 639 nullo
728 605 836 638 habito
867 604 955 637 nobi-

213 657 308 690 litatis
344 668 399 690 seu
430 659 554 701 generis
585 658 789 699 discrimine,
825 657 884 691 nisi
921 667 956 690 ex

214 709 318 754 aliqua
342 711 473 755 propria
499 712 591 755 culpa
617 712 686 755 quis
711 711 858 755 indignus
883 720 973 747 cen-¹

215 766 328 797 seatur.
972 803 974 811 ¹

259 826 299 849 vl.
325 817 504 862 Neophytos
528 817 592 851 Deo
617 817 675 850 sub
697 817 861 860 religionis
882 816 957 859 iugo

214 869 332 902 servire
354 870 493 903 volentes
510 870 576 904 sine
596 870 775 904 rationabili
797 871 891 902 causa
908 880 957 902 re-

214 922 339 965 gulares
363 933 426 957 non
450 929 609 968 respuant,
634 923 687 957 sed
711 924 781 968 pari
806 923 975 963 charitatez

214 986 334 1017 omnes,
351 977 403 1021 qui
421 977 532 1022 spiritu
549 977 602 1010 Dei
620 983 757 1021 aguntur
778 982 807 1010 et
824 977 861 1010 ad
887 987 958 1021 per·
973 965 976 988 ²

215 1029 380 1063 sectionem
394 1030 550 1073 anhelant,
568 1031 808 1075 amplectantur.

258 1093 311 1117 vn.
349 1084 525 1128 Presbyteri
561 1084 718 1117 seculares
750 1083 893 1118 doctrina
929 1089 976 1117 et¹

215 1137 356 1171 moribus
381 1137 484 1172 idonei
509 1149 526 1171 a
551 1138 715 1171 beneficiis
741 1137 868 1179 curatis,
889 1143 919 1171 et
943 1133 976 1179 a}

216 1191 356 1234 quolibet
379 1191 440 1225 alio
473 1192 685 1226 ecclesiastico
716 1202 869 1232 munere,
895 1191 960 1225 sive

214 1245 471 1289 praedicationis,
496 1246 561 1278 sive
592 1245 830 1278 administrandi
855 1256 959 1279 sacra-

215 1298 343 1332 menta¹
375 1300 586 1343 poenitentiae
613 1300 743 1333 minime
774 1305 959 1341 arceantur,

991 392 1200 435 poenitentiae
1226 393 1347 425 valcant
1372 393 1581 436 frequentare,
1606 402 1665 425 nec
1683 401 1733 424 co-

991 450 1104 487 gantur
1129 445 1204 478 solis
1228 445 1427 488 regularibus
1445 452 1494 479 aut
1522 446 1638 479 exteris
1666 455 1732 478 sese

990 497 1156 531 subiicere.

1036 560 1077 584 xl.
1105 551 1142 584 Ut
1166 557 1269 584 autem
1303 551 1453 585 radicitus
1483 552 1634 585 evellatur
1662 552 1734 585 abu-

992 614 1054 645 sus,
1074 605 1127 649 qui
1152 605 1184 637 iu
1208 605 1358 649 praefatis
1382 605 1574 648 regionibus,
1592 610 1626 638 ut
1643 616 1733 650 prae-

991 658 1110 701 fertur,
1140 659 1288 702 irrepsit,
1317 658 1494 703 excipiendi
1520 659 1734 692 confessiones

992 722 1049 756 per
1085 712 1313 756 interpretem,
1339 718 1391 746 aut
1415 713 1496 746 lecto
1521 712 1732 756 poenitentis¹

972 763 1134 808 {catalogo
1158 771 1380 810 peccatorum,
1408 771 1442 799 ut
1466 765 1592 799 nutibus
1616 765 1734 807 innuat,

991 818 1016 851 si
1042 817 1122 862 qua²
1146 819 1263 852 fuerint
1283 820 1320 853 ab
1340 830 1376 853 eo
1397 819 1577 861 commissa,
1596 818 1735 852 districte

992 871 1187 916 praecipitur
1215 872 1339 906 vicariis
1367 872 1592 917 capitularibus
1619 872 1735 915 (gravi-

992 929 1039 958 ter
1056 925 1149 958 etiam
1168 926 1329 960 onerando
1350 926 1574 960 conscientiam
1595 925 1736 969 ipsorum

974 979 1198 1022 ‚regularium
1222 985 1254 1013 et
1285 989 1561 1024 quorumcumque
1592 978 1630 1011 ad
1658 989 1736 1022 quos

974 1032 1154 1076 pertinet),
1171 1038 1205 1066 ut
1232 1034 1261 1065 in
1286 1039 1448 1077 posterum
1475 1032 1505 1065 id
1535 1032 1622 1065 nullo
1642 1032 1736 1065 modo

994 1086 1197 1130 permittant,
1218 1086 1271 1120 sed
1297 1087 1335 1119 ab
1361 1087 1397 1120 iis
1424 1091 1543 1121 tantum
1569 1086 1736 1120 audiantur

994 1140 1218 1181 confessiones,
1239 1141 1292 1184 qui
1319 1141 1402 1174 illius
1428 1140 1585 1173 idiomatis
1611 1149 1737 1172 sensum

994 1193 1185 1226 sufficienter
1208 1194 1396 1237 percipiunt,
1417 1199 1448 1227 et
1464 1193 1503 1226 ad
1527 1193 1670 1237 ipsorum
1684 1202 1738 1224 nu-

976 1239 977 1295 }
994 1256 1118 1279 merum
1136 1257 1194 1290 pro
1212 1247 1258 1279 rei
1276 1247 1432 1290 exigentia
1457 1246 1636 1289 augendum
1661 1256 1737 1289 pro-

976 1301 1180 1332 'moveantur
1205 1301 1334 1333 omnino
1368 1300 1547 1333 sacerdotes
1580 1299 1737 1332 seculares

217 1354 333 1388 attenta
359 1353 544 1398 praesertim
570 1353 742 1397 indigentia
769 1358 814 1386 tot
840 1353 960 1386 anima·
976 1352 977 1394 Ῐ
995 1353 1062 1386 eius
1087 1353 1225 1396 regionis
1243 1354 1280 1387 ad
1299 1354 1511 1387 confessiones
1529 1353 1668 1386 fidelium
1685 1363 1739 1396 pa-

218 1417 290 1441 rum
314 1407 460 1448 millium,
477 1407 590 1451 quibus
615 1407 709 1450 longe
733 1407 872 1451 impares
890 1411 961 1440 sunt
977 1402 978 1452 ᾗ
995 1406 1056 1439 trio
1074 1405 1221 1439 idiomate
1246 1407 1454 1451 excipiendas.

217 1460 308 1505 pauci
338 1461 499 1504 regulares
528 1460 602 1494 illuc
627 1471 663 1494 ex
688 1461 815 1504 Europa
840 1459 978 1502 adven-j
1039 1470 1093 1494 xlt.
1125 1460 1263 1504 Cumque
1299 1461 1444 1494 audiatur
1477 1461 1649 1493 maximum
1682 1471 1733 1494 ca-

218 1519 327 1548 tantes.
977 1510 979 1552 Ι
997 1513 1187 1547 tholicorum
1206 1524 1386 1555 numerum,
1407 1519 1516 1547 contra
1536 1519 1739 1558 praeceptum

261 1578 326 1601 vm.
348 1568 481 1601 Caveant
510 1567 617 1600 itidem
646 1568 778 1611 parochi
804 1554 1121 1603 secularesiDomini
1146 1567 1199 1610 qui
1225 1567 1322 1601 voluit
1347 1567 1466 1601 debiles
1487 1573 1517 1600 et
1544 1567 1672 1601 claudos
1689 1567 1740 1600 ad-

217 1627 248 1655 et
270 1622 433 1665 regulares
459 1622 523 1655 ullo
548 1622 642 1655 modo
667 1632 735 1655 sese
760 1622 906 1665 ingerere
930 1622 962 1654 in
979 1634 980 1665 ¹
997 1620 1087 1660 mitti,
1110 1620 1166 1653 sub
1195 1626 1357 1664 praetextu
1382 1620 1586 1663 ignobilitatis
1619 1626 1649 1654 et
1680 1631 1737 1653 ru-

217 1676 312 1709 rebus
326 1675 538 1719 spectantibus
561 1675 597 1708 ad
619 1675 760 1719 politiam
775 1675 962 1716 secularem,
998 1673 1095 1706 dioris
1120 1673 1238 1716 ingenii
1256 1674 1343 1707 reiici
1365 1685 1383 1706 a
1403 1676 1491 1707 sacra
1508 1674 1624 1719 synaxi,
1646 1674 1677 1707 id
1694 1685 1742 1708 ea-

217 1739 276 1763 nec
299 1729 398 1762 ullum
425 1729 461 1762 ad
488 1729 589 1761 officia
614 1729 740 1772 publica
769 1734 959 1773 proponant,
978 1722 981 1757 l
998 1728 1070 1761 dem
1096 1738 1185 1761 sacra
1210 1730 1416 1772 congregatiO
1443 1729 1571 1762 omnino
1597 1733 1679 1762 vetat
1705 1739 1740 1762 ac

219 1783 361 1828 quamvis
385 1783 489 1827 aptior
514 1782 626 1816 ceteris
651 1783 803 1825 videatur,
828 1792 886 1815 nec
911 1792 963 1815 un-
979 1806 980 1810 ,
999 1783 1158 1826 prohibet,
1176 1783 1236 1815 nisi
1258 1794 1389 1826 prorsus
1424 1783 1490 1815 eius
1515 1783 1656 1827 mysterii
1681 1784 1742 1816 sint

219 1847 314 1880 quarn
339 1837 485 1870 intersint
507 1836 643 1869 comitiis
673 1841 725 1869 aut
746 1836 962 1878 conventibus,
979 1841 981 1879 ¹
999 1837 1174 1881 incapaces.

219 1890 273 1923 ubi
297 1890 335 1923 de
360 1889 455 1923 rebus
479 1889 614 1934 publicis
639 1889 751 1933 agitur.
979 1886 981 1917 l
1043 1900 1106 1923 xm.
1121 1891 1260 1934 AEgrotis
1277 1891 1370 1924 morti
1385 1891 1548 1934 proximis,
1563 1891 1742 1924 cuiuscum-

264 1953 303 1977 ῙΧ.
331 1943 368 1977 Ut
392 1943 504 1976 maiori
523 1953 594 1976 cum
619 1943 733 1986 gaudio
760 1943 890 1976 verbum
909 1943 963 1976 Dei
980 1924 981 1976 i
999 1955 1060 1989 que
1082 1944 1143 1978 sint
1167 1944 1365 1987 conditionis,
1391 1945 1534 1988 quamvis
1558 1945 1589 1978 in
1615 1945 1742 1979 sordido

220 1997 421 2041 suscipiatur,
441 1997 595 2040 altiusque
620 1997 741 2030 radices
767 2002 839 2040 agat
859 2001 888 2031 et
904 1997 965 2030 sru-
980 1985 982 2030 l
999 2009 1035 2031 ac
1059 1998 1111 2030 vili
1138 1998 1251 2041 degant
1271 1999 1341 2032 loco
1360 2004 1411 2031 aut
1437 1999 1585 2042 tugurio,
1618 2009 1742 2032 sacrum

221 2054 305 2084 ctum
331 2050 449 2091 afferat,
472 2049 699 2083 concionentur
720 2045 850 2083 omnino
874 2060 965 2093 regu·
980 2032 982 2090 i
1000 2051 1215 2084 Eucharistiae
1226 2051 1378 2085 Viaticum
1393 2052 1646 2092 deseratur,cum
1660 2052 1743 2096 apud

220 2104 302 2136 lares
319 2103 440 2147 pluries
465 2103 496 2135 in
521 2113 601 2136 anno
623 2103 770 2137 idiomate
796 2104 964 2137 vernaculo
980 2112 982 2150 ‘¹
1000 2105 1098 2138 Deum
1122 2105 1208 2137 nulla
1233 2105 1272 2138 sit
1297 2105 1440 2149 exceptio
1463 2115 1687 2150 personarum,
1708 2115 1743 2138 ac

222 2162 251 2190 et
286 2157 389 2201 patrio
422 2157 635 2200 populorum,
665 2162 761 2200 utque
795 2157 825 2190 id
862 2157 964 2201 ipsum
981 2153 982 2187 l
1000 2169 1057 2202 pro
1079 2160 1188 2192 nostra
1214 2159 1312 2192 salute
1338 2169 1395 2192 nec
1421 2160 1580 2192 stabulum
1599 2170 1656 2193 nec
1677 2170 1745 2193 cru-

222 2210 342 2244 sacilius
370 2214 399 2242 et
424 2209 619 2253 frequentius
651 2214 846 2254 praestetur,
877 2203 982 2244 curet¹
1001 2213 1044 2246 cis
1070 2213 1275 2256 ignominiam
1302 2213 1510 2247 exhorruerit.

222 2264 352 2298 omnino
377 2264 511 2297 vicarius
537 2264 717 2308 capitularis
743 2270 795 2298 aut
820 2260 983 2309 superior²
1046 2275 1109 2299 xiv.
1136 2267 1179 2299 Ne
1200 2266 1240 2300 ob
1264 2267 1479 2301 instructionis
1504 2267 1670 2309 desectum,
1691 2267 1743 2311 qui

222 2317 275 2361 qui
300 2317 403 2358 fuerit,
429 2322 461 2349 ut
487 2317 579 2350 etiam
606 2318 707 2351 clerus
733 2318 883 2351 secularis
900 2318 966 2351 cius
982 2331 983 2357 3
1001 2329 1091 2352 sacro
1111 2319 1298 2363 baptismate
1320 2321 1493 2361 initiantur,
1512 2320 1743 2354 immaculatam

223 2370 362 2414 regionis
385 2370 415 2402 in
442 2370 527 2403 verbi
548 2370 601 2403 Dei
628 2371 859 2414 praedicatione
878 2381 966 2403 exer·
982 2384 983 2398 π
1001 2372 1114 2406 Christi
1140 2373 1241 2415 legem
1268 2373 1407 2416 profanis
1440 2383 1474 2406 ac
1506 2372 1668 2416 gentilitiis
1697 2375 1744 2407 in-

224 2428 340 2457 ceatur.
983 2432 984 2446 ³
1002 2425 1117 2459 stitutis
1143 2436 1178 2458 ex
1205 2426 1382 2469 ignorantia
1400 2426 1534 2467 foedent,
1555 2437 1590 2460 ac
1608 2427 1742 2461 idolola-

268 2488 296 2511 x.
323 2477 455 2521 Deputet
474 2477 608 2511 vicarius
633 2478 738 2521 plures
765 2487 799 2510 cx
826 2453 984 2512 sacerdo-l
1004 2479 1093 2512 triam
1120 2489 1190 2512 cum
1217 2480 1393 2513 orthodoxa
1415 2480 1475 2513 fide
1494 2480 1695 2523 confundant,
1712 2487 1744 2515 ut

223 2531 306 2565 tibus
332 2531 526 2565 secularibus
552 2531 716 2575 indigenis,
742 2541 820 2575 quos
838 2531 967 2566 idoneos
983 2527 985 2561 ,¹
1003 2543 1094 2577 saepe
1120 2533 1195 2565 inibi
1221 2533 1346 2566 evenire
1372 2534 1573 2568 enunciatum
1598 2540 1660 2576 est,
1689 2546 1742 2569 ca-

259 2604 271 2630 1
290 2603 391 2631 Forsan
407 2603 483 2631 deest
497 2607 523 2632 ee
539 2604 744 2637 eucharistiae,
761 2607 805 2631 aut
825 2603 967 2639 legendum
982 2575 985 2617 i

224 2651 434 2678 sacramentum
454 2656 503 2684 pro
518 2649 758 2684 sacramentam.
776 2648 824 2683 T.).

982 2642 984 2647 ¹
1039 2606 1048 2631 1
1073 2605 1185 2631 Videtur
1205 2605 1348 2639 legendum
1365 2606 1529 2640 poenitenti
1542 2607 1580 2639 (R.
1598 2607 1646 2640 τ.).

983 2661 985 2682 l
1036 2652 1051 2677 ἓ
1068 2649 1137 2678 Edit.
1155 2650 1234 2678 lllain.
1252 2651 1335 2679 habet
1349 2652 1374 2678 si
1390 2660 1462 2687 quae
1477 2654 1514 2687 (u.
1533 2653 1580 2686 τ.).
