2243 3205
273 170 320 198 An.
341 170 369 198 c.
389 171 451 199 1661
501 164 564 196 (jas

314 1766 426 1786 Decretum
438 1770 470 1785 sa·

287 1798 338 1822 crae
357 1797 470 1818 congrega-

288 1821 358 1839 lionis.

469 220 606 262 regulari
631 225 752 254 retento
776 221 808 253 in
832 221 977 255 domibus
1001 232 1128 256 suorum
1150 234 1204 266 ge-

469 273 617 313 nitorum,
636 274 824 315 genitricum
842 281 872 307 et
888 286 1028 317 suorum,
1043 276 1101 309 sub
1119 287 1206 319 prae-

470 331 555 358 textu
587 326 647 359 illis
672 327 894 370 subveniendi,
928 329 1100 362 concedere
1124 329 1205 362 soliti

470 378 608 419 fuerant,
633 383 663 413 et
687 380 760 423 quia
794 391 829 413 ea
854 392 904 414 res
935 392 997 415 non
1028 383 1128 415 solum
1154 393 1206 414 ex-

470 443 597 474 pressae
611 433 806 476 dispositioni
824 436 1030 478 quarumdam
1050 434 1146 468 felicis
1163 446 1209 467 re-

471 484 661 518 cordationis
685 486 851 520 Clementis
876 488 941 521 VIII
961 494 991 521 et
1008 488 1124 522 Urbani
1143 489 1207 521 VIII

473 538 685 570 Romanorum
711 539 896 572 Pontificum
930 541 1208 584 praedecessorum

472 596 652 623 nostrorum
680 592 709 623 in
734 592 828 624 simili
860 594 960 626 forma
986 594 1091 626 Brevis
1123 594 1207 627 litte-

473 652 591 682 rarum,
610 643 663 676 sed
688 645 780 677 ctiam
805 646 859 678 Dei
879 646 1006 678 servitio
1038 645 1211 687 religionis-

474 705 535 738 que
560 702 731 738 augmento
755 698 989 738 adversabatur,
1007 698 1111 731 dilecti
1132 698 1212 740 pari-

475 752 522 779 ter
554 747 610 780 filii
642 749 784 782 moderni
821 751 966 794 superior
1002 750 1157 793 generalis
1182 755 1212 782 et

475 799 656 834 definitores
680 802 755 834 dicti
773 803 906 843 Ordinis,
923 803 1212 836 inconvenientibus

476 853 655 886 huiusmodi
682 856 878 896 occurrendi,
899 866 934 888 ac
960 855 1041 895 illis,
1068 866 1147 898 quae
1175 856 1212 888 ab

476 915 586 938 eorum
606 909 856 941 antecessoribus
871 908 937 941 sine
954 908 1093 950 legitima
1111 913 1214 941 aucto-

477 958 568 991 ritate
588 960 666 992 sacta
687 971 754 993 esse
774 962 1022 1004 reperiebantur,
1039 961 1213 994 remedium

477 1011 627 1044 afferendi
649 1023 735 1055 ergo,
756 1013 902 1046 omnibus
926 1020 956 1047 et
980 1014 1111 1056 singulis
1135 1014 1211 1046 reli-

478 1064 574 1106 giosis
598 1064 722 1098 Ordinis
747 1066 910 1109 praedicti,
938 1068 989 1110 qui
1015 1067 1047 1099 in
1070 1067 1216 1100 domibus

478 1116 608 1160 privatis
639 1118 706 1151 sine
741 1119 866 1153 licentia
902 1120 989 1154 Sedis
1020 1120 1216 1163 Apostolicae

479 1170 654 1213 degebant,
685 1178 931 1216 praeceperant,
956 1178 990 1205 ut
1020 1173 1057 1205 ad
1082 1174 1217 1206 claustra

480 1223 538 1256 sub
564 1224 741 1257 obedientia
776 1226 913 1268 regulari
938 1226 1136 1269 permansuri
1161 1237 1214 1259 re-

481 1281 693 1317 verterentur;
711 1283 742 1311 et
760 1279 791 1310 in
811 1279 918 1312 eadem
939 1279 1133 1323 expositione
1149 1279 1219 1313 sub-

482 1330 608 1371 iuncto,
633 1332 716 1375 quod
748 1333 889 1365 nonnulli
920 1344 957 1366 ex
988 1333 1134 1377 praefatis
1167 1344 1217 1366 re-

481 1383 603 1425 ligiosis
628 1385 845 1428 superioribus
877 1386 1007 1419 obedire
1032 1392 1219 1428 renuerant,

483 1437 626 1479 quinimo
662 1438 699 1470 ad
738 1439 855 1472 iudices
891 1439 988 1472 laicos
1020 1444 1222 1474 recurrerunt

484 1489 634 1533 litemque
670 1492 814 1534 religioni
850 1492 1064 1533 intentabant;
1090 1493 1221 1537 ideoque

483 1543 658 1586 supplicato
672 1544 770 1577 eidem
789 1545 1033 1588 congregationi,
1048 1551 1080 1578 ut
1094 1546 1124 1578 in
1137 1557 1224 1590 prae-

485 1596 586 1629 missis
611 1603 788 1641 opportune
811 1599 1007 1642 provideret:
1029 1601 1184 1633 emanavit
1207 1611 1223 1632 a

484 1648 566 1682 dicta
591 1651 834 1694 congregatione
858 1652 1019 1685 decretum
1038 1653 1154 1686 tenoris
1171 1654 1223 1697 qui

486 1702 636 1745 sequitur,
659 1703 817 1736 videlicet:

535 1767 547 1786 ‹
567 1756 660 1790 Sacra
677 1756 885 1799 Congregatio
902 1757 1223 1791 eminentissimorum

486 1814 610 1841 sanctae
643 1810 799 1842 Romanae
831 1810 986 1843 Ecclesiae
1019 1810 1224 1844 cardinalium

486 1861 625 1903 negociis
653 1867 682 1895 et
702 1863 983 1896 consultationibus
1004 1863 1224 1907 episcoporum

488 1920 517 1947 et
541 1916 734 1958 regularium
769 1917 967 1960 praeposita,
1000 1917 1123 1950 attentis
1147 1928 1222 1950 nar-

486 1968 579 2008 ratis,
611 1979 646 2002 ac
670 1979 718 2009 nc,
743 1975 872 2013 propter
893 1975 1066 2002 memorata
1091 1970 1226 2012 indulta,

488 2021 601 2053 talibus
613 2022 670 2055 sub
688 2022 910 2065 praetextibus
931 2022 1086 2065 religiosis
1104 2023 1227 2057 Ordinis

489 2074 668 2107 huiusmodi
682 2076 870 2118 praebeatur
885 2086 976 2108 causa
993 2081 1079 2108 extra
1092 2077 1227 2109 claustra

490 2127 642 2169 vagandi,
667 2138 768 2172 neque
793 2128 861 2161 ideo
886 2129 1040 2171 regularis
1065 2129 1228 2162 observan-

493 2180 533 2212 tia
559 2181 725 2223 relaxetur,
746 2182 866 2215 censuit
883 2182 1118 2224 iniungendum,
1135 2188 1229 2227 prout

492 2234 666 2276 praesentis
697 2234 814 2267 decreti
839 2240 946 2267 tenore
972 2235 1105 2278 iniungit
1128 2247 1225 2278 gene-

493 2287 550 2318 rali
587 2290 616 2320 ct
647 2287 826 2320 (lesinitorio
862 2288 1000 2320 eiusdem
1037 2288 1160 2321 Ordinis
1196 2294 1229 2321 ut

493 2339 575 2371 dicta
599 2339 727 2380 indulta,
745 2351 762 2372 a
782 2340 955 2383 quibusvis,
981 2351 1035 2373 seu
1060 2341 1229 2384 quomodo-

494 2391 585 2434 libet,
611 2393 728 2436 absque
753 2394 950 2437 Apostolicae
974 2394 1061 2427 Sedis
1086 2394 1230 2427 facultate

494 2445 642 2487 speciali,
671 2446 778 2488 quavis
810 2446 848 2479 de
873 2448 966 2480 causa
991 2457 1148 2489 concessa,
1172 2458 1230 2491 pro

496 2507 604 2529 eorum
627 2498 691 2530 zelo
712 2504 742 2530 ct
762 2499 914 2541 regularis
932 2499 1113 2543 disciplinae
1129 2500 1230 2533 studio

497 2550 635 2583 eiusdem
650 2561 755 2584 sacrae
777 2553 1029 2596 congregationis
1049 2553 1231 2587 auctoritate

1056 175 1234 200 BULLARIUM
1259 175 1414 200 ROMANUM

1237 228 1400 266 revocent,
1414 224 1561 268 ipsosque
1586 224 1760 266 religiosos,
1773 225 1886 267 quibus
1905 236 1976 259 con-

1240 287 1326 309 cessa
1350 287 1418 309 esse
1439 277 1686 320 praetenduntur
1703 277 1740 308 ad
1759 277 1902 318 claustra,
1919 279 1976 312 sub

1241 329 1453 371 suspensionis
1467 340 1483 361 a
1497 329 1618 368 divinis,
1636 330 1977 372 excommunicationis,

1242 381 1373 424 aliisque
1398 381 1617 414 ecclesiasticis
1644 380 1784 414 censuris
1815 386 1845 413 et
1869 383 1978 425 poenis

1242 434 1360 466 eisdem
1386 435 1525 477 generali
1551 439 1580 466 et
1605 433 1782 467 definitorio
1807 434 1978 478 benevisis,

1243 497 1278 519 ac
1303 487 1396 519 etiam
1421 498 1477 530 per
1501 487 1708 530 privationem
1733 486 1979 530 suffragiorum,

1243 539 1397 582 graduum
1423 545 1452 572 et
1476 540 1651 573 officiorum
1667 566 1674 579 ,
1698 544 1728 572 et
1752 539 1980 573 inhabilitatio-

1244 603 1318 624 num
1343 593 1380 624 ad
1406 603 1442 625 ea
1459 597 1488 627 et
1507 594 1567 625 alia
1592 603 1807 636 quaecumque
1832 593 1981 637 imposte-

1245 656 1313 677 rum
1340 645 1519 686 obtinenda,
1543 645 1657 685 redire,
1682 645 1788 688 ibique
1820 645 1877 678 sub
1901 645 1979 678 obe-

1245 696 1362 730 dientia
1376 698 1578 741 superiorum
1597 707 1723 730 manere
1736 701 1848 740 cogant
1860 701 1890 731 et
1902 708 1984 731 com-

1245 749 1378 792 pellant3
1401 750 1594 793 praedictum
1619 755 1722 782 autem
1749 750 1928 792 generalem
1953 755 1985 783 et

1247 801 1459 835 definitorium
1496 813 1514 835 a
1548 802 1701 835 similibus
1730 802 1984 836 concessionibus

1247 853 1311 886 sive
1328 854 1446 887 directe
1465 854 1529 887 sive
1546 854 1697 888 indirecte
1714 859 1766 887 aut
1789 853 1850 887 alio
1875 854 1985 897 quovis

1249 906 1341 940 modo
1367 907 1398 939 in
1422 907 1561 940 futurum
1591 907 1648 940 sub
1677 907 1737 940 iam
1763 907 1852 940 dictis
1876 907 1986 951 poenis

1249 960 1376 993 omnino
1408 960 1565 994 abstinere
1593 960 1763 1004 praecipit;
1796 960 1983 1004 exequutio-

1249 1023 1384 1056 nemque
1407 1013 1579 1056 praesentis
1604 1013 1720 1047 decreti
1740 1013 1895 1047 iudicibus
1912 1023 1987 1046 eon-

1250 1067 1462 1100 servatoribus
1476 1067 1637 1110 religionis
1649 1066 1827 1100 huiusmodi
1844 1077 1903 1110 pro
1913 1071 1988 1100 tem-

1251 1130 1329 1163 pore
1353 1119 1558 1152 existentibus
1592 1120 1759 1153 demandat
1788 1124 1819 1153 et
1842 1119 1988 1153 commit-

1253 1173 1307 1206 tit:
1333 1173 1365 1205 in
1389 1173 1582 1206 contrarium
1615 1183 1677 1206 non
1701 1173 1898 1206 obstantibus
1921 1173 1990 1217 qui-

1252 1228 1456 1270 buscumque.

1297 1281 1424 1320 Romae,
1449 1289 1483 1312 111
1507 1279 1584 1312 iunii
1608 1289 1735 1313 uncrxr.

1450 1333 1487 1365 M.
1514 1332 1679 1365 cardinalis
1703 1333 1872 1366 Gincr‘rus.

1342 1387 1373 1419 E.
1402 1386 1567 1430 episcopus
1590 1386 1827 1427 Camerinensis,
1847 1391 1990 1420 secret».

1299 1440 1313 1483 ξ
1337 1439 1366 1472 ⁶2.
1391 1440 1465 1473 Cum
1491 1444 1604 1479 autem,
1622 1439 1702 1473 sicut
1725 1439 1826 1473 dictus
1845 1451 1993 1483 procura-

1256 1498 1305 1526 tor
1330 1492 1484 1535 generalis
1509 1492 1599 1525 nobis
1627 1502 1729 1536 nuper
1759 1493 1872 1536 exponi
1898 1492 1993 1534 fecit,

1257 1547 1322 1590 ipse
1339 1546 1499 1579 decretum
1519 1546 1706 1588 huiusmodi,
1728 1558 1785 1590 pro
1804 1547 1938 1580 firmiori
1957 1547 1994 1580 il-

1258 1600 1316 1632 lius
1339 1599 1538 1632 subsistentia
1558 1604 1588 1632 et
1604 1599 1830 1642 observatione,
1851 1599 1995 1644 apostoli-

1258 1664 1312 1686 cae
1326 1653 1572 1686 confirmationis
1585 1658 1711 1686 nostrae
1725 1653 1900 1696 patrocinio
1913 1664 1996 1687 com-

1260 1707 1375 1739 muniri
1395 1717 1595 1749 summopere
1612 1706 1784 1739 desideret:
1805 1716 1873 1746 nos,
1890 1706 1994 1750 ipsum

1259 1764 1496 1802 procuratorem
1520 1760 1699 1802 generalem
1717 1759 1903 1803 specialibus
1915 1760 1997 1792 favo-

1259 1812 1346 1844 ribus
1370 1817 1398 1844 et
1423 1811 1532 1854 gratiis
1565 1812 1714 1855 prosequi
1752 1812 1901 1854 volentes,
1926 1817 1957 1845 et
1978 1822 1996 1845 a

1260 1865 1422 1909 quibusvis
1446 1865 1796 1907 excommunicationis,
1822 1866 1997 1909 suspensio-

1260 1918 1307 1951 nis
1323 1923 1353 1950 et
1369 1917 1536 1958 interdicti,
1550 1918 1679 1961 aliisque
1696 1918 1914 1952 ecclesiasticis
1931 1929 1996 1952 sen-

1262 1971 1375 2011 tentiis,
1400 1970 1541 2003 censuris
1566 1973 1595 2004 et
1618 1970 1738 2014 poenis,
1756 1980 1773 2003 a
1793 1970 1860 2003 iure
1884 1972 1932 2004 vel
1957 1971 1996 2004 ab

1260 2024 1398 2064 homine,
1423 2023 1530 2066 quavis
1555 2023 1718 2056 occasione
1733 2023 1780 2056 vel
1805 2025 1900 2057 causa
1916 2024 1996 2066 latis,

1261 2078 1286 2110 si
1311 2078 1424 2121 quibus
1449 2077 1686 2120 quomodolibet
1706 2077 1870 2111 innodatus
1884 2078 1996 2120 existit,

1261 2131 1299 2163 ad
1326 2130 1470 2163 effectum
1495 2131 1708 2174 praesentium
1733 2130 1893 2163 dumtaxat
1916 2141 1995 2164 con-

1262 2183 1469 2226 sequendum,
1494 2183 1607 2215 harum
1632 2183 1712 2215 serie
1736 2183 1931 2216 absolventes
1967 2189 1997 2217 et

1262 2237 1439 2270 absolutum
1464 2237 1531 2269 sore
1556 2242 1737 2278 censentes,
1764 2237 1999 2280 supplicationi-

1263 2290 1320 2322 bus
1343 2290 1410 2322 eius
1434 2289 1560 2322 nomine
1585 2289 1676 2322 nobis
1700 2300 1794 2332 super
1818 2289 1877 2323 hoe
1893 2289 1998 2322 humi-

1264 2343 1332 2375 liter
1356 2342 1509 2386 porrectis
1542 2342 1699 2382 inclinati,
1723 2342 1884 2375 decretum
1910 2352 2000 2385 prae-

1264 2396 1427 2435 insertum,
1452 2395 1635 2428 auctoritate
1667 2395 1861 2438 apostolica,
1891 2400 1999 2428 tenore

1264 2448 1485 2492 praesentium,
1496 2448 1719 2481 confirmamus
1733 2453 1762 2481 et
1775 2449 1999 2492 approbamuS,

1265 2501 1371 2544 illique
1405 2501 1592 2533 inviolabilis
1622 2501 1810 2544 apostolicae
1844 2500 2000 2534 firmitatis

1265 2553 1364 2587 robur
1387 2553 1565 2594 adiicimus,
1589 2554 1673 2587 salva
1697 2558 1799 2586 tamen
1823 2563 1947 2598 semper
1967 2552 1999 2586 in

2026 1452 2138 1474 Confirmat
2150 1450 2184 1472 do·
2207 1432 2213 1460 ι’

2006 1482 2093 1501 cretum.
