2185 3188
53 183 101 211 An.
117 184 145 211 C.
167 184 236 212 1655

117 888 231 910 Contrariis

48 916 143 942 derogat.

68 2549 216 2577 ‘transumpto-

34 2581 79 2597 ηιιι
94 2577 153 2598 ssdes.

843 182 1027 208 ALEXANDEP.
1052 183 1096 208 vn
1120 184 1167 208 PP.
1716 186 1735 206 ι)

250 232 347 265 buere
371 231 572 276 dispensandi
596 242 651 266 seu
679 231 863 265 habilitandi
895 238 925 265 et
957 232 988 264 in

249 285 416 330 pristinum
433 291 546 319 statum
563 286 746 320 restituendi
764 285 856 318 etiam
875 285 906 318 in
919 285 987 318 soro

250 340 474 381 conscientiae,
498 350 599 384 neque
624 340 715 373 etiam
739 339 863 372 easdem
889 349 984 382 prae-

249 398 351 426 sentes
374 393 422 435 iis,
437 388 627 436 quianobis
651 399 681 426 et
704 393 883 436 Apostoliea
898 392 986 434 Sede,

249 447 297 479 vel
320 446 359 479 ab
383 447 488 491 aliquo
513 448 653 491 praelato
678 457 732 479 seu
756 446 859 479 iudice
886 446 987 478 eccle-

248 499 373 534 siastico
397 500 676 542 exeommunicati,
702 499 862 543 suspensi,
888 499 986 532 inter-

247 553 332 595 dicti,
358 565 413 587 seu
436 555 512 587 alias
534 554 566 587 in
589 554 758 587 sententias
783 558 813 586 et
837 563 986 586 censuras

246 607 394 641 incidisse
418 608 566 641 declarati
590 608 637 640 vel
662 607 789 651 publice
806 606 985 640 denunciati

246 660 372 702 suerint,
395 661 456 694 nisi
480 661 560 694 infra
584 666 708 704 tempus
733 660 888 693 dictarum
914 659 987 692 dua-

246 725 316 747 rum
335 715 602 748 hebdomadarum
617 714 834 754 satisfecerint,
848 718 900 746 aut
914 724 984 746 cum

246 768 387 812 partibus
411 767 690 808 concordaverint,
716 767 779 800 ullo
804 767 898 800 modo
923 767 986 799 sus-

245 821 361 864 fragari
386 832 477 865 posse
501 826 553 854 aut
577 821 702 854 debere.

290 876 306 916 g
324 874 374 907 110.
396 875 463 908 Non
491 874 686 908 obstantibus
707 872 984 907 constitutionibus

246 933 276 961 et
299 929 550 962 ordinationibus
574 927 770 972 apostolicis,
795 928 983 971 praesertim

245 982 358 1026 quibus
381 983 510 1016 facultas
533 982 714 1016 absolvendi
740 982 770 1014 in
795 981 888 1014 certis
911 987 984 1014 tunc

244 1036 398 1079 expressis
431 1036 555 1069 casibus
590 1036 633 1068 ita
663 1036 805 1068 Romano
841 1034 983 1067 Pontifici

243 1100 301 1133 pro
326 1095 470 1133 tempore
494 1089 636 1122 existenti
661 1092 849 1128 reservatur,
870 1092 903 1122 ut
926 1098 984 1121 nec

242 1142 335 1175 etiam
360 1143 478 1176 similes
502 1143 549 1176 vel
574 1142 742 1175 dissimiles
772 1141 983 1184 indulgentia-

242 1206 312 1228 rum
326 1201 355 1229 et
367 1196 548 1229 facultatum
561 1196 742 1229 huiusmodi
753 1195 982 1235 concessiones,

241 1250 300 1282 nisi
325 1249 363 1283 de
383 1250 443 1283 illis
461 1261 609 1294 expressa
626 1250 743 1284 mentio
763 1255 817 1282 aut
837 1248 982 1293 specialis

241 1303 403 1346 derogatio
420 1304 483 1344 fiat,
501 1304 648 1347 cuiquam
674 1303 841 1346 suffragari
856 1306 981 1346 queant;

240 1365 362 1389 necnon
386 1357 497 1399 regula
513 1358 622 1390 nostra
639 1356 676 1389 de
693 1367 755 1389 non
773 1355 981 1389 concedendis

242 1409 444 1451 indulgentiis
468 1410 505 1442 ad
526 1410 633 1452 instar,
654 1420 689 1443 ac
706 1418 982 1453 quorumcumque

241 1461 386 1494 ordinum
413 1466 443 1495 et
462 1463 743 1505 congregatiomnn
773 1463 837 1495 sixe
861 1462 982 1494 institu-

243 1519 345 1548 torum
371 1515 574 1558 regularium,
594 1516 686 1548 etiam
707 1516 893 1558 iuramento,
911 1526 982 1549 con-

241 1569 418 1602 tirmatione
442 1569 625 1612 apostolica,
643 1569 690 1601 vel
706 1569 814 1612 quavis
831 1570 980 1603 firmitate

239 1620 301 1652 alia
325 1621 498 1664 roboratis,
524 1622 664 1663 statutis,
690 1622 979 1663 consuetudinibus,

238 1674 411 1717 privilegiis
435 1685 571 1718 quoque,
597 1676 725 1708 indultis
740 1680 768 1709 et
782 1677 893 1709 litteris
907 1688 979 1720 apo-

238 1728 356 1761 stolicis
380 1729 497 1761 eisdem
522 1729 701 1772 ordinibuS,
727 1731 979 1774 congregationi—

237 1781 296 1815 bus
327 1788 357 1815 et
391 1782 560 1824 institutis,
588 1783 778 1827 illorumque
810 1785 976 1828 personis,

236 1836 473 1881 quomodolibet
498 1837 664 1878 concessis,
686 1838 867 1881 approbatis
887 1842 917 1871 et
933 1839 976 1871 in-

235 1890 365 1930 novatis;
375 1890 489 1933 quibus
502 1890 647 1923 omnibus
661 1896 690 1924 et
700 1891 842 1934 singulis,
853 1892 975 1925 etiamsi

235 1943 274 1977 de
298 1943 358 1976 illis
383 1954 557 1988 eorumque
577 1945 649 1978 totis
673 1945 836 1979 tenoribus
856 1947 975 1990 specia-

235 1997 282 2037 lis,
307 1998 452 2041 specifica
477 2003 506 2031 et
531 1998 700 2039 individua,
716 2009 779 2032 non
797 2005 901 2033 autem
918 2011 974 2044 per

235 2051 390 2084 clausulas
425 2051 587 2094 generales
622 2052 705 2084 idem
740 2052 946 2096 importantes
966 2081 973 2095 ,

234 2104 352 2137 mentio
368 2114 423 2137 seu
440 2104 566 2148 quaevis
579 2105 638 2137 alia
655 2106 817 2149 expressio
831 2107 974 2140 habenda

233 2162 287 2191 aut
309 2159 413 2201 aliqua
445 2159 504 2191 alia
537 2159 690 2203 exquisita
714 2160 814 2193 forma
844 2161 882 2193 ad
913 2162 973 2195 lioc

233 2212 385 2245 servanda
409 2213 504 2254 soret,
529 2213 655 2246 illorum
676 2217 798 2248 tenores
824 2226 971 2258 praesen-

233 2265 315 2298 tibus
339 2275 398 2309 pro
430 2265 621 2300 sufficienter
652 2267 808 2311 expressis
840 2279 875 2301 ac
908 2269 971 2302 sor-

233 2329 315 2351 mam
330 2320 360 2351 in
375 2320 419 2352 eis
433 2319 577 2353 traditam
593 2331 652 2364 pro
670 2323 791 2354 servata
813 2322 970 2366 habentes,

232 2373 290 2406 hac
303 2373 370 2406 viee
383 2373 571 2417 specialiter,
581 2375 766 2408 nominatim
782 2381 811 2408 et
825 2387 972 2420 expresse

231 2426 271 2458 ad
295 2426 441 2459 effectum
467 2428 678 2471 praesentium
704 2429 905 2473 derogamus
926 2441 973 2464 ce-

232 2480 369 2524 terisque
394 2481 560 2514 contrariis
585 2482 846 2527 quibuscumque.

275 2533 354 2576 511.
370 2534 408 2567 Ut
424 2539 528 2567 autem
542 2541 723 2578 praesentes
740 2541 877 2579 nostrae,
891 2547 971 2580 quae

230 2586 269 2619 ad
291 2586 416 2631 singula
440 2588 509 2622 loca
533 2588 648 2621 deferri
672 2599 733 2622 non
758 2595 905 2634 possunt,
931 2590 970 2624 ad

1716 175 1731 191 Γ

1782 183 1828 210 An.
1847 183 1873 210 C.
1897 184 1964 212 1855

1022 233 1162 265 omnium
1187 232 1331 265 notitiam
1356 231 1477 265 facilius
1502 230 1688 272 deveniant,
1712 241 1765 264 vo-

1021 286 1145 327 lumus,
1170 291 1205 319 ut
1228 286 1411 319 earumdem
1436 285 1648 330 praesentium
1678 290 1763 318 tran-

1021 339 1172 383 sumptis,
1198 350 1253 371 seu
1277 340 1439 383 exemplis,
1465 340 1558 372 etiam
1584 338 1762 382 impressis,

1022 403 1116 425 manu
1141 393 1272 426 alicuius
1296 393 1411 426 notarii
1430 393 1548 437 publici
1566 392 1763 436 subscriptis,

1020 451 1049 478 et
1074 446 1177 489 sigillo
1202 456 1356 490 personae
1381 446 1412 478 in
1437 446 1589 488 dignitate
1616 445 1762 478 ccclesia-

1020 499 1097 531 stica
1114 500 1302 532 constitutae
1322 500 1462 541 munitis,
1483 499 1601 542 ubique
1617 499 1761 532 locorum

1020 557 1047 584 et
1073 554 1213 595 gentium
1232 553 1339 586 eadem
1357 563 1488 597 prorsus
1505 553 1582 586 fides
1598 553 1762 592 habeatur,

1019 617 1098 650 quae
1109 607 1279 640 haberetur
1292 608 1366 651 ipsis
1379 607 1608 651 praesentibus,
1620 607 1642 639 si
1659 607 1762 640 forent

1019 660 1178 693 exhibitae
1202 661 1250 693 vel
1275 667 1428 694 ostensae.

1062 713 1174 746 Datum
1204 714 1340 755 Romae,
1365 714 1447 758 apud
1472 714 1501 747 S.
1528 715 1674 753 Petrum,
1703 714 1760 746 sub

1020 767 1135 800 annulo
1165 767 1344 808 Piscatoris,
1374 768 1424 801 die
1453 778 1507 801 xiv
1540 768 1613 800 maii
1645 778 1761 807 MDCLV,

1018 820 1220 863 pontificatus
1244 822 1343 855 nostri
1365 832 1446 855 anno
1472 832 1490 854 1.

1054 882 1112 909 Dat.
1129 883 1171 912 die
1189 884 1219 910 tt
1237 884 1298 911 maii
1317 884 1396 917 1655,
1413 884 1510 919 pontif.
1530 892 1600 911 anuo
1616 892 1634 911 1.

1364 1020 1413 1053 Iti.

1017 1107 1109 1141 Nova
1134 1109 1316 1143 commissio
1341 1115 1458 1153 septem
1481 1111 1637 1156 episcopis
1653 1111 1684 1144 F
1685 1122 1759 1144 ran-

1062 1163 1130 1195 ciae
1163 1174 1261 1206 super
1296 1163 1513 1206 verificatiovc
1546 1165 1760 1209 epistolarum

1058 1217 1280 1260 pastoralium
1304 1217 1464 1250 Ludoricz'
1479 1218 1615 1250 Hem-ici
1639 1219 1761 1251 archie-

1058 1271 1187 1314 piscopi
1210 1271 1413 1311 Senonenxis,
1439 1283 1476 1304 ac
1499 1272 1631 1304 Nicolaz·
1655 1272 1760 1304 Bello-

1061 1325 1206 1357 rctcensis
1223 1328 1251 1357 ct
1270 1324 1424 1357 Gz'lz'bcrtc'
1450 1326 1675 1359 Convenarum
1693 1327 1759 1369 epi-

1060 1388 1249 1420 scoporum,
1286 1389 1321 1410 oc
1354 1379 1571 1411 ordinatiom's
1600 1379 1760 1411 eiusmodi

1059 1431 1191 1463 lt'z'eotaz'
1215 1431 1366 1475 episcopi.
1390 1432 1552 1465 occasione
1568 1432 1759 1475 publicatio-

1059 1485 1110 1517 πίε
1120 1485 1759 1529 eonslz't’ulionisInnocentiiXsuperda-

1058 1539 1224 1571 mnalione
1240 1539 1387 1582 quinque
1409 1540 1668 1582 propositionum
1687 1539 1758 1572 Cor-

1058 1592 1141 1624 nelii
1164 1592 1313 1624 Iansenii
1338 1592 1452 1633 editae,
1478 1592 1755 1636 publicalcw·um¹.

1013 1680 1237 1708 venerabilibus
1262 1681 1406 1708 fratribus
1437 1681 1669 1716 archiepiscopis
1690 1683 1756 1709 Are—

1048 1725 1159 1752 latensi
1189 1728 1219 1752 et
1245 1726 1430 1760 Tholosano,
1460 1734 1495 1753 ac
1519 1727 1668 1760 episcopis
1688 1727 1756 1753 Ani-

1048 1769 1154 1803 ciensi,
1170 1770 1387 1797 Matisconensi
1398 1792 1404 1802 ‚
1427 1771 1626 1804 Rhedouensi,
1642 1771 1754 1798 Ambia-

1046 1814 1133 1841 nensi
1154 1817 1184 1841 et
1205 1814 1430 1844 suessionensi.
1453 1823 1504 1841 seu
1525 1816 1662 1849 episcopo
1684 1816 1753 1843 Cae-

1047 1858 1186 1891 sariensi,
1203 1859 1387 1886 venerahilis
1403 1859 1504 1886 fratris
1520 1860 1653 1894 episcopi
1667 1859 1755 1888 Sues·

1047 1902 1198 1930 sionensis
1220 1903 1397 1936 coadiutori,

1223 1966 1393 1993 Alexander
1412 1967 1492 2000 Papa
1506 1967 1538 1994 X.

1211 2047 1403 2075 Venerabiles
1423 2047 1546 2080 fratres,

1044 2091 1174 2118 salutem
1194 2094 1225 2118 et
1245 2093 1440 2126 apostolicam
1465 2091 1715 2120 benedictionem.

1053 2162 1067 2205 ἓ
1092 2163 1121 2195 ’1,
1146 2162 1250 2203 inias&
1269 2174 1339 2196 cum
1366 2163 1404 2196 ad
1429 2175 1520 2197 aures
1538 2164 1634 2197 felicis
1649 2174 1751 2198 recor·
1789 2170 1876 2199 ssoh-rt
1894 2176 1951 2190 βοτη*

1767 2203 1876 2216 nimiunn<
1899 2203 1949 2223 qua-

1007 2215 1142 2249 dationis
1156 2217 1328 2250 innocentii
1344 2217 1445 2261 Papae
1459 2219 1483 2251 X
1498 2218 1750 2262 praedecessoris
1766 2227 1838 2269 {aggf
1885 2230 1907 2270 fb
1929 2257 1949 2269 Ι.

1006 2269 1105 2302 nostri
1130 2271 1334 2313 pervenisset,
1360 2271 1443 2314 quod
1469 2271 1499 2303 in
1519 2277 1590 2304 actu
1608 2271 1749 2314 publica·
1765 2257 1861 2296 υἷὐνιιυο
1879 2277 1896 2297 Χ
1912 2284 1949 2296 121-

1007 2323 1099 2357 tionis
1116 2323 1147 2356 in
1164 2323 1300 2357 dioecesi
1326 2325 1496 2357 Senonensi
1518 2325 1748 2358 constitutionis
1764 2306 1949 2382 Ξιὶῑηημῗῖνῗιιῖῗῑῖ

1005 2386 1061 2419 per
1089 2386 1161 2409 eum
1187 2377 1288 2421 pridie
1314 2378 1462 2410 kalendas
1483 2378 1560 2410 iunii
1581 2383 1654 2410 tunc
1679 2388 1837 2429 pro-1:3¹¹?
1867 2390 1937 2429 ,2:¹⁰

1006 2429 1088 2462 xime
1112 2431 1274 2473 praeteriti
1300 2431 1410 2471 editae,
1436 2441 1497 2474 qua
1521 2431 1748 2475 quinquepro-

1005 2483 1178 2527 positiones
1202 2484 1366 2517 occasione
1391 2483 1463 2516 libri
1496 2484 1663 2528 impressi,
1697 2483 1746 2517 cui

1039 2555 1052 2582 1
1071 2554 1108 2581 Ex
1123 2554 1231 2590 Regest.
1247 2555 1274 2582 in
1289 2555 1393 2583 Secret.
1410 2555 1488 2583 Brev.

1038 2599 1054 2626 2
1066 2599 1102 2627 De
1118 2608 1194 2635 seqq.
1206 2600 1265 2628 vide
1277 2603 1341 2628 tom.
1353 2606 1408 2635 xvr,
1419 2609 1446 2636 p.
1457 2601 1518 2636 7⁴5,
1530 2601 1591 2634 760,
1603 2600 1654 2627 775
1663 2601 1743 2636 (uxr).
