2263 3215
270 244 320 270 Λη.
341 243 368 270 C.
384 242 453 271 1655

306 988 373 1011 Lenes
386 985 460 1007 audii-e

281 1017 301 1034 et
319 1013 416 1034 advocati
432 1012 462 1032 os-

279 1041 347 1061 fictum
383 1040 462 1065 possint

281 1072 386 1087 exercere.

315 1773 468 1795 Consuant-tun·

290 1802 365 1827 eligere
381 1803 468 1827 possuit.

500 233 541 266 50

466 301 534 323 eam
567 300 583 321 a
613 296 812 332 quocumque
841 284 1013 318 malueritis
1046 284 1200 317 catholico

466 342 601 375 antistite
626 341 756 383 gratiam
783 343 812 371 et
837 337 1093 370 communionem
1117 337 1200 368 eius-

467 396 536 429 dem
561 395 647 427 Sedis
671 393 821 433 habente,
845 402 937 435 quem
964 390 1114 424 duxeritis
1139 389 1197 421 eli-

468 448 614 491 gendum,
639 446 676 477 ad
702 455 810 478 omnes
829 438 926 477 ‘etiam
945 453 1050 476 sacros
1066 447 1096 475 et
1113 452 1200 486 pres-

467 502 624 545 byteratus
649 498 774 531 ordines
799 497 954 540 aliquibus
979 496 1080 528 tribus
1104 493 1203 527 domi-

467 553 544 585 nicis
568 552 614 583 vel
636 551 704 583 aliis
728 550 844 583 festivis
868 549 979 582 diebus
1003 548 1096 581 etiam
1118 552 1204 579 extra

468 611 610 648 tempora
627 614 644 635 a
664 603 731 635 iure
751 607 873 644 statuta,
898 601 1019 645 proprii
1045 599 1203 633 Ordinarii

470 663 523 690 aut
545 656 681 689 cuiusvis
704 655 832 687 alterius
849 654 974 687 licentia
991 653 1128 696 desuper
1148 651 1205 684 rni-

471 711 555 744 nimc
579 709 739 753 requisita,
765 709 788 741 si
815 708 890 740 alias
915 707 1017 740 idonei
1043 706 1081 738 ad
1102 705 1132 737 id
1157 715 1205 738 re-

471 763 551 808 perti
582 763 703 795 fueritis
727 761 845 805 (super
869 771 931 804 quo
955 759 1100 793 antistitis
1125 768 1203 791 eon-

473 817 632 850 scientiam
658 816 849 859 oneramus),
872 813 1064 858 promoveri‚
1085 817 1114 845 et
1137 823 1208 857 pro-

473 871 550 903 moti
575 871 606 902 in
634 870 694 902 illis
724 869 815 903 etiam
842 868 872 900 in
897 867 1003 900 altaris
1033 866 1207 900 ministerio

475 924 666 962 ministrare;

520 977 576 1020 §a
594 977 729 1016 Necnon,
747 974 869 1007 etiamsi
884 972 1058 1017 presbyteri
1077 972 1208 1012 fueritis,

476 1041 511 1063 ac
535 1029 700 1072 dignitates
725 1033 754 1060 et
778 1027 878 1061 officia
895 1025 1103 1068 obtinueritis,
1124 1026 1209 1068 leges

476 1089 506 1117 et
530 1084 599 1116 iura
622 1083 723 1115 civilia
748 1082 838 1114 etiam
856 1081 980 1125 publice
1001 1080 1030 1112 in
1049 1080 1165 1112 scholis
1181 1085 1210 1112 et

476 1136 728 1171 universitatibus
752 1135 927 1167 studiorum
953 1133 1146 1177 generalium
1173 1133 1210 1165 ad

476 1189 724 1234 quinquennium
754 1188 934 1227 dumtaxat,
959 1186 1130 1219 dummodo
1155 1186 1210 1218 tri-

478 1244 631 1287 gesimum
655 1243 763 1276 aetatis
777 1252 892 1274 annum
918 1251 980 1274 non
1005 1240 1211 1279 excesseritis,

478 1297 602 1337 audire;
617 1302 656 1336 et,
671 1296 694 1328 si
709 1295 827 1328 habiles
844 1300 874 1327 et
891 1294 1078 1327 sufficientes
1096 1293 1212 1336 reperti

479 1350 614 1391 fueritis,
641 1350 732 1382 etiam
758 1349 795 1381 ad
820 1349 1000 1382 doctoratus
1024 1347 1156 1390 gradum
1182 1346 1213 1378 in

479 1403 660 1437 huiusmodi
675 1404 820 1435 facultate
837 1413 891 1435 vos
908 1401 1087 1445 promoveri
1102 1401 1212 1442 facere,

480 1458 609 1501 ipsaque
633 1456 701 1488 iura
725 1456 815 1488 etiam
838 1455 963 1499 publice
981 1454 1104 1493 docere,
1122 1459 1214 1496 atque

481 1509 602 1549 iudicis,
622 1508 761 1541 advocati
787 1513 817 1540 et
841 1508 1056 1551 procuratoris
1076 1507 1213 1539 officium

482 1563 513 1596 in
538 1562 638 1595 causis
672 1561 888 1594 ecclesiasticis
922 1560 1065 1593 civilibus
1095 1565 1214 1592 tantum

483 1625 629 1649 exercere
652 1615 749 1647 libere
774 1620 800 1647 et
827 1614 909 1646 licite
925 1613 1050 1657 possitis
1070 1618 1099 1645 et
1119 1613 1217 1645 valea-

483 1669 540 1710 tis,
568 1669 752 1701 auctoritate
775 1673 805 1700 et
829 1673 937 1700 tenore
967 1667 1154 1710 praedictis,
1179 1666 1217 1699 de

483 1722 625 1766 specialis
650 1722 732 1754 dono
757 1721 875 1763 gratiae
899 1720 1127 1763 dispensamus.

528 1776 542 1817 g
566 1774 616 1807 io.
642 1775 746 1807 Liceat
769 1784 894 1816 quoque
924 1773 1010 1806 vobis
1035 1778 1065 1805 et
1090 1773 1219 1805 cuilibet

484 1833 621 1861 vestrum
647 1828 781 1870 aliquem
801 1828 946 1859 idoneum
968 1832 997 1859 et
1011 1827 1217 1870 approbatum

485 1881 523 1913 ab
540 1880 704 1913 Ordinario
729 1880 947 1924 presbyterum
973 1880 1145 1912 secularem
1172 1880 1218 1912 vel

487 1934 621 1966 cuiusvis
655 1934 778 1966 Ordinis
810 1934 985 1975 regularem
1019 1934 1048 1965 in
1081 1939 1218 1965 vestrum

487 1986 603 2028 eligere
627 1987 858 2025 contessorcm,
883 1986 934 2028 qui
961 1986 1020 2017 vita
1055 1986 1221 2018 cuiuslibet

489 2045 623 2071 vestrum
642 2038 754 2071 comite
773 2049 825 2071 vos
846 2044 875 2070 et
893 2039 1061 2081 quemlibet
1083 2044 1219 2071 vestrum

488 2104 504 2124 a
526 2092 686 2135 quibusvis
714 2093 1056 2133 excommunicationis,
1086 2103 1217 2135 suspen-

490 2145 585 2177 sionis
614 2150 643 2176 et
663 2145 838 2183 interdicti,
867 2146 995 2188 aliisque
1027 2146 1216 2178 ecclesiasti-

491 2198 534 2230 cis
552 2198 720 2236 sententiis,
738 2198 876 2229 ‹amsiiris
890 2204 916 2229 ct
931 2199 1047 2241 poenis,
1059 2209 1075 2230 a
1092 2199 1159 2230 iure
1176 2199 1221 2231 vel

491 2252 529 2284 ab
547 2252 682 2291 bomine,
707 2253 814 2294 quavis
832 2252 994 2284 occasione
1013 2253 1057 2284 vel
1077 2254 1168 2284 causa
1185 2253 1224 2284 la-

492 2305 550 2345 tis,
576 2310 605 2336 ct
630 2316 685 2347 per
710 2315 763 2337 vos
789 2305 942 2344 incursis,
972 2311 1001 2337 ct
1031 2305 1144 2348 quibus
1169 2316 1223 2338 vos

492 2358 582 2390 ctiam
597 2358 765 2400 apostolica
780 2359 964 2390 auctoritate
979 2359 1137 2401 illasuieari
1154 2369 1224 2391 cou-

493 2411 606 2453 tigerit,
631 2410 750 2442 etiamsi
775 2411 929 2443 absolutio
954 2411 1042 2443 nobis
1060 2417 1089 2443 et
1105 2422 1225 2444 succes-

494 2463 617 2496 soribus
641 2463 756 2496 nostris
782 2464 927 2496 ltouianis
949 2464 1150 2497 Pontificibus
1168 2476 1224 2508 pro

494 2521 637 2559 tempore
661 2517 864 2549 existentibus
896 2518 1070 2560 specialiter
1095 2518 1141 2550 vel
1172 2528 1225 2560 ge-

495 2569 642 2601 neraliter
660 2575 815 2601 reservata
828 2570 945 2610 existat,
960 2575 989 2602 et
1004 2581 1226 2612 quorumcum-

496 2632 556 2664 quc
581 2626 723 2654 votorum
748 2626 777 2654 ct
801 2622 955 2656 Ecclesiae
984 2628 1225 2666 praeceptorum

1044 237 1220 260 nutantum
1247 234 1398 259 nottiANUM

1233 280 1543 324 transgressionibus,
1556 280 1732 314 homicidii¹
1748 281 1889 322 casualis,
1907 291 1969 314 ma-

1234 346 1331 369 nuum
1364 335 1571 368 violentarum
1608 335 1639 367 in
1674 335 1798 378 quasvis
1821 345 1970 379 personas

1235 389 1326 423 etiam
1346 387 1572 421 ecclesiasticas
1589 388 1665 431 (non
1686 392 1788 421 tamen
1806 388 1971 432 episcopos

1236 441 1282 473 vel
1308 440 1385 474 alios
1410 441 1592 484 superiores
1617 440 1795 484 praelatos)
1818 440 1857 473 de
1880 451 1971 484 prae-

1236 494 1328 527 terito
1353 494 1590 536 iniectionibus,
1622 504 1677 526 seu
1710 494 1832 527 consilii
1856 494 1904 527 vel
1928 494 1973 527 sa-

1237 547 1321 580 voris
1344 547 1383 580 ad
1411 546 1441 579 id
1474 546 1758 591 praestationibus,
1784 546 1972 580 ieiuniorum

1237 600 1460 633 omissionibus
1484 601 1560 644 (non
1586 605 1689 634 tamen
1713 600 1905 634 recitationis
1921 600 1975 633 ho-

1238 663 1346 685 rarum
1376 653 1596 686 canonicarum
1626 653 1824 696 aliorumque
1855 652 1976 685 divino-

1239 716 1309 738 rnm
1334 706 1537 750 officiorum),
1555 711 1584 739 et
1603 706 1740 749 denique
1765 705 1804 738 ab
1828 705 1976 739 omnibus

1239 764 1269 792 et
1293 759 1546 803 quibuscumque
1577 759 1646 792 aliis
1676 759 1788 792 vestris
1819 758 1977 803 peccatis,

1240 812 1426 845 criminibus
1442 817 1473 845 et
1489 813 1676 855 excessibus,
1691 823 1727 845 ac
1744 812 1865 845 delictis
1883 821 1979 856 quan-

1239 872 1444 910 tumcumque
1461 867 1609 910 gravibus
1625 872 1656 900 et
1672 866 1865 908 enormibus,
1885 866 1978 899 etiam

1241 920 1365 960 talibus,
1383 923 1515 963 propter
1530 930 1610 964 quae
1626 920 1721 953 Sedes
1738 919 1897 963 praedicta
1919 929 1980 952 me-

1242 973 1303 1006 rito
1327 973 1517 1006 consulenda
1538 973 1628 1013 soret,
1646 973 1790 1005 videlicet
1813 983 1830 1004 a
1855 976 1978 1006 eonten-

1242 1027 1281 1059 tis
1306 1027 1337 1059 in
1360 1027 1471 1060 litteris
1495 1027 1545 1060 die
1569 1027 1688 1061 Coenae
1723 1026 1846 1060 Domini
1878 1026 1981 1070 publi-

1243 1080 1307 1113 cari
1332 1080 1510 1121 consuetis,
1535 1081 1631 1113 semel
1665 1084 1785 1114 tantum
1810 1079 1841 1112 in
1865 1079 1928 1111 vita
1952 1083 1982 1114 et

1244 1134 1354 1167 mortis
1379 1134 1526 1175 articulo,
1553 1135 1583 1166 in
1613 1134 1743 1177 reliquis
1775 1143 1850 1166 vero
1881 1132 1982 1166 dictae

1244 1187 1315 1220 Scdi
1336 1187 1633 1230 quomodocumque
1656 1187 1833 1227 reservatis,
1850 1186 1983 1229 aliisque

1245 1241 1406 1284 quibusvis
1427 1241 1559 1281 casibus,
1577 1240 1674 1273 semel
1698 1240 1730 1273 in
1753 1250 1846 1280 anno,
1866 1239 1983 1273 conses-

1246 1294 1386 1327 sionibus
1411 1294 1521 1327 vestris
1549 1294 1716 1337 diligenter
1749 1293 1883 1335 auditis,
1917 1293 1983 1326 sinc

1247 1352 1350 1379 tamen
1386 1347 1518 1380 alicuius
1553 1347 1767 1391 praeiudicio,
1798 1346 1983 1379 auctoritate

1247 1400 1419 1444 apostolica
1442 1400 1614 1440 absolvere,
1639 1405 1669 1432 et
1695 1400 1783 1433 vobis
1807 1410 1865 1443 pro
1890 1409 1984 1432 com-

1247 1454 1350 1486 missis
1372 1454 1594 1497 poenitentiam
1620 1454 1786 1495 iniungere
1803 1453 1984 1493 salutarem,

1248 1517 1371 1540 necnon
1396 1512 1467 1540 vota
1491 1516 1707 1550 quaecumque
1731 1505 1984 1550 (ultramarino,

1249 1559 1433 1592 visitationis
1456 1560 1600 1592 liminum
1632 1559 1795 1592 beatorum
1821 1559 1986 1602 Apostolo-

1250 1624 1319 1645 rum
1345 1613 1428 1646 Petri
1452 1617 1482 1646 et
1506 1612 1602 1652 Pauli,
1627 1611 1849 1655 castitatisque,
1873 1622 1909 1645 ae
1936 1621 1986 1644 re-

1250 1667 1375 1710 ligionis
1399 1666 1478 1699 votis
1502 1666 1662 1699 dumtaxat
1690 1665 1845 1709 exceptis)
1871 1664 1902 1698 in
1926 1665 1986 1698 alia

1251 1719 1374 1763 pietatis
1399 1729 1494 1763 opera
1519 1723 1713 1752 commutare
1737 1718 1846 1750 valeat.

1295 1774 1310 1816 ἓ
1334 1773 1384 1805 ll.
1410 1773 1566 1815 Vobisque
1590 1771 1721 1804 ulterius
1740 1776 1771 1803 et
1787 1770 1988 1814 quibuscum-

1252 1837 1312 1870 que
1335 1831 1474 1858 vestrum
1509 1825 1702 1868 respective,
1734 1829 1768 1857 ut
1795 1824 1988 1868 quicumque

1254 1880 1312 1912 loci
1338 1879 1511 1920 Ordinarii,
1537 1879 1584 1910 vel
1609 1878 1749 1911 canonici
1776 1878 1988 1922 metropolita-

1253 1943 1375 1971 narum,
1400 1943 1454 1964 seu
1479 1932 1610 1964 aliarum
1637 1931 1864 1964 cathedralium
1890 1931 1990 1963 eccle-

1254 1986 1381 2027 siarum,
1406 1990 1459 2018 aut
1482 1995 1635 2028 personae
1660 1985 1690 2017 in
1715 1984 1864 2027 dignitate
1894 1985 1991 2017 eccle-

1254 2039 1379 2071 siastica
1405 2039 1601 2077 constitutae,
1632 2042 1692 2069 tam
1719 2037 1750 2069 in
1775 2037 1857 2070 dicta
1883 2037 1992 2078 curia,

1254 2102 1348 2134 quam
1363 2097 1448 2123 extra
1465 2101 1545 2129 eam,
1562 2090 1600 2122 ad
1622 2090 1650 2122 id
1668 2101 1724 2133 per
1744 2100 1798 2123 vos
1818 2090 1994 2133 respective

1256 2155 1360 2177 coram
1387 2144 1510 2177 notario
1531 2149 1560 2176 et
1586 2143 1716 2176 testibus
1736 2143 1796 2176 fide
1817 2143 1919 2186 dignis
1940 2143 1993 2176 eli-

1256 2198 1348 2241 gendi
1374 2208 1428 2230 seu
1447 2198 1619 2240 eligendae,
1637 2207 1852 2240 quascumque
1872 2197 1994 2241 pensio-

1256 2263 1310 2285 nes
1335 2262 1453 2285 annuas
1479 2252 1567 2285 vobis
1592 2262 1685 2295 super
1701 2261 1880 2284 mensarum
1898 2251 1992 2284 abba-

1257 2305 1375 2337 tialium
1394 2315 1449 2337 seu
1466 2304 1697 2348 capitularium,
1713 2314 1748 2337 ac
1765 2304 1992 2347 episcopalium

1257 2364 1287 2391 et
1310 2358 1635 2402 archiepiscopalium,
1661 2368 1697 2390 ac
1720 2367 1993 2401 quorumcumque

1256 2411 1390 2444 aliorum
1427 2411 1651 2443 beneficiorum
1688 2410 1970 2443 ecclesiasticorum
1985 2436 1993 2450 ‚

1258 2475 1328 2497 cum
1354 2465 1430 2497 cura
1461 2469 1492 2497 et
1522 2464 1588 2496 sine
1618 2464 1710 2504 cura,
1743 2463 1932 2496 secularium
1964 2467 1994 2496 et

1258 2518 1442 2561 quorumvis
1467 2517 1613 2551 ordinum
1639 2520 1668 2551 et
1691 2517 1874 2550 militiarum
1901 2526 1994 2559 regu-

1297 2633 1306 2659 1
1330 2632 1403 2660 Edit.
1423 2632 1502 2661 Main.
1523 2633 1589 2669 legit
1608 2632 1745 2662 homicidi
1763 2632 1801 2668 (n.
1817 2632 1866 2668 τ.).

1981 235 2031 260 An.
2053 233 2167 262 (21655

2028 1781 2143 1803 Pensiones
2151 1787 2186 1803 ns·
2214 1795 2216 1799 ψ
2230 1777 2245 1804 ,ἶ

2003 1814 2044 1835 que
2050 1809 2076 1829 ad
2085 1814 2186 1829 summam

2004 1837 2143 1856 trecentorum
2152 1835 2189 1856 du-

2004 1864 2097 1882 catorum
2107 1862 2152 1882 auri
2160 1862 2186 1883 de

2004 1889 2087 1909 camera
2097 1888 2160 1908 etiam
2167 1887 2188 1909 iu

2004 1915 2075 1935 moi-tis
2097 1914 2186 1935 articulo
2230 1923 2234 1926 -

2005 1941 2117 1962 transferre
2140 1946 2188 1968 pos-

2003 1970 2058 1989 sunt.
