2263 3215
312 222 359 249 An.
377 223 406 252 c.
423 223 492 251 1655
538 215 579 249 62

337 493 426 523 Dei-ngat
442 500 489 514 con·

309 523 386 541 trariis.

355 1338 416 1359 Fide<
432 1341 486 1359 tran-

305 1367 440 1391 numptorum.

331 2449 471 2475 Suppuratio.

507 282 567 312 res,
588 272 717 305 iudicari
733 277 762 304 et
782 271 904 304 definiri
922 270 1048 311 debere,
1064 281 1098 304 ac
1117 272 1239 305 irritum

507 331 536 358 et
561 325 661 365 inane,
682 325 705 357 si
731 334 819 357 secus
840 334 933 367 super
958 323 1006 356 his
1031 334 1047 356 a
1072 335 1240 368 quoquam,

507 379 614 422 quavis
639 378 839 418 auctoritate,
864 377 998 410 scienter
1024 377 1070 411 vel
1099 378 1241 420 ignoran-

508 436 562 472 ter,
588 432 753 474 contigerit
778 432 931 465 attentari.

549 485 564 527 ξ
590 484 617 516 7.
649 485 715 517 Non
746 484 943 517 obstantibus
968 483 1260 517 constitutionibus

506 543 534 570 ct
559 537 806 570 ordinationibus
828 538 1017 581 apostolicis,
1043 547 1164 569 necnon
1189 536 1236 567 di-

506 596 571 622 ctae
590 590 847 633 Congregalionis
864 590 1063 630 Cassinensis,
1081 590 1172 622 etiam
1200 588 1242 620 iu-

505 649 667 683 ramento,
700 643 937 676 confirmatione
969 643 1156 686 apostolica,
1195 642 1239 673 vel

504 697 562 729 alia
587 698 695 740 quavis
719 697 866 729 firmitate
889 697 1054 736 roboratis,
1076 695 1197 728 statutis
1212 700 1241 728 et

505 749 803 790 consuetudinibus,
828 749 1000 793 privilegiis
1025 759 1159 792 quoqne,
1188 748 1237 780 in-

503 803 597 835 dultis
621 808 650 835 ct
674 802 784 835 litteris
802 802 980 845 apostolicis
1001 802 1030 833 in
1048 801 1240 834 contrarium

503 856 751 900 praemissorum
792 854 1028 898 quomodolibet
1063 854 1240 895 concessis,

503 909 695 942 confirmatis
712 915 742 941 et
763 907 1072 951 innovatis341uibus
1094 908 1241 940 omnibus

502 967 531 994 ct
554 962 694 1004 singulis,
723 961 848 994 illorum
874 966 998 993 tenores
1025 960 1240 1004 praesentibus

502 1025 560 1058 pro
585 1015 675 1058 plene
701 1019 730 1047 et
750 1014 941 1047 sufficienter
968 1014 1123 1057 expressis
1149 1019 1178 1046 ct
1203 1013 1240 1046 de

503 1068 597 1101 verbo
623 1067 660 1100 ad
685 1068 815 1100 verbum
842 1066 965 1099 insertis
994 1067 1155 1107 habentes,
1180 1067 1240 1099 illis

501 1121 576 1153 alias
595 1121 623 1153 in
645 1131 700 1154 suo
726 1121 839 1153 robore
855 1120 1081 1163 permansuris,
1099 1120 1136 1152 ad
1154 1130 1239 1163 prae-

502 1174 669 1207 missorum
687 1174 832 1207 effectum
851 1173 1028 1217 specialiter
1046 1179 1075 1206 et
1092 1184 1239 1217 expresse

501 1227 699 1270 derogamus;
726 1227 900 1270 ceterisque
925 1226 1091 1260 contrariis
1115 1227 1240 1270 quibus-

504 1290 649 1323 eumque.

545 1333 560 1376 ἓ
584 1332 613 1365 8.
640 1333 788 1365 Volumus
818 1338 921 1365 autem
958 1338 991 1365 ut
1026 1333 1237 1377 praesentium

502 1386 719 1430 transumptis,
745 1386 837 1418 etiam
863 1386 1039 1429 impressis,
1066 1397 1158 1419 manu
1183 1397 1238 1420 no-

502 1439 571 1471 tarii
595 1439 712 1483 publici
737 1439 933 1482 subscriptis,
954 1444 984 1472 et
1003 1439 1106 1482 sigillo
1129 1450 1238 1483 perso-

501 1501 558 1525 nae
583 1492 613 1524 in
636 1492 845 1525 ecclesiastica
874 1492 1025 1535 dignitate
1053 1493 1239 1525 constitutae

502 1545 645 1588 munitis,
671 1545 777 1579 eadem
804 1555 936 1589 prorsus
961 1545 1038 1578 fides
1063 1545 1094 1578 in
1123 1545 1238 1578 iudicio

501 1604 530 1632 et
554 1605 640 1633 extra
653 1599 729 1632 illud
742 1599 937 1640 adhibeatur,
959 1610 1039 1643 quae
1057 1600 1133 1643 ipsis
1152 1610 1239 1643 prae-

500 1653 638 1687 sentibus
662 1653 882 1695 adhiberetur,
909 1653 934 1686 si
959 1654 1060 1687 forent
1083 1654 1238 1687 exhibitae

501 1708 548 1741 vel
572 1713 723 1741 ostensae.

544 1761 654 1794 Datum
664 1762 790 1804 Rornae,
805 1761 887 1805 apud
897 1761 1066 1795 stuariam
1079 1762 1238 1803 Maiorem,

501 1813 559 1847 sub
588 1815 703 1848 annulo
726 1815 904 1856 Piscatoris,
925 1815 974 1848 die
989 1826 1031 1848 vn
1052 1816 1238 1860 septembris

502 1877 615 1908 nnch,
632 1868 831 1911 pontificatus
852 1869 950 1902 nostri
971 1880 1052 1903 anno
1067 1880 1085 1902 1.

537 1930 595 1957 Dat.
611 1930 653 1958 die
668 1931 683 1958 7
698 1932 858 1967 septembris
876 1933 952 1967 1555,
970 1933 1062 1968 pontis.
1081 1942 1149 1961 anno
1166 1941 1183 1960 1.

801 2048 931 2080 XXXlll.

503 2114 711 2158 Confirmatio
735 2116 949 2149 conclusionis
966 2118 1103 2160 capituli
1119 2119 1237 2152 Baren-

544 2169 589 2201 εἰς
605 2178 701 2212 super
717 2170 941 2212 aqqrcyatione
961 2170 1131 2204 octodecim
1146 2183 1236 2215 pres-

546 2221 729 2264 byterorum
753 2221 795 2254 ad
819 2223 983 2254 servitium
1013 2223 1116 2257 dictae
1144 2226 1234 2259 eccle-

545 2275 612 2308 siae
629 2274 647 2307 ¹.

694 2338 859 2365 Alexander
878 2339 954 2372 Papa
974 2340 1042 2372 vlt,

642 2382 679 2409 ad
698 2382 830 2410 futuram
849 2383 894 2410 rei
913 2385 1093 2411 memoriam.

546 2443 560 2487 ἓ
585 2443 613 2476 l.
639 2444 757 2487 Exponi
783 2444 872 2477 nobis
894 2455 994 2488 nuper
1024 2446 1164 2479 fecerunt
1188 2447 1234 2479 di-

503 2496 573 2529 lecti
598 2496 651 2528 tilii
678 2497 937 2538 archidiaconus,
962 2498 1235 2543 archipresbyter,

502 2548 616 2592 aliique
641 2551 796 2583 constituti
824 2551 851 2582 in
877 2551 1091 2593 dignitatibus,
1116 2562 1234 2585 necnon

541 2613 549 2637 t
570 2611 604 2637 Ex
622 2610 727 2646 Regest.
746 2612 768 2637 in
785 2613 886 2638 Serrai.
904 2613 983 2639 ΒΓΗ,

1083 224 1260 248 BULLARIUM
1282 225 1299 248 n
1305 224 1435 248 OMANUM

1275 271 1415 304 canonici
1441 270 1590 303 ecclesiae
1616 269 1776 312 Barensis,
1807 270 1890 314 quod
1916 269 2012 314 ipsis,

1275 325 1350 367 qni,
1375 330 1408 356 ut
1441 328 1603 363 asserunt,
1636 323 1746 365 viginti
1771 328 1842 356 octo
1866 323 2011 364 existunt,

1275 375 1435 407 servitium
1461 374 1600 406 divinum
1617 374 1646 406 in
1664 373 1745 407 dicta
1771 374 1901 407 ecclesia
1931 374 2012 406 eius-

1275 438 1335 470 que
1360 428 1457 460 choro
1484 431 1546 461 toto
1571 437 1652 460 anno
1669 427 1901 470 peragendum,
1919 427 2011 460 unico

1275 481 1323 513 die
1358 480 1527 513 vacationis
1559 480 1691 522 singulis
1723 480 1882 512 mensibus
1907 490 2011 524 respe-

1275 535 1353 568 ctive
1375 540 1516 578 excepto,
1532 534 1699 574 incumbit,
1720 534 1926 577 ipsorumque
1950 534 2012 566 sin-

1275 588 1338 630 guli
1361 588 1731 631 annuatim,computatis
1754 587 1879 619 insimul
1901 597 2011 620 eorum

1276 641 1461 684 praebendis
1486 646 1514 674 et
1535 640 1807 673 distributionibus
1823 640 2012 683 quotidianis

1276 705 1332 737 per
1349 704 1402 726 eos
1414 694 1564 726 lucrifieri
1579 693 1687 735 solitis,
1700 693 1857 735 sexaginta
1874 693 2011 736 quinque

1274 748 1402 781 ducatos
1427 754 1569 781 monetae
1595 748 1681 791 regni
1708 747 1900 791 Neapolitani
1920 747 2010 780 circi-

1276 806 1339 843 ter,
1372 813 1442 835 cum
1477 802 1695 835 celebrationis
1724 802 1888 834 missarum
1914 811 2010 834 onere

1275 866 1372 898 usque
1396 855 1433 888 ad
1459 855 1566 898 viginti
1590 855 1718 888 ducatos
1743 855 1870 896 similes,
1889 865 1925 887 ex
1943 853 2012 887 red-

1274 906 1389 938 ditibus
1414 906 1551 939 eiusdem
1576 906 1725 938 ecclesiae
1749 905 1921 949 respective
1938 915 2011 948 per-

1274 959 1410 1002 cipiunt,
1429 969 1464 991 ac
1478 969 1511 991 ex
1529 958 1603 1002 ipsis
1616 958 1781 1001 dignitates
1799 957 2011 991 obtinentibus

1275 1018 1304 1045 ct
1329 1012 1469 1045 canonici
1495 1023 1545 1044 sex
1567 1011 1603 1044 ad
1629 1011 1812 1044 exercitium
1834 1021 1928 1044 curae
1944 1011 2010 1043 ani-

1276 1076 1397 1098 marum
1430 1065 1693 1109 parochianorum
1726 1064 1825 1097 dictae
1860 1063 2010 1097 ecclesiae

1275 1118 1500 1159 subiectorum,
1526 1128 1620 1161 penes
1642 1117 1812 1161 capitulum
1839 1117 1935 1161 ipsius
1960 1127 2010 1150 cc-

1273 1171 1384 1204 clesiae
1410 1171 1585 1211 existentis,
1610 1171 1724 1214 aliique
1753 1170 1901 1203 officiales
1926 1171 2010 1203 eius·

1272 1224 1342 1257 dem
1368 1224 1517 1258 ecclesiae
1541 1224 1683 1268 deputari
1710 1224 1827 1264 solent,
1852 1224 1934 1256 unde
1958 1224 2008 1264 fit,

1272 1283 1305 1310 ut
1340 1289 1449 1312 eorum
1483 1278 1535 1322 qui
1571 1278 1669 1310 choro
1699 1277 1873 1321 divinisque
1899 1277 2009 1311 officiis

1272 1331 1468 1365 celebrandis
1492 1331 1639 1364 assistunt
1670 1341 1842 1372 numerus,
1874 1331 2009 1375 demptis

1272 1385 1457 1418 officialibus
1471 1384 1637 1428 praedictis
1651 1384 1681 1416 in
1691 1384 1868 1417 officiorum
1879 1394 2009 1417 suorum

1272 1438 1420 1471 exercitio
1446 1437 1623 1481 occupatis,
1649 1442 1678 1470 et
1702 1438 1770 1470 aliis
1790 1448 1848 1481 pro
1868 1441 2009 1482 tempore

1272 1492 1410 1535 legitime
1432 1491 1600 1536 impeditis,
1617 1497 1713 1535 prout
1731 1491 1768 1523 ad
1788 1501 1937 1535 praesens
1947 1491 2009 1524 duo

1272 1556 1306 1578 ex
1332 1545 1441 1578 iisdem
1467 1544 1624 1578 canonicis
1650 1555 1705 1577 seu
1729 1544 1896 1587 dignitates
1926 1545 2008 1578 obti-

1271 1599 1417 1632 nentibus
1441 1598 1570 1632 omnino
1587 1598 1669 1631 caeci
1687 1598 1900 1642 reperiuntur,
1919 1598 2010 1632 inter-

1272 1653 1345 1686 dum
1372 1652 1408 1685 ad
1434 1657 1553 1696 septem
1580 1652 1625 1685 vel
1650 1657 1720 1685 octo
1742 1651 1919 1684 reducatur.

1317 1708 1330 1751 ξ
1354 1707 1383 1740 Q.
1409 1707 1483 1740 Cum
1502 1712 1616 1747 autem,
1635 1706 1714 1738 sicut
1731 1705 1837 1738 eadem
1855 1706 2008 1750 expositio

1272 1760 1500 1803 subiungebat,
1525 1759 1674 1803 praedicti
1701 1763 1891 1803 exponentes
1924 1760 2008 1804 capi-

1273 1814 1413 1847 tulariter
1428 1814 1620 1857 congregati,
1638 1824 1696 1857 pro
1713 1813 1823 1846 maiori
1848 1813 1949 1846 cultus
1967 1813 2010 1846 di-

1272 1867 1334 1900 vini
1360 1871 1547 1909 augmento,
1575 1866 1613 1899 de
1641 1876 1792 1899 consensu
1823 1865 2009 1899 venerabilis

1272 1920 1376 1952 fratris
1400 1919 1631 1963 archiepiscopi
1656 1918 1800 1951 Barensis
1820 1929 1930 1952 eorum
1951 1918 2008 1952 Or-

1271 1972 1383 2005 dinarii
1398 1983 1432 2005 ac
1449 1972 1634 2005 dilectorum
1660 1972 1798 2005 filiorum
1823 1972 1919 2005 totius
1932 1972 2008 2005 cleri

1272 2025 1425 2066 Barensis,
1439 2025 1611 2058 octodecim
1633 2025 1834 2069 presbyteros
1851 2025 2008 2069 simplices

1272 2084 1298 2111 ct
1325 2079 1424 2121 magis
1448 2078 1589 2112 antianos
1613 2078 1751 2110 eiusdem
1778 2078 1853 2112 cleri
1883 2078 2008 2122 praedi-

1271 2138 1337 2164 ctae
1362 2132 1510 2164 ccclesiac
1535 2131 1679 2171 servitio,
1701 2133 1735 2164 ca
1766 2132 1834 2174 lege
1862 2137 1896 2164 ut
1920 2132 2008 2165 chori

1272 2185 1445 2228 ceterisque
1470 2185 1569 2218 dictae
1601 2185 1750 2218 ecclcsiae
1776 2184 2007 2226 functionibus,

1272 2239 1348 2271 sacta
1374 2238 1454 2271 inter
1474 2238 1599 2271 eosdem
1619 2244 1808 2282 exponentes
1825 2249 1860 2271 ac
1881 2238 2009 2283 presby-

1271 2298 1354 2325 teros
1378 2292 1558 2325 huiusmodi
1583 2292 1815 2325 hebdomadum
1841 2292 1911 2324 anni
1930 2291 2008 2324 divi-

1271 2345 1366 2386 sione,
1392 2345 1543 2388 insistant,
1558 2345 1776 2388 aggregandos
1800 2346 1865 2378 fore
1879 2355 2008 2378 censue-

1271 2397 1330 2429 rint
1351 2401 1380 2431 ct
1397 2398 1615 2438 concluserint,
1631 2409 1665 2431 ac
1680 2398 1788 2431 iisdem
1806 2398 2006 2442 presbyteris,

1271 2451 1387 2483 servitii
1412 2451 1592 2484 huiusmodi
1617 2462 1673 2495 per
1698 2462 1750 2484 eos
1769 2451 1947 2495 praestandi
1965 2451 2008 2484 in-

1271 2503 1359 2544 tuitu,
1374 2509 1529 2537 tercentos
1553 2505 1682 2537 ducatos
1696 2505 1833 2538 eiusdem
1852 2509 2006 2546 monetae,

1251 2585 1253 2595 ,
1269 2566 1283 2586 a
1305 2556 1425 2588 dilectis
1449 2558 1567 2601 pariter
1582 2558 1653 2590 tiliis
1668 2558 1887 2591 communitate
1905 2563 1935 2591 ct
1949 2558 2007 2591 ho-

1250 2601 1404 2646 }minibns
1430 2611 1562 2643 civitatis
1588 2611 1730 2644 Barensis
1761 2611 1928 2655 praedictis
1954 2622 2005 2647 ca-

2028 222 2075 249 Αη.
2094 222 2121 249 C.
2143 223 2209 252 ¹655

2049 1716 2137 1738 Motiva.
