2185 3188
52 189 100 216 ΑΒ.
116 186 144 214 C.
163 187 233 215 1656

49 1415 223 1465 „J'El'ssl'mpm'

842 192 1027 217 ALEXANDEn
1049 193 1092 216 vu
1114 195 1161 218 ΓΡ.

247 239 277 267 et
295 235 428 269 insolitis
448 237 596 270 clausulis
612 243 642 271 et
665 238 810 279 decretis,
831 238 925 272 etiam
946 239 984 272 ir-

245 287 421 330 ritantibus,
439 289 469 322 in
491 300 607 333 genere
632 292 678 324 vel
704 292 735 324 in
759 292 872 335 specie,
890 292 983 326 etiam

245 346 342 383 motu,
360 342 499 384 scientia,
517 343 744 378 deliberatione
769 351 798 378 et
822 347 984 389 potestatis

244 393 438 438 plenitudine
463 396 628 437 similibus,
646 397 737 430 etiam
763 398 983 436 consistoriali-

244 452 301 488 ter,
318 452 348 480 et
368 448 443 480 alias
463 450 701 492 quomodolibet
727 451 756 484 in
789 452 982 485 contrarium

244 499 491 543 praemissorum
518 503 696 543 concessis,
729 503 923 537 confirmatis
955 509 983 539 et

242 552 360 596 pluries
386 553 555 595 innovatis;
577 555 690 599 quibus
712 556 857 590 omnibus
877 563 905 590 et
924 558 982 591 sin-

242 605 333 648 gulis,
352 607 473 640 etiamsi
497 619 556 652 pro
581 609 745 643 sufficienti
762 620 873 643 eorum
890 611 982 645 dero—

242 659 367 702 gatione
385 660 423 693 de
443 660 503 694 illis
521 671 694 706 eorumque
724 662 795 696 totis
819 664 982 698 tenoribus

241 712 395 755 specialis,
413 714 568 757 specifica,
589 725 738 759 expressa
755 722 784 749 et
810 716 980 760 individua,

241 774 277 798 ac
307 765 345 798 de
369 767 465 800 verbo
492 767 529 801 ad
556 768 697 809 verbum,
718 779 781 802 non
801 775 904 803 autem
925 781 982 814 per

242 818 397 852 clausulas
436 821 599 865 generales
634 822 716 855 idem
754 823 960 867 importantes
974 852 981 865 ,

241 873 358 907 mentio
377 884 432 907 seu
449 875 577 919 quaevis
597 875 657 909 alia
673 877 833 921 expressio
851 884 903 910 aut
923 878 981 911 alia

241 927 393 970 exquisita
416 928 517 961 forma
545 929 582 962 ad
612 930 671 964 hoc
703 931 855 964 servanda
880 932 981 973 soret,

241 979 365 1012 illorum
391 981 533 1014 omnium
560 987 589 1015 et
618 983 815 1027 singulorum
842 990 980 1028 tenores,

239 1033 355 1067 formas
386 1039 417 1067 et
453 1036 633 1070 occasiones
670 1039 889 1081 praesentibus
923 1050 981 1083 pro

240 1087 332 1131 plene
356 1092 386 1120 et
409 1088 600 1123 sufficienter
620 1091 778 1134 expressis
799 1091 932 1135 insertis,
952 1098 982 1126 et

239 1141 370 1174 servatis
395 1142 569 1185 respective
592 1143 753 1185 habentes,
774 1145 834 1178 illis
854 1146 929 1179 alias
950 1146 981 1179 in

239 1204 295 1227 suo
320 1194 435 1228 robore
455 1197 692 1239 permansuris,
722 1198 760 1230 ad
783 1199 976 1244 praemisso-

239 1258 310 1280 rum
330 1248 474 1282 effectum
492 1250 670 1294 specialiter
684 1257 713 1284 et
730 1262 877 1296 expresse
893 1253 982 1287 dero-

240 1311 409 1344 gamus,ac
431 1303 617 1346 derogatum
643 1315 711 1338 esse
742 1307 904 1346 volumus;
931 1318 980 1340 ce-

240 1354 376 1399 terisque
405 1357 569 1391 contrariis
592 1359 851 1404 quibuscumque.

282 1409 297 1452 §3
329 1408 358 1443 8.
388 1410 538 1444 Volumus
567 1417 671 1445 autem
700 1419 733 1446 ut
764 1415 978 1458 praesentium

238 1463 452 1507 transumptis,
474 1464 567 1497 etiam
593 1466 777 1510 impressis,
804 1479 899 1501 mauu
923 1469 977 1502 ali-

238 1515 326 1549 cuius
343 1517 456 1550 notarii
474 1518 591 1562 publici
609 1519 805 1564 subscriptis,
827 1526 855 1554 et
875 1522 978 1565 sigillo

238 1579 391 1613 personae
411 1570 441 1603 in
462 1571 613 1614 dignitate
636 1574 845 1608 ecclesiastica
863 1577 978 1610 consti-

238 1626 320 1656 tutae
353 1624 500 1666 munitis,
526 1625 633 1659 eadem
672 1637 803 1671 prorsus
833 1629 909 1662 tides
948 1630 977 1662 in

238 1676 354 1710 iudicio
371 1683 401 1710 et
423 1683 509 1712 extra
534 1679 609 1712 illud
636 1680 751 1724 ubique
781 1681 977 1725 adhibeatur,

237 1740 318 1773 quae
344 1730 419 1774 ipsis
444 1733 665 1775 praesentibus
699 1734 919 1774 adhiberetur,
953 1737 976 1770 si

237 1783 339 1816 forent
355 1784 512 1818 exhibitae
530 1786 576 1818 vel
602 1792 754 1821 ostensae.

279 1836 390 1870 Datum
401 1837 528 1879 Romae,
539 1840 621 1883 apud
630 1840 658 1873 S.
674 1841 800 1874 Mariam
816 1842 976 1885 Maiorem,

237 1890 294 1923 sub
308 1891 423 1925 annulo
437 1891 613 1933 Piscatoris‚
631 1893 681 1927 die
694 1904 773 1928 xvlu
787 1897 976 1939 septembris

236 1952 363 1983 MDchi,
383 1944 582 1988 pontificatus
603 1948 700 1980 nostri
719 1959 800 1981 anno
818 1960 849 1983 u.

272 2004 329 2032 Dat.
347 2005 390 2032 die
407 2006 441 2034 18
456 2007 619 2042 septembris
638 2010 713 2042 1656,
733 2011 826 2045 pontit.
841 2021 909 2039 auno
927 2020 951 2040 u.

538 2204 690 2242 CXXXIII.

238 2316 449 2358 Confirmatio
465 2320 725 2363 conqreyationis
735 2322 772 2355 de
789 2324 975 2368 Propagyan-

281 2369 323 2403 da
354 2370 436 2404 Fide
466 2382 562 2414 super
594 2373 706 2407 litibus
739 2377 824 2409 inter
854 2378 974 2411 clerum

283 2424 460 2457 secularem
484 2425 684 2460 Hollandz'cte
705 2433 732 2461 et
751 2430 975 2464 missionarios

281 2477 446 2510 suscitatis
472 2481 723 2513 emanatorum¹.

274 2593 284 2617 1
307 2590 345 2619 Ex
365 2592 470 2630 Regest.
493 2594 520 2621 in
539 2594 638 2624 Secret.
664 2597 741 2625 lli-ov.

1661 189 1720 223 231

1211 244 1378 273 Alexander
1401 247 1480 280 Papa
1500 248 1562 282 vn,

1160 287 1195 313 ad
1222 288 1355 316 futuram
1375 291 1418 318 rei
1440 293 1620 319 memoriam.

1772 202 1819 226 An.
1839 201 1864 225 (ἶ,
1893 202 1958 228 125ss

1062 347 1076 390 ἓ
1104 348 1130 380 1.
1156 348 1278 381 Dudum
1300 361 1316 382 a
1333 351 1430 385 felicis
1456 353 1684 387 recordationis
1706 355 1759 388 Ur·
1786 369 1957 407 ,thesaur-can·

1017 399 1098 433 bano
1123 401 1206 445 Papa
1230 402 1295 436 VIII
1320 405 1564 447 praedecessore
1596 413 1704 441 nostro
1729 399 1863 443 e-i.'.³'x²i‘ii.

1017 460 1185 487 manarunt
1213 455 1336 489 litterae
1356 456 1386 489 in
1407 458 1500 490 simili
1525 459 1626 492 forma
1652 460 1757 493 Brevis

1016 506 1134 540 tenoris
1159 509 1329 551 sequentis,
1354 510 1516 544 videlicet:

1189 562 1340 595 Urbanus
1365 564 1462 607 Papa
1492 565 1584 604 VIII,

1133 614 1175 647 ad
1197 616 1347 658 futuram
1372 618 1421 650 rei
1446 620 1645 652 memoriam.

1060 666 1230 701 Salvatoris
1256 675 1286 701 et
1309 670 1434 703 Domini
1460 672 1576 713 nostri,
1600 674 1652 716 qui
1688 674 1756 707 cha-

1016 719 1091 753 ritas
1117 726 1162 754 est
1186 727 1216 754 et
1240 722 1322 756 Deus
1343 724 1439 767 pacis,
1459 725 1540 758 vices
1557 726 1628 759 licet
1646 726 1755 760 imme-

1017 772 1066 805 riti
1093 779 1238 816 gerentes
1259 775 1290 807 in
1319 776 1422 818 terris,
1442 777 1521 811 inter
1544 779 1756 821 gravissimas,

1017 826 1267 871 multiplicesque
1278 830 1470 872 apostolicae
1479 831 1638 865 servitutis
1655 843 1756 874 curas,

1016 879 1101 912 illam
1119 881 1271 924 peculiari
1290 882 1502 917 sollicitudine
1526 885 1755 928 amplectimur,

1016 939 1049 965 ut
1073 944 1226 977 personae
1252 936 1481 970 ecclesiasticae
1511 943 1541 970 et
1571 938 1755 982 praesertim

1016 986 1073 1018 sub
1088 987 1174 1020 suavi
1188 988 1349 1032 religionis
1364 990 1437 1033 iugo
1452 991 1602 1025 virtutum
1624 992 1756 1026 Domino

1016 1040 1222 1082 famulantes,
1248 1042 1379 1076 sublatis
1403 1044 1598 1087 quibuslibet
1623 1052 1753 1080 contro-

1017 1093 1146 1135 versiis,
1173 1095 1204 1127 in
1237 1096 1399 1130 sanctitate
1427 1103 1457 1130 et
1482 1098 1599 1132 iustitia
1626 1100 1757 1133 reddant

1016 1147 1149 1181 Domino
1166 1149 1362 1183 abundantes
1380 1151 1500 1184 fructus
1517 1163 1604 1192 suos;
1624 1157 1651 1187 el
1669 1154 1756 1195 haec,

1015 1211 1094 1244 quae
1119 1208 1288 1246 propterea
1313 1204 1392 1237 sacta
1418 1205 1511 1238 fuisse
1536 1206 1698 1248 dicuntur,
1723 1214 1757 1240 ut

1014 1254 1053 1287 ab
1070 1255 1217 1289 omnihus
1231 1256 1452 1291 inviolabiliter
1472 1259 1690 1301 observentur,
1710 1272 1756 1294 va-

1014 1308 1188 1353 lidioreque
1201 1310 1350 1345 firmitate
1367 1312 1546 1354 subsistant,
1565 1315 1756 1357 apostolicae

1014 1362 1262 1398 confirmationis
1288 1365 1402 1398 robore
1427 1366 1559 1400 libenter
1585 1369 1757 1402 communi-

1015 1427 1101 1456 mus,
1132 1424 1244 1461 prout,
1268 1429 1497 1462 personarum,
1523 1432 1693 1465 rerumque
1726 1429 1756 1456 et

1015 1475 1191 1514 temporum
1217 1473 1421 1516 qualitatibus
1455 1474 1559 1507 debite
1595 1477 1754 1519 pensatis,

1013 1525 1224 1569 conspicimus
1257 1527 1286 1559 in
1315 1528 1448 1561 Domino
1475 1529 1645 1562 salubriter
1666 1541 1755 1574 expe-

1013 1578 1088 1611 dire.
1115 1580 1237 1623 Exponi
1263 1581 1417 1625 siquidem
1439 1583 1530 1615 nobis
1551 1593 1652 1627 nuper
1677 1585 1755 1618 sece-

1014 1636 1085 1665 runt
1103 1633 1289 1666 venerabilis
1314 1634 1409 1668 frater
1427 1635 1589 1680 Philippus
1603 1637 1755 1682 archiepi-

1012 1696 1125 1729 scopus
1158 1686 1377 1730 Philippensis,
1397 1688 1531 1722 ricarius
1562 1691 1754 1733 apostolicus

1013 1738 1041 1770 iu
1067 1740 1226 1773 nonnullis
1244 1741 1342 1783 Belgii
1364 1743 1543 1785 provinciis,
1569 1754 1689 1777 necnon
1707 1745 1752 1778 di-

1012 1792 1082 1825 lecti
1115 1792 1169 1825 silii
1204 1794 1306 1827 clerus
1340 1795 1476 1835 ibidem,
1510 1808 1544 1829 ac
1578 1798 1754 1842 presbyteri

1011 1845 1173 1878 Societatis
1196 1847 1286 1884 lesu,
1313 1853 1342 1880 et
1371 1848 1421 1880 alii
1449 1850 1611 1892 regulares
1638 1851 1667 1883 in
1693 1851 1752 1883 illis

1011 1898 1153 1942 partibus
1179 1899 1381 1941 missionarii,
1413 1903 1496 1946 quod
1522 1904 1597 1936 alias
1623 1915 1639 1936 a
1666 1915 1753 1938 vcne-

1010 1952 1165 1986 rabilibus
1190 1954 1341 1987 fratribus
1358 1957 1474 1989 nostris
1499 1962 1623 1992 sanctae
1645 1959 1754 1992 Roma-

1010 2015 1068 2038 nae
1084 2006 1240 2040 Ecclesiae
1258 2008 1479 2051 cardinalibus,
1498 2011 1626 2054 negotio
1641 2023 1754 2056 propa-

1010 2060 1129 2102 gandae
1148 2061 1178 2093 in
1204 2062 1385 2096 uuiversum
1408 2065 1558 2098 mundum
1577 2066 1648 2099 fidei
1667 2078 1754 2110 prae-

1009 2114 1129 2157 positis,
1151 2117 1308 2149 emanavit.
1325 2117 1485 2151 decretum
1510 2120 1626 2153 tenoris
1647 2121 1753 2154 subse-

1009 2168 1143 2210 quentis,
1171 2168 1336 2202 videlicet:

1010 2255 1173 2289 Resolutz'o
1183 2257 1359 2292 dubiorum
1374 2264 1402 2293 et
1412 2260 1658 2303 difficultatum,
1672 2273 1753 2307 quae

1054 2320 1074 2341 α
1097 2310 1218 2343 vicario
1235 2313 1408 2355 apostolico
1426 2314 1626 2347 Hollandiae
1643 2326 1753 2349 sacrae

1055 2365 1300 2407 conssreqationi
1340 2366 1378 2397 de
1414 2367 1636 2411 Propayanda
1672 2369 1753 2402 Fide

1052 2418 1221 2460 proposita
1245 2423 1328 2451 sunt.

1057 2497 1075 2519 ι.
1111 2487 1199 2520 Circa
1235 2490 1397 2531 regulares
1433 2496 1464 2524 et
1496 2498 1601 2535 patres
1639 2494 1748 2528 Socie-

1010 2540 1079 2572 tatis
1105 2540 1173 2573 lesu
1191 2541 1354 2575 definitum
1376 2549 1431 2585 est,
1449 2555 1512 2585 eos,
1532 2546 1584 2589 qui
1604 2546 1750 2592 deinceps

1009 2593 1039 2626 in
1065 2594 1125 2627 illis
1150 2595 1292 2639 partibus
1315 2597 1380 2630 rice
1400 2603 1563 2642 pastorum
1589 2611 1660 2633 cum
1682 2602 1751 2635 reli-

1891 396 1913 416 [νγ
1920 397 1958 415 bri-
