2243 3205
59 188 102 214 Αη.
119 186 146 211 (ἶ,
169 184 230 211 1861

57 832 160 853 Contraria
171 831 231 851 toltit,

89 1789 233 1816 'Ti-:insumpto-

55 1821 97 1838 rum
112 1816 168 1837 tides.

845 179 1029 204 ALEXANDER
1055 179 1098 203 VII
1122 179 1170 203 PP.

248 236 330 264 teras
355 241 482 275 semper
506 230 624 271 sirmas,
642 229 758 263 validas
783 234 812 262 et
837 229 987 270 efficaces,

248 284 382 317 existere
403 289 432 317 et
458 284 534 325 sore,
553 294 689 328 suosque
714 282 872 328 plenarios
893 287 923 315 et
947 282 988 314 in-

248 343 354 381 tegros
377 337 504 371 effectus
522 338 627 372 sortiri
649 343 678 370 et
695 337 847 377 obtinere,
867 341 896 369 et
918 335 988 376 illis,

248 391 286 424 ad
303 402 382 435 quos
400 397 518 435 spectat
535 397 565 424 et
582 402 639 435 pro
660 397 801 434 tempore
825 389 988 434 spectabit,

248 445 430 488 plenissime
447 444 625 487 suffragari,
643 444 749 488 sicque
764 444 794 476 in
808 442 988 487 praemissis

247 507 304 541 per
336 508 552 541 quoscumque
582 497 723 539 iudices,
748 496 926 530 ordinarios
959 500 989 528 et

248 549 416 593 delegatos,
435 550 526 583 etiam
553 561 718 583 causarum
744 549 987 593 palatiiaposto-

248 601 298 633 lici
324 601 494 641 auditores,
512 601 642 634 iudicari
668 606 698 633 et
722 600 846 633 definiri
863 600 987 641 debere,

247 664 284 687 ac
308 654 431 687 irritum
458 660 487 687 et
507 654 608 694 inane,
629 654 652 686 si
671 664 761 686 secus
786 663 880 697 super
900 652 948 685 his
972 662 989 684 a

247 718 418 752 quoquam,
434 709 543 752 quavis
569 708 764 748 auctoritate,
786 708 920 740 scienter
942 707 987 739 vel

248 762 431 805 ignoranter
457 761 625 804 contigerit
651 761 806 794 attentari.

292 815 307 858 ἓ
338 814 367 847 8.
395 815 463 848 Non
495 815 691 848 obstantibus
722 814 924 858 praemissis,
953 824 988 846 ac

247 868 522 901 constitutionibus
539 874 569 901 et
584 868 834 901 ordinationibus
859 873 986 911 aposto-

247 921 325 962 licis,
354 932 475 955 necnon
505 922 605 955 dictae
637 921 890 964 congregationis
911 921 989 954 eius-

246 986 307 1019 que
338 976 574 1020 provinciarum
605 981 635 1008 et
663 975 830 1008 domorum
857 975 985 1018 regula-

246 1029 329 1061 rium
354 1030 588 1073 quarumlihet,
617 1034 646 1062 et
670 1030 778 1062 aliisve
802 1029 987 1072 quibusvis,

246 1083 339 1115 etiam
354 1083 541 1125 iuramento,
556 1082 795 1116 confirmatione
807 1082 988 1126 apostolica,

247 1136 294 1169 vel
312 1136 420 1180 quavis
438 1136 585 1169 firmitate
603 1136 663 1168 alia
680 1136 849 1176 roboratis,
866 1136 988 1169 statutis

246 1194 276 1222 ct
293 1189 582 1230 consuetudinibus,
601 1189 774 1233 privilegiis
792 1199 928 1232 quoque,
947 1189 989 1221 in-

246 1243 340 1277 dultis
360 1250 390 1277 et
409 1244 522 1277 litteris
539 1244 728 1288 apostolicis,
747 1244 776 1276 in
794 1243 987 1276 contrarium

246 1298 492 1342 praemissorum
533 1297 770 1342 quomodolibet
810 1297 967 1330 concessis
981 1325 988 1339 ,

247 1350 441 1385 confirmatis
461 1357 491 1384 et
511 1351 677 1391 innovatis3
704 1351 818 1396 quibus
843 1350 989 1384 omnibus

247 1407 277 1438 et
301 1404 442 1447 singulis,
467 1405 592 1438 illorum
621 1410 746 1438 tenores
771 1404 989 1448 praesentibus

247 1467 306 1501 pro
330 1457 421 1501 plene
446 1463 475 1490 et
499 1457 692 1490 sufficienter
713 1457 870 1501 expressis
902 1463 931 1490 et
951 1457 988 1490 ad

247 1512 380 1545 verbum
403 1512 526 1546 insertis
543 1511 703 1554 habentes,
720 1512 779 1545 illis
793 1512 868 1544 alias
886 1512 916 1544 in
933 1523 989 1545 suo

247 1565 363 1598 robore
381 1565 609 1609 permansuris,
627 1565 664 1598 ad
682 1565 927 1609 praemissorum
946 1566 989 1598 ef-

247 1619 374 1659 fectum,
395 1619 453 1652 hac
477 1619 543 1652 vice
568 1619 739 1659 dumtaxat,
765 1619 941 1662 specialiter
962 1624 991 1652 et

248 1678 277 1705 et
294 1682 441 1716 expresse
455 1671 655 1715 derogamus,
677 1671 853 1715 ceterisque
871 1677 991 1704 contra-

247 1725 303 1759 riis
327 1725 590 1769 quibuscumque.

293 1779 350 1823 ἓξ).
368 1779 519 1812 Volumus
532 1784 635 1812 autem
654 1784 687 1812 ut
705 1779 885 1812 carumdem
904 1790 991 1823 prae-

249 1833 383 1866 sentium
419 1832 644 1876 transumptis,
674 1832 767 1865 etiam
801 1832 989 1876 impressis,

249 1897 344 1920 manu
364 1886 496 1919 alicuius
520 1886 633 1920 notarii
656 1886 771 1930 publici
794 1886 990 1930 subscriptis,

248 1946 279 1973 et
303 1940 406 1983 sigillo
439 1939 571 1972 alicuius
603 1949 757 1983 personae
782 1940 811 1972 in
837 1939 990 1972 ecclesia-

248 1993 324 2026 stica
349 1993 501 2036 dignitate
522 1993 708 2026 constitutae
726 1993 864 2031 munitis,
882 1992 989 2025 eadem

248 2057 379 2091 prorsus
397 2047 473 2079 fides
488 2047 519 2079 in
537 2046 653 2080 iudicio
668 2052 697 2079 et
713 2051 799 2080 extra
816 2046 892 2079 illud
906 2046 991 2078 adhi-

248 2100 369 2143 beatur,
399 2111 479 2144 quae
505 2099 726 2144 praesentibus
752 2099 828 2143 ipsis
861 2099 988 2132 adhibe-

249 2159 347 2195 retur,
372 2154 396 2187 si
422 2154 524 2187 forent
547 2153 706 2186 exhibitae
733 2153 780 2185 vel
813 2158 966 2186 ostensae.

294 2207 403 2242 Datum
433 2208 560 2247 Romae,
586 2206 668 2251 apud
686 2207 715 2240 S.
742 2206 870 2239 Mariam
896 2205 989 2239 Maio-

249 2271 328 2303 rem,
344 2261 401 2294 sub
421 2260 537 2293 annulo
562 2259 740 2300 piscatoris,
761 2260 810 2292 die
832 2270 850 2293 x
882 2259 989 2292 ianua-

249 2315 287 2348 rii
304 2325 432 2356 uncht,
450 2314 651 2358 pontificatus
665 2314 762 2347 nostri
782 2323 863 2347 anno
881 2323 922 2346 vi.

285 2377 343 2405 Dat.
361 2378 404 2405 die
429 2377 458 2405 tO
478 2377 593 2404 ianuarii
615 2376 692 2410 166¹,
711 2376 807 2412 pontis.
828 2384 899 2403 anno
914 2383 949 2402 νι.

1669 167 1733 199 645

1308 227 1478 261 CCCXXVI.

1021 298 1209 332 Prohibicio
1233 298 1377 331 missalis
1394 298 1515 341 qallico
1532 297 1687 330 idiomate
1707 296 1764 329 im-

1064 352 1170 396 pressi
1204 351 1259 384 sub
1290 352 1395 395 poemi
1419 350 1763 384 excommunicationis

1068 406 1152 439 latae
1176 405 1384 438 sententiae&

1217 486 1381 513 Alexander
1401 486 1479 519 Papa
1499 485 1567 517 vu,

1163 531 1200 558 ad
1219 531 1353 557 futuram
1372 530 1417 558 rei
1437 530 1619 557 memoriam.

1067 601 1111 635 Ad
1129 611 1220 634 aures
1236 606 1360 634 nostras
1377 600 1495 643 ingenti
1511 610 1580 632 cum
1597 599 1693 631 animi
1710 608 1763 631 no-

1023 655 1078 687 stri
1105 664 1251 687 moerore
1286 653 1448 698 pervenit,
1474 652 1559 696 quod
1595 653 1626 685 in
1663 662 1762 695 regno

1022 707 1139 742 Galliae
1163 707 1290 752 quidam
1316 707 1502 752 perditionis
1527 707 1582 739 filii
1608 707 1638 739 in
1663 706 1763 750 perni-

1022 762 1102 795 ciem
1124 761 1300 794 animarum
1326 761 1517 794 novitatibus
1542 759 1713 800 studentes,
1734 764 1764 791 et

1022 815 1248 849 ecclesiasticas
1274 814 1450 848 sanctiones
1475 824 1510 847 ac
1534 813 1655 857 praxim
1691 822 1764 846 con-

1023 873 1205 909 temnentes,
1230 868 1268 901 ad
1293 879 1360 901 eam
1386 878 1486 911 nuper
1512 867 1668 899 vesaniam
1694 876 1764 909 per-

1024 923 1177 964 venerint,
1192 928 1224 955 ut
1241 922 1366 955 missale
1384 931 1561 961 romanum,
1574 920 1671 953 latino
1690 919 1764 952 idio-

1023 981 1104 1008 mate
1127 976 1222 1019 longo
1242 981 1287 1008 tot.
1307 975 1486 1008 seculorum
1505 985 1562 1006 usu
1577 974 1608 1006 in
1626 973 1763 1006 Ecclesia

1023 1029 1156 1073 probato
1181 1029 1405 1072 conscriptum,
1427 1028 1465 1060 ad
1490 1028 1633 1070 gallicam
1661 1026 1764 1069 vulga-

1023 1093 1088 1115 rem
1100 1083 1239 1125 linguam
1250 1087 1444 1122 convertere,
1453 1081 1559 1124 sicque
1576 1090 1763 1113 conversum

1023 1135 1103 1179 typis
1129 1136 1277 1178 evulgare
1301 1140 1330 1167 et
1356 1135 1392 1167 ad
1423 1134 1559 1167 cuiusvis
1591 1133 1711 1166 ordinis
1736 1138 1764 1165 et

1023 1199 1114 1221 sexus
1138 1198 1290 1232 personas
1308 1188 1521 1220 transmittere
1547 1187 1612 1218 ausi
1638 1186 1764 1224 suerint,

1024 1248 1053 1274 et
1078 1243 1118 1274 ita
1143 1242 1333 1275 sacrosancti
1353 1241 1431 1274 ritus
1449 1240 1642 1273 maiestatem
1659 1239 1764 1271 latinis

1024 1295 1154 1328 vocibus
1180 1294 1441 1338 comprehensam
1475 1293 1610 1325 deiicere
1635 1296 1665 1326 et
1689 1302 1764 1336 pro-

1025 1355 1136 1391 terere,
1162 1359 1198 1381 ac
1222 1358 1385 1381 sacrorum
1413 1347 1635 1391 mysteriorum
1661 1345 1764 1388 digni-

1024 1408 1118 1435 tatem
1144 1403 1238 1445 vulgo
1263 1411 1421 1446 exponere
1457 1400 1626 1433 temerario
1652 1404 1765 1432 conatu

1025 1456 1219 1490 tentaverint.

1069 1510 1083 1553 §
1100 1509 1130 1542 sl.
1148 1510 1220 1549 Nos,
1239 1508 1363 1552 quibus,
1384 1507 1456 1539 licet
1471 1506 1645 1548 immeritis,
1660 1506 1765 1538 vineae

1024 1563 1148 1596 Domini
1173 1561 1308 1596 Sabaoth
1333 1571 1350 1593 a
1375 1560 1498 1594 Christo
1526 1560 1685 1593 Salvatore
1709 1569 1765 1592 no-

1025 1623 1089 1650 stro
1115 1616 1282 1660 plantatae,
1303 1615 1432 1657 eiusque
1453 1613 1592 1657 pretioso
1613 1612 1766 1655 sanguine

1026 1670 1185 1713 irrigatae,
1210 1679 1285 1702 cura
1309 1667 1495 1701 demandata
1520 1672 1576 1707 est,
1602 1672 1635 1699 ut
1660 1666 1765 1710 spina-

1026 1735 1094 1757 rum
1119 1723 1311 1763 huiusmodi,
1337 1722 1451 1766 quihus
1477 1721 1527 1753 illa
1552 1721 1766 1759 obrueretur,

1025 1778 1188 1812 obviemus
1206 1777 1411 1816 incremento,
1427 1785 1601 1819 earumque
1615 1777 1766 1818 quantum

1026 1832 1056 1864 in
1081 1832 1144 1864 Deo
1180 1840 1349 1874 possumus
1386 1829 1509 1862 radices
1543 1827 1766 1867 succidamus,

1025 1884 1289 1928 quemadmodum
1315 1883 1484 1916 novitatem
1504 1883 1593 1914 istam
1621 1880 1766 1925 perpetui

1025 1938 1182 1970 Ecclesiae
1207 1937 1330 1970 decoris
1354 1936 1632 1975 deformatricem,
1658 1934 1765 1967 inobe-

1024 1990 1170 2032 dientiae,
1196 1990 1391 2032 temeritatis,
1417 1989 1576 2029 audaciae,
1594 1987 1765 2027 seditionis,

1025 2044 1210 2085 schismatis,
1229 2043 1428 2087 aliorumque
1453 2042 1591 2086 plurium
1611 2041 1765 2075 malorum

1024 2097 1113 2130 facile
1138 2097 1371 2141 productricem
1398 2096 1607 2129 abhorremus
1632 2099 1661 2127 et
1686 2093 1766 2126 dete-

1024 2156 1155 2191 stamus,

1068 2204 1083 2247 ἓ
1107 2204 1136 2236 02.
1163 2204 1206 2236 lta
1233 2203 1357 2236 missale
1383 2203 1577 2247 praedictum
1604 2201 1717 2245 gallico
1745 2201 1767 2233 i-

1024 2257 1161 2290 diomate
1186 2267 1203 2289 a
1227 2267 1428 2300 quocumque
1453 2255 1692 2299 conscriptum,
1719 2254 1764 2287 vcl

1025 2310 1055 2342 in
1080 2315 1240 2353 posterum
1266 2310 1341 2342 alias
1366 2309 1603 2353 quomodolibet
1631 2309 1767 2342 conscri-

1025 2363 1162 2397 bendum
1181 2369 1210 2396 et
1228 2363 1449 2406 evulgandum,
1469 2368 1554 2397 motu
1573 2363 1715 2407 proprio,
1736 2366 1767 2396 et

1025 2428 1060 2449 ex
1083 2418 1169 2450 certa
1187 2416 1316 2449 scientia
1333 2426 1369 2448 ac
1399 2417 1522 2449 matura
1540 2415 1766 2448 deliberatione

1061 2497 1070 2523 1
1092 2495 1158 2523 Vide
1174 2500 1297 2531 quartam
1312 2495 1433 2530 regulam
1449 2495 1548 2522 Indicis
1563 2495 1694 2523 librorum
1708 2503 1768 2530 pro-

1025 2542 1181 2575 hibitorum,
1196 2541 1223 2568 in
1238 2550 1291 2577 qua
1306 2541 1467 2577 prohibetur
1482 2541 1622 2577 impressio
1637 2540 1767 2568 librorum

1024 2594 1163 2614 sacrorum
1179 2585 1281 2620 vulgari
1297 2585 1396 2621 lingua.

1781 177 1828 201 Αη.
1844 176 1871 201 C.
1895 175 1957 201 1661

1804 608 1925 630 Exordium.

1807 1513 1857 1533 ΜΘΗ
1863 1519 1894 1533 va,

1819 2205 1904 2225 Missale
1920 2205 1965 2231 gal-

1782 2232 1822 2253 lico
1864 2232 1964 2252 idiomate

1781 2261 1905 2285 impressum
1928 2259 1965 2279 ila-

1781 2289 1845 2307 timui.
