2185 3188
15 189 68 222 an.
87 187 116 214 c-.
135 185 200 214 t656

16 1638 18 1643 ·
61 1629 74 1649 A
101 1630 190 1649 censuris

16 1646 108 1686 bbsotvit.

22 2161 25 2186 t
43 2158 134 2180 tter-,run
145 2166 189 2186 sup·

811 181 994 205 ALexANDEn
1021 181 1065 204 vit
1090 181 1137 205 rr.
1632 172 1696 204 <22th
1736 180 1793 208 Ἀη,
1814 179 1927 208 0:155ss

213 242 348 275 cumque
378 231 578 275 quantumvis
601 229 819 274 urgentissima
845 234 873 263 et
899 230 949 261 iu—

213 284 409 327 excogitabili
435 285 529 317 causa
555 290 584 317 et
608 284 783 324 occasione,
802 282 894 315 etiam
914 281 951 314 ad

212 338 388 371 instantiam
415 337 629 381 imperatoris,
651 347 760 380 regum
780 343 809 368 et
835 346 953 368 rerum-

211 392 421 436 publicarum,
436 392 528 424 etiam
548 391 757 431 Venetiarum,
771 396 800 423 et
816 389 950 422 aliorum

212 455 488 489 quorumcumque
519 444 698 489 principum
732 444 950 487 impositarum

212 505 242 531 et
266 498 527 542 imponendarum
552 508 611 542 pro
637 503 788 541 tempore,
809 507 845 529 ex
869 506 952 528 nunc

211 557 304 596 prout
327 562 362 584 ex
390 557 462 585 tunc
490 557 519 584 et
544 561 560 584 e
584 556 703 592 contra,
730 555 758 584 et
784 555 950 594 postquam

211 615 301 638 casus
326 604 505 637 huiusmodi
533 603 741 648 impositionis
767 609 796 636 ct
821 603 951 636 solutio-

210 659 258 691 nis
282 659 430 699 evenerit,
458 658 628 691 liberamus
653 663 681 690 et
713 657 889 696 eximimus,
919 657 952 689 li-

210 711 365 755 berosque
391 716 419 745 ct
444 717 605 755 exemptos
622 711 687 744 fore
705 717 732 744 et
750 721 817 743 esse
842 711 950 743 decer-

210 764 326 804 nimus;
351 764 524 798 districtius
543 764 719 798 inhibentes
737 764 857 797 dilectis
879 764 951 796 siliis

209 828 292 851 nunc
309 821 338 852 et
354 828 412 862 pro
438 823 579 862 tempore
597 818 800 850 existentibus
818 818 846 850 S.
865 818 897 850 tt.
916 818 948 850 E.

210 871 404 912 camerario,
437 871 651 912 thesaurario,
676 871 949 915 praesidentibus,

210 925 342 965 clericis,
360 935 395 958 ac
412 925 665 968 quibuscumque
678 925 745 957 aliis
763 924 950 958 officialibus

211 988 352 1011 camerae
377 978 565 1022 praedictae,
587 982 616 1012 et
640 978 838 1011 exactoribus
860 978 950 1022 peda>

209 1032 345 1074 giorum,
366 1032 572 1073 decimarum,
593 1032 733 1073 subsidii,
752 1032 947 1074 gabellarum

209 1091 238 1118 et
262 1086 415 1119 bonerum
437 1086 628 1126 huiusmodi,
645 1096 681 1119 ac
701 1086 769 1118 aliis
794 1086 948 1130 personis,

209 1137 433 1181 cuiuscumque
465 1137 694 1170 ecclesiasticae
727 1138 773 1170 vel
799 1138 948 1170 secularis

160 1233 164 1236 ᾖ
208 1189 377 1233 dignitatis,
395 1194 501 1230 status,
520 1190 647 1233 gradus,
664 1190 784 1223 ordinis
806 1191 852 1223 vel
873 1201 946 1224 con-

208 1242 333 1277 ditionis
356 1244 581 1285 existentibus,
608 1254 644 1276 ne
670 1255 723 1277 cos
748 1243 786 1277 ad
810 1243 946 1288 aliquam

208 1296 393 1330 solutionem
419 1307 550 1340 cogere,
576 1308 630 1330 seu
657 1297 868 1342 compellere,
893 1309 945 1331 seu

207 1361 302 1395 super
325 1352 524 1395 praemissis.
550 1363 699 1385 eorumve
725 1363 797 1395 usu,
823 1363 946 1396 posses-

207 1404 305 1448 sione,
321 1405 366 1438 vel
384 1405 483 1448 quasi,
497 1405 614 1438 directe
635 1405 679 1438 vel
699 1405 860 1445 indirecte,
874 1416 947 1449 quo-

208 1458 252 1490 vis
269 1459 411 1502 quaesito
429 1459 535 1492 colore
555 1460 600 1491 vel
620 1460 746 1502 ingenio
768 1459 945 1501 molestare,

207 1511 253 1544 vel
277 1511 353 1544 alias
378 1512 614 1556 quomodolibet
641 1512 793 1556 impedire
818 1523 946 1556 quoquo

205 1565 299 1599 modo
324 1572 533 1609 praesumant.

249 1620 263 1663 ἓ
280 1619 309 1652 4.
328 1620 455 1653 Necnon
469 1631 577 1653 omnes
595 1620 722 1654 eosdem
741 1621 945 1654 conclavistas

205 1682 222 1705 a
245 1672 409 1717 quibusvis
433 1673 786 1714 excommunicationis,
816 1683 946 1717 suspen-

205 1726 322 1769 sionis,
355 1727 533 1768 interdicti,
558 1727 690 1770 aliisque
726 1727 944 1760 ecclesiasticis

204 1780 375 1821 sententiis,
393 1781 534 1814 censuris
551 1786 577 1813 et
597 1781 717 1825 poeniS,
735 1781 758 1813 si
777 1791 854 1825 quas
871 1792 944 1825 quo-

205 1833 376 1868 modolibet
403 1841 533 1879 propter
562 1836 835 1869 conti-aventiones
863 1846 940 1868 con-

204 1892 360 1920 tentorum
387 1888 417 1920 in
442 1888 720 1922 constitutionibus
739 1899 832 1932 super
857 1899 944 1921 crea-

204 1940 286 1974 tione
311 1942 441 1975 Romani
468 1942 627 1976 pontilicis
645 1953 704 1986 pro
723 1948 865 1986 tempore
883 1941 943 1975 edi-

204 1993 242 2026 tis
269 1994 315 2026 vel
347 1995 422 2028 alias
454 1995 693 2039 quomodolibet
725 1995 942 2035 incurrerunt,

205 2047 235 2080 in
259 2048 328 2082 soro
356 2049 564 2082 conscientiae
595 2054 713 2081 tantum
749 2049 942 2082 absolvimus

205 2107 234 2134 ct
253 2101 434 2135 liberamus.

249 2155 304 2198 ἐξ).
323 2157 365 2188 Ac
382 2166 491 2189 omnes
507 2162 536 2189 et
556 2167 774 2201 quoscumque
793 2156 941 2197 desectus,

205 2208 230 2242 si
253 2209 306 2253 qui
331 2209 410 2242 sorte
435 2209 516 2249 sint,
537 2210 677 2243 omnium
703 2210 941 2254 provisionum,

205 2261 443 2303 beneficiorum,
467 2262 652 2306 dignitatum
673 2274 709 2296 ac
734 2264 940 2307 permutatio-

205 2324 279 2347 num
305 2315 488 2349 eorumdem
514 2316 789 2358 conclavistarum,
816 2322 878 2349 tam
905 2326 941 2350 ex

205 2369 432 2413 multiplicitate
467 2369 630 2403 titulorum
656 2381 692 2403 ac
724 2370 763 2403 ob
789 2369 942 2403 incursio-

205 2431 274 2455 nem
292 2433 564 2467 quarumcumquc
589 2433 793 2456 censurarum
815 2427 845 2457 ct
870 2423 943 2456 irre-

204 2475 387 2518 gularitatis,
397 2486 491 2520 quam
505 2476 580 2508 alias
594 2486 631 2508 ex
646 2476 754 2519 quavis
769 2478 860 2509 causa
874 2486 942 2520 pro-

207 2529 373 2571 venientes,
391 2539 546 2570 sanamus,
572 2540 607 2563 ac
633 2529 812 2563 huiusmodi
839 2531 942 2573 provi-

207 2583 307 2617 siones
338 2583 445 2626 vigore
478 2594 587 2617 eorum
621 2583 883 2627 privilegiorum,
914 2585 961 2627 in¹

987 230 1054 261 l'oro
1079 229 1287 262 conscientiae
1320 235 1459 271 tautum,
1489 229 1619 273 perinde
1643 242 1679 263 ac
1703 229 1727 262 si

985 291 1081 314 novas
1105 282 1303 325 provisiones
1329 283 1548 324 obtinuissent,
1575 283 1728 316 revalida-

987 345 1066 374 mus,
1091 338 1130 374 et,
1154 341 1308 378 quatenus
1333 347 1413 379 opus
1439 337 1493 378 sit,
1527 337 1675 370 omnibus
1699 343 1729 369 et

986 388 1118 431 singulis
1143 388 1369 431 dignitatibus,
1402 396 1428 422 et
1462 391 1531 423 aliis
1555 401 1626 422 cum
1652 392 1728 423 cura

986 446 1015 472 et
1039 441 1105 474 sine
1130 444 1206 474 cura
1232 442 1392 475 beneficiis
1413 443 1631 476 ecclesiasticis
1655 454 1730 487 quo-

987 494 1158 527 modolibet
1172 495 1358 538 qualificatis
1376 501 1404 528 ct
1421 497 1619 539 nuncupatis,
1635 496 1727 529 etiam

986 547 1123 581 cuiusvis
1148 548 1274 582 Ordinis
1293 550 1504 591 regularibus,
1523 561 1579 593 per
1604 561 1657 583 eos
1683 561 1728 583 re-

985 601 1122 644 spective
1146 602 1299 641 obtentis,
1325 602 1363 635 de
1387 613 1471 636 novo
1496 603 1588 635 etiam
1615 614 1724 647 respe-

986 654 1064 687 ctive
1090 655 1311 698 providemus,
1339 662 1367 688 et
1402 666 1510 688 omnes
1536 662 1563 688 et
1589 657 1727 700 singula-s

985 708 1172 750 pensiones,
1198 709 1242 741 eis
1267 714 1296 741 et
1322 719 1432 742 corum
1465 710 1598 751 singulis
1631 721 1727 753 super

983 762 1169 803 quorumvis
1190 762 1418 795 beneficiorum
1440 763 1726 796 ecclesiasticorum

984 815 1221 858 quomodolibet
1245 817 1498 860 qualificatorum
1524 818 1574 849 et¹
1608 827 1727 850 nuncu-

984 874 1147 912 patorum,
1173 870 1266 902 etiam
1292 871 1424 903 alicuius
1449 870 1574 904 Ordinis
1600 871 1725 914 regula-

985 922 1083 962 rium,
1110 924 1280 964 sructibus,
1311 930 1380 965 etc„
1411 925 1583 968 respective
1617 936 1722 957 reser-

984 975 1088 1008 vatas⁸³
1112 977 1257 1011 similiter
1282 978 1319 1010 de
1345 988 1426 1012 novo
1444 989 1650 1011 reservamus.

1028 1031 1042 1073 ἓ
1067 1031 1096 1063 O.
1123 1031 1262 1075 lpsisque
1296 1032 1513 1072 conciat-istis,
1549 1043 1724 1076 eorumque
1761 1040 1924 1080 ,‘'¹.‘¹'''''?¹¹¹⁴¹²²

983 1083 1125 1126 singulis,
1146 1096 1364 1129 quoscumque
1390 1086 1519 1127 fructus,
1538 1086 1678 1119 redditus
1696 1092 1725 1119 et
1740 1071 1852 1114 {smum
1877 1075 1924 1088 Μ’

983 1142 1152 1180 proventus
1184 1139 1413 1172 ecclesiasticos
1443 1139 1608 1172 occasione
1641 1150 1720 1183 qua-

983 1201 1192 1234 rumcumque
1218 1192 1418 1234 dignitatum,
1437 1193 1677 1225 canonicatuum
1696 1198 1725 1224 et

983 1245 1245 1288 praebendarum,
1271 1246 1469 1289 aliorumque
1497 1246 1724 1279 beneficiorum

981 1299 1268 1332 ecclesiasticorum
1295 1310 1570 1343 quormucumque
1595 1305 1623 1332 et
1649 1310 1726 1343 qua-

981 1362 1190 1396 rumcumque
1215 1354 1399 1397 pensionum
1433 1363 1623 1393 annuarum,
1651 1353 1724 1396 ipsis

983 1405 1027 1437 vel
1053 1416 1162 1438 eorum
1189 1406 1318 1439 cuilibet
1350 1407 1536 1440 collatorum
1561 1412 1591 1439 et
1615 1417 1721 1440 reser-

983 1463 1136 1499 vatorum,
1155 1465 1217 1491 tam
1239 1470 1274 1492 ex
1300 1459 1472 1502 antedictis,
1490 1470 1584 1503 quam
1601 1470 1636 1492 ex
1655 1460 1723 1492 aliis

980 1511 1154 1545 defectibus
1178 1518 1207 1545 et
1233 1513 1464 1553 occasionibus,
1482 1513 1575 1545 etiam
1602 1513 1723 1545 ratione

980 1565 1194 1598 ommissionis
1226 1566 1420 1599 recitationis
1445 1566 1596 1599 horarum
1622 1576 1718 1599 cano—

979 1618 1133 1659 nicarum,
1150 1619 1286 1653 indebite
1301 1626 1478 1664 perceptos,
1496 1621 1722 1664 cuiuscumque

979 1673 1160 1714 quantitatis
1187 1673 1311 1715 suerint,
1331 1674 1467 1716 gratiose
1486 1674 1673 1708 remittimus
1692 1679 1722 1706 et

979 1727 1203 1760 condonamus.

1023 1781 1037 1824 ἓ
1064 1781 1091 1814 7.
1117 1783 1161 1814 Ac
1189 1792 1259 1814 cum
1287 1782 1330 1814 cis
1356 1792 1452 1825 super
1473 1781 1666 1814 inhabilitate
1686 1791 1721 1814 ac
1743 1822 1747 1827 ‚
1780 1790 1921 1827 stupente-

979 1833 1211 1874 irregularitate
1236 1845 1292 1878 per
1317 1845 1370 1867 eos
1394 1840 1561 1878 propterea
1592 1844 1722 1878 quomo·
1738 1817 1886 1841 &mmmm

977 1887 1095 1920 dolibct
1120 1889 1290 1930 contracta,
1319 1888 1364 1921 vel
1391 1889 1483 1921 etiam
1510 1899 1543 1921 ex·
1574 1899 1611 1921 eo
1635 1887 1720 1931 quod

977 1941 1119 1974 censuris
1144 1941 1325 1974 huiusmodi
1360 1941 1444 1983 ligati
1472 1942 1581 1974 missas
1607 1947 1636 1974 et
1659 1942 1720 1974 alia

977 1994 1081 2027 divina
1106 1995 1229 2036 officia,
1260 1995 1431 2028 dummodo
1464 2001 1566 2028 tamen
1601 2005 1664 2027 non
1689 1995 1720 2027 in

977 2054 1194 2092 contemptum
1220 2049 1366 2088 clavium,
1392 2049 1638 2090 celebraverint,
1668 2055 1719 2080 aut

977 2102 1051 2134 alias
1069 2102 1100 2135 in
1117 2102 1230 2135 divinis
1255 2113 1287 2136 se
1314 2102 1552 2141 immiscuerint,
1572 2102 1720 2145 quodque

978 2155 1030 2187 illa
1060 2161 1089 2189 et
1114 2156 1182 2189 aliis
1213 2156 1396 2200 praemissis
1427 2166 1489 2189 non
1522 2155 1719 2188 obstantibus

976 2208 1014 2240 ad
1040 2218 1149 2241 omnes
1174 2209 1266 2241 etiam
1293 2219 1399 2242 sacros
1424 2214 1453 2241 et
1483 2208 1718 2252 presbyteratus

976 2261 1116 2303 ordines,
1143 2262 1217 2294 alias
1243 2262 1311 2302 rite,
1345 2268 1373 2293 et
1399 2261 1570 2294 dummodo
1595 2261 1715 2293 nullum

975 2315 1058 2347 aliud
1084 2315 1176 2347 alicui
1202 2326 1312 2348 corum
1338 2315 1420 2347 obsit
1446 2315 1632 2347 canonicum
1658 2314 1718 2346 im-

976 2369 1210 2412 pedimentum,
1240 2369 1442 2412 promoveri,
1468 2373 1496 2399 et
1527 2368 1555 2399 in
1582 2368 1662 2408 illis,
1689 2372 1719 2400 ct

977 2423 1006 2454 in
1027 2422 1179 2465 susceptis
1204 2432 1259 2465 per
1284 2432 1337 2454 eos
1361 2422 1436 2453 alifis
1462 2421 1519 2453 rite
1544 2420 1718 2459 ordinibus,

977 2476 1068 2509 etiam
1106 2476 1135 2508 in
1161 2476 1267 2508 altaris
1305 2475 1480 2507 ministerio
1516 2474 1717 2515 ministrare,

1016 2549 1024 2573 t
1048 2548 1096 2575 lid.
1114 2547 1191 2574 Μαίη.
1211 2546 1276 2582 legit.
1291 2548 1379 2574 etiam
1395 2556 1442 2582 pro
1458 2550 1484 2573 et
1501 2553 1539 2579 (n.
1556 2553 1604 2578 12).

1013 2593 1027 2619 Ξ
1049 2592 1143 2618 Erron.
1162 2592 1205 2617 ed.
1224 2591 1305 2618 Μαίη.
1324 2591 1386 2626 legit
1404 2591 1555 2618 reservatis
1570 2594 1609 2625 (n.
1629 2597 1675 2620 ΤΛ,
1696 2611 1702 2625 ·.
