2263 3215
326 218 361 242 An
389 218 417 242 C.
440 218 507 244 10st

394 752 503 774 Decretum

323 781 413 800 irritans.

559 209 618 241 tun

520 266 771 310 praedecessoris
807 273 835 299 et
874 268 1006 300 aliorum
1044 269 1257 303 Romanorum

522 319 706 352 Pontificum
753 321 1031 364 praedecessorum
1078 327 1258 355 nostrorum

521 383 792 416 quorumcumque
819 374 1068 415 constitutiones,
1093 375 1260 409 ordinatio·

520 434 596 463 nes,
622 435 757 458 canones
783 430 811 460 ct
835 426 959 460 decreta
986 427 1014 459 in
1045 427 1102 460 hac
1129 429 1257 462 materia

521 477 566 509 vel
592 477 673 509 circa
692 488 760 510 eam
780 479 929 512 hactenus
954 480 1045 519 edita,
1066 491 1101 513 ac
1118 486 1257 514 nostram

520 534 549 561 et
574 530 777 563 cancellariae
813 533 1001 575 apostolicae
1032 534 1172 576 regulam
1207 533 1258 573 67,

520 593 580 626 qua
605 584 770 616 statuimus
791 590 820 617 ut
850 586 999 618 officiales
1024 587 1183 619 Romanae
1201 587 1258 619 Cu-

521 636 585 669 riae
609 637 786 680 praedictae
813 639 889 671 nihil
914 639 1039 682 exigant
1064 640 1144 672 ultra
1171 639 1257 672 debi-

522 695 598 730 tum,
624 691 653 722 in
678 701 734 724 suo
760 692 874 725 robore
899 703 1072 725 remanere.

564 742 578 786 ἓ
604 743 632 777 9.
658 744 700 776 Ac
724 744 928 778 decernentes
958 750 1138 789 praesentes
1171 745 1255 778 litte-

520 805 580 837 ras,
594 799 623 830 et
648 796 677 828 in
699 797 743 829 eis
761 802 904 831 contenta
924 809 1151 841 quaecumque,
1167 798 1258 830 etiam

520 858 556 881 ex
589 859 625 881 eo
657 849 739 892 quod
773 850 942 894 praedicti,
968 851 1072 883 etalii
1106 851 1258 894 quilibet,

520 900 612 934 ctiam
639 901 763 944 speciali
793 904 867 935 nota
893 908 923 935 et
947 903 1148 947 expressione
1161 903 1258 946 digni,

520 954 550 985 in
571 954 754 997 praemissis
780 956 930 989 interesse
956 957 1116 998 habentes,
1136 967 1190 989 seu
1208 957 1259 989 ha-

519 1006 593 1039 bere
607 1007 844 1050 quomodolibet
857 1009 1107 1052 praetendentes,
1122 1009 1182 1041 illis
1195 1019 1257 1042 non

519 1061 745 1102 consenserint,
771 1072 827 1095 nec
852 1062 890 1095 ad
915 1074 950 1096 ea
976 1062 1075 1096 vocati
1095 1068 1125 1096 et
1150 1062 1256 1102 auditi,

519 1124 573 1146 seu
597 1125 728 1158 causae,
759 1120 890 1160 propter
914 1127 990 1160 quas
1014 1116 1140 1149 eaedem
1167 1125 1255 1159 prae-

518 1172 620 1201 sentes
645 1174 850 1211 emanarunt,
880 1169 1048 1209 adductae,
1080 1169 1257 1201 verilicatac

519 1228 571 1255 aut
596 1222 779 1256 iustiticatae
805 1224 960 1256 ullatenus
984 1223 1121 1263 suerint,
1148 1223 1194 1255 rel
1219 1233 1255 1255 ex

517 1275 577 1308 alia
602 1286 802 1320 quacumque
834 1276 1033 1319 quantumvis
1057 1276 1153 1317 iusta,
1179 1276 1255 1319 legi-

519 1330 604 1370 tima,
629 1329 761 1362 iuridica
788 1336 816 1362 et
841 1330 1039 1373 privilegiata
1064 1332 1172 1371 causa,
1197 1341 1253 1363 co-

518 1383 594 1424 lore,
609 1387 782 1427 praetextu,
804 1384 968 1417 occasione
986 1389 1015 1416 et
1032 1384 1144 1427 capite,
1162 1384 1255 1416 etiam

518 1436 548 1469 in
574 1447 707 1480 corpore
741 1437 817 1469 iuris
848 1437 972 1477 clauso,
1005 1437 1091 1469 nullo
1117 1447 1255 1480 unquam

518 1495 661 1534 tempore
694 1490 731 1523 de
760 1490 973 1534 subreptionis
998 1491 1044 1523 vel
1077 1490 1256 1524 intentionis

516 1549 652 1584 nostrae,
677 1555 732 1576 seu
758 1544 908 1577 interesse
935 1544 1115 1577 habentium
1134 1550 1163 1577 et
1185 1545 1257 1577 alio-

517 1608 587 1632 rum
623 1608 896 1641 quorumcumque
928 1608 1098 1631 consensus
1134 1598 1256 1630 defectu

517 1651 630 1691 notari,
657 1651 857 1694 impugnari,
883 1651 1064 1692 invalidari,
1090 1651 1256 1694 restringi,

517 1704 657 1744 limitari,
682 1704 718 1736 ad
743 1704 822 1736 riam
853 1715 907 1737 seu
933 1704 1083 1737 terminos
1110 1704 1186 1737 iuris
1213 1715 1257 1737 re-

517 1756 598 1799 duci,
624 1757 654 1789 in
681 1756 727 1789 ins
754 1757 800 1789 vel
826 1756 1073 1790 controversiam
1103 1757 1256 1798 revocari,

516 1815 570 1843 aut
593 1810 742 1842 adversus
757 1810 823 1842 illas
837 1810 1059 1854 quodcumque
1080 1810 1167 1851 iuris,
1185 1811 1255 1844 sacti

518 1863 563 1896 vel
580 1864 699 1907 gratiae
714 1863 887 1896 remedium
907 1864 1080 1907 impetrari,
1094 1875 1148 1897 seu
1163 1864 1255 1897 etiam

518 1921 604 1951 motu
629 1917 724 1949 simili
750 1928 898 1950 concesso
923 1917 1103 1960 quempiam
1130 1917 1160 1949 in
1182 1918 1257 1950 iudi-

517 1970 566 2003 cio
602 1970 649 2003 vel
686 1975 772 2003 extra
810 1970 884 2003 illud
918 1970 960 2004 uti
997 1981 1051 2003 seu
1085 1981 1117 2003 se
1151 1970 1256 2004 iurare

517 2035 618 2069 posse,
632 2035 733 2068 neque
752 2024 834 2068 ipsas
851 2029 1033 2068 praesentes
1058 2024 1115 2057 sub
1132 2024 1257 2067 quibus-

517 2078 563 2111 vis
586 2078 735 2111 similium
762 2078 807 2110 vel
833 2077 1033 2110 dissimilium
1059 2078 1257 2111 constitutio-

517 2142 591 2164 num
629 2142 664 2164 ac
699 2130 948 2164 declarationum
978 2134 1007 2164 et
1038 2130 1255 2164 extensionum

517 2185 782 2226 revocationibus,
807 2185 1054 2225 limitationibus,
1082 2185 1257 2228 suspensio-

517 2239 609 2273 nibus
641 2245 670 2272 ct
702 2239 770 2272 aliis
806 2239 972 2272 contrariis
997 2238 1257 2282 dispositionibus

517 2304 654 2338 unquam
672 2292 909 2337 comprehendi,
934 2298 987 2325 aut
1012 2292 1257 2336 comprehensas

517 2347 651 2386 censeri,
675 2346 878 2390 sede-semper
902 2346 940 2378 ab
966 2345 1026 2378 illis
1050 2350 1207 2389 exceptas,
1229 2350 1258 2378 et

517 2400 638 2444 quoties
663 2399 733 2432 illae
759 2399 965 2439 emanabunt‚
991 2399 1082 2432 toties
1101 2398 1130 2430 in
1152 2398 1257 2442 pristi-

517 2464 591 2485 num
610 2458 639 2485 et
667 2453 891 2486 validissimum
911 2458 1024 2485 statum
1048 2452 1207 2485 restitutas
1228 2456 1257 2484 et

518 2506 657 2550 plenarie
683 2506 889 2549 reintegratas
910 2516 977 2539 csse
1002 2511 1032 2538 et
1056 2505 1188 2546 censeri,
1206 2505 1255 2537 tir-

517 2569 663 2603 masqne,
690 2559 805 2592 validas
837 2565 864 2592 et
897 2559 1038 2593 efficaces
1070 2558 1202 2592 existere
1227 2563 1256 2590 et

517 2612 605 2654 sore,
630 2622 663 2645 ac
689 2612 728 2644 ab
752 2613 899 2647 omnibus
924 2616 953 2647 et
977 2612 1108 2655 singulis
1132 2611 1255 2656 praedi-

1106 221 1281 245 numanum
1309 223 1460 247 nOMANUtt

1294 269 1360 312 ctis,
1386 274 1416 304 et
1439 270 1517 311 aliis,
1542 271 1580 303 ad
1605 281 1682 314 quos
1700 275 1819 315 spectat
1836 275 1864 305 et
1881 283 1939 316 pro
1956 277 2031 305 tcm-

1294 333 1371 366 pore
1395 323 1655 367 quandocumque
1677 323 1837 367 spectabit,
1856 324 2031 358 cuiuscum-

1292 386 1352 419 que
1377 375 1543 419 qualitatis,
1568 376 1738 419 dignitatis,
1763 377 1891 417 ordinis,
1913 378 2030 420 gradus

1292 434 1322 461 et
1346 428 1534 462 conditionis
1558 429 1682 471 suerint,
1712 434 1875 474 perpetuo,
1900 430 2029 464 inviola-

1292 481 1396 513 biliter
1421 486 1450 513 et
1475 480 1658 514 inconcusse
1683 482 1856 523 observari,

1337 534 1351 576 ξ
1377 533 1427 566 10.
1453 533 1564 577 Sicque
1589 540 1618 567 et
1642 545 1704 568 non
1722 535 1811 568 aliter
1833 536 1864 568 in
1881 536 2030 580 praemis-

1293 586 1334 619 sis
1359 586 1505 619 omnibus
1529 592 1558 619 et
1582 587 1714 630 singulis
1737 598 1794 632 per
1814 599 2031 632 quoscumque

1294 639 1410 672 iudices
1424 639 1602 673 ordinarios
1619 645 1649 673 et
1665 640 1835 684 delegatos,
1853 641 1946 674 etiam
1961 652 2030 674 cau-

1293 703 1396 725 sarum
1414 692 1519 736 palatii
1537 693 1700 737 apostolici
1722 694 1892 735 auditores,
1909 706 1945 728 ac
1962 704 2030 727 san-

1293 750 1360 778 ctae
1377 746 1534 779 Romanae
1557 746 1713 779 Ecclesiae
1734 747 1918 787 cardinales,
1935 747 2029 780 etiam

1293 798 1330 831 de
1355 799 1451 832 latere
1476 799 1605 842 legatos,
1628 809 1750 833 necnon
1771 799 1876 833 curiae
1894 805 1923 833 et
1938 799 2031 833 Urbis

1292 852 1501 895 praefatarum
1512 852 1640 893 iudices,
1650 852 1798 885 officiales
1815 858 1844 885 et
1858 853 2031 893 ministros,

1293 909 1322 937 et
1345 904 1422 938 alios
1455 905 1612 949 quoslibet
1641 905 1749 949 quavis
1781 905 1968 939 auctoritate
2001 910 2031 939 et

1291 962 1443 1000 potestate
1467 957 1632 1001 fungentes
1656 963 1685 990 et
1711 957 1882 1000 suncturos,
1908 958 2031 991 sublata

1292 1011 1335 1043 eis
1360 1015 1390 1043 ct
1414 1021 1525 1044 eorum
1550 1010 1677 1043 cuilibet
1702 1011 1810 1055 quavis
1833 1011 1924 1044 aliter
1952 1010 2030 1044 iudi-

1291 1063 1381 1096 candi
1406 1069 1436 1096 et
1460 1063 1687 1107 interpretandi
1711 1064 1856 1096 facultate
1874 1068 1903 1096 et
1923 1068 2030 1097 aucto-

1292 1117 1392 1157 ritate,
1418 1116 1550 1150 iudicari
1575 1121 1605 1149 ct
1628 1116 1753 1149 definiri
1778 1116 1902 1157 debere,
1927 1126 1963 1150 ac
1986 1115 2030 1149 ir-

1291 1170 1384 1203 ritum
1410 1173 1440 1203 et
1464 1169 1565 1210 inane,
1591 1170 1615 1202 si
1641 1169 1715 1213 quid
1741 1180 1829 1203 secus
1858 1180 1951 1213 super
1981 1168 2030 1202 his

1290 1234 1306 1255 a
1332 1234 1507 1267 quoquam,
1532 1223 1640 1266 quavis
1665 1223 1871 1263 auctoritate,
1896 1222 2029 1256 scienter

1291 1278 1337 1309 vel
1364 1277 1556 1318 ignoranter,
1582 1276 1750 1319 contigerit
1774 1276 1935 1308 attentari..

1333 1332 1348 1375 ἓ
1372 1331 1423 1364 111.
1450 1331 1516 1364 Non
1534 1330 1728 1364 obstantibus
1746 1330 1784 1363 de
1802 1331 1869 1363 iure
1887 1330 2028 1374 quaesito

1290 1395 1352 1418 non
1377 1384 1524 1425 tollendo,
1538 1390 1566 1417 et
1580 1384 1662 1428 quod
1681 1384 1854 1417 cardinales
1867 1394 1929 1417 non
1943 1394 2028 1417 com-

1291 1438 1526 1482 prehendantur
1551 1437 1608 1470 sub
1633 1437 1750 1480 regulis
1775 1442 1805 1470 et
1833 1435 2029 1471 constitutio-

1290 1492 1383 1524 nibus
1408 1491 1498 1524 editis
1522 1497 1551 1524 et
1584 1490 1731 1531 edendis,
1759 1490 1819 1523 nisi
1851 1490 1882 1523 in
1912 1489 2030 1524 eisdem

1290 1546 1370 1578 sacta
1395 1544 1489 1578 suerit
1514 1544 1653 1588 ipsorum
1679 1554 1826 1588 expressa
1848 1543 1976 1585 mentio,
1992 1554 2030 1578 ac

1291 1599 1403 1633 ceteris
1427 1598 1542 1632 nostris
1575 1603 1604 1631 et
1636 1598 1842 1631 cancellariae
1873 1598 2031 1641 praefatae

1293 1652 1418 1696 regulis,
1443 1652 1574 1696 aliisque
1600 1651 1876 1685 constitutionibus
1896 1656 1926 1684 et
1951 1651 2032 1684 ordi-

1290 1705 1470 1738 nationibus
1484 1704 1675 1748 apostolicis,
1689 1704 1782 1737 etiam
1797 1704 2030 1746 concilim-ibus,

1290 1769 1412 1792 necnon
1445 1758 1626 1791 earumdem
1659 1757 1752 1790 Urbis
1782 1763 1811 1790 et
1844 1757 1970 1799 curiae,
1995 1767 2032 1790 ac

1291 1811 1414 1843 illarum
1442 1809 1642 1842 tribunalium
1670 1808 1871 1852 quorumvis,
1902 1814 1931 1842 et.
1963 1808 2032 1843 aliis

1290 1864 1499 1908 quibuslibet,
1525 1863 1617 1896 etiam
1640 1863 1836 1903 iuramento,
1861 1862 2030 1896 confirma-

1291 1918 1374 1951 tione
1399 1917 1581 1961 apostolica,
1608 1917 1652 1949 rel
1678 1916 1738 1948 alia
1757 1916 1865 1959 quavis
1883 1916 2031 1950 firmitate

1291 1971 1459 2011 roboratis,
1484 1970 1580 2014 stylis,
1607 1969 1713 2002 usibus
1735 1975 1764 2002 et
1789 1969 2027 2002 consuetudini-

1291 2024 1364 2065 bus,
1391 2023 1482 2056 etiam
1508 2023 1831 2062 immemorabifibus,
1857 2022 2031 2066 privilegiis

1290 2088 1427 2121 quoque,
1453 2076 1589 2116 indultis,
1610 2076 1958 2120 niotuumpropriorum
1980 2085 2032 2109 ce·

1290 2130 1392 2172 dulis,
1419 2129 1638 2173 chirographis
1673 2139 1949 2173 quorumcumque
1975 2129 2033 2162 Ro-

1293 2194 1456 2217 manorum
1483 2183 1668 2216 Pontificum
1687 2182 1964 2226 praedecessorum
1981 2192 2033 2216 no-

1292 2242 1430 2270 strorum
1446 2247 1539 2269 manu
1554 2236 1751 2279 subscriptis,
1777 2246 1813 2269 ac
1832 2235 1944 2270 litteris
1960 2246 2032 2280 apo-

1292 2289 1419 2332 stolicis,
1437 2289 1495 2322 sub
1516 2289 1767 2333 quibuscumque
1794 2288 1961 2322 verborum
1987 2294 2032 2329 te7

1290 2343 1423 2376 noribus
1441 2348 1470 2376 et
1484 2343 1603 2384 formis,
1618 2353 1653 2376 ac
1670 2353 1741 2376 cum
1759 2342 1921 2386 quibusvis
1938 2342 2031 2376 etiam

1291 2397 1564 2440 derogatoriarum
1591 2396 1812 2440 derogatoriis,
1830 2401 1859 2429 et
1875 2395 1944 2429 aliis
1969 2389 2032 2429 effi'-

1291 2450 1470 2484 cacioribus
1486 2455 1515 2482 et
1533 2449 1665 2483 insolitis
1683 2449 1830 2482 clausulis
1851 2454 1880 2481 et
1898 2448 2032 2483 decretis
2078 2475 2081 2478 >

1291 2503 1382 2536 etiam
1403 2503 1608 2542 irritantibus,
1626 2503 1655 2535 in
1670 2513 1785 2545 genere
1803 2502 1848 2535 vel
1865 2503 1893 2535 in
1919 2502 2032 2546 specie,

1290 2556 1382 2589 etiam
1410 2562 1495 2588 motu
1521 2556 1612 2587 simili
1640 2562 1669 2587 et,
1694 2554 1970 2594 consistorialiter,
1996 2565 2032 2592 ac

1291 2610 1365 2642 alias
1389 2609 1624 2655 quomodolibet
1653 2609 1682 2641 in
1709 2607 1903 2643 contrarium
1933 2617 2031 2653 prae-

2045 224 2092 249 An.
2110 225 2138 251 C.
2161 227 2224 254 ¹656

2070 1344 2184 1366 Contrariis
2193 1328 2227 1366 de:

2045 1373 2112 1398 rogat.
