2263 3215
273 234 321 262 A‘n.
339 235 367 262 c.
390 234 456 261 165ss
502 224 567 257 ‘¹34

472 283 573 322 nibus,
599 291 719 314 necnon
745 281 959 321 ecclesiarum,
985 281 1138 321 locorum,
1163 283 1227 313 or—3

472 334 601 374 dinum,
635 334 937 377 congregationum,
969 334 1151 367 societatum
1183 324 1229 376 et}

473 387 686 420 institutorum
712 398 996 431 quorumcumque,
1015 392 1044 420 et
1061 386 1128 420 aliis
1147 386 1212 430 qui-
1228 404 1229 428 i

473 440 599 481 busvis,
625 441 716 474 etiam
747 441 942 481 iuramento,
975 430 1229 474 confirmatione

473 494 656 537 apostolica,
678 495 722 527 rel
742 495 850 538 quavis
870 494 1019 528 firmitate
1044 494 1103 526 alia
1123 494 1213 526 robo-

473 547 569 588 ratis,
595 548 716 582 statutis
740 553 770 581 et
794 547 1085 590 consuetudinibus,
1110 546 1209 591 priri-

474 601 564 644 legiis
588 613 724 646 quoquc,
745 602 871 636 indultis
897 607 926 635 et
950 601 1062 634 litteris
1087 606 1211 645 aposto-

474 654 540 688 licis
555 655 584 687 in
600 655 792 688 contrarium
817 655 1064 699 praemissorum
1085 665 1230 702 quomo-3

474 708 591 741 dolibet
614 709 778 751 concessis,
800 709 993 742 confirmatis
1006 708 1212 748 etinnoratis,

475 762 594 795 etiamsi
610 762 640 795 in
655 763 699 796 cis
724 767 868 797 caveatur
893 773 1040 806 expresse
1058 762 1140 806 quod
1167 773 1213 794 su-

474 816 607 860 pradicti
633 816 786 857 interdici,
812 816 974 860 suspendi,
999 815 1214 848 excommuni-

476 869 560 910 cari,
589 881 641 902 seu
668 870 697 902 in
723 869 873 902 iudicium
899 875 985 902 extra
1010 870 1078 902 loca
1103 879 1212 902 eorum

475 922 663 955 residentiae
700 923 744 955 vel
782 923 855 955 alias
880 922 1117 966 quomodolibet
1142 932 1231 955 evo-t

476 976 539 1009 cari
569 976 739 1020 respective
764 986 825 1009 non
855 976 976 1019 possint
1001 976 1108 1018 vigore
1132 975 1232 1007 litte-'

476 1040 582 1063 rarum
598 1030 841 1073 apostolicarum
866 1040 928 1062 non
946 1029 1126 1062 facientium
1148 1029 1214 1072 ple·

476 1093 547 1115 nam
574 1088 603 1116 et
628 1093 806 1127 expressam
832 1093 867 1116 ac
892 1082 929 1115 de
955 1082 1050 1115 verbo
1076 1081 1112 1114 ad
1145 1092 1214 1114 ver-

477 1136 550 1169 bum
577 1136 613 1169 de
639 1137 811 1181 privilegiis
836 1141 865 1169 et
884 1136 1010 1169 indultis
1035 1135 1215 1168 huiusmodi

478 1191 687 1231 mentionem;
713 1190 827 1234 quibus
853 1190 998 1223 omnibus
1019 1195 1048 1222 et
1074 1189 1215 1232 singulis,

478 1244 602 1278 illorum
629 1248 752 1278 tenores
769 1243 986 1287 praesentibus
1004 1253 1063 1287 pro
1079 1243 1170 1286 plene
1187 1247 1214 1274 et

477 1297 668 1331 sufficienter
689 1297 853 1341 expressis,
871 1307 906 1329 ac
927 1297 964 1329 de
984 1295 1078 1328 verbo
1095 1295 1131 1327 ad
1151 1305 1217 1327 ver-

477 1351 552 1383 bum
580 1350 703 1383 insertis
729 1350 893 1390 habentes,
920 1349 980 1381 illis
1004 1349 1079 1381 alias
1105 1348 1135 1380 in
1160 1358 1217 1380 suo

477 1404 592 1437 robore
617 1404 842 1448 permansuris,
860 1403 896 1435 ad
915 1403 1162 1447 praemissorum
1178 1401 1218 1433 ef-

477 1459 603 1499 fectum,
629 1458 686 1491 hac
707 1458 771 1491 vice
792 1458 962 1496 dumtaxat,
987 1455 1164 1500 specialiter
1189 1460 1218 1487 et

478 1523 626 1556 expresse
643 1511 848 1553 derogamus;
863 1510 1038 1553 ceterisque
1053 1509 1218 1542 contrariis

477 1566 739 1609 quibuscumque.

521 1619 633 1652 Datum
665 1619 799 1658 Romae,
828 1617 910 1661 apud
935 1616 964 1650 S.
991 1617 1135 1657 Petrum,
1161 1615 1218 1648 sub

478 1673 593 1706 annulo
608 1672 782 1714 piscatoris,
801 1671 850 1704 die
868 1681 911 1704 xu
929 1670 1078 1704 februarii
1091 1679 1217 1712 MDCLVI,

479 1726 679 1770 pontificatus
693 1725 791 1758 nostri
803 1735 884 1758 anno
898 1735 916 1757 1.

515 1788 571 1815 Dat.
594 1788 637 1815 die
659 1789 689 1815 12
710 1788 841 1814 februarii
864 1787 940 1821 1656,
962 1787 1056 1822 pontif.
1078 1794 1147 1813 anno
1170 1794 1186 1812 1.

482 2008 669 2042 Commissio
693 2007 814 2040 nuncio
831 2006 988 2040 poloniae
1001 2005 1043 2038 ad
1056 2005 1219 2048 fabrican-

525 2062 603 2094 dum>
625 2071 807 2105 processum
833 2065 944 2093 contra
961 2060 1141 2103 episcopum
1167 2058 1221 2091 Sa-

524 2114 758 2158 moqiliensem,
777 2113 869 2157 quia
885 2113 1036 2156 partibus
1050 2112 1219 2145 Soecorum

526 2167 762 2200 haereticorum
781 2171 867 2199 stare
891 2177 922 2199 se
945 2166 1104 2199 asseritur
1120 2164 1221 2198 decla-

525 2232 634 2263 rasse,
664 2232 702 2255 ac
733 2221 953 2264 episcopatum
984 2219 1170 2252 Vilnensem
1201 2229 1221 2250 a

523 2280 692 2319 praetenso
717 2285 789 2317 reye
813 2274 941 2307 Sveczssae
965 2271 1184 2317 impetmsae'.

481 2356 649 2384 Venerabili
669 2355 756 2383 fratri
777 2355 880 2389 Petro,
901 2355 1040 2389 episeopo
1061 2353 1219 2387 Laudensi‚

518 2402 596 2436 apud
625 2401 812 2428 carissimum
843 2401 875 2427 in
907 2400 1023 2427 Christo
1049 2399 1144 2425 filium
1168 2405 1221 2425 no-

518 2449 614 2472 strum
647 2445 788 2472 Ioannem
822 2444 996 2471 casimirum
1025 2442 1165 2470 Poloniae
1192 2444 1223 2469 et.

519 2490 641 2517 sveciae
662 2497 760 2523 regem
787 2489 939 2515 illustrem
963 2491 1066 2515 nostro
1092 2490 1123 2515 et
1147 2488 1221 2522 Apo-

520 2534 646 2561 stolicae
667 2533 750 2561 Sedis
769 2533 890 2568 nuncio,

678 2586 841 2614 Alexander
868 2586 945 2619 Papa
965 2585 1025 2613 vu,

523 2643 531 2669 ‘l
555 2640 592 2668 Ex
612 2641 721 2676 Regest.
746 2641 769 2667 in
790 2640 889 2668 Secret.
913 2639 989 2667 Brev.

1058 231 1236 256 BULLAalUM
1258 231 1411 256 ROMANUM

1462 277 1652 306 Venerabilis
1667 277 1770 310 trater,

1287 325 1416 351 salutem
1434 325 1464 350 et
1480 321 1677 356 apostolicam
1695 319 1942 348 henedictionem.

1291 386 1305 428 g
1330 385 1358 418 ¹1.
1384 384 1470 425 Cum,
1485 385 1564 417 sicut
1577 394 1639 416 non
1653 383 1720 415 sine
1738 382 1872 415 maxima
1889 380 1985 415 animi

1247 439 1345 472 nostri
1373 438 1517 471 molestia
1541 437 1632 470 nobis
1658 437 1790 469 relatum
1812 439 1867 477 est,
1896 445 1986 468 vene-

1248 493 1355 525 rabilis
1373 492 1470 525 frater
1487 492 1654 535 episcopus
1671 489 1918 533 Samogitiensis,
1936 499 1986 523 oe-

1247 547 1372 580 casione
1396 545 1569 590 praesentis
1587 543 1800 588 occupationis
1821 542 1911 586 regni
1927 542 1986 577 Po-

1248 600 1347 633 loniae
1375 600 1545 632 Svecorum
1572 597 1803 631 haereticorum
1829 596 1925 629 armis
1943 596 1985 629 fa-

1248 658 1324 693 ctae,
1340 664 1357 684 a
1371 652 1513 696 partibus
1528 650 1712 684 eorumdem
1727 649 1897 683 Svecorum
1911 648 1986 682 hae-

1249 708 1417 739 reticorum
1445 711 1526 738 stare
1551 705 1629 737 velte
1654 715 1686 737 se
1710 703 1927 744 declaraverit,
1951 712 1987 736 ac

1248 759 1410 793 ecclesiam
1437 770 1489 792 seu
1516 758 1731 802 episcopatum
1755 756 1931 789 Vilnensem
1949 754 1988 788 ab

1248 818 1366 846 asserto
1393 823 1466 855 rege
1492 811 1617 845 Sveciac
1644 811 1812 854 impetrare
1830 819 1989 854 praesum-

1248 866 1345 910 pserit
1361 878 1366 898 :

1293 920 1306 963 ξ
1331 920 1360 952 Ξ.
1382 920 1453 961 Nos,
1472 918 1583 952 delicta
1608 917 1788 951 huiusmodi
1813 916 1837 949 si
1863 921 1892 950 et
1916 926 1988 961 qua-

1250 979 1338 1006 tenus
1364 972 1445 1005 idem
1472 972 1637 1016 episcopus
1662 971 1714 1004 illa
1731 969 1926 1004 commisisse
1942 979 1990 1002 re-

1250 1027 1410 1070 periatur,
1437 1026 1591 1070 impunita
1615 1024 1746 1058 minime
1772 1023 1929 1067 relinqui,
1960 1027 1990 1056 et

1250 1085 1417 1124 propterea
1443 1079 1625 1122 diligentem
1651 1078 1689 1111 de
1714 1077 1774 1111 illis
1796 1075 1989 1110 informatio-

1251 1145 1320 1167 nem
1347 1134 1438 1178 capi,
1463 1143 1710 1177 processumque
1741 1142 1794 1165 seu
1822 1140 1990 1175 processus

1251 1187 1386 1231 desuper
1411 1186 1522 1221 confici
1549 1186 1697 1227 volentes,
1715 1184 1900 1218 fraternitati
1918 1189 1989 1217 tuae

1251 1251 1307 1284 per
1320 1246 1500 1284 praesentes
1510 1239 1736 1274 committimus
1751 1243 1780 1271 ct
1793 1237 1990 1278 mandamus,

1252 1299 1415 1338 quatenus,
1432 1294 1505 1326 licet
1523 1299 1610 1326 extra
1626 1292 1742 1325 limites
1760 1297 1829 1324 tuae
1847 1290 1990 1324 enuncia-

1253 1352 1339 1379 turae
1365 1346 1512 1387 resideas,
1529 1345 1734 1379 nihilominus
1751 1344 1934 1387 diligentem
1952 1342 1990 1375 de

1253 1399 1432 1444 praemissis
1456 1398 1668 1442 cognitionem
1695 1397 1809 1441 capias,
1835 1402 1865 1430 et
1882 1401 1991 1430 contra

1252 1453 1368 1487 dictum
1395 1454 1578 1497 episcopum
1603 1451 1864 1495 Samogitiensem
1885 1459 1992 1494 proce-

1252 1507 1316 1549 [lasy
1342 1510 1371 1540 et
1395 1516 1577 1550 processum
1600 1516 1653 1538 seu
1675 1515 1842 1548 processus
1859 1503 1992 1537 fabrices

1253 1566 1282 1593 et
1316 1559 1483 1600 conficias,
1518 1563 1722 1602 exactamque
1755 1568 1850 1602 super
1882 1556 1992 1590 iisdem

1253 1613 1431 1657 praemissis
1456 1612 1526 1646 facti
1545 1611 1798 1645 informationem
1820 1620 1936 1651 sumas,
1957 1620 1993 1643 ac

1253 1667 1313 1699 alia
1337 1666 1474 1710 desuper
1498 1665 1674 1699 necessaria
1699 1671 1729 1698 et
1754 1662 1993 1708 quomodolibet

1254 1726 1434 1765 opportuna
1459 1720 1564 1761 facias,
1589 1730 1690 1762 geras,
1712 1718 1840 1751 mandes
1866 1723 1896 1750 et
1920 1727 1992 1750 exe-

1253 1773 1360 1817 quaris
1391 1784 1489 1817 usque
1515 1772 1553 1805 ad
1586 1772 1770 1806 sententiam
1800 1770 1992 1804 definitivam

1254 1827 1419 1866 exclusive3
1443 1836 1501 1859 nos
1527 1826 1610 1859 enim
1635 1826 1690 1859 tibi
1709 1825 1855 1859 eumdem
1876 1824 1994 1869 episeo-

1254 1890 1327 1923 pum
1353 1883 1382 1913 et
1398 1889 1614 1923 quoscumque
1630 1879 1717 1921 alios,
1739 1888 1818 1922 quos
1836 1888 1915 1922 opus
1932 1878 1995 1910 fue-

1255 1934 1303 1974 rit,
1329 1933 1421 1967 etiam
1446 1943 1502 1976 per
1516 1932 1652 1966 edictum
1675 1930 1994 1976 publicum,constito

1255 1992 1358 2019 tamen
1374 1987 1427 2019 tibi
1443 1986 1529 2030 prius
1543 1986 1651 2019 saltem
1667 1985 1839 2019 summarie
1853 1990 1882 2018 et
1896 1990 1994 2018 extra-

1255 2040 1442 2073 iudicialiter
1468 2045 1496 2072 et
1521 2045 1671 2083 quantum
1700 2039 1751 2072 tibi
1778 2039 1923 2072 sufficere
1950 2038 1994 2071 vi-

1254 2093 1379 2126 debitur
1403 2093 1441 2126 de
1466 2104 1527 2126 non
1553 2098 1620 2125 tuto
1645 2103 1786 2133 accessu,
1816 2090 1943 2131 citandi,
1964 2096 1994 2123 et

1255 2146 1345 2179 aliam
1371 2157 1606 2189 quamcumque
1631 2146 1661 2178 in
1688 2145 1869 2189 praemissis
1889 2154 1995 2178 neces-

1255 2199 1368 2232 sariam
1395 2205 1424 2232 et
1448 2204 1658 2243 opportunam
1683 2199 1871 2238 facultatem,
1892 2202 1996 2231 aucto-

1257 2253 1345 2287 ritate
1361 2252 1546 2296 apostolica,
1567 2258 1675 2286 tenore
1695 2252 1919 2296 praesentium,
1939 2250 1993 2284 tri-

1256 2307 1380 2340 buimus
1405 2312 1433 2339 et
1459 2306 1669 2350 impertimur.

1299 2361 1314 2404 ἓ
1338 2360 1366 2394 3.
1393 2360 1543 2394 Volumus
1560 2365 1674 2402 autem,
1693 2365 1725 2393 ut.
1740 2369 1921 2404 processum
1939 2368 1995 2392 seu

1255 2425 1422 2458 processus
1438 2425 1473 2447 ac
1494 2414 1739 2455 informationes,
1760 2423 1840 2457 quos
1865 2418 1894 2446 et
1919 2421 1996 2455 quas

1256 2468 1437 2501 earumdem
1473 2468 1581 2511 vigore
1612 2467 1826 2512 praesentium
1852 2464 1994 2509 coeperis

1256 2526 1285 2553 et
1310 2521 1526 2562 fabricaveris,
1552 2521 1582 2553 in
1608 2521 1708 2554 forma
1729 2519 1908 2553 authentica
1932 2517 1991 2551 sub

1256 2580 1309 2608 tuo
1333 2574 1436 2618 sigillo
1449 2575 1571 2608 clausos
1584 2580 1614 2608 et
1628 2574 1749 2607 clausas
1765 2572 1804 2606 ad
1815 2582 1872 2607 nos
1884 2582 1996 2617 quam-

1255 2628 1391 2672 primum
1419 2632 1485 2660 tuto
1506 2627 1708 2668 transmittas,
1726 2632 1768 2669 ut,
1787 2625 1870 2670 quod
1889 2625 1919 2658 in
1935 2624 1995 2658 hoe

2000 226 2049 252 An.
2065 226 2093 255 C⁴
2114 226 2178 256 1650

2025 392 2113 415 Mona.

2030 926 2104 953 Ampla
2120 926 2184 948 snut-

2003 955 2036 973 tas
2051 954 2129 974 nuncio
2146 953 2184 974 Po-

2003 979 2074 1001 louiae
2121 979 2186 1000 contl-

2003 1006 2074 1027 ciendl
2101 1011 2186 1032 proees-

2004 1038 2039 1054 sus
2054 1035 2127 1053 contra
2142 1032 2184 1059 epi-

2004 1064 2091 1085 scopum
2111 1058 2186 1080 Samo-

2004 1086 2123 1112 gitiensem.
2241 1096 2244 1121 :V

2079 2362 2192 2383 Processu:

2009 2388 2116 2410 consuetos
2131 2388 2157 2410 ad
2171 2394 2193 2409 u

2010 2416 2124 2463 :irppsinitti
2137 2421 2193 2436 man-
