2185 3188
27 179 75 206 An.
93 178 121 204 C.
144 177 210 204 1⁶56

818 174 1003 198 ALEXANDER
1028 174 1072 196 VH
1096 174 1143 197 1³1³.

220 222 412 268 pauperibus
444 223 557 257 Christi
593 221 798 262 subveneris,
835 222 958 265 quoties

221 276 347 320 aliquod
371 277 564 320 praestiteris
579 288 615 310 ex
633 275 782 320 operibus
800 275 959 308 huiusmo-

221 330 261 370 di,
286 340 321 362 ac
345 340 418 362 vere
443 330 606 373 poenitens
631 335 659 362 et
685 329 826 362 consessa
856 339 959 361 sacer-

220 383 283 416 doti
309 383 347 415 ab
371 383 538 416 Ordinario
555 383 732 427 approbato
751 382 781 414 in
799 382 904 425 aliquo
923 392 958 414 ex

221 435 385 468 dominicis
410 441 463 469 aut
487 436 572 468 sestis
597 436 706 469 diebus
726 435 764 467 de
791 439 960 478 praecepto

220 498 340 521 sacram
359 489 614 522 communionem
633 487 815 531 sumpseris,
830 487 960 531 piasque

220 541 257 573 ad
275 541 372 574 Deum
391 552 500 586 preces
526 541 643 575 fuderis
660 552 718 585 pro
741 541 905 573 haeresum
931 545 960 572 et

220 595 423 630 schismatum
441 596 660 640 extirpatione,
678 606 737 639 pro
762 594 833 627 tidei
856 595 960 628 catho-

220 649 298 682 licae
321 650 559 693 propagatione,
585 649 830 682 christianornm
866 648 957 692 prin·
977 641 979 673 J·

220 703 324 746 cipum
350 703 528 745 concordia,
548 703 680 747 aliisque
706 708 830 734 sanctae
855 701 978 735 Matris*

220 755 378 789 Ecclesiae
401 756 660 798 necessitatibus,
686 755 781 788 semel
813 754 845 786 in
876 754 957 786 heh-

219 808 354 842 domada
377 810 550 853 plenariam
586 809 726 842 omnium
757 812 978 852 peccatorum*

220 867 345 895 tuorum
371 863 597 906 indulgentiam
623 862 834 906 consequaris.
861 862 956 894 Prae--

221 922 314 957 terea,
332 923 375 958 ut,
392 917 518 961 quando
534 917 610 950 seria
631 919 716 950 sexta
735 917 960 960 cuiuscumque

219 969 434 1003 hebdomadae
448 971 645 1004 inhonorem
660 970 875 1003 sanctissimae
892 970 960 1002 Pas·
976 966 978 977 ’

219 1023 316 1057 sionis
333 1024 513 1058 Dominicae
538 1024 736 1064 ieiunaveris,
760 1034 796 1057 ac
823 1024 890 1068 ipsa
911 1024 960 1056 die

219 1077 266 1110 rel
291 1077 450 1110 dominica
476 1077 656 1110 immediate
674 1077 816 1121 sequenti
838 1077 959 1110 conses-

219 1141 251 1163 sa
276 1141 312 1164 ac
337 1133 426 1164 sacra
452 1134 675 1165 communione
707 1132 821 1165 resecta
853 1136 886 1163 ut
913 1141 960 1164 su-

219 1195 275 1228 pra
293 1185 444 1226 oraveris,
469 1185 559 1218 toties
588 1185 762 1229 plenariam
788 1184 895 1219 itidem
917 1184 960 1217 in·

219 1239 411 1281 dulgentiam
437 1239 658 1283 consequarisj,
688 1244 717 1272 ct
741 1238 863 1282 quoties
888 1249 958 1272 cum

219 1292 329 1325 dolore
353 1292 391 1325 de
415 1293 551 1337 peccatis
576 1298 606 1325 et
624 1293 788 1336 proposito
813 1292 960 1325 emenda-

221 1346 312 1379 tionis
340 1346 564 1380 conscientiam
597 1352 681 1379 tuam
722 1345 960 1386 examinaveris,

221 1399 311 1432 toties
342 1399 449 1432 decem
481 1410 636 1433 annorum
667 1399 895 1442 indulgentiam
932 1402 961 1432 et

221 1452 348 1486 totidem
383 1453 600 1497 quadragenas
632 1452 845 1496 consequaris.
872 1452 960 1492 Quod

219 1507 243 1539 si
276 1517 333 1551 per
363 1507 522 1550 integrum
557 1518 695 1540 mensem
730 1512 763 1540 ut
796 1506 960 1539 minimum

220 1561 317 1593 semel
342 1560 373 1593 in
397 1560 447 1594 die
472 1561 502 1593 id
528 1561 640 1604 egeris,
659 1571 759 1604 eoque
780 1571 887 1593 mense
911 1560 961 1592 ab·

220 1614 332 1655 soluto,
357 1616 485 1658 peraeta
503 1614 708 1654 consessione,
734 1613 958 1647 sanctissimam

220 1668 448 1702 Eucharistiam
475 1668 660 1712 sunipse1·iS‚
685 1668 858 1712 plenariam
881 1668 961 1711 pari-

219 1726 267 1754 ter
291 1721 516 1765 indulgentiam
543 1721 758 1765 consequaris.
776 1721 813 1754 Et
837 1720 960 1764 quotics

221 1780 268 1808 ter
283 1776 385 1809 Pater
406 1779 516 1809 noster
534 1780 562 1808 et
579 1781 626 1808 ter
642 1775 709 1808 Ave
726 1774 836 1807 Maria
860 1774 891 1806 in
908 1774 961 1807 ho-

220 1839 329 1862 norem
361 1829 576 1862 sanctissimae
605 1833 635 1861 et
659 1827 837 1860 individuae
864 1827 961 1860 Trini-

220 1883 301 1924 tatis,
318 1889 372 1916 aut
396 1883 563 1927 quinquies
588 1882 618 1915 in
644 1882 796 1915 honorem
822 1881 960 1925 quinque

221 1937 385 1980 plagarum
402 1936 527 1970 Domini
548 1937 647 1969 nostri
664 1936 733 1968 lesu
750 1935 874 1976 Christi,
889 1946 960 1968 cum

222 1990 384 2033 proposito
403 1996 431 2023 te
448 1989 486 2022 ab
504 1989 609 2033 aliquo
625 1994 755 2033 peccato
773 1988 959 2021 emendandi

221 2043 347 2084 dixeris,
373 2049 425 2076 aut
450 2043 562 2076 missae
587 2043 679 2076 etiam
705 2043 845 2086 privatae
863 2042 893 2074 in
917 2043 959 2075 se-

221 2097 351 2130 rialibus
384 2098 495 2130 diebus
527 2097 724 2139 interfueris,
749 2102 802 2129 aut·
834 2096 960 2140 aliquod

221 2162 258 2184 cx
283 2151 431 2194 operibus
456 2162 551 2194 supra
572 2151 601 2183 in
627 2151 731 2194 primo
752 2150 851 2194 eapite
872 2155 978 2193 prae-'

222 2204 346 2248 scriptis
371 2204 565 2247 praestiteris
581 2231 588 2244 ,
614 2204 704 2237 toties
734 2203 959 2245 indulgentiam

222 2259 329 2291 decem
355 2268 508 2290 annorum
542 2263 572 2290 ct
597 2257 725 2290 totidem
751 2256 960 2300 quadrigena-

223 2323 303 2345 rum.
329 2311 362 2344 ln
388 2311 497 2344 mortis
521 2321 647 2354 quoque
672 2310 815 2352 articulo,
837 2310 860 2342 si
889 2320 960 2342 rere

223 2364 396 2408 poenitenS,
417 2374 463 2404 ac,
484 2364 508 2396 si
534 2363 683 2408 potueris,
709 2368 742 2396 ut
767 2373 863 2406 supra
887 2373 960 2396 con-

223 2420 312 2459 sessa,
330 2419 481 2461 sacraque
501 2417 724 2450 communione
745 2417 870 2458 resecta,
888 2416 961 2449 alio-

222 2471 297 2515 quin
325 2471 434 2503 saltem
465 2470 599 2503 contrita
623 2479 737 2503 nomen
763 2469 831 2502 lesu
856 2480 911 2502 ore
935 2469 959 2501 si

223 2525 383 2568 potueriS,
409 2524 457 2557 sin
482 2524 586 2556 minus
619 2523 713 2556 eorde
738 2523 848 2556 devote
873 2523 959 2556 invo-

223 2578 361 2619 caveris,
389 2577 560 2621 plenariam
591 2577 708 2620 pariter
734 2576 958 2619 indulgentiam

1636 162 1700 195 ‘loe

993 221 1205 265 consequaris.
1231 222 1311 260 Quas
1336 221 1463 265 quidem
1489 231 1599 254 omnes
1624 220 1729 253 indul-

993 276 1113 317 gentias
1138 277 1379 320 suprascriptas,
1400 282 1433 309 ut
1452 287 1507 319 per
1529 275 1656 308 modum
1675 275 1733 308 sus-

995 329 1084 371 sragii
1110 329 1256 361 fidelihus
1276 330 1430 362 desum-tis
1455 330 1613 373 applicare
1634 329 1733 372 possis

994 382 1213 415 concedimus:
1254 383 1283 414 in
1319 384 1511 416 contrarium
1550 382 1733 415 iacientibus

994 446 1056 468 non
1081 435 1276 469 obstantibus
1301 436 1561 479 quilmfflumque.

1038 488 1147 521 Datum
1168 489 1296 528 Romae,
1313 488 1395 531 apud
1413 489 1440 520 S.
1459 489 1593 530 Petrum,
1613 488 1670 521 suli
1685 499 1734 521 an-

994 542 1068 575 nulo
1089 542 1265 583 Piscator-is,
1295 542 1344 574 die
1378 552 1407 575 xi
1439 542 1570 574 ianuarii
1608 552 1733 581 noemi,

994 595 1193 639 pontificatus
1214 595 1313 629 nostri
1332 606 1412 628 anno
1427 606 1445 628 1.

1032 657 1086 683 ilat.
1105 657 1148 683 die.
1164 658 1192 684 ll
1214 658 1327 684 ianuarii
1348 658 1423 689 Ιϋῦῦ,
1443 657 1537 692 pontif.
1556 666 1627 684 :uiuo
1645 666 1661 684 ιΔ

1306 784 1430 816 txt'ltt.

996 856 1060 888 Pro
1096 856 1361 889 eminnuas-simis
1393 860 1420 888 et
1461 856 1736 889 reverendissimis

1038 908 1180 941 dominis
1213 908 1440 941 cardinalibus
1472 909 1648 952 asstitnplae's
1676 920 1735 953 pro

1039 962 1130 994 sami
1156 962 1341 995 visitatione
1365 962 1550 1006 czpostolz'cd.

1189 1043 1355 1070 Alexander
1380 1043 1459 1077 Papa
1478 1044 1539 1075 vu,

993 1098 1164 1125 Venerabili
1183 1098 1271 1124 fratri
1292 1101 1394 1124 nostro
1415 1098 1522 1124 Martio
1538 1097 1676 1130 episcopo
1692 1099 1737 1124 At-

1028 1142 1155 1170 hanensi
1177 1142 1306 1175 Ginetto,
1322 1150 1438 1169 necnon
1459 1142 1578 1168 dilectis
1598 1142 1669 1168 filiis
1686 1149 1736 1168 no-

1030 1188 1101 1215 stris
1136 1188 1273 1214 Ulderico
1303 1187 1330 1214 S.
1361 1187 1539 1214 Anastasiae
1572 1186 1734 1220 Caminoo,

1030 1233 1129 1260 Marco
1149 1233 1276 1260 Antonio
1297 1232 1324 1259 S.
1348 1232 1460 1259 Mariae
1491 1234 1525 1259 de
1551 1233 1625 1259 Pace
1648 1231 1736 1258 Pran-

1030 1278 1134 1309 ciotto,
1157 1278 1315 1305 francisco
1335 1278 1445 1312 Angelo
1466 1277 1491 1304 S.
1514 1277 1658 1304 Caeciliae
1679 1277 1735 1303 Ra-

1028 1323 1182 1357 pacciolo‚
1209 1323 1330 1350 Nicolao
1361 1323 1388 1349 S.
1421 1322 1533 1349 Mariae
1560 1322 1736 1356 Angelorum

1030 1367 1188 1395 Ludovisio
1202 1389 1208 1399 ‚
1229 1368 1335 1394 Iacobo
1356 1367 1385 1394 S.
1409 1366 1521 1393 Mariae
1541 1367 1737 1400 'transponti-

1029 1420 1082 1440 nae
1099 1412 1236 1445 Corrado,
1252 1411 1412 1439 Laurentio
1430 1413 1457 1438 S.
1477 1411 1659 1445 Chrysogoni
1681 1411 1737 1437 Im-

1030 1457 1157 1491 periali,
1188 1460 1218 1484 et
1245 1456 1362 1483 Giberto
1383 1456 1426 1483 Ss.
1449 1455 1571 1483 Ioannis
1600 1459 1630 1483 et.
1652 1456 1736 1482 Pauli

1030 1502 1188 1528 titulorum
1214 1500 1399 1535 presbyteris
1422 1501 1450 1528 S.
1473 1501 1503 1527 R.
1526 1500 1553 1526 E.
1577 1499 1736 1527 cardinali-

1029 1548 1083 1573 bus
1099 1546 1276 1573 Borramaeo
1291 1546 1460 1579 respective
1475 1545 1667 1578 nuncupatis.

1144 1608 1331 1635 Venerabilis
1352 1608 1445 1634 frater
1465 1610 1585 1639 noster,

1191 1660 1224 1680 ac
1241 1653 1346 1680 dilecti
1362 1653 1417 1679 filii
1432 1652 1540 1685 nostri,

1031 1700 1160 1727 satutem
1182 1702 1213 1725 et
1234 1698 1429 1732 apostolicam
1448 1697 1696 1725 benedictionem.

1037 1770 1189 1809 Quoniam
1210 1769 1239 1801 in
1266 1767 1487 1812 prosequendo
1513 1777 1644 1799 muere
1669 1765 1737 1798 visi-

995 1823 1119 1855 tationis
1152 1822 1354 1855 eeclesiarum
1381 1826 1411 1853 et
1435 1820 1561 1865 piorum
1593 1821 1735 1853 locorum

991 1877 1088 1910 'huius
1113 1877 1213 1909 almae.
1239 1875 1330 1909 Urbis
1356 1880 1492 1915 nostrae,
1515 1874 1552 1906 ad
1574 1874 1656 1917 quod
1684 1884 1737 1906 vos

995 1930 1179 1963 nominatim
1198 1940 1234 1962 ex
1256 1939 1345 1961 sacro
1361 1927 1585 1961 venerabilium
1604 1927 1736 1959 fratrum

995 1989 1176 2016 nostrorum
1192 1982 1325 2025 collegio
1343 1980 1541 2024 deligemus¹‚
1561 1980 1647 2013 l'acile
1665 1991 1737 2013 cou-

996 2038 1115 2079 tingerc
1140 2036 1255 2080 poterit
1280 2041 1313 2068 ut
1337 2035 1441 2079 aliqua
1467 2035 1591 2077 negotia
1623 2034 1736 2067 crimi-

995 2092 1075 2124 nalia
1100 2089 1320 2134 pertractanda
1346 2089 1425 2128 sint;

1039 2145 1054 2187 g
1083 2144 1107 2176 l.
1136 2145 1208 2183 Nos,
1226 2143 1488 2176 conscientiarum
1515 2153 1548 2174 ae
1575 2146 1672 2175 status
1690 2152 1738 2174 ve-

995 2312 1056 2339 lam
1085 2305 1274 2338 coniunctim
1308 2316 1401 2347 quam
1434 2303 1579 2345 dix-isim,
1605 2303 1736 2336 durante

996 2359 1174 2392 huiusmodi
1203 2359 1387 2398 visitatione,
1409 2363 1438 2390 et
1464 2357 1547 2390 illius
1571 2357 1737 2390 occasione

994 2414 1165 2453 dumtaxat,
1188 2423 1404 2456 quascumque
1427 2412 1582 2455 querelas,
1608 2421 1736 2444 accusa-

995 2468 1104 2507 tiones,
1118 2465 1375 2499 denunciationes
1395 2469 1503 2498 contra
1521 2475 1736 2508 quascumque

1032 2586 1040 2610 1
1066 2583 1176 2610 Videtur
1196 2581 1339 2618 legendum
1362 2582 1519 2617 cleleyitizus
1539 2582 1576 2616 (u.
1598 2589 1645 2615 T.„.

1748 171 1797 197 An.
1815 171 1842 197 C.
1863 172 1931 198 1656

1779 1773 1917 1795 Prosnmi'tm.

1778 2148 1871 2175 emptam
1898 2154 1936 2175 po-

994 2204 1132 2231 strorum
1167 2197 1326 2229 securitati
1357 2202 1534 2240 opportune
1571 2195 1736 2239 providere
1752 2181 1925 2249 ¹s3s⁴<il=su¹gi12¹fd¹i

995 2253 1155 2293 volentes,
1185 2251 1273 2284 vohis
1299 2256 1328 2283 et
1352 2251 1481 2284 cuilihet.
1512 2255 1671 2289 vestrum,
1704 2255 1736 2282 ut
1761 2243 1791 2275 '¹¹⁴-
