2243 3205
72 177 78 185 .
93 156 122 185 G.
144 155 212 184 1660

27 158 68 187 An
221 212 258 235 ex
282 201 478 246 professione
503 206 671 244 tenentur,
692 201 872 242 liberantes,
897 200 962 234 evi-

221 254 306 287 denti
331 253 533 288 relaxationis
559 259 588 288 et
608 254 795 299 perditionis
819 253 961 298 periculo

221 311 403 352 exponunt,
428 307 601 341 dummodo
635 307 678 340 cis
710 307 784 340 solis
810 307 961 351 privative

221 361 326 406 quoad
357 360 435 394 alios
467 361 732 395 monasteriorum
762 360 961 394 administra-

221 413 339 447 tionem
365 419 396 447 et
420 413 562 457 regimen
587 419 649 446 tam
683 414 715 446 in
746 413 962 458 spiritualibus

220 476 315 510 quam
341 466 372 498 in
396 465 642 510 temporalibus,
672 466 868 509 liberamque
897 465 963 499 offi-

221 518 347 550 cialium
373 523 403 551 et
427 518 629 562 superiorum
658 518 866 559 electionem,
898 523 961 551 tam

220 571 324 615 quoad
342 581 449 605 vocem
467 571 599 604 activam
618 582 711 617 quam
731 572 897 616 passivam,
915 582 962 606 ce-

220 624 304 659 dant.

265 678 281 722 §
304 677 334 711 ⁶2.
359 677 435 712 Cum
460 682 576 719 autem,
593 678 673 712 sieut
687 678 794 711 eadem
809 678 961 723 expositio

220 730 442 775 subiungebat,
467 736 656 772 contractus,
682 731 909 765 transactiones
931 737 962 765 et

221 784 411 817 concordata
435 784 639 827 huiusmodi,
672 794 735 818 non
759 784 791 817 in
815 784 961 818 aedifica-

220 838 361 879 tionem,
393 837 447 871 sed
478 838 511 871 in
542 837 717 871 evidentem
747 838 960 882 praesentium

220 891 443 934 religiosorum
470 891 593 924 ruinam
611 891 806 936 spiritualem
820 897 960 936 vergant,

221 943 387 988 dictusque
405 950 596 988 procurator
616 944 773 987 generalis
792 949 962 988 propterea

221 995 261 1029 de
285 1001 464 1040 opportuno
500 997 532 1029 in
566 997 748 1041 praemissis
779 997 920 1031 remedio
944 1007 962 1030 a

221 1049 313 1084 nobis
326 1049 486 1094 provideri
501 1060 702 1095 summopere
714 1049 880 1083 desideret:
893 1060 961 1091 nos,

221 1101 326 1146 ipsum
351 1107 592 1146 procuratorem
617 1103 796 1146 generalem
823 1103 962 1147 speciali-

221 1155 280 1188 bus
304 1155 464 1189 savoribus
477 1161 508 1189 et
524 1156 632 1199 gratiis
649 1156 796 1200 prosequi
812 1157 961 1198 volentes,

221 1211 252 1239 et
275 1216 292 1239 a
316 1207 478 1251 quibusvis
502 1208 856 1250 excommunicationis,
881 1213 938 1242 etc.
953 1236 961 1248 ,

221 1260 418 1293 absolventes
442 1263 471 1294 et
494 1260 672 1294 absolutum
698 1261 764 1294 fore
789 1267 961 1303 censentes,

43 1328 206 1349 Contractussu-
266 1312 325 1357 §3
339 1313 627 1357 supplicationibus
645 1314 712 1347 eius
729 1315 857 1348 nomine
871 1315 962 1348 nobis

27 1355 76 1406 {lid
80 1357 208 1408 {ciii'iiergissl
221 1376 318 1411 super
342 1366 403 1400 hoc
426 1366 590 1400 humiliter
613 1367 769 1411 porrectis
802 1367 961 1410 inclinati,

28 1407 118 1429 ‘'mm''
222 1420 260 1454 de
268 1420 495 1453 venerabilium
506 1420 638 1454 fratrum
652 1426 834 1455 nostrorum
845 1421 873 1455 S.
883 1422 917 1454 R.
928 1422 960 1454 E.

222 1473 428 1508 cardinalium
454 1474 589 1517 negotiis
617 1479 647 1507 et
682 1474 962 1508 consultationibus

222 1527 445 1573 episcoporum
479 1533 510 1560 et
540 1527 735 1571 regularium
768 1528 962 1572 praeposito-

213 1583 314 1623 rum,
338 1581 391 1626 qui
415 1591 483 1614 rem
506 1581 673 1625 diligenter
698 1586 728 1614 et
752 1586 874 1615 mature
897 1581 961 1614 dis-

221 1640 397 1677 cusserunt,
415 1635 557 1678 consilio,
577 1634 701 1668 attentis
721 1635 866 1676 narratis,
892 1645 962 1669 con-

220 1693 359 1732 tractus,
383 1688 609 1722 transactiones
633 1694 663 1722 et
688 1689 898 1730 concordata,
924 1689 962 1723 de

222 1742 337 1786 quibus
361 1752 456 1786 supra
481 1742 605 1786 agitur,
629 1742 724 1776 l'uisse
749 1746 778 1776 ct
802 1753 870 1776 esse
895 1743 957 1776 illi-

222 1796 293 1837 cita,
317 1795 450 1840 ideoque
474 1795 638 1840 hucusque
663 1796 738 1829 inita
763 1796 849 1829 nulla
868 1801 898 1830 et
915 1797 961 1829 in-

222 1848 323 1882 valida
337 1849 443 1890 fuisse,
457 1849 643 1883 auctoritate
656 1849 838 1894 apostolica,
852 1854 961 1884 tenore

220 1902 446 1948 praesentium,
470 1902 669 1936 declaramus
692 1907 723 1936 et
742 1903 960 1945 decernimus,

221 1956 502 2002 prohibemusque,
527 1965 566 1989 ne
590 1955 622 1988 in
641 1956 781 1989 futurum
807 1956 865 1989 sub
883 1957 961 1990 eius-

221 2010 292 2044 dem
317 2009 467 2043 nullitatis
491 2015 521 2043 et
538 2009 747 2052 invaliditatis,
765 2019 889 2043 necnon
903 2010 960 2044 sub

221 2063 556 2097 excommunicationis
591 2073 626 2096 ac
662 2063 844 2107 privationis
876 2064 961 2098 vocis

221 2117 341 2151 activae
365 2121 395 2151 et
418 2117 576 2161 passivae,
601 2117 863 2161 officiorumque⁷
888 2128 961 2161 gra-

222 2172 319 2205 duum
344 2176 374 2205 et
397 2171 584 2214 dignitatum
611 2181 905 2215 quarumcumque,
934 2175 963 2205 et

222 2229 392 2270 perpetuae
417 2224 620 2258 inhabilitatis
645 2224 683 2257 ad
708 2234 744 2257 ea
759 2229 789 2257 et
806 2224 964 2268 quaelibet

222 2279 282 2312 alia
306 2278 338 2311 in
361 2283 524 2322 posterum
549 2277 728 2317 obtinenda,
762 2287 819 2321 per
849 2277 959 2310 huius-

223 2332 309 2366 modi
334 2331 567 2371 contrahentes,
592 2329 802 2373 transigentes
830 2335 860 2362 et
890 2340 963 2362 con-

224 2386 390 2421 cordantes
406 2395 443 2418 eo
457 2385 526 2429 ipso
544 2383 740 2417 incurrendis
754 2383 874 2427 poenis,
893 2383 964 2416 talia

224 2439 432 2479 concordata,
464 2437 686 2472 transactiones
722 2442 752 2469 et
784 2441 963 2470 contractus

224 2493 380 2528 ullatenus
401 2490 608 2525 celebrentur.

269 2547 284 2591 ἓ
308 2546 337 2579 4.
361 2545 569 2579 Decernentes
594 2543 712 2588 pariter
729 2543 853 2577 casdem
874 2553 963 2588 prae-

327 2609 404 2638 Bull.
421 2609 501 2639 Rom.
517 2623 552 2630 —
571 2608 629 2636 Vol.
645 2607 720 2636 XVI.
866 2607 900 2635 69

53 692 192 720 Supplicauo.

59 2549 166 2574 mnu-uiae
176 2558 211 2579 ap·

820 152 920 177 ALExA
931 153 1014 176 NDER
1040 153 1083 176 vll
1107 153 1155 176 Pr.

1648 143 1707 159 tlt*

1647 154 1710 176 „tm
1756 153 1804 179 An.
1822 152 1848 178 C.
1872 153 1939 180 16(ὶο

995 205 1098 234 sentes
1123 200 1242 233 lli-[eras
1267 211 1394 245 semper
1426 201 1552 242 firmas,
1584 206 1642 235 elc-
1657 228 1665 242 ,
1690 200 1737 233 ln·
1753 215 1938 243 ponuntnrneces-

995 250 1184 284 violabiliter
1197 250 1369 293 observari,
1390 252 1497 296 sicque
1512 252 1543 285 in
1555 252 1738 296 praemissis
1753 246 1832 261 ⁵²¹¹³⁰⁸

995 314 1051 348 per
1083 314 1300 347 quoscumque
1327 304 1467 347 iudices,
1500 310 1579 346 etc.,
1611 304 1737 338 definiri

995 356 1119 399 debere,
1146 366 1182 389 ac
1206 356 1331 389 irritum
1345 357 1489 399 etinane,
1509 357 1534 390 si
1552 368 1652 399 secus,
1667 362 1737 398 etc„

995 409 1163 452 contigerit
1187 409 1342 442 attentari.

1039 464 1054 507 ξ
1079 463 1108 496 5.
1141 463 1210 496 Non
1238 462 1434 496 obstantibus
1466 463 1669 507 praemissis,
1702 474 1738 497 ac

995 515 1271 549 constitutionibus
1296 520 1326 548 et
1345 515 1597 549 ordinationibus
1617 520 1740 560 aposto-

995 569 1080 611 licis,
1104 579 1250 610 necnon,
1275 574 1429 613 quatenus
1464 579 1545 613 opus
1575 569 1630 610 sit,
1663 569 1738 602 dicti

995 622 1129 665 Ordinis,
1155 622 1285 666 eiusque
1302 622 1570 656 monasteriorum
1591 632 1739 666 quorum-

995 676 1050 717 vis,
1075 676 1168 709 etiam
1193 676 1381 717 iuramento,
1406 680 1475 716 etc„
1497 675 1527 707 in
1545 675 1739 708 contrarium

994 729 1240 773 praemissorum
1285 728 1524 773 quomodolibet
1561 729 1739 769 concessis,

995 783 1188 817 confirmatis
1209 788 1239 816 et
1260 782 1432 823 innovatis;
1458 781 1572 826 quibus
1592 782 1740 814 omnibus

995 840 1024 869 et
1055 836 1206 879 singulis,
1242 835 1370 869 illorum
1405 840 1531 868 tenores
1569 834 1741 878 praesenti-

995 889 1063 930 bus,
1089 895 1158 931 etc.,
1177 889 1215 922 ad
1237 888 1486 933 praemissorum
1505 887 1650 921 effectum
1669 897 1739 931 spe-

995 942 1115 976 cialiter
1128 947 1158 975 et
1172 952 1320 986 expresse
1336 941 1545 985 derogamus;
1563 941 1740 985 ceterisque

995 996 1161 1030 contrariis
1185 996 1449 1040 quibuscumque.

1038 1049 1096 1093 56.
1114 1049 1264 1083 Volumus
1277 1054 1382 1083 autem
1399 1054 1434 1082 ut
1450 1047 1632 1082 earumdem
1652 1057 1740 1092 prae-

995 1101 1129 1134 sentium
1156 1101 1369 1146 transumptis,
1401 1111 1507 1142 manu,
1539 1106 1608 1143 etc.‚
1629 1099 1738 1134 eadem

994 1165 1125 1198 prorsus
1142 1154 1219 1188 fides
1237 1154 1268 1188 in
1293 1154 1410 1188 iudicio
1427 1159 1458 1187 et
1479 1158 1565 1188 extra
1589 1153 1737 1186 adhibea-

995 1212 1056 1249 tur,
1074 1217 1154 1251 quae
1179 1207 1400 1251 praesentibus
1424 1206 1501 1250 ipsis
1523 1205 1737 1246 adhiberetur,

995 1260 1019 1293 si
1044 1260 1148 1301 forent
1172 1260 1330 1294 exhibitae
1359 1260 1406 1293 vel
1438 1265 1592 1293 ostensae.

1038 1314 1149 1347 Datum
1169 1314 1287 1347 Romae
1304 1313 1385 1358 apud
1405 1313 1433 1346 S.
1453 1313 1591 1355 Petrum,
1612 1312 1670 1345 sub
1688 1322 1739 1344 an-

995 1367 1069 1400 nulo
1098 1367 1286 1408 piscatoris,
1318 1367 1368 1400 die
1396 1376 1453 1399 vni
1488 1366 1593 1399 martii
1614 1375 1736 1408 MDCLX,

996 1419 1198 1464 pontificatus
1222 1419 1323 1454 nostri
1347 1429 1430 1454 anno
1451 1429 1480 1452 v.

1031 1482 1089 1510 Dat.
1107 1482 1151 1510 die
1171 1483 1187 1510 8
1202 1482 1290 1510 martii
1309 1482 1387 1516 1660,
1404 1481 1500 1518 pontis.
1522 1490 1592 1509 anno
1613 1489 1638 1509 v.

1755 477 1864 500 Contraria
1874 479 1936 500 tollit.

1787 1061 1937 1088 Tin-insumpto-

1753 1094 1798 1109 rum
1814 1088 1873 1109 tides.

1260 1625 1472 1659 CCLXXXVII.

996 1706 1174 1749 Confirmat
1198 1707 1323 1739 decreta
1346 1707 1471 1740 noviter
1494 1706 1593 1746 edita,
1614 1716 1673 1750 pro
1690 1716 1737 1738 rc-

1037 1760 1166 1803 9ularz‘s
1180 1760 1374 1803 disciplinae
1387 1759 1628 1793 instauratione
1642 1759 1678 1792 in
1692 1770 1738 1791 re-

1040 1813 1160 1856 tiyione
1173 1813 1339 1846 Minorum
1355 1812 1622 1847 Conventualium
1633 1813 1737 1845 sancti

1039 1865 1217 1899 Francisci.

1189 1946 1359 1973 Alexander
1378 1945 1458 1980 Papa
1477 1945 1540 1977 vn,

1118 1992 1153 2017 ad
1168 1993 1347 2025 perpetuam
1365 1989 1410 2017 rei
1430 1989 1611 2017 memoriam.

1038 2060 1235 2095 lnscrutabili
1249 2060 1371 2094 divinae
1385 2059 1555 2104 sapientiae
1572 2069 1687 2094 arcano
1705 2060 1736 2092 in
1778 2068 1897 2089 Exordium.

995 2115 1085 2148 sacra
1122 2114 1275 2158 Principis
1308 2114 1531 2158 Apostolorum
1563 2113 1734 2156 cathedra,

996 2168 1116 2201 meritis
1141 2168 1213 2201 licet
1237 2167 1435 2212 imparibus,
1460 2167 1622 2207 collocati,
1656 2167 1735 2208 illis,

996 2232 1076 2265 quae
1100 2231 1159 2265 pro
1183 2221 1264 2254 felici
1290 2221 1513 2264 religiosorum
1535 2220 1686 2254 Ordinum
1705 2220 1735 2252 in

996 2275 1136 2308 Ecclesia
1161 2274 1214 2307 Dei
1239 2274 1290 2318 pie
1314 2278 1484 2318 sancteque
1504 2274 1735 2318 plantatorum,

996 2339 1032 2361 ac
1055 2327 1168 2362 uberes
1185 2327 1342 2361 bonorum
1360 2338 1493 2371 operum
1518 2327 1639 2359 fructus
1665 2337 1735 2370 pro-

997 2382 1078 2414 ferre
1115 2381 1229 2424 iugiter
1261 2381 1469 2424 satagentium
1503 2380 1676 2414 directione
1706 2385 1736 2412 ct

996 2435 1153 2477 gubernio
1173 2433 1301 2478 provide
1319 2434 1548 2476 dignoscuntur
1562 2442 1735 2473 emanasse,

997 2488 1140 2529 libenter,
1155 2498 1225 2520 cum
1241 2498 1257 2519 a
1271 2487 1362 2520 nobis
1377 2487 1511 2531 petitur,
1529 2486 1734 2530 apostolicam

997 2541 1179 2575 muniminis
1203 2541 1403 2585 adiungimus
1427 2541 1618 2574 firmitatem.
