2243 3205
49 197 97 225 An.
118 195 146 223 C.
162 195 226 223 1661

74 1588 185 1609 Clausulas
195 1594 244 1614 poe-

60 1616 119 1637 nales
129 1615 223 1642 apponii.

0 1882 10 1955 ἐρ’(

843 192 1030 217 ALEXANDER
1055 192 1099 216 VII
1123 192 1171 216 PP.

246 243 338 276 etiam
363 242 552 283 iuramento,
579 241 817 276 confirmatione
839 241 989 285 apostoli-

247 298 294 337 ca,
315 297 362 328 vel
379 296 487 340 quavis
504 296 652 329 firmitate
670 296 729 328 alia
749 296 915 337 roboratis,
933 300 990 328 sta-

247 349 320 382 tutis
345 354 375 381 et
399 349 693 389 consuetudinibus,
718 349 890 392 privilegiis
911 358 990 392 quo-

248 413 320 447 que,
347 402 476 436 indultis
509 408 539 435 et
572 403 684 435 litteris
709 402 908 446 apostolicis,
934 401 990 433 sub

248 456 502 500 quibuscumque
520 456 688 488 verborum
706 456 869 488 tenoribus
887 460 916 488 et
930 455 992 487 sor-

250 509 328 551 mis,
353 519 389 542 ac
414 519 484 542 cum
519 509 681 552 quibusvis
706 509 798 541 etiam
825 508 991 550 derogato-

249 562 369 595 riarum
395 562 620 605 derogatoriis,
646 562 776 605 aliisque
802 560 989 594 efficaciori-

250 616 308 649 bus
332 621 362 648 et
387 616 519 649 insolitis
552 615 700 648 clausulis
734 615 763 647 in
797 615 991 648 contrarium

251 669 500 713 praemissorum
538 668 777 712 quomodolibet
813 668 993 709 concessis,

251 722 446 756 confirmatis
463 727 492 755 et
517 722 688 761 Innovatis;
708 722 822 765 quibus
843 722 991 754 omnibus

252 781 283 808 et
307 775 450 818 singulis,
468 775 588 808 etiamsi
603 785 660 818 pro
679 775 806 808 illorum
828 774 993 807 sufficienti

252 828 458 872 derogatione
482 828 520 861 de
553 828 612 861 illis
643 839 817 872 eorumque
850 828 921 861 totis
955 831 995 861 te-

252 883 386 916 noribus
408 882 573 926 specialis,
599 882 767 926 specifica,
793 892 940 926 expressa
966 886 995 914 et

253 935 434 976 individua,
459 945 522 968 non
548 940 650 968 autem
678 945 734 978 per
760 935 915 968 clausulas
940 945 995 977 ge-

254 989 377 1022 nerales
415 989 495 1021 idem
533 989 738 1032 importantes
753 1015 760 1028 ,
798 988 915 1020 mentio
941 998 995 1019 seu

254 1042 383 1086 quaevis
408 1042 468 1074 alia
493 1042 646 1085 exquisita
672 1042 773 1073 forma
798 1041 835 1073 ad
857 1041 917 1073 hoc
935 1051 997 1073 ser-

254 1095 355 1128 vanda
379 1096 468 1136 soret,
493 1101 620 1128 tenores
646 1094 837 1136 huiusmodi,
863 1105 898 1126 ac
916 1094 940 1127 si
959 1094 996 1126 dc

255 1149 351 1181 verbo
376 1148 414 1181 ad
439 1148 569 1181 verbum
587 1148 664 1180 nihil
689 1148 812 1191 penitus
833 1147 950 1180 omisso
968 1152 997 1179 et

255 1202 357 1235 forma
370 1202 402 1234 in
427 1202 487 1234 illis
513 1202 626 1234 tradita
653 1202 819 1234 observata
845 1201 998 1244 exprime-

256 1260 366 1290 rentur
386 1261 416 1288 et
436 1256 671 1295 insererentur,
696 1254 915 1298 praesentibus
940 1265 997 1297 pro

256 1310 348 1353 plene
372 1315 402 1342 et
425 1309 617 1342 sufficienter
642 1308 798 1352 expressis
818 1314 848 1341 et
873 1308 998 1341 insertis

256 1363 418 1404 habentes,
433 1363 493 1395 illis
508 1363 583 1395 alias
598 1363 628 1395 in
643 1373 699 1396 suo
714 1362 828 1395 robore
850 1372 998 1406 perman-

258 1417 351 1457 suris
372 1417 410 1450 ad
427 1417 674 1460 praemissorum
690 1416 846 1456 effectum,
860 1416 917 1448 Iiac
932 1415 999 1448 vice

258 1470 429 1512 dumtaxat,
456 1470 634 1513 specialiter
659 1475 688 1502 et
709 1479 854 1512 expresse
871 1468 1000 1511 deroga-

260 1534 345 1563 mus,
360 1523 535 1567 ceterisque
552 1523 718 1556 contrariis
738 1522 998 1566 quibuscumque.

305 1577 320 1620 §t
342 1577 370 1610 5.
397 1577 548 1609 Volumus
573 1582 676 1609 autem
706 1581 749 1616 ut,
778 1575 881 1608 statim
908 1580 1000 1618 atquc

259 1630 398 1674 praefata
423 1641 546 1662 summa
571 1630 706 1663 conssata
726 1629 830 1669 suerit,
848 1638 1001 1672 personae

261 1683 489 1717 ecclesiasticae
524 1683 608 1716 illico
644 1684 683 1716 ab
716 1682 858 1716 ulteriori
885 1682 1002 1715 contri-

259 1737 390 1770 butione
414 1742 444 1770 et
468 1737 622 1771 solutione
648 1737 789 1779 gabellae
820 1735 1001 1768 huiusmodi

261 1796 383 1824 cessent
408 1795 437 1824 et
457 1791 642 1832 abstineant,
661 1800 763 1833 neque
779 1789 817 1822 ab
840 1789 901 1821 illis
920 1789 1004 1832 quic-

262 1854 356 1888 quam
382 1844 516 1888 amplius
541 1843 623 1886 exigi
649 1844 757 1887 possit,
775 1843 833 1875 sub
853 1843 962 1886 poenis
987 1852 1004 1874 a

263 1897 360 1930 sacris
385 1897 557 1930 canonibus
579 1901 608 1929 et
629 1888 916 1930 constitutionibus
932 1905 1004 1938 apo-

263 1950 383 1984 stolicis
403 1950 434 1982 in
451 1950 644 1984 eontrarium
670 1949 854 1983 facientibus
881 1949 1005 1981 inssictis

265 2013 301 2037 eo
326 2003 393 2047 ipso
418 2003 536 2048 absque
568 2003 627 2036 alia
659 2003 870 2036 declaratione
901 2002 1006 2035 incur-

265 2056 380 2090 rendis.

309 2111 420 2144 Datum
439 2112 574 2151 Romae,
603 2110 686 2155 apud
711 2111 740 2143 S.
765 2110 894 2143 Mariam
913 2109 1008 2142 Maio-

265 2175 344 2206 rem,
370 2165 427 2198 sub
451 2166 567 2198 annulo
591 2165 769 2205 Piscatoris,
794 2164 843 2197 die
859 2173 938 2197 xvm
956 2173 1008 2195 au-

266 2218 349 2260 gusti
369 2228 497 2259 uncmu,
521 2218 721 2262 pontificatus
738 2218 836 2251 nostri
855 2227 936 2250 anno
954 2225 1007 2249 vn.

303 2280 360 2308 Dat.
379 2280 424 2308 die
441 2282 472 2309 18
486 2280 595 2316 augusti
612 2281 690 2313 1661,
706 2280 804 2316 pontif.
816 2288 887 2307 anno
902 2286 948 2306 vu.

571 2406 714 2441 CCCLIII.

269 2485 484 2532 Praeceptum
497 2486 718 2531 superioribus
728 2486 916 2529 provinciae
930 2486 1011 2518 Bra-

314 2541 457 2574 siliensis
471 2539 605 2574 Ordinis
614 2539 780 2573 Minornm
792 2540 898 2573 sancti
907 2539 1011 2573 Fran-

315 2593 391 2626 cisci
415 2593 452 2626 de
478 2593 698 2633 observantia,
720 2593 778 2626 snb
799 2593 912 2636 poenis
940 2582 1031 2635 pri-1

1671 179 1735 213 707

1066 241 1207 274 rationis
1232 240 1408 284 utriusque
1429 239 1512 273 vocis
1537 243 1566 271 et
1590 238 1768 282 officiorum

1067 305 1103 327 ac
1125 299 1300 338 perpetuae
1326 293 1551 327 inhabilitatis
1575 290 1632 325 ab'
1654 291 1765 325 ecidem

1068 348 1136 391 ipso
1150 348 1233 390 farto
1251 347 1468 387 incurrendis,
1481 351 1512 379 ut
1522 346 1766 390 processionem,

1069 401 1153 443 serici
1177 401 1299 444 qnartti.
1326 401 1480 434 Cinernm
1500 401 1676 442 quotannis
1696 397 1769 440 fieri

1070 454 1202 487 solitam
1227 466 1246 487 α
1274 454 1433 486 tertiarie's
1459 452 1659 486 secularibus
1687 452 1770 484 eius-

1071 507 1143 540 dem
1168 507 1274 540 sancti
1297 507 1328 539 F
1329 506 1469 539 rancz'sci
1489 507 1524 538 in
1550 505 1699 538 Brasilt'a
1718 504 1771 537 cle-

1070 561 1229 605 pentibus,
1242 553 1300 604 per
1313 564 1485 593 conventus
1497 560 1608 602 Bayae
1620 558 1771 592 Omnium

1071 615 1276 652 Sanctorum,
1290 614 1372 646 sicut
1390 617 1497 652 antea,
1515 611 1772 645 conventualiter

1072 672 1099 700 et
1120 678 1193 700 cum
1213 667 1308 700 solini
1327 677 1418 699 cruce
1434 666 1593 699 associare
1611 663 1766 708 faciens*¹

1223 758 1389 784 Alexander
1415 757 1494 789 Papa
1513 755 1576 788 v11,

1171 802 1207 829 ad
1227 802 1359 829 futuram
1378 801 1424 828 rei
1443 801 1624 828 memoriam.

1075 883 1089 926 ἓ
1113 882 1142 914 ’1.
1160 881 1248 922 Cum,
1270 881 1350 914 sicut
1370 880 1475 913 dilecti
1494 879 1548 911 filii
1566 878 1711 911 Tertiarii
1730 888 1774 910 se-

1031 936 1154 968 culares
1179 935 1304 968 Ordinis
1330 934 1427 967 saneti
1454 933 1612 966 Francisci
1640 932 1669 964 in
1690 932 1770 964 Bra-

1031 989 1099 1021 silia
1124 988 1273 1031 degentes
1310 987 1401 1020 nobis
1425 997 1526 1030 nuper
1551 985 1665 1029 exponi
1691 986 1772 1017 secc-

1031 1048 1122 1083 runt,
1147 1043 1251 1075 dilecti
1278 1042 1371 1074 etiam
1398 1041 1452 1073 [ilii
1479 1040 1622 1073 minister
1646 1039 1772 1083 provm-

1031 1096 1135 1136 cialis,
1161 1096 1276 1139 aliique
1309 1095 1490 1139 superiores
1515 1100 1545 1126 et
1569 1094 1681 1127 fratres
1705 1103 1775 1136 pro-

1033 1149 1153 1182 vineIae
1164 1149 1359 1181 Brasiliensis
1370 1148 1495 1181 Ordinis
1505 1147 1660 1180 Miflorum
1676 1146 1774 1179 sancti

1032 1203 1189 1235 Francisei
1214 1202 1344 1245 praefati
1369 1201 1406 1234 de
1431 1200 1634 1234 Observantia
1659 1210 1777 1232 nuncu-

1032 1262 1191 1301 patorum,
1216 1267 1278 1289 non
1305 1255 1488 1300 permittant
1513 1261 1546 1288 ut
1570 1255 1685 1287 fratres
1706 1264 1776 1287 con-

1033 1315 1143 1342 ventus
1155 1310 1256 1353 ssayae
1269 1309 1416 1342 Omnium
1431 1309 1618 1342 Sanctorum
1633 1308 1773 1340 ciusdem

1034 1363 1214 1407 provinciae
1239 1363 1475 1406 processionem
1501 1362 1578 1394 feria
1599 1363 1711 1404 quarta
1729 1360 1778 1394 Ci-

1033 1427 1145 1449 nerum
1176 1427 1193 1448 a
1228 1416 1376 1460 praefatis
1411 1415 1573 1448 Tertiariis
1610 1413 1778 1457 quotannis

1034 1469 1103 1502 fieri
1129 1469 1251 1502 solitam
1266 1469 1422 1502 associare
1444 1469 1575 1512 possint,
1589 1468 1669 1500 sicut
1688 1472 1778 1499 antea

1035 1534 1070 1556 ex
1085 1523 1233 1555 laudabili
1248 1523 1389 1555 Instituto
1402 1521 1561 1565 quondam
1580 1519 1779 1553 Pantaleonis

1034 1576 1189 1620 Baptistae
1218 1575 1292 1608 dum
1315 1575 1391 1607 vixit
1417 1574 1551 1607 ministri
1577 1573 1779 1617 provincialis

1036 1629 1136 1661 dietae
1155 1629 1338 1673 provinciae
1357 1628 1460 1661 facere
1478 1627 1635 1666 solebant,
1656 1626 1685 1659 id
1704 1637 1779 1659 vero

1037 1683 1067 1714 in
1092 1682 1188 1715 divini
1214 1682 1315 1714 cultus
1336 1681 1559 1714 detrimentum
1582 1680 1704 1721 cedere,
1723 1680 1780 1712 sra-

1018 1743 1221 1779 ¹tertiamque
1246 1735 1327 1769 inter
1352 1734 1479 1768 eosdem
1505 1734 1616 1766 fratres
1642 1733 1778 1766 Minores

1038 1796 1067 1822 et
1091 1789 1261 1822 'l‘ertiarios
1286 1788 1472 1822 charitatem
1494 1787 1619 1820 laedere
1644 1792 1696 1819 aut
1726 1786 1780 1819 mi-

1038 1854 1135 1877 nuere
1148 1844 1258 1883 valcat,
1273 1843 1365 1876 nobis
1380 1847 1550 1886 propterca
1563 1841 1621 1885 ipsi
1635 1840 1780 1873 Tertiarii

1039 1897 1202 1930 humiliter
1222 1895 1393 1940 supplicari
1418 1896 1581 1937 fecerunt,
1607 1900 1639 1928 ut
1665 1894 1723 1927 sibi
1750 1894 1781 1926 in

1039 1950 1219 1995 praemissis
1233 1954 1413 1993 opportune
1426 1948 1593 1992 providere
1607 1953 1636 1981 et
1650 1953 1683 1980 ut
1700 1947 1782 1980 infra

1041 2005 1204 2047 indulgere
1224 2003 1263 2037 de
1276 2003 1470 2047 benignitate
1483 2003 1656 2047 apostolica
1676 2001 1783 2045 digna-

1041 2068 1158 2091 remur.

1087 2112 1101 2155 ξ
1125 2111 1154 2144 2.
1192 2112 1254 2145 Nos
1280 2110 1385 2153 igitur,
1410 2109 1564 2154 spirituali
1597 2109 1783 2143 corumdem

1041 2165 1268 2198 Tertiariorum
1294 2164 1501 2197 consolationi
1532 2169 1684 2207 quantum
1712 2174 1783 2196 cum

1044 2219 1175 2252 Domino
1200 2228 1368 2262 possumus
1393 2217 1528 2260 benigne
1553 2217 1718 2250 consulere
1736 2227 1785 2250 vo-

1043 2273 1152 2313 lentes,
1178 2277 1207 2304 et
1240 2282 1350 2305 eorum
1385 2271 1560 2314 singulares
1593 2281 1744 2314 personas
1768 2281 1786 2303 a

1044 2325 1206 2370 quibusvis
1216 2324 1560 2364 excommunicationis,
1571 2324 1786 2367 suspensionis

1045 2382 1074 2412 et
1098 2377 1277 2420 interdicti,
1307 2377 1439 2420 aliisque
1472 2377 1691 2410 ecclesiasticis
1716 2387 1786 2409 sen-

1045 2432 1158 2471 tentiis,
1184 2431 1325 2464 censuris
1346 2436 1375 2463 et
1400 2430 1518 2474 poenis,
1545 2440 1562 2463 a
1587 2431 1655 2463 iure
1680 2430 1727 2463 vel
1749 2430 1787 2462 ab

1044 2485 1182 2526 homine,
1207 2484 1315 2528 quavis
1340 2484 1505 2517 occasione
1520 2483 1568 2516 vel
1593 2485 1687 2516 causa
1708 2484 1788 2523 latis,

1082 2557 1092 2582 1
1116 2555 1182 2582 Male
1198 2555 1262 2582 edit.
1279 2554 1357 2582 Main.
1375 2554 1439 2590 legit
1453 2554 1492 2580 ad
1508 2554 1608 2580 eadem
1624 2556 1659 2586 (R.
1672 2554 1719 2588 Τ.).

1079 2600 1096 2626 ⁴2
1112 2599 1148 2626 Ex
1164 2599 1271 2635 Regest.
1288 2600 1314 2626 in
1330 2599 1430 2626 Secret.
1448 2598 1524 2626 Brev.

1782 188 1832 215 An.
1849 187 1879 215 C.
1897 186 1960 216 1661

1815 892 1959 918 Supplicatio.

1822 2117 1954 2142 Praecipitur
1963 2116 1985 2137 ul

1799 2144 1819 2164 iu
1835 2144 1928 2164 rubrica.
