2243 3205
275 221 323 248 An.
341 222 370 249 c.
388 222 454 251 1657
501 215 565 248 3⁶20

472 272 572 305 iudaei
588 273 698 316 privati
717 274 843 315 habere,
862 281 901 315 et,
918 276 1043 319 quando
1060 277 1098 309 ad
1115 276 1208 311 fidem

471 325 672 358 christianam
699 333 946 369 convertuntur,
980 329 1115 363 retinere
1140 341 1209 374 pos-

472 383 562 418 sunt,
581 383 610 410 et
634 379 721 411 cuius
745 380 860 413 utilitas
886 381 915 414 in
940 382 1123 415 earumdem
1149 383 1207 416 (lo-

471 441 594 464 morum
621 432 795 476 locatione,
826 445 879 467 seu
906 435 935 467 in
961 445 997 468 eo
1031 435 1113 479 quod
1140 435 1211 469 illac

471 485 588 517 locatae
617 485 677 517 sint
695 486 846 528 consistit,
868 494 1047 532 competere
1076 489 1210 533 reperia-

472 544 538 578 tur,
554 537 626 570 dicti
644 538 754 582 iudaei,
770 550 823 573 seu
837 551 945 574 eorum
962 542 1112 585 aliqui,ut
1129 542 1211 586 ipsos

470 591 644 636 neophytos
662 598 691 625 et
712 593 954 628 cathecumenos
978 606 1035 638 pro
1061 605 1210 639 perverso

470 655 526 677 suo
552 655 626 688 erga
652 656 704 679 eos
729 646 801 680 odio
825 647 964 680 eiusdem
987 648 1063 681 iuris
1088 648 1126 681 cle
1148 658 1206 691 {Ja-

471 697 550 741 :ayci
571 699 737 733 commodo
762 705 793 733 et
816 701 948 735 utilitate
972 701 1127 742 fraudent,
1148 711 1210 735 non

471 751 571 784 solum
591 752 701 786 domos
726 754 902 798 praedictas
927 755 1103 789 conducere
1123 766 1210 788 recu-

469 810 554 846 sant,
577 806 630 838 sed
656 806 748 840 ctiam
773 818 830 851 per
856 808 961 843 tacitas
987 809 1209 842 conventiones

469 868 540 891 cum
566 860 678 893 ceteris
704 861 733 894 id
758 867 863 905 agunt,
885 868 918 895 ut
944 862 1071 896 eaedem
1097 863 1209 896 domus

469 912 660 947 conductore
685 924 800 948 vacuae
826 921 1024 956 remaneant,
1049 915 1106 949 hac
1130 915 1209 949 scili-

469 969 517 997 cet
533 965 625 998 etiam
643 966 751 999 fraude
765 967 842 1001 alios
859 968 897 1001 ab
915 968 1131 1012 amplectenda
1146 968 1208 1001 fide

469 1017 638 1051 christiana
658 1020 819 1053 retrahere
835 1024 1019 1064 satagentes.
1039 1021 1208 1065 Propterea

467 1080 535 1110 nos,
549 1071 780 1116 neophytorum
799 1078 827 1106 et
845 1074 1143 1107 cathecumenorum
1162 1074 1207 1107 in-

467 1122 628 1156 demnitati
653 1125 829 1168 providere,
848 1126 1096 1171 iudaeorumque
1116 1137 1207 1171 prae-

467 1176 624 1210 dictorum
650 1178 799 1212 malitiam
837 1180 1006 1213 retundere
1042 1180 1204 1223 volentes,

468 1234 554 1262 motu
572 1230 713 1274 proprio,
731 1241 766 1264 ac
783 1241 819 1264 ex
838 1234 924 1265 certa
941 1232 1069 1265 scientia
1088 1234 1204 1275 nostra,

467 1283 567 1327 deque
592 1285 781 1328 apostolicae
806 1281 968 1329 potestatis
993 1285 1204 1330 plenitudine,

468 1337 701 1371 universitatem
737 1338 922 1373 iudaeorum
948 1340 979 1372 in
1006 1339 1088 1373 Urbe
1112 1350 1205 1373 com—

467 1391 657 1424 morantium
681 1391 799 1425 iudaeis
820 1393 857 1425 ad
882 1393 976 1426 fidem
1004 1392 1204 1426 christianam

466 1454 550 1478 nune
570 1450 599 1478 et
616 1455 675 1489 pro
692 1450 834 1490 ternpore
852 1446 1114 1490 quandocumque
1131 1457 1205 1480 con-

467 1498 574 1540 versis,
590 1503 649 1532 tam
665 1499 838 1544 neophytis,
852 1511 945 1544 quam
963 1500 1205 1541 cathecumenis

466 1552 514 1585 ius
533 1552 734 1596 inquilinatus
751 1564 805 1586 seu
820 1554 857 1587 de
873 1554 999 1598 qazayci
1014 1554 1205 1595 huiusmodi,

466 1605 550 1649 quod
575 1606 633 1650 ipsi
658 1606 806 1651 neophyti
830 1618 885 1640 seu
910 1607 1126 1641 cathecumeni
1149 1607 1205 1640 ha-

465 1659 548 1702 bent,
575 1670 629 1693 seu
653 1671 711 1704 pro
737 1665 879 1705 tempore
902 1661 1080 1704 habuerint,
1110 1671 1206 1706 super

466 1713 612 1746 domibus
630 1713 711 1746 intra
729 1719 813 1758 septa
831 1714 930 1758 ghetti
948 1714 1119 1759 supradicti
1136 1724 1206 1747 con-

466 1767 655 1808 sistentibus,
682 1768 804 1801 solvcre
835 1768 952 1810 teneri,
974 1772 1003 1802 et
1035 1768 1204 1811 obligatam

466 1819 599 1853 existere
615 1847 623 1861 ,
655 1820 746 1854 toties
778 1820 920 1864 quoties,
946 1821 1096 1864 quamdiu
1120 1821 1206 1864 ipsae

465 1873 577 1907 domus
596 1884 658 1907 non
677 1880 767 1907 erunt
787 1875 915 1917 locatae,
934 1879 1027 1918 atque
1044 1874 1081 1907 ad
1102 1874 1132 1907 id
1149 1885 1205 1918 op-

465 1928 609 1972 portunis
630 1928 706 1961 iuris
724 1934 752 1961 et
771 1928 840 1961 sacti
859 1928 1007 1961 remediis
1024 1928 1205 1969 summarie,

466 1981 648 2025 simpliciter
666 1986 696 2014 et
711 1981 749 2014 de
766 1982 869 2025 plano,
883 1981 949 2015 sine
966 1981 1069 2025 figura
1082 1987 1111 2015 et
1127 1987 1205 2015 stre-

466 2034 533 2078 pitu
558 2034 675 2074 iudicii,
700 2045 736 2067 ac
760 2035 826 2067 sola
851 2034 922 2067 sacti
947 2034 1076 2068 veritate
1101 2035 1203 2078 inspe-

467 2089 525 2130 cta,
544 2088 629 2120 omni
653 2093 683 2120 et
707 2098 905 2131 quacumque
929 2088 1140 2132 appellatione
1159 2098 1205 2121 re-

467 2142 560 2183 mota,
587 2140 656 2184 cogi
682 2145 712 2173 ct
735 2141 882 2185 compelli
907 2151 999 2185 posse
1024 2146 1054 2174 et
1078 2141 1203 2184 debere,

466 2198 574 2228 tenore
599 2193 813 2238 praesentium
838 2200 991 2238 perpetuo
1016 2194 1203 2235 statuimus,

465 2249 608 2282 volumus
633 2252 662 2282 et
688 2248 882 2281 mandamus.

510 2302 578 2346 {3-
603 2302 811 2335 Decernentes
847 2307 1027 2346 praesentes
1062 2302 1202 2344 litteras,

466 2355 558 2389 etiam
592 2365 627 2388 ex
659 2365 696 2388 eo
728 2355 813 2399 quod
846 2355 997 2398 praedicti
1030 2355 1131 2388 iudaei
1165 2355 1203 2398 ad

466 2408 638 2453 praemissa
663 2408 757 2449 citati,
775 2408 874 2441 vocati
897 2413 926 2441 et
943 2408 1039 2441 auditi
1056 2418 1119 2442 non
1136 2408 1203 2442 sue-

466 2462 538 2503 rint,
560 2467 589 2495 et
614 2462 675 2494 illis
699 2471 761 2495 non
786 2462 1010 2502 consenserint,
1035 2462 1073 2494 de
1097 2461 1204 2495 subre-

1050 228 1227 254 BULLARIUM
1253 230 1405 255 ROMANUM

1243 278 1349 312 colore
1362 282 1391 312 ct
1401 284 1574 323 praetextu,
1589 281 1682 314 etiam
1697 283 1834 316 enormis
1848 288 1877 316 et
1895 292 1982 317 enor-

1244 331 1401 364 missimac
1422 332 1578 375 laesionis,
1596 333 1660 366 ullo
1677 344 1816 378 unquam
1838 339 1980 379 tempore

1243 384 1355 426 notari,
1374 384 1562 428 impugnari,
1579 386 1724 427 rescindi,
1742 389 1916 429 retractari,
1930 395 1982 422 aut

1244 436 1282 469 ad
1307 436 1387 469 viam
1414 443 1443 470 et
1468 438 1620 472 terminos
1644 439 1721 473 iuris
1746 441 1898 481 revocari,
1927 452 1982 474 seu

1244 489 1394 523 adversus
1419 490 1487 523 illas
1512 492 1693 535 apel-itionis
1718 493 1790 535 oris,
1816 493 1983 527 restitutio-

1244 542 1291 575 nis
1318 542 1347 575 in
1374 542 1554 587 integrum,
1572 545 1619 578 vel
1644 545 1776 588 quodvis
1800 546 1884 579 aliud
1905 546 1981 581 iuris

1245 599 1274 626 et
1298 594 1368 628 sacti
1393 596 1567 629 remedium
1594 597 1777 641 impetrari,
1805 608 1860 631 seu
1888 598 1981 632 etiam

1244 652 1330 681 motu
1356 648 1448 681 simili
1474 659 1622 683 concesso
1639 661 1829 695 quemquam
1856 651 1886 684 in
1906 652 1982 685 iudi-

1244 700 1292 733 cio
1317 705 1347 734 et
1371 707 1457 735 extra
1482 702 1557 736 illud
1583 703 1627 736 uti
1652 703 1781 737 minime
1800 714 1909 748 posse,
1927 705 1981 738 sed

1243 754 1310 787 illas
1335 764 1459 799 semper
1483 755 1613 798 firmas,
1645 756 1762 790 validas
1786 762 1816 790 et
1839 757 1980 791 efficaces

1243 807 1376 840 existere
1401 812 1431 840 et
1452 808 1532 852 fore,
1553 819 1588 842 ac
1612 809 1682 851 illis,
1698 810 1735 843 ad
1756 820 1834 854 quos
1861 815 1981 854 spectat

1243 864 1273 893 et
1296 870 1354 904 pro
1379 865 1521 905 tempore
1546 863 1707 906 spectabit,
1724 862 1906 907 plenissime
1921 863 1981 896 sus-

1242 913 1379 957 sragari,
1397 914 1503 959 sicque
1521 920 1550 948 et
1574 925 1637 949 non
1662 916 1752 949 aliter
1777 916 1807 949 in
1831 916 1981 960 praemis-

1242 966 1301 1007 sis,
1330 977 1388 1011 per
1413 978 1629 1013 quoscumque
1662 968 1780 1003 iudices
1803 968 1980 1003 ordinarios

1242 1024 1271 1052 et
1295 1019 1463 1064 delegatos,
1482 1021 1574 1054 etiam
1594 1033 1759 1056 causarum
1784 1022 1891 1066 palatii
1907 1033 1980 1066 apo-

1241 1073 1342 1106 stolici
1367 1073 1536 1115 auditores,
1553 1085 1589 1108 ac
1606 1080 1729 1108 sanctae
1749 1075 1906 1108 Romanae
1922 1075 1979 1109 Ec-

1241 1125 1354 1159 clesiae
1375 1126 1558 1168 cardinales,
1575 1127 1666 1161 etiam
1682 1127 1719 1160 de
1735 1127 1832 1161 latere
1849 1128 1978 1171 legatos,

1240 1179 1361 1212 sublata
1386 1179 1430 1212 eis
1455 1184 1484 1214 et
1508 1191 1616 1214 eorum
1639 1180 1768 1214 cuilibet
1796 1181 1903 1225 quavis
1922 1181 1978 1214 ali-

1240 1237 1286 1266 ter
1317 1232 1474 1266 iudicandi
1507 1239 1537 1266 et
1572 1233 1797 1277 interpetrandi
1835 1233 1979 1267 facultate

1240 1291 1269 1319 et
1293 1286 1488 1328 auctoritate,
1506 1285 1638 1320 iudicari
1656 1292 1686 1320 et
1705 1286 1827 1320 definiri
1852 1286 1978 1329 debere,

1239 1349 1275 1372 ae
1299 1339 1423 1373 irritum
1448 1345 1477 1373 et
1502 1340 1614 1383 inane,
1640 1340 1664 1372 si
1689 1350 1779 1373 secus
1810 1350 1905 1384 snper
1928 1340 1978 1374 his

1239 1404 1256 1426 a
1276 1403 1452 1437 quoquam,
1477 1394 1586 1437 quavis
1610 1394 1815 1437 auctoritate,
1845 1394 1978 1427 scienter

1239 1447 1286 1480 vel
1312 1447 1504 1490 ignoranter,
1530 1448 1698 1491 contigerit
1722 1447 1878 1482 attentari.

1283 1500 1339 1544 §lc
1354 1502 1422 1535 Non
1438 1500 1646 1543 obstantibus,
1664 1506 1817 1546 quatenus
1833 1511 1912 1545 opus
1929 1501 1978 1543 sit,

1239 1556 1346 1587 nostra
1371 1559 1400 1586 et
1425 1555 1628 1588 cancellariae
1653 1555 1844 1599 apostolicae
1868 1555 1978 1598 regula

1239 1606 1277 1640 de
1300 1617 1363 1640 non
1397 1607 1533 1641 tollendo
1570 1608 1638 1641 iure
1669 1608 1832 1652 quaesito,
1857 1613 1887 1641 et
1910 1607 1979 1641 aliis

1240 1660 1513 1694 constitutionibus
1538 1667 1567 1695 et
1584 1662 1835 1695 ordinationibus
1859 1667 1979 1706 aposto-

1239 1714 1316 1756 licis,
1334 1724 1456 1748 necnon
1481 1715 1653 1758 quibusvis,
1674 1715 1764 1749 etiam
1790 1715 1978 1756 iuramento,

1239 1768 1479 1801 confirmatione
1496 1768 1677 1812 apostolica,
1694 1768 1739 1801 vel
1759 1768 1867 1812 quavis
1882 1768 1979 1802 firmi-

1239 1825 1300 1853 tate
1325 1821 1385 1854 alia
1406 1820 1583 1862 roboratis,
1609 1821 1732 1855 statutis
1758 1826 1787 1854 ct
1811 1827 1977 1855 consuetu-

1239 1873 1384 1916 dinibus,
1408 1874 1581 1918 privilcgiis
1616 1884 1762 1918 quoque,
1797 1874 1924 1908 indultis
1948 1880 1978 1908 et

1239 1926 1350 1960 litteris
1381 1927 1582 1971 apostolicis,
1607 1928 1637 1960 in
1663 1927 1855 1961 contrarium
1879 1939 1974 1972 prae-

1239 1981 1408 2014 missorum
1427 1981 1663 2024 quomodolibet
1681 1982 1846 2024 concessis,
1867 1982 1977 2015 confir-

1239 2033 1329 2066 matis
1349 2037 1378 2067 et
1398 2034 1567 2074 innovatis,
1584 2034 1697 2078 quibus
1711 2034 1858 2068 omnibus
1871 2040 1901 2068 et
1914 2035 1976 2069 sin-

1238 2086 1341 2130 gulis,
1366 2086 1493 2120 illorum
1519 2092 1643 2120 tenores
1673 2087 1891 2132 praesentibus
1918 2099 1976 2132 pro

1237 2141 1328 2184 plene
1342 2145 1372 2172 ct
1395 2140 1585 2173 sufficienter
1600 2140 1756 2184 expressis
1773 2151 1808 2174 ac
1825 2140 1863 2173 de
1880 2141 1976 2174 verbo

1238 2194 1275 2226 ad
1292 2193 1423 2227 verbum
1446 2194 1570 2227 insertis
1594 2195 1753 2236 habentes,
1772 2194 1832 2227 illis
1852 2194 1927 2228 alias
1943 2195 1976 2227 in

1238 2258 1294 2280 suo
1326 2247 1441 2281 robore
1465 2247 1700 2291 permansuris,
1726 2247 1763 2280 ad
1788 2248 1976 2292 praemisso-

1238 2311 1308 2334 rum
1327 2300 1482 2341 essectum,
1507 2300 1565 2334 hac
1586 2301 1651 2334 vice
1669 2300 1839 2342 dumtaxat,
1857 2301 1975 2346 specia-

1238 2353 1308 2386 liter
1342 2359 1372 2386 et
1396 2363 1543 2398 expresse
1567 2354 1775 2397 derogamus3
1801 2354 1976 2398 ceterisque

1237 2406 1402 2439 contrariis
1426 2406 1686 2451 quibuscumque.

1281 2460 1391 2493 Datum
1417 2461 1550 2501 Romae,
1575 2460 1658 2504 apud
1682 2460 1711 2494 S.
1733 2460 1860 2493 Mariam
1885 2460 1976 2495 Maio-

465 2515 580 2560 ptionis
597 2516 643 2548 vel
662 2515 856 2560 obreptionis
880 2525 934 2548 seu
952 2515 1101 2550 nullitatis
1118 2515 1203 2557 vitio,
1219 2548 1221 2557 ,
1237 2524 1314 2555 rem,
1331 2514 1388 2546 sub
1405 2514 1521 2547 annulo
1549 2513 1725 2554 piscatoris,
1743 2514 1792 2547 die
1816 2524 1825 2547 1
1852 2514 1975 2548 decem-

467 2574 519 2601 aut
543 2568 723 2601 intentionis
747 2573 871 2602 nostrae
896 2568 945 2602 vel
971 2569 1031 2602 alio
1056 2579 1203 2612 quocum·
1236 2568 1301 2601 bris
1318 2578 1457 2609 limavit,
1474 2567 1675 2612 pontificatus
1696 2568 1795 2601 nostri
1824 2577 1905 2601 anno
1930 2577 1972 2602 111.

468 2632 528 2667 quc
553 2621 685 2662 defectu,
709 2626 761 2656 aut
785 2633 820 2655 cx
846 2622 984 2666 qualibet
1008 2622 1068 2655 alia
1093 2624 1202 2665 causa,

1271 2631 1328 2658 Dat.
1346 2630 1390 2658 die
1407 2631 1418 2658 1
1437 2630 1589 2659 decembris
1605 2630 1683 2665 1657,
1699 2630 1798 2665 pontif.
1814 2637 1885 2658 anno
1900 2636 1941 2658 111.

2171 0 2212 46 Ἰή-

1999 235 2048 263 An.
2064 236 2092 264 C.
2115 238 2178 268 ¹657

1994 1514 2103 1536 Contraria
2113 1515 2171 1536 tottiv.

2221 226 2243 262 2:
