2185 3188
59 204 110 232 An.
128 205 157 232 C.
179 204 246 233 1655

93 2191 235 2218 Supplicatio.

856 204 1042 228 ALEXANDER
1067 204 1112 227 vn
1136 205 1184 228 PP.

259 253 417 287 Romanae
441 253 600 287 Ecclesiae
624 252 832 287 cardinalium
860 253 1002 295 negociis

259 312 289 340 et
312 307 594 341 consultationibus
619 308 839 351 episcoporum
863 310 891 340 et
910 317 1001 349 regu-

258 361 371 395 larium
389 362 568 405 praeposita
581 361 742 394 decretum
760 360 876 394 tenoris
890 361 942 403 qui
958 371 1002 392 se-

259 415 376 459 quitur,
401 415 563 448 videlicet:
590 428 603 447 τι
621 414 892 458 Conquerentibus
913 424 1002 458 supe-

258 469 397 502 rioribus
417 469 642 502 nonnullorum
661 467 812 502 Ordinum
827 467 1001 500 Mendican-

259 522 337 554 tium
358 523 561 566 quamplures
585 533 621 555 ex
646 532 757 555 eorum
782 520 914 554 subditis
944 521 1001 553 sub

259 581 422 619 praetextu
446 575 681 609 consuetudinis
705 585 760 607 seu
780 573 1001 624 privilegii³ad

258 629 462 663 Carthusiana
485 629 637 663 coenobia
661 628 804 670 transire,
828 628 934 672 ibique
951 627 1002 660 ha-

259 683 358 716 bitum
384 683 589 716 monasticum
615 692 793 722 assumere,
818 682 894 725 ipsis
920 682 1000 714 insa-

259 736 376 777 lutatis,
400 741 430 769 et
449 736 575 769 licentia
591 741 621 768 et
638 735 857 768 benedictione
872 735 1001 768 minime

259 791 368 834 petita,
393 801 464 823 cum
490 789 626 822 maximo
648 789 844 823 obedientiae
865 795 1002 822 contem-

259 849 325 888 ptu,
342 849 371 876 et
388 841 597 887 quamquam¹
619 843 712 876 etiam
738 843 928 876 detrimento
955 843 1001 875 iu-

260 897 378 937 stitiae,
403 907 473 930 cum
500 907 535 930 ex
562 897 606 930 eis
630 896 772 930 nonnulli
802 897 1002 940 reperiantur

260 949 359 984 vanis²
372 950 556 984 criminibus
570 950 677 990 notati,
692 960 780 983 sacra
797 950 1002 993 congregatio

260 1004 579 1037 eminentissimorum
604 1009 729 1037 sanctae
760 1005 919 1037 Romanae
945 1005 1002 1037 Ec·

260 1057 373 1090 elesiae
396 1057 602 1090 cardinalium
628 1057 763 1100 negotiis
788 1063 819 1090 ct
842 1058 1001 1091 consulta-

261 1110 399 1144 tionibus
417 1111 641 1154 episeoporum
659 1116 689 1143 et
705 1111 899 1154 regularium
914 1122 1003 1155 prac-

259 1164 380 1208 posita,
405 1164 511 1197 audito
534 1164 734 1208 procuratori
757 1165 896 1208 generali
922 1165 1000 1198 Car-

260 1217 488 1260 tliusianorum‚
514 1218 637 1252 censuit
663 1217 911 1251 lllendicantibus
936 1219 1002 1262 qui-

260 1271 330 1305 dem
354 1272 474 1305 licitum
501 1282 568 1305 esse
598 1272 733 1305 transire
761 1272 799 1305 ad
831 1272 1002 1306 monachos

260 1325 492 1367 Cautius-tanos,
517 1325 560 1359 uti
574 1331 722 1370 exceptos
741 1326 770 1358 in
789 1326 1002 1369 extravaganti

262 1378 403 1419 Martini,
428 1389 507 1422 quae
528 1378 653 1422 incipit:
682 1379 776 1412 Viam
801 1380 1002 1420 ambitiosae,

262 1431 300 1464 de
323 1431 543 1475 reqularibus,
560 1442 623 1465 non
637 1437 739 1465 tamen
754 1443 811 1476 per
825 1444 892 1465 eam
908 1433 1004 1466 fuisse

264 1490 438 1517 correctam
464 1485 698 1528 dispositionem
724 1491 826 1519 textus
848 1487 877 1518 in
904 1487 1004 1530 capite

263 1538 449 1571 Statuimus
477 1534 583 1579 19‚‘9,
608 1537 646 1579 3,
677 1544 706 1571 et
731 1539 830 1582 capite
854 1540 942 1573 Licet
967 1540 1004 1573 de

264 1591 482 1634 regularibus;
516 1591 658 1636 quinimo
689 1592 796 1625 eadem
823 1603 910 1625 sacra
935 1604 1006 1626 con-

263 1645 406 1687 gregatio
426 1644 564 1678 declarat
588 1651 618 1678 et
642 1646 796 1690 praecipit
825 1646 865 1679 ita
883 1657 1005 1679 servan

263 1698 337 1731 dum
362 1709 447 1741 esse,
473 1704 506 1731 ut
536 1709 661 1742 semper
686 1706 837 1743 appareat
868 1707 897 1732 et
929 1711 1004 1734 con-

263 1757 322 1785 stet
345 1751 384 1785 de
407 1752 505 1796 petita
521 1751 647 1785 licentia
662 1753 720 1785 sub
738 1755 838 1796 poena
853 1754 1005 1786 nullitatis

264 1806 411 1839 transitus
427 1806 619 1847 huiusmodi,
633 1806 763 1850 aliisque
776 1807 919 1847 arbitrio,
935 1813 1003 1846 ete.;

264 1859 488 1892 consuetudine
511 1870 565 1893 seu
576 1860 751 1904 privilegiis
766 1860 795 1892 in
811 1861 1003 1895 contrarium

264 1913 406 1956 allegatis
429 1923 492 1946 non
517 1913 722 1947 obstantibus.
748 1915 875 1956 Romae,
890 1925 932 1948 vn
950 1926 1004 1948 au-

265 1966 346 2008 gusti
373 1976 489 2000 MDele
509 1980 536 2000 ».

576 2039 614 2072 M.
640 2039 808 2072 cardinalis
833 2040 1002 2075 Gnvnrrus.

353 2091 389 2125 ll.
406 2092 669 2137 Areliiepiscopus
694 2094 898 2135 Patracensis‚
922 2106 999 2128 secr.

309 2181 324 2225 g
348 2180 377 2214 ⁶2.
403 2181 477 2215 Cum
503 2187 605 2216 autem
631 2183 774 2216 firmiora
805 2183 867 2216 siut
890 2184 1004 2228 quibus

265 2234 352 2268 Sedis
376 2235 572 2279 Apostolicae
591 2236 710 2270 accedit
729 2237 932 2281 approbatio,
953 2248 1003 2270 no-

264 2289 312 2322 bis
336 2294 503 2334 propterca
527 2290 658 2323 dilectus
688 2291 770 2324 silius
802 2292 911 2324 Petrus
937 2291 1004 2325 Gas-

265 2343 377 2385 sardii,
403 2343 582 2387 provinciae
605 2344 789 2388 Aquitaniae
817 2345 1004 2389 antiquioris

265 2397 390 2431 Ordinis
408 2398 537 2430 fratrum
556 2398 709 2431 Minorum
731 2400 828 2432 sancti
846 2399 1003 2432 Francisei

265 2451 302 2483 de
335 2451 539 2485 Observantia
573 2457 827 2496 nuncupatorum
861 2454 1005 2486 minister

265 2505 477 2549 provincialis,
498 2506 660 2540 humiliter
684 2508 854 2552 supplicari
874 2508 955 2551 fecit,
973 2513 1006 2540 ut

304 2580 313 2604 1
332 2577 460 2613 Legerem
476 2579 648 2613 queruloque
665 2587 711 2614 pro
723 2588 902 2615 quamquam
916 2581 1004 2616 (nm).

302 2622 318 2648 2
338 2621 427 2649 Potius
447 2622 505 2658 lege
526 2623 615 2651 variis
635 2632 681 2659 pro
703 2624 782 2651 vanis
798 2626 836 2660 (ti.
852 2625 899 2659 T.).

1700 194 1744 228 35

1037 252 1198 285 decretum
1219 253 1449 296 praeinsertum
1465 253 1655 286 confirmare
1669 253 1707 285 de
1724 253 1779 285 be-

1036 306 1188 349 nignitate
1213 307 1384 350 apostolica
1408 307 1623 349 dignaremur.

1082 360 1096 402 ξ
1120 358 1149 392 3.
1181 359 1243 392 Nos
1270 359 1375 402 igitur,
1394 359 1513 393 dictum
1536 360 1662 393 Petrum
1688 359 1781 392 mini-

1037 416 1136 446 strum
1157 413 1383 456 provincialem
1410 414 1599 457 specialibus
1624 414 1781 446 favoribus

1036 465 1188 508 etgratiis
1213 466 1361 510 prosequi
1384 467 1535 507 volentes,
1560 472 1590 501 et
1614 478 1630 500 a
1656 467 1782 511 quibus-

1038 519 1082 552 vis
1115 520 1471 560 excommunicationis,
1504 521 1719 564 suspensionis
1752 526 1783 553 et

1038 573 1205 614 interdicti,
1227 574 1359 618 aliisque
1376 574 1593 607 ecclesiasticis
1611 574 1783 615 sententiis,

1037 628 1179 661 censuris
1205 629 1481 672 etpoenis,aiure
1506 629 1553 661 vel
1580 629 1618 661 ab
1643 629 1781 670 homine,

1037 682 1146 725 quavis
1164 681 1329 715 occasione
1351 683 1398 715 vel
1416 683 1510 715 causa
1526 682 1604 725 latis7
1626 682 1649 714 si
1667 682 1782 726 quibus

1036 736 1276 780 quomodolibet
1301 736 1469 769 innodatus
1497 736 1618 778 existit,
1645 736 1683 768 ad
1709 736 1783 768 effe-

1036 795 1121 823 ctum
1150 791 1364 834 praesentium
1391 790 1553 823 dumtaxat
1582 799 1781 833 consequen-

1037 843 1123 883 dum,
1144 843 1257 876 harum
1281 844 1362 877 serie
1382 844 1580 877 absolventes
1604 849 1633 876 et
1659 843 1784 876 absolu-

1038 902 1103 929 tum
1121 897 1188 930 sore
1205 902 1379 939 censentes,
1390 897 1572 930 huiusmodi
1587 897 1785 941 supplicatio-

1037 950 1129 983 nibus
1149 950 1299 992 inclinati‚
1318 950 1479 985 decretum
1497 951 1742 994 praeinsertum‚
1757 961 1786 983 a·

1037 1003 1190 1046 postolica
1209 1003 1406 1042 auctoritate,
1427 1008 1536 1037 tenore
1560 1004 1784 1047 praesentium,

1038 1057 1266 1091 confirmamus
1280 1063 1310 1091 et
1322 1058 1546 1102 approbamus,
1564 1058 1673 1102 illique
1691 1058 1786 1091 invio-

1038 1110 1143 1143 labilis
1168 1112 1360 1156 apostolicae
1384 1111 1543 1145 firmitatis
1566 1112 1666 1145 robur
1681 1112 1785 1145 adiici-

1039 1176 1116 1197 nius.

1082 1219 1096 1262 ἓ
1132 1219 1162 1252 4.
1199 1220 1410 1253 Decernentes
1445 1226 1628 1264 praesentes
1664 1220 1784 1253 litteras

1038 1272 1156 1314 firmas,
1174 1274 1292 1307 validas
1309 1280 1339 1307 et
1357 1274 1500 1307 efficaces
1514 1274 1648 1307 existere
1665 1279 1694 1307 et
1707 1274 1783 1316 fore,

1038 1338 1073 1360 ac
1099 1327 1137 1360 ab
1162 1328 1327 1367 erunibus,
1352 1328 1391 1361 ad
1417 1339 1496 1372 quos
1521 1333 1641 1372 spectat
1672 1333 1702 1361 et
1726 1339 1785 1372 pro

1038 1386 1182 1425 tempore
1196 1382 1359 1426 spectabit,
1374 1382 1595 1416 inviolabiliter
1612 1381 1784 1423 observari;

1038 1435 1146 1478 sicque
1170 1436 1201 1468 in
1226 1436 1408 1479 praemissis
1425 1446 1484 1480 per
1501 1446 1720 1480 quoscumque
1741 1436 1786 1469 iu-

1038 1488 1123 1521 dices
1143 1489 1322 1523 ordinarios
1340 1495 1370 1522 et
1394 1489 1572 1533 delegatos,
1597 1489 1690 1522 etiam
1717 1500 1786 1523 cau-

1039 1552 1146 1575 sarum
1178 1543 1285 1587 palatii
1317 1543 1480 1587 apostolici
1515 1544 1699 1585 auditores,
1736 1544 1784 1577 iu-

1039 1596 1137 1629 dicari
1164 1602 1194 1629 et
1220 1597 1344 1629 definiri
1374 1597 1511 1638 debere,
1537 1608 1573 1630 ac
1597 1597 1723 1630 irritum
1756 1602 1786 1632 ct

1040 1649 1152 1690 inane,
1177 1650 1203 1683 si
1228 1660 1317 1683 secus
1346 1661 1441 1694 super
1474 1651 1521 1683 liis
1553 1662 1570 1683 a
1602 1661 1783 1694 quoquam,

1039 1703 1148 1746 quavis
1172 1703 1377 1743 auctoritate,
1402 1704 1537 1737 scienter
1561 1705 1609 1737 vel
1635 1704 1783 1747 ignoran-

1040 1762 1096 1796 ter,
1123 1757 1292 1799 contigerit
1316 1757 1471 1791 attentari.

1083 1811 1098 1853 ξ
1123 1810 1151 1842 4.
1184 1811 1253 1844 Non
1279 1810 1478 1843 obstantibus
1510 1811 1784 1845 constitutionibus

1039 1868 1069 1895 et
1093 1863 1345 1897 ordinationibus
1369 1865 1568 1908 apostolicis,
1593 1865 1687 1898 etiam
1713 1876 1785 1899 con-

1039 1917 1217 1958 ciliaribus,
1241 1928 1365 1951 necnon
1391 1918 1565 1962 quibusvis,
1592 1919 1686 1953 etiam
1706 1919 1786 1953 iura-

1040 1976 1156 2012 mento,
1175 1971 1416 2005 confirmatione
1433 1973 1621 2015 apostolica,
1644 1973 1691 2006 vel
1710 1984 1786 2017 qua-

1040 2024 1084 2057 vis
1116 2024 1265 2058 firmitate
1295 2025 1355 2058 alia
1387 2025 1566 2068 roboratis,
1599 2026 1722 2060 statutis
1757 2032 1787 2059 et

1039 2078 1340 2120 consuctudinibus,
1367 2079 1541 2123 privilegiis
1566 2091 1713 2124 quoque,
1739 2080 1785 2113 in-

1038 2132 1132 2165 dultis
1157 2136 1187 2167 et
1203 2133 1316 2166 litteris
1336 2133 1517 2177 apostolicis
1538 2133 1567 2166 in
1589 2134 1785 2167 contrarium

1038 2186 1285 2229 praemissorum
1300 2187 1538 2230 quomodolibet
1553 2188 1721 2229 concessis,
1735 2199 1785 2232 ap-

1038 2240 1177 2283 probatis
1203 2245 1233 2273 et
1258 2240 1428 2281 innovatis3
1455 2241 1570 2285 quibus
1590 2242 1738 2275 omnibus
1755 2246 1785 2275 et

1039 2293 1182 2335 singulis,
1197 2293 1325 2326 illorum
1344 2299 1467 2327 tenores
1485 2295 1705 2338 praesentibus.
1725 2305 1784 2338 pro

1040 2347 1132 2390 plene
1147 2352 1177 2379 et
1197 2348 1389 2381 sufficienter
1406 2349 1563 2392 expressis
1577 2360 1611 2381 ac
1629 2349 1667 2381 de
1688 2349 1784 2381 verbo

1040 2401 1077 2433 ad
1095 2401 1225 2434 verbum
1243 2402 1369 2434 insertis
1394 2402 1554 2443 habentes,
1577 2402 1638 2435 illis
1658 2402 1733 2435 alias
1755 2402 1785 2435 in

1040 2465 1095 2487 suo
1110 2455 1226 2488 robore
1236 2456 1463 2498 permansuris,
1479 2456 1515 2488 ad
1535 2457 1784 2499 praemissorum

1040 2509 1206 2549 ellectum,
1232 2509 1289 2542 liac
1316 2510 1383 2542 vice
1410 2509 1581 2551 dumtaxat,
1607 2510 1786 2554 specialiter

1040 2568 1070 2595 et
1094 2573 1242 2606 expresse
1270 2563 1479 2605 derogamus,
1509 2565 1685 2608 ceterisqw¹
1710 2575 1785 2597 con-

1041 2616 1145 2649 trariis
1165 2617 1427 2660 quibuscuuupic.

1793 204 1842 230 An.
1862 204 1888 230 C.
1912 205 1980 231 41:55

1825 372 1945 393 Concessio.

1827 1229 1942 1251 Clau-:ulae

1827 1819 1867 1839 Der
1884 1822 1916 1840 zat
1934 1825 1984 1840 con-

1801 1849 1877 1867 trariis.
