2243 3205
260 198 310 226 Αη.
328 198 356 226 c,
380 197 446 227 ¹659
490 189 554 222 47⁶2

287 1219 426 1245 Supplicatio.

290 1858 395 1878 Concedit
424 1861 443 1878 ut

261 1891 281 1905 in
297 1885 389 1905 rubrica.

456 257 534 291 opus
558 246 617 288 sit,
642 246 767 280 Ordinis
792 247 964 291 praedicti,
996 249 1088 282 etiam
1116 249 1199 282 iura-

457 305 573 340 mento,
598 305 666 341 eto,
691 300 866 345 ceterisque
884 302 1053 336 contrariis
1073 303 1199 347 quibus-

457 362 604 396 cumque.

497 405 608 437 Datum
634 405 761 447 Romae,
782 406 865 450 apud
893 407 922 440 S.
943 408 1073 440 Mariam
1101 408 1195 441 Maio-

457 468 535 500 rem,
556 459 613 492 sub
641 460 758 493 annulo
783 460 968 502 PiscatoriS,
997 461 1047 494 die
1065 472 1107 495 v11
1122 460 1198 494 iunii

457 522 585 554 unctu,
602 513 805 557 pontificatus
825 515 927 548 nostri
951 525 1034 548 anno
1056 526 1084 547 v.

492 575 552 602 Dat.
568 575 610 602 die
626 576 642 602 7
657 576 724 604 iunii
743 577 821 610 1659,
838 577 935 612 pontif.
952 585 1023 605 aimo
1040 584 1063 603 v.

756 718 899 753 CCXLVI.

462 799 627 833 Concessio
664 800 893 844 inclulyentiae
920 801 1092 844 plenariae
1124 802 1196 844 fra—

502 852 603 886 tribus
637 853 799 896 reqularis
835 854 1056 886 observantiae
1093 854 1200 887 sancti

501 906 672 939 Francisci
700 917 737 939 ac
766 908 951 950 reformatis
979 908 1199 940 cismontanae

501 960 669 1003 familiae,
693 960 856 993 eoeercitiis
882 960 1115 1004 spiritualibus
1140 971 1200 1005 per

502 1013 670 1046 octiduum
687 1014 888 1047 vacantibus.

653 1094 820 1122 Alexander
840 1094 919 1128 Papa
938 1094 1001 1129 vn,

583 1140 617 1165 ad
638 1141 815 1173 perpetuam
835 1139 881 1166 roi
896 1139 1078 1166 memoriam.

502 1208 600 1250 Cum,
625 1208 706 1242 sicut
734 1208 826 1242 nobis
849 1219 951 1253 nuper
983 1209 1098 1254 exponi
1128 1210 1200 1243 secit

458 1262 591 1296 dilectus
604 1262 688 1295 filius
709 1262 973 1306 Michaelangelus
995 1273 1013 1296 a
1033 1263 1198 1305 Sambuca,

458 1316 583 1350 Ordinis
597 1316 729 1349 fratrum
746 1316 901 1349 Minorum
921 1317 1020 1350 saneti
1040 1317 1198 1351 Francisci

459 1369 602 1402 minister
634 1369 807 1412 generalis,
832 1369 864 1402 in
889 1369 1027 1413 capitulo
1060 1371 1197 1413 generali

460 1422 598 1456 eiusdem
632 1422 756 1456 Ordinis
784 1423 954 1456 novissime
987 1423 1085 1457 Toleti
1118 1424 1198 1457 eele-

461 1477 561 1516 brato,
586 1476 667 1508 inter
691 1475 751 1508 alia
775 1475 936 1509 decretum
961 1476 1066 1517 suerit,
1092 1481 1126 1509 ut
1155 1487 1200 1510 se-

460 1539 565 1562 cessus
601 1534 631 1562 et
666 1529 840 1573 spiritualia
879 1529 1133 1563 mortificationis
1170 1535 1200 1563 et

459 1583 611 1617 orationis
635 1583 780 1616 mentalis
807 1584 956 1617 exercitia
988 1583 1019 1616 in
1051 1584 1199 1617 omnibus

458 1637 629 1682 provinciis
666 1637 879 1670 cismontanae
910 1637 1046 1671 familiae
1076 1637 1199 1672 Ordinis

457 1690 611 1735 praedicti
644 1695 902 1732 reassumantur,
935 1696 965 1724 et
992 1692 1053 1725 illis
1088 1693 1200 1726 fratres

459 1743 659 1777 earumdem¹
688 1745 925 1788 provinciarum
943 1745 1110 1790 aliquoties
1135 1746 1199 1780 sin-

459 1798 541 1841 gulis
565 1798 654 1831 annis
679 1803 801 1832 vacent:

503 1852 518 1896 ἓ
543 1852 571 1884 1.
598 1853 669 1894 Nos,
695 1852 748 1895 qui
773 1852 874 1896 probe
898 1852 1044 1886 novimus
1067 1858 1199 1897 quanto-

460 1914 536 1948 pere
560 1904 738 1938 conducant
761 1904 909 1938 exercitia
929 1906 1110 1939 huiusmodi
1128 1907 1200 1939 diri-

460 1958 569 2001 gendis
594 1958 624 1990 in
649 1958 730 1990 viam
759 1958 882 1991 Domini
914 1963 944 1991 et
976 1959 1199 1993 confirmandis

461 2013 490 2044 in
515 2011 568 2044 itta
593 2012 845 2044 christifidelium
872 2012 1039 2053 mentibus,
1064 2013 1200 2047 devotio-

459 2075 531 2098 nem
556 2065 689 2098 fratrum
715 2066 882 2099 memorati
912 2066 1058 2108 Ordinis,
1083 2068 1137 2111 qui
1161 2068 1199 2101 de

460 2130 589 2153 suorum
615 2119 817 2163 superiorum
844 2119 971 2153 licentia
1004 2121 1093 2164 operi
1121 2121 1199 2155 adeo

461 2173 511 2217 pio
536 2178 566 2206 et
589 2173 717 2206 salutari
734 2173 922 2215 vacaverint,
944 2174 1125 2207 caelestium
1147 2175 1200 2208 Ec-

460 2226 572 2260 clesiae
595 2226 818 2259 thesaurorum
836 2227 1022 2269 elargitione
1039 2228 1139 2271 magis
1158 2229 1199 2261 in-

459 2281 557 2314 citare
596 2281 757 2322 volentes,
797 2280 835 2313 de
878 2281 1103 2325 omnipotentis
1144 2282 1198 2315 Dei

461 2334 678 2368 misericordia
703 2337 733 2368 et
756 2334 921 2367 beatorum
943 2334 1025 2367 Petri
1050 2340 1080 2368 ot
1111 2335 1198 2368 Pauli

458 2388 675 2431 apostolorum
701 2387 768 2420 eius
785 2387 971 2421 auctoritate
993 2388 1113 2429 confisi,
1134 2399 1198 2422 om-

1036 200 1215 226 BULLARIUM
1237 199 1392 225 ROMANUM

1232 248 1345 289 versis,
1368 248 1421 292 qui
1447 248 1478 281 in
1502 247 1649 282 domibus
1673 249 1871 292 regularibus
1895 260 1970 295 pro-

1231 302 1406 335 vinciarum
1430 301 1663 346 praedictarum
1696 302 1735 335 de
1765 313 1895 336 suorum
1921 314 1972 337 su-

1232 355 1394 399 periorum
1420 355 1546 388 licentia
1572 355 1720 403 exercitia
1736 355 1895 400 praedicta
1912 367 1970 400 per

1232 408 1349 441 octidui
1363 409 1499 452 spatium
1509 408 1771 453 quandocumque
1781 409 1972 452 peregerint,

1232 466 1262 493 et
1286 461 1405 494 interea
1430 461 1582 505 temporis
1611 472 1686 495 vere
1714 461 1910 505 poenitentes
1944 467 1973 494 et

1233 514 1366 548 confessi
1384 520 1617 548 sacrosanctum
1635 514 1848 548 Eucharistiae
1874 525 1974 548 sacra-

1233 573 1374 601 mentum
1401 568 1610 612 sumpserint,
1634 569 1757 612 quoties
1782 567 1812 600 id
1837 568 1973 611 egerint,

1233 620 1407 664 plenariam
1438 620 1580 654 omnium
1611 631 1741 653 suorum
1770 626 1972 664 peccatorum

1233 673 1460 717 indulgentiam
1486 679 1516 707 et
1542 674 1761 708 remissionem
1792 674 1973 708 misericor-

1232 727 1313 761 diter
1327 728 1357 760 in
1371 728 1504 762 Domino
1519 728 1732 762 concedimus.
1753 728 1974 762 Praesentibus

1232 781 1263 813 in
1288 786 1477 825 perpetuum
1502 782 1654 815 valituris.

1276 835 1291 879 ἓ
1316 835 1345 868 2.
1372 835 1522 868 Volumus
1546 840 1650 868 autem
1675 835 1758 880 quod
1784 835 1808 868 si
1837 845 1896 879 pro
1920 835 1975 868 im-

1231 889 1417 932 petratione,
1431 889 1692 933 praesentatione,
1711 888 1900 922 admissione
1918 899 1974 922 seu

1232 941 1445 985 publicatione
1469 942 1682 986 praesentium
1702 942 1819 986 aliquid
1842 942 1889 975 vel
1915 941 1970 974 mi-

1231 995 1351 1028 nimum
1376 995 1484 1038 detur,
1509 1000 1563 1028 aut
1587 1000 1697 1039 sponte
1721 995 1862 1028 oblatum
1884 995 1969 1028 reci-

1231 1048 1345 1092 piatur,
1370 1048 1497 1082 eaedem
1521 1052 1702 1093 praesentes
1726 1048 1830 1082 nullae
1851 1048 1912 1081 sint
1936 1058 1973 1082 eo

1232 1102 1300 1146 ipso
1309 1113 1317 1143 ;
1354 1102 1502 1147 quodque
1539 1102 1721 1135 earumdem
1760 1101 1974 1146 praesentium

1232 1157 1454 1200 transumptis,
1479 1156 1571 1190 etiam
1597 1156 1781 1200 impressis,
1806 1166 1903 1189 manu
1922 1166 1975 1190 no-

1233 1210 1301 1244 tarii
1330 1210 1447 1254 publici
1479 1210 1527 1243 vel
1560 1210 1721 1244 secretarii
1751 1209 1826 1243 dieti
1849 1208 1974 1244 Ordinis

1232 1263 1427 1307 subscriptis,
1443 1268 1473 1297 et
1487 1263 1589 1307 sigillo
1608 1273 1763 1308 personae
1776 1263 1807 1296 in
1822 1263 1973 1306 dignitate

1232 1317 1443 1350 ecelesiastica
1468 1318 1671 1359 constitutae,
1696 1317 1743 1350 vel
1770 1317 1902 1350 ministri
1925 1327 1975 1360 ge-

1232 1370 1348 1403 neralis
1373 1370 1525 1414 praedicti
1550 1370 1674 1404 Ordinis
1700 1370 1837 1412 munitis,
1862 1369 1971 1403 eadem

1232 1435 1363 1468 prorsus
1382 1424 1461 1458 fides
1484 1424 1681 1467 adhibeatur,
1703 1435 1782 1469 quae
1796 1424 1873 1469 ipsis
1886 1434 1974 1468 prae-

1232 1478 1371 1510 sentibus
1395 1478 1614 1519 adhiberetur,
1644 1478 1669 1511 si
1694 1478 1797 1512 forent
1815 1477 1973 1511 exhibitae

1233 1531 1279 1564 vel
1305 1537 1456 1565 ostensae.

1276 1584 1388 1617 Datum
1418 1585 1546 1627 Romae,
1573 1584 1658 1629 apud
1679 1585 1708 1618 S.
1729 1584 1858 1618 Mariam
1883 1584 1976 1618 Maio-

1232 1648 1310 1679 rem,
1337 1638 1395 1672 sub
1422 1639 1538 1672 annulo
1560 1638 1738 1681 Piso-aroris,
1762 1639 1812 1672 die
1836 1649 1869 1672 xi
1898 1638 1974 1672 iunii

1233 1702 1358 1735 uncux,
1380 1692 1583 1736 pontificatus
1603 1692 1704 1726 nostri
1728 1702 1810 1726 anno
1835 1703 1864 1726 v.

1268 1756 1329 1782 Dat.
1346 1755 1388 1783 die
1406 1756 1433 1782 Η
1453 1754 1519 1782 iunii
1537 1755 1615 1790 1659,
1635 1755 1729 1790 pontif.
1750 1764 1820 1783 anno
1841 1762 1867 1782 v.

1526 1906 1686 1941 CCXLVII.

1235 1988 1428 2022 Constitutio
1463 1997 1560 2031 super
1594 1987 1750 2020 erectione
1780 1987 1909 2030 eolleqii
1937 1997 1975 2020 ex

1276 2041 1508 2084 referendariis
1532 2041 1706 2084 uslriusque
1728 2041 1921 2084 siqnaturae
1945 2045 1974 2074 et

1275 2105 1372 2138 super
1395 2095 1614 2138 qualitatibus
1631 2094 1907 2127 admittendorum
1925 2094 1975 2127 de-

1277 2151 1384 2193 inceps
1409 2150 1446 2182 in
1464 2149 1708 2193 referendarios.

1426 2230 1591 2257 Alexander
1611 2229 1780 2264 episcopus,

1427 2281 1533 2301 servus
1550 2281 1704 2301 servorum
1719 2274 1781 2309 Dei,

1353 2320 1389 2345 ad
1411 2321 1587 2353 perpetuam
1606 2318 1651 2346 rei
1671 2319 1851 2346 memoriam.

1275 2390 1358 2423 lutor
1383 2394 1502 2423 ceteras
1527 2389 1718 2434 apostolicae
1751 2389 1971 2423 sollicitudinis

459 2441 550 2473 nibus
575 2446 605 2473 et
625 2440 755 2484 singulis
780 2440 933 2484 praedicti
953 2441 1078 2474 Ordinis
1098 2441 1198 2474 fratri·
1231 2454 1345 2485 curas,
1370 2443 1484 2487 quibus
1508 2443 1702 2476 incessanter
1735 2453 1909 2486 urgemur,
1935 2452 1970 2475 ea

460 2495 540 2535 bus,
564 2499 628 2527 tam
658 2494 780 2528 clericis
811 2505 904 2538 qnam
933 2494 1020 2529 laicis
1045 2505 1099 2528 scu
1124 2506 1198 2528 con·
1232 2507 1357 2540 semper
1381 2496 1471 2530 nobis
1496 2496 1586 2530 cordi
1610 2496 1677 2536 suit,
1702 2501 1736 2528 ut
1759 2495 1889 2539 praelati
1909 2495 1969 2528 Ro-

496 2609 505 2634 1
528 2608 597 2636 Edit.
615 2609 696 2637 Main.
714 2609 796 2637 habet
810 2611 975 2638 eorumdem
991 2611 1030 2646 (n.
1045 2611 1090 2644 12).

1232 2559 1342 2581 manae
1374 2549 1501 2589 curiae,
1533 2548 1586 2592 qui
1617 2553 1777 2592 tamquam
1807 2547 1914 2581 stellae
1938 2547 1969 2580 in

1232 2603 1432 2636 firmamento
1457 2602 1619 2635 militantis
1643 2601 1801 2635 Ecclesiae
1818 2602 1968 2641 relucent,

1982 201 2030 229 An.
2051 201 2081 230 C.
2102 202 2168 232 ¹659

2029 846 2092 867 Fides
2115 849 2168 870 trau-

1989 877 2126 900 sumptorum.

2012 2395 2134 2418 Exordium.

2238 2136 2243 2171 Μ,
2233 1670 2243 2122 -——.-————-———-
2241 1632 2243 1646 -
2239 1562 2243 1581 -
2238 1529 2243 1548 —
2237 1373 2243 1502 μ--Α
2236 1029 2243 1351 —-—-.—-.-—-.-—.-..
2240 961 2243 981 ..
2238 898 2243 924 ..Α
2238 794 2243 879 ——-
