2243 3205
260 221 308 246 Αιι,
325 219 352 245 C.
377 219 443 246 1658

284 2085 394 2106 tjnntirmat
405 2086 440 2105 ιιι·-

257 2115 291 2131 t're
295 2113 336 2131 tum
363 2113 439 2133 dutum

257 2138 343 2157 mirina
348 2139 378 2184 ιιιι0
393 2145 439 2163 pro-

257 2166 275 2183 ιι
280 2167 312 2183 rot
316 2166 343 2184 ·is
367 2171 417 2190 onrg

257 2192 346 2215 ganimi
354 2171 439 2217 csllipa

257 2219 341 2237 nurteU
344 2217 397 2237 dinis
407 2218 440 2238 Gi

256 2246 358 2264 §teretem

488 209 552 242 350

459 268 487 300 S,
502 267 607 299 Annae
628 266 737 310 oppidi
760 267 871 299 Matriti
885 268 1051 301 'l'oletanae
1074 268 1194 302 dioece-

459 320 500 352 sis
518 319 656 352 eiusdem
683 320 947 363 congregationis,
965 325 994 354 et
1018 321 1126 364 viginti
1144 333 1194 355 sex

460 373 556 406 millia
582 373 734 415 regalium
761 373 892 416 singulis
907 373 1046 408 trienniis
1065 375 1095 407 in
1115 386 1195 408 sum-

459 430 530 468 ptus
557 425 650 459 trium
677 426 907 469 capitulorum,
932 427 963 460 in
987 426 1101 471 quibus
1134 438 1196 461 non

459 479 535 512 liant
555 478 592 511 de
610 485 714 512 cetero
736 479 908 513 taxationes
930 480 1196 513 extraordinariae.

459 531 620 575 bucusque
642 532 710 565 fieri
736 533 853 573 solitae,
871 543 972 577 neque
997 533 1197 567 contribuant

460 584 662 626 monasteria,
687 596 766 628 quae
791 585 888 619 dictas
914 587 1122 630 capitulorum
1144 598 1196 620 ex-

458 648 569 681 pensas
594 638 715 672 solvere
736 646 983 679 consueveruut3
1004 651 1039 673 ac
1059 640 1196 680 demum,

459 691 607 735 quoniam
633 692 714 726 dicta
740 693 928 726 monasteria
964 693 992 726 S.
1025 693 1142 727 Claudii
1168 699 1215 744 οιζ

458 745 495 777 de
519 745 620 778 Melon
655 745 790 786 debent,
816 758 851 779 cx
888 746 1085 790 praescripto
1121 757 1197 790 qua-

459 798 603 831 rumdam
637 799 813 833 litterarum
847 800 945 833 felicis
970 800 1214 833 recordationis

460 851 576 884 L'rbani
602 852 705 896 Papae
734 852 796 885 t'lll
823 853 1073 896 praedecessoris
1097 854 1214 888 nostri:

459 904 488 936 in
514 905 608 938 simili
638 905 738 938 forma
764 906 868 938 Brevis
889 907 1114 950 expeditarum,
1140 907 1214 940 sol-¹

460 968 530 991 vere
550 959 784 1001 congregationi
800 959 978 1002 praedictae
996 966 1115 1004 septem
1130 961 1197 993 mil-

457 1010 497 1042 lia
522 1010 707 1044 ducatorum
740 1018 882 1044 monetae
908 1013 1095 1056 Hispaniae,
1130 1014 1196 1057 pri-

458 1074 543 1096 muni
580 1064 694 1097 scilice!
733 1069 868 1108 quat-uei
904 1065 1025 1106 millia,
1062 1067 1214 1099 alteium

458 1128 531 1150 seio
550 1117 608 1150 tria
626 1117 732 1160 milli2,1
748 1118 785 1150 ad
801 1118 1020 1151 stabiliendum
1035 1119 1214 1156 redditum

457 1169 613 1203 dictoium
635 1170 731 1203 colle
716 1171 851 1213 giorum,
873 1172 986 1204 ¹rorarii
1008 1173 1195 1213 communis,

457 1228 485 1255 et
496 1223 651 1266 capituloi
655 1235 717 1266 um,
728 1224 876 1257 decrexer
880 1230 933 1257 unt
947 1225 1115 1268 petendum
1129 1236 1213 1259 esso

457 1288 472 1308 a
491 1278 591 1318 nobis,
611 1284 640 1310 ut
665 1278 794 1311 velimus
809 1279 867 1311 lioc
885 1279 1088 1322 suspendere,
1103 1285 1195 1323 atque

457 1330 592 1373 capitulo
618 1331 755 1373 generali
781 1331 959 1364 facultatem
990 1332 1064 1365 dare
1098 1332 1196 1376 impo-

457 1384 549 1416 nendi
578 1384 638 1417 illis
662 1384 839 1428 supradicta
866 1386 1005 1429 quinque
1024 1386 1122 1419 millia
1143 1386 1195 1419 du-

457 1441 597 1471 catorum
624 1444 765 1472 monctae
790 1440 968 1483 praedictae
991 1440 1022 1472 in
1039 1451 1130 1473 usum
1149 1452 1197 1473 su-

456 1502 511 1534 pra
530 1501 711 1535 expressum
731 1493 907 1535 croganda;
925 1493 1039 1536 quibus
1053 1493 1196 1526 stabilitis
1212 1491 1213 1526 ι

457 1551 548 1587 atque
574 1546 748 1578 executioni
775 1547 928 1579 mandatis
953 1547 1061 1579 eadem
1091 1557 1196 1580 mona-

456 1598 551 1630 steria
575 1599 604 1630 S.
636 1599 753 1631 Claudii
784 1605 813 1631 et
844 1600 881 1632 de
914 1601 1013 1633 Melon
1044 1601 1195 1633 immunia

456 1658 545 1684 erunt
563 1663 580 1684 a
594 1652 748 1685 solutione
763 1654 865 1685 annua
880 1653 1045 1687 duodecim
1062 1654 1194 1686 millium
1211 1651 1212 1655 ¹

455 1704 620 1747 regalium,
645 1716 724 1748 quac
749 1706 822 1749 ipsis
846 1706 875 1738 in
901 1712 1044 1750 sumptus
1058 1717 1196 1741 commu-

455 1768 509 1790 nes
535 1759 788 1801 congregationis
813 1765 841 1791 ‹t
864 1760 1073 1803 capitulorum
1092 1761 1195 1794 huius-

456 1810 540 1844 modi
573 1811 835 1854 imponebmtur:
866 1818 896 1845 et
927 1813 1001 1846 alias
1012 1841 1018 1855 ⁷
1045 1820 1139 1857 piout
1163 1814 1212 1856 in

456 1864 532 1897 actis
558 1864 791 1908 prachctorum
824 1866 951 1909 capituli
980 1867 1135 1909 generatis
1166 1873 1212 1900 et

456 1917 642 1960 definitoiii
668 1929 803 1962 quorum
829 1924 952 1952 tenores
977 1920 1194 1963 piaesentibus

456 1981 514 2013 pro
535 1971 625 2014 plene
652 1975 680 2005 et
704 1972 895 2004 sufficienter
912 1973 1066 2016 expressis
1083 1973 1212 2011 haberi

456 2024 609 2064 volumus,
636 2025 762 2057 uberius
786 2025 900 2058 dicitur
925 2026 1087 2059 contineri.

501 2077 514 2120 ,ξ
539 2077 568 2110 ⁶2.
594 2079 668 2110 Cum
695 2084 810 2118 autem,
836 2079 915 2112 sicut
940 2079 1046 2112 eadem
1074 2079 1212 2122 exposi-

457 2131 498 2163 tio
523 2131 753 2174 subiungebat,
783 2132 878 2176 petita
908 2133 1109 2176 postmodum
1135 2144 1192 2177 pro

455 2189 543 2227 parte
568 2185 789 2228 exponentium
815 2186 1050 2229 praedictorum
1076 2197 1093 2220 a
1118 2198 1193 2220 con-

456 2238 640 2281 gregatione
666 2239 889 2272 venerabilium
913 2240 1043 2273 fratrum
1069 2246 1193 2274 nostro-

456 2301 526 2323 rum
547 2295 670 2325 sanctae
692 2293 849 2325 Romanae
873 2293 1029 2326 Ecclesiae
1054 2293 1193 2327 cardina·

456 2344 544 2385 lium,
562 2345 696 2387 negotiis
717 2349 745 2379 et
769 2346 1049 2379 consultationibus
1074 2347 1193 2390 episco-

454 2408 568 2440 porum
589 2403 618 2431 et
637 2399 827 2441 regularium
840 2399 1026 2443 praeposita,
1041 2400 1192 2443 praemis-

454 2461 560 2483 sorum
588 2452 835 2494 confirmatione,
856 2453 962 2485 eadem
986 2453 1191 2486 cardinalium

455 2505 669 2547 congregatio,
694 2507 817 2540 attentis
841 2507 984 2547 narratis,
1011 2517 1106 2550 reque
1132 2517 1192 2539 ma-

454 2561 523 2588 ture
555 2557 714 2600 discussa⁷
748 2570 804 2602 per
833 2571 924 2593 suum
953 2559 1113 2593 decretum
1143 2561 1192 2593 die

454 2612 537 2643 sexta
556 2610 703 2644 februarii
724 2613 858 2655 proximi
886 2613 1045 2656 praeteriti
1068 2624 1191 2648 emana-

1040 221 1214 245 BULLARIUM
1241 220 1394 244 ROMANUM

1231 273 1312 308 tum⁷
1338 268 1451 300 dilecto
1483 268 1547 300 tilio
1575 273 1682 300 nostro
1707 268 1809 301 Marco
1832 268 1964 301 Antonio

1231 321 1309 353 tituli
1332 322 1360 353 S.
1378 321 1492 353 Mariae
1517 320 1555 352 de
1580 320 1657 354 Pace
1683 320 1821 353 eiusdem
1843 326 1966 353 sanctae

1230 374 1387 406 Romanae
1418 373 1573 405 Ecclesiae
1606 373 1787 417 presbytero
1816 373 1965 406 cardinali

1232 427 1409 459 Franciotto
1434 432 1622 470 nuncupato,
1648 426 1813 459 memorati
1843 426 1967 459 Ordinis

1231 480 1313 524 apud
1338 490 1395 513 nos
1421 485 1449 513 et
1473 480 1583 512 Sedem
1610 479 1819 524 Apostolicam
1853 485 1963 523 prote-

1231 534 1320 575 ctori,
1339 534 1541 576 commiserit,
1559 540 1601 576 ut,
1619 535 1750 568 constito
1775 533 1834 568 sibi
1859 534 1896 566 de
1915 544 1967 567 ve-

1233 589 1322 621 ritate
1355 588 1593 632 expositorum,
1626 588 1651 621 si
1684 594 1713 621 et
1749 594 1902 631 quatenus
1935 587 1968 620 in

1213 641 1365 674 ‘Domino
1397 641 1545 685 expedire
1576 641 1748 682 iudicaret,
1783 641 1896 685 petita,
1920 651 1968 674 so-

1231 694 1392 728 lummodo
1417 694 1518 738 quoad
1552 694 1675 727 vocales
1700 699 1729 727 et
1765 694 1967 738 praemissam

1231 746 1495 781 contributioncm
1518 747 1702 781 ducatorum
1729 747 1866 791 quinque
1890 746 1964 780 mil-

1231 800 1306 833 lium
1325 810 1341 832 a
1362 800 1482 833 duobus
1507 800 1750 844 praenominatis
1771 799 1969 833 monasteriis

1231 854 1259 887 S.
1285 853 1403 887 Claudii
1428 857 1457 887 et
1480 853 1517 886 de
1551 854 1650 887 Melon
1681 852 1941 887 conserendorum
1957 852 1967 869 ¹

1230 918 1288 950 pro
1305 906 1508 940 subventione
1525 912 1551 939 et
1568 907 1798 940 manutentione
1813 906 1968 939 dictorum

1231 960 1326 993 trium
1352 960 1568 1003 collegiorum,
1593 970 1706 1004 nempe
1729 959 1967 1003 Complutensis,

1231 1014 1430 1046 Salamantini
1457 1018 1485 1048 et
1518 1014 1555 1046 de
1581 1014 1790 1055 Palazzuelos‚
1820 1012 1913 1046 modo
1939 1018 1969 1045 et

1212 1068 1330 1115 forma
1355 1078 1390 1101 ac
1415 1078 1484 1100 cum
1507 1067 1737 1100 conditionibus
1763 1066 1792 1099 in
1820 1066 1967 1110 precibus

1212 1122 1403 1173 expressis,
1429 1133 1486 1165 pro
1512 1132 1567 1154 suo
1593 1121 1723 1154 arbitrio
1749 1125 1778 1153 et
1802 1119 1968 1164 prudentia

1212 1174 1432 1220 conccdei·et;
1451 1185 1584 1217 cumque
1599 1174 1665 1217 ipsc
1682 1174 1802 1206 Marcus
1816 1172 1968 1221 Antonius

1212 1224 1396 1260 ‹ardinalis
1421 1227 1636 1271 supradictum
1661 1232 1851 1260 memoratae
1871 1225 1970 1259 cardi-

1212 1281 1345 1323 matium
1372 1281 1626 1324 congregationis
1658 1280 1817 1313 decretum
1852 1289 1967 1323 appro-

1212 1326 1214 1377 l
1231 1335 1348 1368 baverit
1361 1341 1391 1368 et
1401 1335 1632 1368 confirmaverit
1643 1334 1727 1368 omni
1740 1334 1862 1368 meliori
1874 1334 1968 1367 modo

1212 1389 1213 1423 l
1230 1392 1258 1422 ct
1284 1389 1325 1421 ita
1343 1389 1536 1422 mandaverit
1562 1388 1591 1421 in
1616 1392 1777 1432 posterum
1795 1387 1965 1427 observari;

1211 1428 1302 1484 ldicti
1329 1453 1402 1475 xero
1428 1447 1618 1485 exponentes
1643 1441 1802 1474 decretum
1829 1440 1968 1474 eiusdem

1230 1495 1322 1528 Marci
1346 1495 1472 1528 Antonii
1494 1495 1660 1528 cardinalis
1678 1505 1772 1538 super
1787 1493 1968 1538 praemissis

1211 1553 1407 1583 ⁴:emanatum
1434 1549 1622 1592 apostolicae
1645 1548 1891 1582 confirmationis
1915 1558 1968 1581 no-

1211 1613 1213 1637 ιῑ
1229 1608 1311 1634 strae
1329 1602 1444 1635 robore
1462 1602 1650 1635 communiri
1666 1611 1867 1645 summopere
1885 1601 1967 1634 desi-

1229 1655 1353 1688 derent:
1376 1666 1442 1696 nos,
1457 1656 1623 1699 specialem
1648 1655 1721 1699 ipsis
1741 1654 1968 1699 exponentibus

1211 1709 1361 1751 fgratiam
1388 1709 1488 1742 facere
1513 1709 1661 1749 volentes⁷
1683 1712 1839 1742 eteorum
1865 1708 1968 1750 singu-

1211 1755 1309 1808 jlwues
1333 1772 1402 1805 per
1393 1772 1483 1794 saonis
1501 1773 1516 1794 a
1535 1761 1695 1805 quibusxis
1715 1761 1967 1794 excommunica-

1229 1814 1331 1855 tionis,
1356 1815 1566 1858 suspensionis
1591 1820 1620 1847 et
1644 1814 1813 1854 interdicti,
1836 1814 1966 1858 aliisque

1210 1857 1446 1901 ecclesiasticis
1471 1868 1644 1908 sententiis,
1670 1878 1742 1900 cens
1747 1868 1810 1900 uris
1837 1873 1865 1900 et
1890 1878 1966 1912 poe-

1210 1920 1287 1966 jnis,
1298 1931 1313 1953 a
1330 1920 1396 1953 im«
1412 1922 1457 1953 xel
1476 1920 1664 1962 ibliominc‚
1681 1921 1789 1963 quavis
1803 1921 1967 1954 occasione

1229 1974 1275 2006 ιρι
1302 1976 1394 2007 causa
1418 1974 1507 2014 latis,
1533 1974 1557 2007 si
1592 1974 1704 2017 quibus
1733 1973 1968 2018 quomodolibet

1210 2028 1393 2064 !inuoditac
1415 2028 1562 2069 existunt,
1588 2028 1626 2060 ad
1650 2028 1796 2061 ellectum
1822 2038 1966 2072 praesen-

1210 2082 1304 2114 ιιιιιιι
1317 2082 1477 2114 dumtaxat
1487 2081 1750 2125 consequendum,
1761 2081 1817 2114 bai
1821 2092 1872 2114 um
1887 2081 1967 2114 serie

1228 2134 1424 2168 ibsoltentes
1449 2140 1478 2168 et
1502 2134 1661 2168 absolutas
1686 2135 1752 2168 sore
1785 2139 1964 2176 censentes

1210 2180 1211 2195 ¹
1229 2188 1507 2232 supplicitionilms
1527 2199 1636 2222 coium
1663 2188 1789 2221 nomine
1806 2187 1897 2221 nobis
1913 2198 1966 2220 su-

1209 2252 1284 2296 <pei
1307 2241 1367 2274 lioc
1392 2241 1553 2274 humiliter
1577 2241 1731 2285 porrectis
1756 2241 1904 2283 inclinati,
1928 2241 1966 2274 de

1210 2281 1412 2327 corumdem
1438 2294 1644 2328 cardinalium
1671 2294 1816 2335 consilio,
1841 2294 1966 2327 attentis

1210 2345 1365 2391 'praemis
1354 2348 1410 2381 sis
1446 2359 1481 2381 ac
1505 2348 1570 2381 ιίεο
1596 2358 1652 2392 per
1674 2348 1772 2382 dictos
1793 2347 1966 2381 cardinales

1228 2401 1355 2434 decreto
1372 2401 1535 2435 memorati
1554 2401 1646 2434 Marci
1662 2401 1785 2434 Antonii
1801 2401 1966 2434 cardinalis

1228 2455 1258 2487 in
1285 2455 1344 2487 rim
1372 2455 1501 2499 praefati
1527 2455 1657 2488 alterius
1682 2454 1798 2488 decreti
1831 2464 1964 2497 congre—

1227 2508 1360 2551 gationis
1385 2508 1540 2542 dictorum
1567 2508 1772 2542 cardinalium
1798 2512 1964 2549 emanata,

1264 2580 1273 2605 1
1294 2579 1363 2606 Edit.
1380 2579 1461 2607 Main.
1478 2580 1542 2613 legit
1557 2581 1712 2614 conferen„
1726 2580 1802 2608 nobis
1815 2579 1899 2607 visum
1915 2579 1964 2606 fuit

1225 2623 1370 2658 legendum
1392 2624 1630 2658 conferendorum
1651 2626 1686 2659 (a.
1704 2625 1751 2659 ¹12).

1986 213 2034 246 An.
2050 218 2078 247 C.
2095 219 2161 248 1658

2181 26 2199 50 ἃ·
