2185 3188
50 198 99 226 Ᾰιι.
119 197 147 225 C.
164 197 232 225 1656

24 1746 27 1759 '¹
77 1747 186 1769 nemetum
201 1748 226 1769 ir·

51 1774 120 1796 ruam.

31 2439 33 2479 t
52 2435 157 2459 (lenanu
169 2438 228 2460 toltit.

838 195 1024 219 ALEXANDER
1048 194 1093 218 vn
1116 195 1163 218 PP.

1658 183 1719 216 165
1764 192 1814 219 An.
1833 192 1863 220 c.
1885 193 1954 220 165ss

243 245 301 278 bus
331 244 569 289 quomodolibet
594 244 759 278 innodatus
784 243 915 285 existit¹,
942 243 979 275 ad
1014 241 1206 286 apostolicis,
1227 252 1349 275 necnon
1371 241 1543 286 quibusvis,
1565 241 1657 275 eliam
1676 241 1756 274 iura-

243 297 388 332 effectum
422 298 635 342 praesentium
670 297 831 330 dumtaxat
864 305 976 329 conse·
1014 299 1129 335 mento,
1143 294 1383 329 confirmatione
1400 294 1652 339 apostoliea‚x·el
1677 304 1756 338 qua-

243 350 413 394 quendum‚
427 351 539 384 harum
557 351 637 384 serie
651 350 846 383 absolventes
871 354 901 381 et
924 348 978 380 ab·

243 404 360 437 solutas
376 404 443 437 fore
462 408 634 445 censentes,
660 402 839 436 huiusmodi
864 401 980 446 suppli-

243 457 417 490 cationibus
447 457 599 499 inclinati,
625 456 708 501 quod
732 455 892 500 praedicto
916 455 976 488 ho-

243 510 346 554 spitali
362 511 392 544 S.
412 511 535 544 loannis
552 510 825 555 Hierosolymitani
850 509 979 552 eiusque

243 563 392 598 fratribus
415 564 507 597 liceat
531 564 647 607 eligere
672 569 702 596 et
725 562 875 607 deputare
893 562 923 594 in
937 561 980 594 iu-

243 616 327 650 dices
340 622 575 650 conservatores
589 626 741 660 personas
754 614 979 648 ecclesiasticas

243 670 319 712 (non
334 675 447 711 ,tamen
465 669 627 713 religiosas
641 669 816 712 regulares)
829 668 979 701 habentes

245 723 410 766 qualitates
429 723 638 767 praescriptas
653 722 683 754 in
701 721 923 755 constitutione
937 721 978 754 si-

245 776 326 809 milis
341 775 569 809 recordationis
583 776 626 808 Pii
642 776 741 820 Papae
751 775 788 808 IV
800 775 980 819 praedeces-

242 829 323 863 soris
343 829 462 873 pariter
481 829 591 871 nostri,
612 839 691 872 quae
709 829 818 872 incipit
832 828 978 862 Circum-

241 887 346 926 specta
354 882 495 916 Romani
504 882 674 924 Pontificis
684 881 902 925 providentia,
911 886 979 922 etc„

242 936 300 968 sub
315 935 421 968 datum
435 936 563 976 Romae,
584 935 725 968 kalendis
745 935 822 976 iulii,
841 945 922 968 anno
936 935 981 967 ln-

242 989 430 1023 carnationis
444 989 625 1023 Dominicae
643 998 726 1021 MDLx
741 990 897 1028 emanata,
909 988 981 1021 licet

243 1042 274 1075 in
291 1042 431 1075 conciliis
456 1042 702 1086 provincialibus
723 1042 770 1075 vel
788 1041 981 1075 dioecesanis

242 1096 326 1128 iuxta
339 1096 501 1130 decretum
519 1096 647 1130 Concilii
664 1095 836 1128 Tridentini
861 1101 892 1128 et
911 1105 982 1128 con-

241 1150 434 1185 stitutionem
467 1150 612 1193 Gregorii
644 1149 895 1193 praedecessoris
922 1149 981 1182 hu-

242 1202 376 1236 iusmodi
412 1203 530 1236 iudices
565 1203 654 1236 electi
679 1208 710 1235 et
734 1202 886 1246 designati
918 1212 981 1236 non

242 1256 318 1294 sint;
345 1256 493 1300 quodque
523 1256 619 1289 semel
656 1256 794 1299 legitime
827 1255 917 1289 electi
953 1260 983 1288 et

241 1309 402 1353 deputati,
426 1309 485 1342 nisi
511 1320 547 1342 ex
572 1309 712 1352 legitima
746 1310 839 1342 causa
863 1319 880 1342 a
904 1308 983 1342 Sede

242 1363 431 1406 Apostolica,
451 1369 504 1396 aut
527 1364 670 1397 locorum
688 1362 872 1404 Ordinariis,
889 1367 983 1406 prout

242 1415 358 1449 eisdem
373 1416 522 1449 fratribus
538 1417 675 1458 libuerit,
692 1415 908 1460 approbanda,
926 1415 983 1448 du-

242 1474 331 1503 rante
349 1469 484 1503 triennio
503 1480 521 1502 a
541 1469 591 1503 die
606 1470 816 1514 deputationis
844 1469 981 1503 amoveri

242 1528 295 1555 aut
320 1523 434 1556 mutari
453 1523 629 1556 nullatenus
646 1523 767 1567 possint
782 1528 835 1556 aut
850 1523 983 1564 valeant,

241 1576 414 1620 apostolica
427 1577 623 1618 auctoritate,
638 1583 746 1611 tenore
760 1577 983 1622 praesentium,

241 1629 450 1665 decernimus.
475 1631 509 1664 In
535 1631 665 1675 reliquis
689 1637 793 1664 autem
818 1631 850 1664 in
875 1630 983 1664 eadem

242 1684 463 1718 constitutione
488 1684 633 1728 Gregorii
654 1684 906 1728 praedecessoris
926 1684 985 1718 dis-

241 1736 362 1780 positis,
384 1737 470 1770 illam
493 1737 611 1771 servari
633 1737 827 1771 mandamus.

294 1791 309 1835 5
339 1789 370 1824 3.
407 1791 615 1825 Decernentes
647 1796 827 1835 praesentes
863 1791 982 1824 litteras

242 1855 367 1890 semper
382 1845 500 1887 firmas,
515 1845 631 1878 validas
646 1851 675 1878 et
692 1846 833 1878 efficaces
851 1845 982 1879 existere

243 1904 273 1932 et
288 1899 366 1940 sore,
383 1910 419 1933 ac
435 1899 519 1932 dicto
543 1899 701 1943 hospitali,
726 1899 858 1942 eiusque
883 1898 982 1932 fratri-

242 1951 311 1994 bus,
328 1957 358 1985 et
374 1952 443 1985 aliis
467 1952 641 1996 quibusvis,
654 1951 693 1984 ad
706 1963 784 1996 quos
809 1957 929 1996 spectat
952 1957 982 1984 et

242 2016 300 2049 pro
324 2011 468 2050 tempore
488 2006 655 2050 spectabit,
675 2005 855 2050 plenissime
873 2005 982 2039 suffra-

243 2059 325 2102 gari,
350 2060 457 2104 sicque
482 2059 512 2092 in
536 2059 717 2103 praemissis
738 2070 795 2103 per
812 2070 981 2104 quoscum-

243 2123 304 2157 que
320 2112 438 2146 iudices
462 2112 640 2146 ordinarios
654 2117 683 2145 et
698 2112 869 2155 delegatos,
887 2113 980 2147 etiam

244 2176 409 2199 causarum
435 2166 540 2210 palatii
563 2166 724 2210 apostolici
742 2166 916 2209 auditores,
938 2166 983 2199 iu-

244 2219 341 2252 dicari
365 2223 395 2253 et
418 2219 541 2252 deliniri
567 2219 699 2262 debere,
731 2230 767 2253 ac
803 2220 928 2254 irritum
953 2225 983 2253 et

247 2270 339 2306 inane
357 2300 364 2314 ‚
389 2275 414 2305 si
439 2283 528 2306 secus
558 2283 652 2317 super
679 2274 727 2306 his
760 2284 777 2306 a
798 2284 957 2317 quoquam
975 2301 982 2315 ,

244 2327 353 2370 quavis
384 2327 581 2368 auctoritate,
612 2327 747 2360 scienter
762 2327 808 2360 vel
834 2327 981 2370 ignoran-

245 2384 310 2420 ter,
335 2379 503 2423 contigerit
526 2380 680 2413 attentari.

289 2432 304 2475 ἓ
331 2432 359 2465 4.
389 2433 456 2466 Non
485 2433 680 2466 obstantibus
702 2433 811 2467 iisdem
830 2434 980 2478 praemis-

245 2485 296 2526 sis,
320 2497 356 2519 ac
380 2487 654 2521 constitutionibus
678 2493 709 2521 et
732 2488 982 2522 ordinationibus

282 2606 291 2629 1
316 2605 407 2639 Aptius
428 2605 484 2638 lege
506 2604 661 2631 innodatae
681 2605 805 2631 eristun!
826 2610 862 2633 (a.
879 2611 925 2636 'r.5.

1014 348 1059 381 vis
1076 348 1224 380 firmitate
1237 348 1298 380 alia
1316 348 1481 390 roboratis,
1501 348 1622 381 statutis
1639 353 1669 380 et
1686 357 1757 380 con-

1013 402 1242 444 suetudinibus‚
1269 402 1442 446 privilegiis
1469 413 1605 445 quoque,
1627 401 1756 434 indultis

1013 459 1042 489 et
1069 455 1180 489 litteris
1201 455 1381 499 apostolicis
1400 455 1431 486 in
1448 455 1643 487 contrarium
1668 465 1757 499 prae-

1014 508 1181 541 missorum
1199 507 1440 552 quomodolibet
1460 508 1628 548 concessis,
1644 507 1756 541 contir-

1015 562 1105 594 matis
1120 567 1150 594 et
1164 561 1333 601 innovatis;
1351 561 1467 604 quibus
1484 561 1632 594 omnibus
1650 566 1679 593 et
1696 561 1756 594 sin-

1013 616 1115 658 gulis,
1146 615 1272 648 illorum
1298 620 1425 647 tenores
1451 614 1668 658 praesentibus
1696 625 1755 658 pro

1013 670 1104 713 plene
1123 673 1154 703 et
1174 669 1365 702 sufficienter
1381 668 1538 712 expressis
1555 679 1590 701 ac
1607 668 1646 701 de
1659 668 1755 701 verbo

1013 722 1051 755 ad
1069 723 1200 755 verbum
1218 722 1343 755 insertis
1368 722 1528 761 babentes,
1543 721 1603 754 illis
1628 721 1703 754 alias
1725 721 1756 753 in

1013 786 1070 809 suo
1100 776 1214 809 robore
1243 775 1469 820 permansuriS,
1494 775 1553 808 hac
1579 775 1645 807 vice
1665 774 1755 807 dum-

1014 833 1095 862 taxat
1122 829 1299 873 specialiter
1327 834 1357 861 et
1383 838 1530 872 expresse
1553 827 1755 870 derogamus;

1015 882 1191 926 ceterisque
1216 882 1382 916 contrariis
1404 881 1667 925 quibuscumque.

1059 936 1127 979 55.
1155 935 1305 969 Volumus
1338 940 1444 968 autem
1479 940 1512 968 ut
1543 933 1755 978 praesentium

1015 990 1229 1033 transumptis,
1241 990 1333 1022 ctiam
1351 989 1524 1033 impressis,
1534 998 1627 1020 manu
1641 986 1756 1021 notarii

1015 1043 1132 1087 publici
1158 1042 1355 1086 subscriptis,
1373 1045 1403 1076 et
1423 1041 1527 1084 sigillo
1551 1051 1704 1085 personae
1726 1040 1756 1073 in

1015 1096 1225 1130 ecclesiastica
1241 1096 1393 1139 dignitate
1414 1095 1599 1129 constitutae
1618 1094 1756 1135 munitis,

1015 1150 1123 1184 eadem
1150 1161 1279 1194 prorsus
1311 1150 1387 1183 tides
1417 1149 1533 1194 ubique
1559 1149 1701 1183 locorum
1727 1154 1757 1181 et

1016 1204 1156 1248 gentium
1182 1210 1244 1237 tam
1269 1205 1300 1237 in
1322 1204 1438 1237 iudicio
1459 1214 1552 1247 quam
1572 1208 1659 1236 extra
1681 1202 1757 1235 illud

1016 1258 1212 1300 adhibeatur,
1239 1268 1319 1301 quae
1345 1257 1421 1301 ipsis
1437 1256 1655 1301 praesentibus
1671 1255 1758 1288 adbi-

1017 1311 1154 1352 beretur,
1179 1311 1203 1344 si
1229 1311 1332 1345 forent
1355 1310 1511 1344 exhibitae
1538 1309 1584 1344 vel
1601 1314 1755 1342 ostensae.

1060 1364 1170 1397 Datum
1196 1365 1227 1397 in
1252 1365 1331 1397 Arce
1356 1362 1544 1407 Gandulpbi,
1570 1361 1757 1396 Albanensis

1017 1417 1180 1458 dioecesis,
1205 1417 1263 1451 sub
1289 1417 1406 1451 annulo
1427 1416 1607 1457 piscatoris,
1628 1415 1678 1449 die
1695 1424 1758 1448 xvu

1018 1471 1089 1504 maii
1108 1481 1234 1512 unctvl,
1260 1471 1464 1515 pontificatus
1484 1469 1584 1504 nostri
1605 1480 1688 1503 anno
1709 1479 1739 1501 ιι.

1054 1534 1113 1561 Dat.
1130 1534 1173 1561 die
1192 1535 1221 1561 ¹7
1239 1533 1302 1561 maii
1321 1534 1399 1567 1656,
1417 1533 1512 1569 pontif.
1530 1541 1600 1559 anno
1616 1539 1643 1558 u.

1806 943 1955 969 'transumpto-

1771 976 1816 991 rum
1831 970 1891 991 ades.

1354 1676 1424 1709 CIV.

1017 1757 1140 1791 Statuit
1164 1761 1200 1790 ut
1217 1757 1365 1800 capitula
1389 1756 1647 1800 conyreqationis
1675 1755 1757 1788 Thu-

1060 1811 1143 1843 sciae
1167 1814 1196 1842 et
1225 1809 1442 1842 Lombarcliae
1475 1808 1607 1843 Ordinis
1640 1808 1757 1842 Cister-

1060 1864 1218 1896 ciensium
1231 1862 1269 1895 de
1281 1862 1508 1906 quinquennio
1524 1862 1560 1894 in
1576 1861 1757 1904 qumquem

1059 1917 1152 1950 nium
1178 1917 1380 1960 inposterum
1405 1914 1612 1948 celebrentur.

1209 1995 1374 2024 Alexander
1393 1996 1473 2029 Papa
1491 1994 1560 2027 vn,

1159 2043 1193 2068 ad
1215 2041 1350 2068 futuram
1371 2041 1416 2067 rei
1436 2040 1617 2068 memoriam.

1799 2115 1920 2138 Exci-rtrum.

1061 2112 1120 2146 Pro
1151 2112 1322 2145 commisso
1356 2111 1448 2144 nobis
1480 2110 1628 2144 divinitus
1661 2120 1755 2143 curae

1016 2166 1181 2210 pastoralis
1205 2165 1310 2199 officio
1335 2163 1617 2207 congregationum
1635 2163 1755 2206 regula-

1017 2220 1119 2261 rium,
1141 2219 1171 2251 in
1196 2219 1310 2263 quibus
1342 2218 1480 2261 religiosi
1513 2217 1570 2249 viri
1605 2222 1675 2250 vota
1700 2226 1755 2249 sua

1016 2274 1079 2306 Deo
1104 2273 1235 2306 reddere
1260 2278 1413 2315 satagunt,
1438 2271 1535 2315 quieti
1561 2276 1591 2303 et
1614 2280 1755 2303 commo-

1016 2327 1063 2359 dis
1087 2326 1230 2367 libenter,
1256 2337 1327 2359 cum
1347 2336 1363 2358 a
1381 2325 1472 2358 nobis
1498 2324 1623 2368 petitur,
1647 2334 1756 2357 consu-

1017 2381 1119 2420 limus,
1145 2385 1240 2423 prout
1264 2379 1295 2411 in
1320 2379 1452 2412 Domino
1476 2377 1691 2421 conspicimus
1711 2387 1755 2409 sa-

1016 2433 1148 2466 lubriter
1168 2431 1325 2476 expedire.

1060 2487 1075 2530 §
1097 2487 1120 2519 1.
1140 2486 1260 2529 Exponi
1285 2484 1440 2528 siquidem
1465 2483 1554 2517 nobis
1586 2494 1689 2527 nuper
1716 2483 1756 2517 se-

1015 2545 1124 2573 cerunt
1139 2538 1244 2572 dilecti
1262 2538 1317 2571 tilii
1339 2543 1561 2581 procuratores
1577 2537 1754 2580 provincia-

1797 2488 1937 2515 Suppueauo,

998 2590 1085 2626 irum
1112 2592 1366 2635 congregationis
1384 2591 1535 2624 'l'busciae
1558 2596 1584 2623 et
1610 2590 1753 2623 Lombar-
