2243 3205
284 177 334 205 An.
352 178 380 206 C.
403 179 465 207 ¹66¹

301 1927 466 1953 Navigantibus,

282 1955 422 1979 regularibus,
432 1960 466 1975 ca-

282 1982 360 2010 ptivis,
376 1981 466 2011 aliisquo

283 2008 389 2032 impeditis
397 2013 409 2027 a
419 2008 466 2028 visi-

284 2035 362 2053 tatione
398 2033 466 2053 eccle-

282 2060 368 2085 siarum,
386 2059 467 2080 consau-

283 2091 352 2106 οπως
371 2086 424 2106 haec
445 2086 466 2106 iu

284 2112 325 2132 alia
344 2113 430 2138 pietatis
445 2117 466 2132 0-

284 2144 334 2163 pera
375 2144 466 2160 commu·

284 2166 328 2185 tare
343 2165 415 2191 possit.

515 170 578 203 6702
1057 178 1233 203 autmnium
1257 177 1410 201 Romnum
1997 174 2045 201 An.
2066 175 2096 201 c.
2119 175 2181 203 ¹66¹
2241 191 2243 193 -

483 227 624 259 eamdem
651 225 897 266 hebdomadam,
922 231 1102 259 reverenter
1128 236 1216 258 sum-

483 279 618 322 pserint,
643 289 679 311 ac
703 278 897 321 pauperibus
922 278 1058 321 aliquam
1085 278 1218 311 eleemo-

482 341 598 375 synam,
621 336 713 374 prout
733 330 902 374 unicuique
927 337 1075 373 suggeret
1094 331 1218 364 devotio

482 384 529 416 vel
554 383 753 426 possibilitas,
778 383 987 426 erogaverint:

526 437 541 479 ἓ
564 435 593 469 3.
619 436 734 469 Ceteris
750 446 824 469 vero
838 441 924 468 extra
941 436 1054 469 Urbem
1080 435 1220 468 ubicum-

482 499 542 532 que
566 489 760 532 degentibus,
785 489 837 532 qui
858 489 1005 522 ecclesias
1030 489 1068 522 ab
1088 489 1216 522 Ordina-

482 542 536 574 riis
561 542 702 575 locorum
728 543 775 575 vel
801 552 910 576 eorum
936 543 1060 575 vicariis
1090 552 1145 574 seu
1173 542 1218 574 os-

482 595 644 637 ficialibus,
658 601 711 628 aut
724 596 761 629 de
782 606 892 630 eorum
911 596 1066 637 mandato,
1085 601 1124 636 et,
1144 595 1217 638 ipsis

481 648 707 690 deficientibus,
720 659 776 692 per
800 659 863 689 eos,
881 650 933 693 qui
952 649 995 681 ibi
1021 658 1129 681 curam
1152 648 1216 680 ani-

482 711 605 734 marum
640 707 804 742 exercent,
836 707 1001 745 postquam
1035 701 1073 733 ad
1107 711 1216 734 eorum

481 753 623 786 notitiam
656 754 713 786 bae
745 759 870 787 nostrae
895 754 1104 797 pervenerint,
1129 753 1214 786 desi-

481 806 630 849 gnandas,
656 807 701 839 vel
727 807 929 840 ecclesiarum
961 805 1142 838 huiusmodi
1167 805 1214 837 al-

481 864 591 899 teram,
609 859 708 902 spatio
728 859 860 892 duarum
887 859 1030 892 similiter
1046 858 1217 892 hebdoma-

480 911 591 944 darum
615 923 631 944 a
663 912 873 956 publicatione
905 911 1128 954 designationis
1162 922 1217 954 per

481 964 669 1006 Ordinarios,
696 965 742 997 vel
767 975 876 998 eorum
902 965 1045 1004 vicarios,
1070 975 1125 996 seu
1150 964 1217 996 offi-

480 1017 584 1059 ciales,
610 1018 655 1050 vel
680 1018 766 1057 alios,
791 1023 825 1050 ut
848 1018 1034 1061 praefertur,
1058 1017 1216 1050 faciendae

479 1071 758 1111 decurrendarum,
776 1071 884 1104 saltem
902 1072 998 1104 semel
1015 1071 1215 1111 visitaverint,

479 1124 594 1167 ibique,
620 1129 653 1156 ut
677 1135 782 1167 supra,
807 1124 974 1165 oraverint,
999 1134 1035 1157 ac
1058 1125 1170 1168 quarta
1186 1130 1216 1157 et

479 1178 565 1211 sexta
590 1177 667 1209 seria
692 1188 728 1209 ac
758 1177 886 1210 sabbato
918 1177 1045 1209 alterius
1077 1187 1112 1210 ex
1145 1177 1215 1210 heb-

479 1229 620 1263 domadis
645 1230 823 1263 huiusmodi
850 1230 1068 1270 iefflnaverint,
1085 1230 1216 1273 pariter-

480 1293 540 1326 que
565 1286 692 1326 peccata
715 1293 770 1314 sua
794 1282 936 1322 confessi,
961 1292 996 1314 ac
1020 1282 1050 1314 in
1075 1282 1124 1315 die
1153 1282 1212 1316 do-

480 1336 594 1368 minica
619 1335 797 1368 immediate
821 1335 984 1378 sequenti,
1009 1335 1055 1367 vel
1081 1335 1141 1367 alia
1166 1335 1215 1368 die

480 1389 560 1422 infra
583 1389 725 1421 eamdem
750 1388 996 1429 hebdomadam,
1020 1387 1214 1420 sanctissima

480 1441 700 1475 communione
725 1441 830 1474 resecti
854 1441 989 1480 fuerint,
1015 1446 1044 1473 et
1073 1441 1216 1484 pauperi-

480 1494 538 1527 bus
561 1494 696 1537 aliquam
719 1494 958 1538 eleemosynam,
980 1499 1013 1526 ut
1035 1494 1212 1536 praemitti-

480 1553 541 1589 tur,
577 1547 795 1590 erogaverint,
829 1547 1042 1590 plenissimam
1073 1547 1214 1580 omnium

480 1606 682 1644 peccatorum
707 1611 835 1633 suorum
861 1600 1085 1642 indulgentiam
1111 1605 1141 1632 et
1164 1611 1215 1633 re-

480 1653 671 1693 missionem,
696 1653 776 1686 sicut
800 1653 830 1684 in
851 1662 931 1685 anno
952 1652 1076 1685 iubilaei
1095 1653 1216 1685 visitan-

480 1706 562 1739 tibus
586 1711 686 1739 certas
710 1706 856 1738 ecclesias
888 1705 969 1737 intra
993 1710 1023 1737 et
1047 1711 1133 1738 extra
1158 1706 1214 1739 Ur-

479 1759 549 1792 bem
564 1758 661 1792 nostri
676 1758 934 1802 praedecessores
951 1758 1123 1790 concedere
1143 1768 1216 1790 con-

479 1816 658 1851 sueverunt,
668 1816 776 1844 tenore
789 1809 1000 1854 praesentium
1015 1810 1216 1843 concedimus

480 1870 511 1898 et
534 1865 715 1907 elargimur.

524 1918 539 1961 5
562 1917 591 1949 4.
617 1917 803 1959 Navigantes
833 1926 907 1949 vero
932 1921 962 1948 et
987 1915 1044 1949 iter
1068 1920 1215 1959 agentes,

481 1975 514 2003 ut
545 1980 615 2002 cum
649 1969 786 2013 primum
820 1969 857 2001 ad
889 1979 943 2001 sua
968 1979 1035 2001 sese
1059 1969 1217 2002 domicilia

481 2023 672 2067 receperint·,
690 2022 910 2066 suprascriptis
934 2022 1078 2065 peractis,
1095 2027 1125 2054 et
1149 2022 1218 2055 visi-

481 2078 543 2109 tata
567 2075 698 2109 ecclesia
719 2075 907 2116 cathedrali,
933 2075 980 2107 vel
1005 2075 1140 2115 maiore,
1165 2080 1218 2107 aut

481 2129 652 2173 parochiali
678 2129 737 2161 loci
762 2139 871 2161 eorum
896 2128 1056 2169 domicilii,
1074 2128 1216 2161 eamdem

481 2182 706 2225 indulgentiam
726 2181 875 2224 consequi
891 2181 1011 2224 possint
1033 2186 1062 2213 et
1079 2181 1216 2220 valeant;

525 2235 540 2278 ἓ
560 2235 589 2268 5.
610 2234 817 2277 Regularibus
830 2239 934 2266 autem
947 2233 1089 2277 personis
1107 2234 1218 2266 utrius-

481 2299 543 2331 que
566 2298 678 2328 sexus,
703 2287 795 2320 etiam
828 2286 857 2318 in
889 2287 1032 2320 claustris
1064 2292 1217 2330 perpetuo

481 2341 677 2383 degentibus,
703 2350 824 2373 necnon
848 2340 915 2372 aliis
948 2339 1216 2383 quibuscumque,

483 2400 544 2425 tam
568 2393 654 2426 laicis
670 2403 763 2436 quam
782 2392 1009 2432 ecclesiasticis,
1023 2392 1217 2424 secularibus

483 2447 530 2478 vel
565 2447 784 2488 regularibus,
814 2446 906 2479 etiam
941 2446 971 2478 in
1002 2456 1129 2478 carcere
1165 2451 1217 2478 aut

484 2499 658 2541 captivitate
684 2499 895 2537 existentibus,
917 2499 962 2530 vel
984 2498 1087 2541 aliqua
1106 2508 1216 2541 corpo-

484 2552 527 2587 ris
563 2551 740 2585 infirmitate
771 2562 826 2584 seu
850 2552 910 2584 alio
935 2562 1133 2597 quocumque
1158 2551 1216 2584 im-

1252 224 1430 268 pedimento
1454 224 1608 264 detentis,
1632 225 1685 267 qui
1718 234 1813 267 supra
1844 233 1989 267 expressa

1252 278 1298 310 vel
1324 288 1433 310 eorum
1459 277 1562 320 aliqua
1587 281 1748 319 praestare
1772 276 1987 319 nequiverint,

1252 336 1285 361 ut
1310 330 1360 361 illa
1385 329 1592 362 confessarius
1617 339 1652 361 ex
1678 328 1738 361 iam
1764 328 1946 371 approbatis
1971 339 1989 361 a

1253 382 1395 415 locorum
1420 382 1592 416 Ordinariis
1616 387 1687 414 ante
1707 381 1917 424 praesentium
1936 391 1989 424 pu-

1252 435 1462 475 blicationem,
1487 446 1541 468 seu
1566 434 1786 478 approbandis,
1805 433 1849 466 eis
1874 433 1904 465 in
1929 433 1990 465 alia

1252 487 1373 531 pietatis
1397 498 1493 531 opera
1525 493 1742 527 commutare,
1768 487 1813 519 vel
1840 486 1870 518 in
1904 485 1989 518 aliud

1253 541 1432 583 proximum
1459 546 1583 584 tempus
1608 550 1782 583 prorogare
1808 539 1915 582 possit,
1940 549 1989 571 ea-

1251 604 1311 636 quc
1337 593 1511 635 iniungere,
1537 603 1616 636 quae
1641 593 1697 636 ipsi
1727 592 1920 636 poenitentes
1944 592 1986 624 es-

1252 646 1345 678 ficere
1370 649 1529 689 poterunt,
1545 645 1663 689 pariter
1687 645 1888 678 concedimus
1904 650 1934 677 et
1947 644 1990 676 in-

1251 699 1428 741 dulgemus.

1295 752 1309 793 ᾖ
1335 750 1363 783 6.
1390 751 1520 794 Insuper
1544 751 1689 783 omnibus
1714 754 1744 784 et
1763 749 1893 793 singulis
1909 749 2184 783 Chri-Omnibusutrtus-

1251 804 1436 836 stifidelibus
1470 803 1634 846 utriusque
1664 814 1776 843 sexus,
1806 808 1867 835 tarn
1901 787 2186 845 laicisF-1‘1'1‘12125.l⁰fc‹s.“31

1251 866 1344 899 quam
1371 856 1599 896 ecclesiasticis,
1629 855 1822 888 secularibus
1846 860 1876 887 et
1899 864 1988 897 regu·
2002 839 2065 891 {2231
2086 840 2186 894 ⁵¹¹2„ss

1252 909 1369 941 laribus
1383 909 1518 942 cuiusvis
1536 908 1671 948 Ordinis,
1687 907 1940 950 congregationis
1958 911 1988 939 et
2002 893 2185 946 ssffiffssi‘ii'sss'

2002 946 2056 966 omni
2096 947 2186 972 peccato
2233 955 2243 966 ι

1251 961 1401 1003 instituti,
1436 967 1496 993 tam
1531 962 1561 993 in
1594 961 1678 994 Urbe
1710 961 1868 1004 praedicta
1892 970 1985 1004 quam
2002 972 2112 1003 asson-cro
2139 977 2186 999 pos-
2212 990 2214 995 .

1250 1020 1336 1046 extra
1361 1025 1429 1047 eam
1444 1014 1560 1057 ubique
1581 1014 1733 1054 locorum,
1751 1020 1784 1046 ut
1800 1013 1985 1057 praefertur,
2001 1002 2034 1019 ⁵¹¹⁴

1249 1067 1445 1109 degentibus,
1475 1067 1632 1100 licentiam
1658 1066 1859 1100 concedimus
1884 1070 1914 1098 et
1942 1065 1986 1098 fa-

1250 1121 1395 1152 cultatem
1411 1147 1418 1160 ,
1443 1126 1476 1152 ut
1497 1120 1555 1152 sibi
1579 1120 1618 1152 ad
1642 1120 1725 1153 hunc
1755 1119 1898 1152 effectum
1924 1118 1983 1151 eli-

1249 1184 1323 1216 gere
1349 1174 1470 1217 possint
1502 1184 1734 1217 quemcumque
1766 1173 1983 1217 presbyterum

1250 1227 1486 1267 confessarium,
1512 1232 1574 1259 tam
1600 1227 1773 1260 secularem
1799 1236 1893 1269 quam
1924 1236 1982 1258 cu-

1249 1280 1344 1313 iusvis
1369 1279 1493 1313 Ordinis
1524 1284 1553 1312 et
1578 1280 1709 1312 instituti
1741 1279 1921 1321 regularem
1946 1288 1984 1311 ex

1248 1333 1449 1376 approbatis,
1482 1337 1515 1366 ut
1546 1333 1777 1376 praemittitur,
1802 1343 1819 1364 a
1843 1333 1985 1365 locorum

1248 1386 1442 1426 Ordinariis‚
1463 1386 1515 1429 qui
1541 1396 1594 1418 eos
1618 1386 1656 1418 ab
1681 1385 1828 1418 omnibus
1853 1395 1983 1417 excom-

1249 1439 1478 1479 municationiS,
1501 1439 1713 1482 suspensionis
1737 1444 1766 1471 et
1791 1438 1859 1470 aliis
1884 1438 1986 1471 eccle-

1249 1491 1380 1524 siasticis
1405 1491 1565 1525 sententiis
1590 1495 1619 1525 et
1642 1491 1793 1530 censuris,
1811 1501 1828 1523 a
1853 1490 1921 1523 iure
1937 1490 1985 1523 vel

1249 1544 1287 1576 ab
1309 1543 1436 1577 bomine
1451 1570 1458 1584 ,
1481 1544 1590 1587 quavis
1615 1545 1708 1577 causa
1732 1543 1801 1576 latis
1825 1553 1880 1576 seu
1904 1542 1986 1575 inssi-

1249 1598 1316 1637 ctis,
1341 1607 1462 1630 necnon
1486 1597 1524 1629 ab
1549 1597 1694 1630 omnibus
1718 1597 1863 1640 peccatis,
1885 1607 1987 1629 exces-

1248 1651 1344 1690 sibus,
1369 1650 1553 1683 criminibus
1584 1654 1613 1684 et
1640 1650 1771 1690 delictis,
1788 1649 1986 1693 quantumvis

1249 1704 1397 1746 gravibus
1433 1710 1462 1736 et
1492 1704 1696 1742 enormibus,
1722 1704 1815 1736 etiam
1839 1703 1982 1736 locorum

1249 1756 1432 1796 Ordinariis,
1445 1756 1509 1788 sive
1533 1756 1624 1789 nobis
1641 1762 1671 1788 et
1686 1756 1756 1788 Sedi
1776 1755 1983 1798 Apostolicae,

1250 1809 1342 1842 etiam
1368 1809 1398 1841 in
1423 1809 1534 1841 litteris
1559 1808 1608 1841 die
1632 1809 1751 1842 Coenae
1776 1807 1899 1841 Domini
1924 1807 1985 1850 legi

1250 1862 1347 1895 solitis
1372 1861 1536 1901 contentis,
1552 1867 1582 1894 et
1605 1862 1680 1894 alias
1699 1872 1755 1904 per
1772 1870 1986 1904 quascumque

1249 1920 1372 1948 nostras
1385 1918 1438 1948 aut
1461 1915 1674 1947 Romanorum
1693 1913 1877 1946 Pontificum
1898 1923 1985 1956 prae-

1250 1967 1451 2000 decessorum
1463 1970 1643 2000 nostrorum
1658 1966 1905 2006 constitutiones,
1915 1976 1987 2008 qua-

1251 2031 1319 2053 rum
1345 2025 1471 2052 tenores
1484 2019 1701 2063 praesentibus
1714 2019 1825 2051 haberi
1842 2019 1986 2051 volumus

1251 2083 1309 2116 pro
1334 2072 1497 2115 expressis,
1522 2071 1819 2114 quomodocumque
1844 2080 1985 2103 reserva-

1250 2126 1299 2165 tis,
1324 2125 1355 2157 in
1380 2125 1448 2157 soro
1474 2123 1691 2165 conscientiae,
1710 2129 1740 2156 et
1757 2123 1816 2156 hac
1836 2123 1902 2155 vice
1922 2127 1987 2154 tan-

1250 2184 1327 2220 tum,
1353 2178 1517 2211 absolvere
1542 2181 1571 2211 et
1594 2177 1729 2209 liberare
1755 2172 1884 2209 valeant.

1294 2231 1309 2274 ἓ
1335 2231 1362 2264 7.
1388 2231 1424 2263 Et
1449 2231 1575 2273 insuper
1600 2235 1670 2262 vota
1694 2239 1911 2272 quaecumque
1927 2229 1986 2272 (re-

1251 2284 1375 2327 ligionis
1400 2289 1430 2316 et
1454 2283 1604 2316 castitatis
1629 2282 1779 2326 exceptis)
1806 2282 1837 2315 in
1856 2282 1916 2314 alia
1935 2281 1986 2325 pia

1250 2343 1280 2370 et
1305 2337 1451 2370 salutaria
1475 2347 1572 2380 opera
1607 2341 1821 2377 commutare,
1847 2335 1986 2368 iniuncta

1250 2394 1351 2424 tamen
1378 2390 1422 2422 eis
1446 2393 1473 2422 el
1499 2399 1608 2422 eorum
1634 2388 1761 2422 cuilibet
1786 2388 1817 2420 in
1841 2387 1985 2430 supradi-

1250 2444 1306 2477 ctis
1330 2444 1477 2477 omnibus
1503 2443 1625 2476 casibus
1641 2442 1832 2485 poenitentia
1848 2440 1985 2480 salutari,

1250 2497 1379 2539 aliisque
1406 2496 1545 2528 eiusdem
1571 2495 1751 2528 confessarii
1776 2493 1907 2527 arbitrio
1932 2493 1982 2524 in-

1251 2549 1424 2592 iungendis.
