2243 3205
253 171 343 198 Aac,
369 171 435 198 ¹660
481 162 543 196 533
1027 173 1209 199 BULLAmUM
1231 175 1383 200 nomnen

495 219 509 261 ἓ
527 219 555 250 7.
572 219 648 252 Cum
666 223 782 260 autem,
800 218 880 251 sicut
897 219 1078 263 praedictus
1095 221 1189 254 Fran-

451 270 551 304 ciscus
576 276 762 314 procurator
787 271 942 314 generalis
970 273 1060 306 nobis
1088 284 1188 317 nuper

452 323 563 366 exponi
595 324 682 366 fecit,
709 324 774 367 ipse
802 324 963 358 decretum
991 325 1188 367 huiusmodi,

452 387 508 419 pro
533 376 666 410 firmiori
693 377 775 410 illius
800 377 999 411 subsistentia
1024 383 1054 413 et
1082 379 1188 412 obser-

453 429 583 469 vatione,
595 430 784 472 apostolicae
802 430 1050 465 confirmationis
1064 437 1190 465 nostrae

451 482 567 515 robore
591 483 780 516 communiri
801 493 1003 527 summopere
1019 484 1189 518 desideret:

452 545 519 574 noS,
545 535 648 578 ipsum
673 535 874 569 Franciscum
896 536 1084 580 specialibus
1108 537 1191 569 savo-

453 588 540 621 ribus
575 593 605 620 et
637 588 746 631 gratiis
770 589 920 633 prosequi
949 590 1096 631 volentes,
1122 595 1151 622 et
1175 601 1191 622 a

452 640 615 683 quibusvis
633 642 976 684 excommunicationis,
990 646 1059 682 ete,
1079 642 1192 674 harum

453 692 533 725 serie
558 693 754 728 absolventes
778 699 808 728 et
836 695 1012 728 absolutum
1039 695 1104 728 sore
1125 705 1194 728 cen·

454 751 566 788 sentes,
580 747 860 791 supplicationibus
877 748 942 781 eius
958 747 1085 782 nomine
1102 747 1193 780 nobis

456 809 550 842 super
579 800 639 833 hoc
663 801 825 834 humiliter
853 800 1009 845 porrectis
1037 800 1192 841 inclinati,

455 852 617 886 decretum
642 854 883 897 praeinsertum,
910 853 1096 886 auctoritate
1121 863 1194 897 apo-

456 906 575 949 stolica,
595 911 702 939 tenore
726 907 950 950 praesentium,
968 906 1194 940 confirmamus

456 962 486 993 et
509 959 741 1002 approbamus,
769 960 875 1003 illique
900 959 1088 993 inviolabilis
1113 969 1190 1003 apo-

1977 178 2024 204 Λη.
2038 177 2066 204 C.
2088 177 2154 206 1660

279 232 413 259 Supplicatio

1498 223 1682 274 ceLxxxu.

1226 293 1264 325 Ut
1278 292 1386 325 electio
1399 293 1515 325 vicarii
1527 293 1688 336 qeneralis
1703 295 1959 337 conyreqationis

1266 345 1508 388 Hispaniarum
1544 349 1572 378 et
1607 345 1783 379 Indiarum
1818 347 1960 388 fratrum

1267 398 1591 441 Auqustinz'anorum
1612 398 1889 431 Discalceatornm
1903 399 1961 440 fiat

1266 452 1392 483 servam
1417 451 1503 483 inter
1527 455 1669 494 quatuor
1691 451 1877 494 provincias
1894 461 1961 483 eon-

1267 503 1468 545 9reqati0nis
1508 502 1697 536 huiusmodi
1735 502 1933 536 alternative
1953 531 1960 545 ‚

1268 555 1372 596 itaut,
1399 556 1558 588 eveniente
1582 566 1658 588 casn
1681 566 1741 599 quo
1765 555 1887 588 vocales
1910 555 1963 588 In-

1270 608 1403 640 diarum
1426 608 1571 652 capitulo
1603 608 1739 651 tempori
1767 607 1876 640 adesse
1898 618 1963 641 non

1270 660 1421 701 valeant,
1448 664 1523 693 tune
1546 671 1630 694 unus
1654 662 1756 704 frater
1776 660 1964 704 provinciae

1270 713 1493 757 subsequentis
1524 714 1562 746 in
1592 714 1705 747 ordine
1736 714 1772 746 in
1801 713 1965 746 vicarium

1270 765 1351 809 eliqi
1374 765 1515 799 debeat¹.
1758 766 1762 770 ⁴

1420 846 1586 874 Alexander
1605 846 1683 880 Papa
1703 846 1771 877 vll,

328 918 441 940 coufirmat
1368 891 1404 918 ad
1425 891 1559 918 futuram
1577 890 1622 917 rei
1642 890 1823 917 memoriam.

257 947 354 967 Summus
371 947 442 966 Ponti-

258 973 297 994 fex.
1273 961 1430 995 Ecclesiae
1455 960 1626 994 catholicae
1649 960 1812 1003 regimini,
1836 964 1965 993 auctore
2007 974 2127 996 Exordium.

270 1213 273 1216 ι
283 1185 396 1207 Decretum
415 1186 441 1207 ir·

258 1215 329 1233 ritans.

273 1507 386 1536 Derogatio
396 1511 444 1527 con·

259 1536 378 1554 trariorum.

306 2091 450 2117 Transumpti·

267 2117 318 2138 fides
331 2118 429 2138 habenda

456 1013 585 1046 stolicae
609 1013 766 1046 firmitatis
791 1014 889 1047 robur
913 1013 1093 1053 adiicimus;
1111 1014 1194 1046 salva

457 1072 561 1099 tamen
586 1077 710 1111 semper
735 1067 765 1100 in
790 1067 974 1112 praemissis
1006 1067 1194 1101 auctoritate

455 1120 634 1163 praedictae
658 1120 913 1163 congregationis
933 1119 1149 1153 cardinalium.

500 1174 515 1216 ἓ
532 1172 560 1206 8.
582 1173 790 1206 Decernentes
807 1173 934 1206 easdem
952 1178 1133 1217 praesentes
1150 1173 1196 1206 lit-

457 1231 538 1262 teras
552 1238 676 1272 semper
692 1227 811 1268 firmas,
829 1232 898 1268 etc.,
913 1226 1134 1260 inviolabiliter
1145 1227 1197 1261 ob-

457 1281 593 1322 servari,
618 1281 724 1325 sicque
750 1281 780 1314 in
808 1280 990 1325 praemissis
1014 1291 1071 1325 per
1107 1292 1198 1325 quos-

457 1345 591 1378 cumque
612 1334 740 1377 iudices,
765 1339 833 1378 etc.,
859 1334 983 1368 definiri
1007 1334 1144 1376 debere,
1161 1346 1197 1368 ao

456 1388 582 1421 irritum
607 1392 637 1422 et
661 1388 773 1430 inane,
798 1388 823 1421 si
861 1398 961 1429 secus,
991 1393 1059 1430 etc.,
1092 1389 1196 1422 conti-

457 1441 539 1485 gerit
565 1441 720 1474 attentari.

504 1496 518 1538 ἓ
542 1495 571 1527 9.
608 1495 676 1528 Non
709 1494 906 1528 obstantibus
934 1494 1138 1538 praemissis,
1163 1505 1216 1528 ac*

459 1548 735 1582 constitutionibus
753 1553 782 1581 et
802 1547 1052 1581 ordinationibus
1073 1554 1199 1592 aposto-

459 1601 536 1643 licis,
551 1611 683 1642 necnon,
698 1606 852 1644 quatenus
864 1612 945 1645 opus
959 1601 1008 1642 sit,
1019 1601 1199 1645 provinciae

460 1665 514 1687 seu
528 1654 783 1697 congregationis
800 1654 989 1687 reformatae
1007 1654 1199 1695 huiusmodi,
1216 1677 1217 1680 η

460 1709 591 1752 eiusque
615 1707 881 1741 monasteriorum
907 1708 1103 1752 quorumvis,
1129 1713 1198 1748 etc.,

459 1763 491 1795 in
516 1762 709 1796 contrarium
734 1761 979 1806 praemissorum
1000 1761 1218 1805 quomodoli-v

459 1815 512 1848 bet
547 1814 705 1848 concessis
742 1814 935 1847 confirmatis
966 1819 995 1847 et
1027 1814 1200 1854 innovatis;

461 1867 575 1910 quibus
600 1867 749 1900 omnibus
767 1872 797 1899 et
813 1866 955 1909 singulis,
973 1867 1099 1899 illorum
1118 1870 1202 1900 teno-

462 1931 523 1960 res,
544 1926 612 1961 etc.,
633 1921 692 1953 hac
716 1921 782 1953 vice
803 1920 964 1953 dumtaxat
981 1920 1158 1964 specialiter
1173 1925 1219 1953 et¹

462 1980 492 2007 et
509 1985 655 2018 expresse
669 1974 869 2017 derogamus3
890 1973 1066 2017 ceterisque
1083 1979 1203 2007 contra-

463 2028 519 2061 riis
543 2028 804 2072 quibuscumque.

509 2082 523 2125 g
547 2081 598 2114 210.
626 2082 776 2115 Volumus
800 2085 903 2115 autem
929 2086 962 2114 ut
990 2081 1202 2125 praesentium

464 2135 685 2179 transumptis,
711 2145 814 2177 manu,
841 2140 917 2175 etc.,
941 2135 1048 2168 eadem
1073 2145 1203 2179 prorsus

464 2189 543 2222 fides
568 2189 598 2221 in
624 2189 739 2222 iudicio
757 2193 787 2222 et
806 2194 893 2221 extra
912 2188 1108 2230 adhibeatur,
1125 2199 1204 2232 quae

464 2242 684 2286 praesentibus
709 2242 784 2286 ipsis
809 2241 1023 2284 adhiberetur,
1049 2242 1073 2275 si
1101 2242 1221 2276 sorent=

466 2295 621 2328 exhibitae
645 2296 692 2328 vel
713 2300 864 2329 ostensae.

509 2349 620 2382 Datum
646 2349 763 2382 Romae
777 2375 784 2389 ,
809 2348 892 2392 apud
917 2348 947 2382 S.
969 2348 1096 2381 Mariam
1114 2347 1205 2381 Maio-

466 2412 555 2443 rem,
581 2402 638 2434 sub
664 2402 780 2435 annulo
808 2401 986 2443 Piscatoris,
1008 2401 1058 2435 die
1083 2412 1137 2435 xv1
1162 2401 1222 2434 seu

465 2454 586 2486 bruai-ii
600 2464 713 2496 MDCLX,
727 2454 930 2498 pontificatus
943 2454 1042 2487 nostri
1057 2464 1138 2488 anno
1153 2465 1181 2487 v.

503 2515 563 2542 Dat.
585 2515 627 2543 die
645 2516 677 2543 16
695 2516 825 2543 februarii
843 2516 921 2550 1660,
937 2516 1033 2552 pontif.
1050 2524 1120 2544 anno
1135 2524 1161 2543 v,

1228 1015 1302 1056 Deo,
1326 1014 1555 1059 praesidenteS,
1575 1014 1613 1046 ad
1634 1024 1679 1054 ea,
1699 1024 1757 1058 per
1781 1023 1861 1057 quae
1883 1013 1966 1046 felici

1229 1067 1511 1111 congregationum
1537 1067 1677 1100 virorum
1702 1067 1769 1099 leve
1789 1065 1905 1100 Christi
1922 1065 1967 1098 iu-

1229 1131 1303 1164 gum
1319 1121 1376 1153 suh
1390 1121 1534 1153 arctioris
1552 1120 1632 1153 vitae
1648 1120 1757 1162 regula
1775 1119 1979 1152 trahentium

1230 1174 1394 1207 directioni
1413 1179 1443 1206 et
1459 1173 1616 1217 gubernio
1634 1173 1819 1214 consulitur,
1836 1182 1968 1217 propen-

1231 1227 1272 1260 sis
1304 1227 1415 1260 studiis
1447 1226 1657 1267 intendimus,
1683 1226 1798 1270 illaque
1821 1225 1968 1266 libenter,

1231 1292 1302 1314 cum
1321 1292 1337 1313 a
1356 1280 1448 1314 nobis
1465 1280 1592 1324 petitur,
1608 1280 1769 1324 apostolici
1788 1279 1969 1312 muniminis

1230 1335 1388 1380 praesidio
1412 1334 1658 1375 constabilimus,
1679 1338 1773 1378 prout
1789 1334 1820 1366 in
1836 1333 1969 1368 Domino

1232 1388 1446 1433 conspicimus
1470 1388 1638 1421 salubriter
1662 1387 1820 1432 expedire.

1277 1443 1292 1486 g
1309 1442 1337 1475 1.
1364 1442 1483 1486 Exponi
1504 1441 1657 1485 siquidem
1674 1442 1766 1475 nobis
1779 1451 1882 1486 nuper
1898 1441 1970 1476 fecit

1234 1496 1365 1529 dilectus
1393 1495 1476 1528 filius
1503 1500 1692 1539 procurator
1712 1495 1867 1538 generalis
1896 1505 1971 1529 con-

1234 1548 1426 1593 gregationis
1458 1548 1625 1592 Hispaniae
1663 1553 1693 1581 et
1727 1548 1886 1581 Indiarum
1910 1549 1971 1582 fra-

1234 1608 1317 1636 trum
1342 1602 1606 1635 Discalceatorum
1631 1607 1884 1645 nuncupatorum
1907 1601 1969 1636 Or-

1234 1655 1315 1688 dinis
1340 1655 1549 1688 Eremitarum
1574 1654 1672 1687 sancti
1695 1654 1872 1698 Augustini,
1889 1655 1972 1699 quod

1235 1708 1266 1741 in
1291 1707 1429 1741 eiusdem
1451 1708 1704 1751 congregationis
1724 1708 1861 1751 capitulo
1881 1718 1973 1751 gene-

1235 1761 1303 1802 rali,
1327 1760 1496 1795 novissime
1517 1761 1547 1793 in
1565 1761 1682 1805 oppido
1698 1760 1826 1795 Civitate
1849 1771 1972 1795 nuncu-

1217 1820 1308 1859 ÷pato
1333 1814 1371 1847 de
1395 1814 1528 1859 Calayud
1560 1814 1590 1847 in
1614 1814 1772 1857 Aragonia
1797 1814 1972 1856 celebrato,

1235 1868 1477 1901 determinatum
1496 1868 1563 1908 fuit,
1583 1878 1642 1911 pro
1660 1867 1772 1900 maiori
1790 1867 1895 1911 quiete
1912 1868 1973 1901 ele-

1237 1921 1348 1955 ctionis
1372 1921 1479 1954 vicarii
1498 1921 1653 1964 generalis
1674 1921 1774 1954 dictae
1800 1931 1974 1965 congrega-

1237 1975 1329 2008 tionis
1353 1974 1556 2016 huiusmodi,
1586 1975 1708 2007 servata
1740 1974 1820 2008 inter
1858 1975 1889 2008 B.
1915 1975 1974 2008 Ma-

1237 2027 1300 2062 riae
1333 2028 1470 2071 Virginis
1501 2028 1532 2061 in
1564 2028 1715 2062 Columna
1739 2028 1916 2072 Aragoniae
1945 2033 1975 2063 et

1237 2082 1266 2115 S.
1292 2082 1456 2125 Augustini
1489 2082 1638 2116 Castellae
1670 2093 1770 2116 novae
1800 2087 1830 2116 et
1861 2082 1974 2116 veteris

1237 2146 1359 2169 necnon
1383 2136 1411 2170 S.
1437 2136 1575 2170 Thomae
1602 2136 1640 2169 de
1669 2136 1828 2170 Villanova
1852 2136 1975 2170 Beticae

1238 2189 1412 2233 superioris
1436 2194 1466 2222 et
1490 2189 1647 2223 inferioris
1671 2199 1707 2222 ac
1732 2189 1761 2222 S.
1782 2189 1900 2223 Nicolai
1921 2190 1976 2223 To—

1238 2243 1394 2277 lentinatis
1410 2243 1584 2287 respective
1596 2246 1789 2287 nuncupatas
1802 2242 1975 2276 insularum

1238 2296 1485 2340 Philippinarum
1512 2296 1541 2328 in
1566 2295 1660 2329 Indiis
1691 2296 1870 2340 provincias
1900 2306 1975 2330 con-

1238 2349 1431 2393 gregationis
1463 2349 1619 2393 praefatae
1654 2349 1861 2393 alternativa,
1896 2350 1977 2384 sieut

1240 2403 1270 2436 in
1295 2402 1539 2446 congregatione
1564 2403 1667 2436 Italiae
1696 2403 1828 2437 fratrum
1859 2402 1976 2437 Discal-

1240 2461 1399 2491 eeatorum
1418 2456 1556 2489 eiusdem
1574 2456 1699 2490 Ordinis
1715 2456 1911 2500 observatur,
1931 2454 1976 2489 in-

1278 2571 1287 2596 1
1306 2569 1344 2597 Ex
1358 2570 1469 2605 Regest.
1485 2569 1511 2597 in
1526 2570 1624 2598 Secret.
1643 2570 1720 2598 Brev.

2012 1452 2151 1478 Supplicatio.
