2243 3205
17 242 63 270 an.
83 244 110 269 C.
134 242 199 270 1658

41 995 161 1017 Contractus
171 999 198 1014 nc

19 1023 111 1044 tueantur
151 1026 198 1041 cum

21 1048 150 1070 mentalibus.

50 1956 154 1979 luterilieit
174 1957 203 1977 lo-

28 1984 126 2005 cutionem
144 1991 203 2010 regu-

28 2010 98 2032 tarium
107 2017 152 2032 cum
162 2017 204 2032 mn·

29 2037 121 2059 malibus.

815 245 1000 269 ,1111111115οΕ0
1026 246 1068 269 vn
1093 246 1140 270 1³1¹.

209 289 455 334 aequivalentem
495 291 556 324 vini
586 292 799 336 frumentique
830 293 969 336 portio-¹

209 354 282 377 nem
307 343 442 388 s3·ndicis
468 345 724 388 consignandam.
745 346 951 380 probibemus

209 396 347 440 pariter,
377 397 436 430 sub
460 398 570 441 poenis
596 399 785 442 praedictis,
814 410 853 432 ne
878 399 969 433 dicii}

211 449 394 493 regulares,
419 456 480 484 tam
506 463 563 495 per
588 462 640 492 se,
661 463 755 496 quam
782 463 838 496 per
863 453 950 495 alios,
967 484 969 502 ,k
985 453 1118 495 singulis
1140 454 1357 497 superioribus
1376 456 1564 499 supradietis
1582 463 1615 490 ut
1643 457 1726 490 seriis
1742 451 1926 496 fria-immmu-

210 503 345 537 mediate
363 505 409 537 vel
436 505 624 548 immediate,
651 516 666 537 a
691 506 879 539 monialibus
901 517 951 540 ea-

211 567 346 601 rumque
363 558 561 591 monasteriis
576 558 657 591 dona
682 569 738 592 seu
755 560 951 600 munuscula,
967 577 969 584 v

211 610 411 653 quantumvis
436 611 540 653 exigui
561 611 687 652 valoris,
711 622 836 645 necnon
863 623 951 645 escu-

211 664 294 696 lenta
325 668 378 697 aut
401 674 464 698 non
489 665 648 699 esculenta
672 676 889 710 quaecumque
907 677 953 699 ae-

212 716 337 760 cipiant‚
359 717 451 750 etiam
478 718 714 761 recognitionis,
739 719 846 761 debiti,
877 730 952 753 con-

213 769 400 812 tributionis,
414 771 647 812 alimentorum,
664 772 874 815 gratitudinis,
889 784 955 806 mu-

211 821 266 863 tui,
283 823 508 868 eleemosynae,
530 825 750 858 celebrationis
775 826 953 867 missarum,

211 875 357 917 fabricae,
384 877 612 918 valetudinarii,
638 878 796 918 vestiarii,
826 879 948 922 legato-

212 940 283 963 rum
307 930 443 974 piorum,
465 938 517 965 aut
542 942 742 976 quocumque
766 933 827 966 alio
854 933 953 967 titulo.

257 983 272 1027 §
297 983 325 1016 5.
352 983 512 1026 Similiter,
536 995 575 1018 ne
596 996 668 1019 cum
693 985 862 1029 praedictis
888 997 953 1020 mo-

213 1036 348 1070 nialibus
376 1048 549 1082 earumque
575 1039 785 1080 monasteriis,
810 1039 953 1083 ipsorum

212 1090 408 1132 regularium
433 1102 526 1125 curae
549 1092 680 1126 mediate
707 1093 752 1125 rel
775 1093 955 1126 immediate

213 1143 382 1185 subiectis,
413 1145 492 1178 ullos
518 1145 597 1178 inire
628 1145 750 1189 possint
775 1151 956 1180 contractus

213 1208 375 1239 censuum,
390 1204 451 1232 tam
469 1199 568 1234 active
585 1210 680 1243 quam
694 1200 826 1244 passive,
845 1200 954 1243 mutui,

213 1252 417 1294 locationum,
443 1253 688 1286 conductionum
704 1281 711 1294 ,
736 1253 932 1298 emptionum
948 1281 955 1294 ,

213 1306 440 1347 venditionum,
458 1311 510 1341 aut
535 1307 612 1340 alios
633 1318 861 1351 quoscumque,
881 1312 955 1340 tam-

213 1360 270 1395 etsi
295 1360 450 1394 eiusmodi
477 1366 656 1394 contractus
681 1361 757 1394 liciti
782 1361 895 1403 forent,
921 1372 956 1394 ac

213 1414 325 1456 utiles,
358 1420 387 1448 et
415 1415 453 1448 dc
483 1415 570 1448 Sedis
598 1416 798 1459 A'postolicae
830 1415 957 1448 licentia

215 1468 381 1509 mirentur,
395 1469 453 1501 nisi
468 1479 616 1513 expresse
630 1469 724 1502 suerit
739 1468 957 1513 praesentibus

215 1521 328 1556 litteris
353 1522 558 1565 derogatum
577 1523 661 1565 alias,
687 1528 811 1566 praeter
833 1523 957 1556 nullita-

218 1582 278 1610 tem
304 1581 522 1609 contractuum
540 1576 733 1617 huiusmodi,
752 1581 811 1610 tam
838 1580 959 1609 contra-

216 1631 336 1671 hentes,
357 1640 451 1674 quam
478 1631 669 1674 superiores,
696 1629 879 1662 mandantes
907 1634 959 1662 aut

215 1684 327 1729 quovis
352 1683 446 1717 modo
472 1684 724 1725 consentientes,
758 1684 896 1716 incidant
928 1683 958 1716 in

216 1748 351 1783 poenam
377 1737 561 1781 privationis·
589 1738 672 1770 vocis
699 1737 816 1770 activae
838 1742 867 1770 et
893 1748 960 1781 pas-

217 1792 300 1826 sivae
318 1801 353 1824 ac
370 1791 546 1824 officiorum
569 1801 698 1823 suorum
717 1801 753 1824 co
783 1791 860 1834 ipso,
877 1791 960 1823 rein-

218 1844 393 1889 tegratione
410 1844 501 1877 nobis
526 1850 554 1877 ct
581 1844 818 1877 suecessoribus
843 1844 960 1877 nostris

218 1898 366 1932 Romanis
390 1897 596 1931 Pontificibus
621 1898 788 1930 reservata.

263 1952 277 1995 g
311 1955 339 1985 b'.
368 1952 532 1984 Praeterea
569 1951 786 1984 interdicimus
813 1951 961 1985 erunibus

220 2011 250 2039 et
274 2005 406 2049 singulis
432 2004 599 2048 praedietis
625 2005 681 2037 sub
707 2005 823 2037 eisdem
843 2005 962 2048 pariter

219 2059 327 2103 poenis
353 2059 510 2103 colloquia
539 2069 755 2102 quaecumque
788 2070 859 2091 cum
885 2069 960 2091 san-

220 2113 453 2147 ctimonialibus
479 2113 713 2157 praedictorum
748 2113 959 2146 monasterio-

223 2178 290 2200 rum
307 2167 558 2211 (comprehensis
580 2167 672 2199 ctiam
694 2167 867 2207 abbatissis,
883 2167 963 2210 prio-

223 2221 309 2254 rissis
335 2231 369 2254 ac
397 2220 596 2263 otlicialilms)
629 2226 714 2253 extra
746 2226 849 2254 actum
882 2231 959 2254 con-

222 2274 405 2314 fessionum,
435 2274 644 2314 concionum,
669 2280 721 2307 aut
750 2275 961 2307 visitationum

222 2327 422 2367 buiusmodi3
444 2327 562 2360 adiecta
588 2328 646 2360 sub
677 2328 830 2361 similibus
856 2328 964 2371 poenis

222 2383 371 2425 expressa
390 2380 614 2424 prohibitione,
643 2391 681 2413 ne
707 2391 833 2424 quoquo
869 2381 963 2414 morlo

222 2433 416 2478 permittant,
436 2439 466 2466 ut
492 2444 602 2466 eorum
629 2434 715 2474 socii,
734 2434 849 2477 aliique
875 2444 964 2477 regu-

222 2488 327 2527 lares,
357 2492 418 2520 tam
444 2488 575 2531 professi
602 2498 695 2531 quam
721 2498 783 2520 non
808 2488 963 2531 professi,

222 2541 280 2574 sub
297 2541 407 2584 quovis
426 2545 588 2584 praetextu
607 2551 676 2573 111111
697 2541 885 2574 monialibus
903 2542 964 2575 eel-

223 2595 401 2638 loquantur.
428 2595 704 2628 (1011111110111011105
730 2600 851 2635 autem,
872 2607 963 2639 prae-

223 2652 270 2680 ter
285 2658 402 2695 poenas
416 2652 644 2692 praenarrutas‚
657 2649 857 2691 gravioribus
871 2650 962 2683 etiam

1630 239 1695 273 313
1740 249 1925 276 An.C.1658

984 300 1093 327 nostro
1121 305 1406 340 successorumque
1446 304 1627 330 nostrorum
1658 298 1726 331 Ro-

985 358 1152 380 manorum
1178 348 1364 382 Pontificum
1390 350 1521 383 arbitrio
1546 351 1725 394 punientur.

1030 401 1043 423 Q

1030 420 1044 444 δ
1069 401 1097 434 7.
1133 401 1315 434 Mandamus
1352 402 1480 447 insuper
1516 404 1662 437 omnibus
1698 410 1727 437 et
1795 417 1925 437 runos-oua<

1757 445 1761 464 l
1783 451 1792 461 »Δ
1813 444 1837 464 111
1868 445 1925 463 mtwt

1741 497 1808 518 monis
1834 497 1868 517 die
1896 497 1927 516 inl

985 507 1320 551 quadragesimalibus,
1335 509 1492 542 Adventus
1505 511 1638 551 nomini,
1652 511 1727 550 Qua-
1742 525 1788 544 ahi»
1817 526 1926 544 tunt-uom-

987 566 1056 593 tuor
1081 561 1285 605 Temporum,
1303 562 1493 605 vigiliarum,
1512 564 1663 597 festorum
1681 575 1728 597 so-
1742 552 1788 572 ω’

985 613 1136 647 lemnium
1162 625 1232 647 eum
1256 617 1318 649 tota
1340 626 1449 649 eorum
1469 619 1588 657 octava,
1605 628 1728 651 necnon

986 668 1098 701 diebus
1123 668 1338 702 sanctissimae
1363 670 1577 703 Eucharistiae
1603 681 1728 704 sumen-

987 721 1043 754 dae
1057 721 1228 762 destinatis,
1242 723 1397 756 locutoria
1412 734 1628 767 quaecumque
1641 735 1729 767 prae-

987 773 1145 807 dictorum
1183 776 1448 809 monasteriorum
1481 776 1586 809 clausa
1622 787 1726 809 rema-

988 833 1091 870 neant,
1105 829 1272 873 nullusque
1289 830 1344 870 111,
1358 830 1559 874 quantumvis
1578 831 1729 873 sanguine

988 880 1019 912 in
1043 891 1243 925 quocumque
1269 882 1369 925 gradu
1394 883 1591 923 coniunctus,
1610 882 1648 915 ad
1669 894 1731 916 mo-

988 933 1118 967 nialium
1139 935 1295 979 colloquia
1312 936 1397 968 hisce
1417 935 1610 980 temporibus
1623 936 1732 969 admit<

990 987 1141 1029 mittatur,
1162 989 1221 1022 nisi
1247 990 1287 1022 ob
1313 990 1488 1033 praecisam
1513 991 1729 1024 necessitatem

989 1052 1006 1074 a
1023 1041 1138 1075 dilecto
1156 1043 1221 1076 silio
1246 1049 1355 1076 nostro
1374 1048 1400 1076 et
1431 1054 1489 1087 pro
1511 1048 1652 1088 tempore
1673 1044 1732 1077 exi-

989 1096 1098 1129 stentis
1118 1098 1250 1131 Romani
1273 1098 1432 1131 Pontificis
1457 1098 1575 1132 vicario
1596 1099 1627 1132 in
1649 1098 1730 1132 Urbe

989 1149 1149 1192 praedicta
1179 1151 1208 1183 in
1240 1151 1457 1195 spiritualibus
1494 1152 1653 1194 generali,
1684 1151 1730 1184 vel

990 1203 1056 1235 eius
1082 1203 1316 1247 rieesgerente,
1343 1205 1372 1237 in
1397 1205 1522 1248 scriptis
1547 1204 1728 1248 approban-

989 1255 1071 1288 dam.
1098 1257 1134 1289 Et
1158 1257 1231 1300 quia
1257 1258 1286 1290 in
1312 1258 1501 1301 quibusdam
1534 1258 1732 1291 monasteriis

990 1310 1105 1342 abusus
1137 1310 1266 1344 invaluit
1297 1316 1330 1343 ut
1363 1322 1469 1344 sacrae
1501 1312 1732 1345 communionis

990 1368 1020 1395 et
1042 1363 1274 1397 confessionum
1299 1366 1478 1398 fenestellae
1503 1366 1731 1399 locutoriorum

991 1416 1060 1450 loco
1081 1417 1279 1455 deserviant,
1304 1418 1509 1462 prohibemus
1532 1419 1679 1452 omnibus
1703 1425 1733 1452 et,

991 1470 1122 1513 singulis
1146 1471 1310 1503 abbatissis
1336 1482 1390 1504 5011
1415 1472 1586 1515 priorissis,
1616 1473 1734 1506 conses-

992 1524 1116 1557 soribus
1141 1529 1170 1557 et
1195 1525 1307 1557 ceteris
1333 1525 1551 1568 superioribus
1580 1526 1733 1568 regulari-

992 1578 1060 1619 bus⁷
1082 1588 1137 1610 5011
1158 1578 1371 1611 visitatoribus
1391 1578 1656 1612 monasteriorum
1682 1579 1735 1611 hu<

994 1631 1128 1664 iusmodi
1154 1642 1211 1675 pro
1239 1636 1379 1676 tempore
1404 1632 1618 1673 existentibus,
1635 1632 1735 1665 euius-

993 1695 1129 1728 cumque
1153 1685 1270 1728 gradus
1296 1686 1446 1727 existant,
1472 1686 1529 1718 sub
1556 1688 1654 1730 poena
1680 1698 1733 1719 ex-

994 1739 1289 1772 communicationis
1314 1740 1393 1772 latae
1418 1740 1600 1780 sentcntiae,
1629 1751 1667 1773 ne
1687 1740 1717 1773 di

994 1798 1057 1825 ctas
1073 1793 1247 1825 fenestellas
1265 1793 1295 1825 in
1313 1793 1418 1835 alium,
1438 1804 1531 1837 quam
1551 1794 1581 1826 111
1599 1804 1734 1833 sacrum,

995 1846 1083 1879 0111115
1101 1848 1195 1879 causa
1212 1846 1372 1879 institutae
1386 1852 1466 1889 sunt,
1482 1858 1570 1879 usum
1588 1848 1633 1880 vel
1652 1848 1736 1881 adhi-

995 1899 1087 1932 beant.
1105 1900 1150 1932 rel
1177 1899 1319 1932 adhiberi
1340 1900 1531 1943 permittant.
1558 1900 1736 1935 Mandantes

995 1959 1025 1986 et
1049 1953 1278 1997 praecipientes
1304 1959 1351 1993 ut,
1377 1954 1514 1997 exceptis
1540 1955 1735 1988 communio-

995 2018 1069 2040 num
1088 2013 1118 2040 et
1142 2007 1373 2041 confessionum
1396 2007 1517 2048 diebus,
1536 2008 1636 2042 dictae
1659 2010 1738 2043 sene-

996 2061 1103 2094 stellae
1128 2072 1253 2105 semper
1278 2062 1440 2094 obseratae
1466 2062 1537 2103 sint,
1556 2068 1586 2096 et
1610 2063 1736 2107 quidem

996 2116 1113 2160 duplici
1135 2116 1223 2158 clari,
1251 2116 1372 2149 interna
1400 2117 1518 2150 scilieet
1543 2122 1572 2150 et
1597 2120 1737 2158 externa,

996 2180 1129 2214 quarum
1144 2171 1241 2204 altera
1262 2181 1357 2214 penes
1372 2170 1571 2211 abbatissam,
1587 2182 1641 2204 seu
1659 2172 1739 2215 prio-

998 2223 1127 2263 rissam,
1153 2224 1249 2256 altera
1287 2235 1361 2256 vero
1398 2234 1493 2267 penes
1525 2226 1737 2258 consessorem

997 2282 1192 2309 asservetur:
1219 2287 1379 2320 nunquam
1413 2288 1487 2311 vero
1519 2278 1635 2322 aperiri
1661 2288 1737 2322 pos-

998 2329 1058 2361 sint
1075 2329 1134 2362 nisi
1149 2330 1235 2364 statis
1257 2330 1342 2363 horis
1360 2331 1530 2370 dumtaxat,
1548 2336 1639 2374 atque
1667 2335 1740 2364 tem-

998 2383 1126 2426 poribus
1151 2383 1188 2416 ad
1214 2395 1336 2417 sacrum
1364 2384 1574 2417 ministerium
1606 2384 1741 2417 destina-

998 2436 1044 2468 tis.
1061 2436 1163 2469 Liceat
1184 2441 1284 2470 tamen
1303 2437 1474 2470 consessori
1501 2443 1550 2469 aut
1573 2438 1739 2481 superiori,

998 2500 1068 2522 eum
1095 2490 1214 2533 puellas
1240 2490 1277 2522 ad
1302 2490 1443 2522 habitum
1474 2495 1523 2522 aut
1562 2492 1736 2534 professio-

997 2553 1068 2576 nem
1084 2542 1204 2575 admitti
1222 2543 1399 2584 contigerit,
1416 2543 1596 2577 huiusmodi
1612 2544 1741 2578 functio-

997 2607 1052 2629 nes
1078 2597 1114 2629 ad
1141 2597 1372 2629 communionis
1411 2597 1600 2630 fenestellam
1628 2598 1738 2640 obire,

999 2651 1082 2683 iuxta
1110 2651 1201 2682 ritum
1223 2654 1250 2683 et
1272 2650 1529 2685 consuetudinem
1549 2652 1739 2685 monasterii.
