2202 3190
242 217 294 244 Au.
315 215 427 244 &1061
478 206 541 240 73ss

442 261 607 302 facultatis,
621 260 742 302 indulti,
756 259 924 304 privilegii,
938 259 1181 301 consuetudinis,

443 316 491 349 vel
508 315 569 348 alio
583 314 682 356 titulo,
696 313 755 346 nisi
769 324 880 346 eorum
898 313 1018 346 iuribus
1032 313 1070 356 (si
1084 310 1180 356 quae¹

444 367 699 412 praetenderent)
717 366 755 399 ad
770 371 910 399 nostram
929 366 1117 399 audientiam
1136 376 1182 397 re-

443 421 522 462 latis,
547 421 717 463 nostraque
741 419 951 452 declaratione
984 424 1076 462 atquc
1111 418 1177 450 ius-

443 474 529 507 sione
548 475 718 517 expectata,
739 483 818 516 quae
842 472 1049 516 praecedente
1078 471 1181 514 cogni-

443 527 527 560 tione
551 538 587 560 ac
611 526 836 560 deliberatione
860 526 899 559 ad
934 526 1075 569 ipsorum
1100 525 1181 558 noti-

443 581 516 615 tiam
534 581 634 614 delata
658 581 782 623 suisset,
803 581 997 614 declarantes
1010 579 1133 612 irritum
1151 583 1181 611 et

443 634 534 667 inane
569 634 721 678 quidquid
750 644 839 667 secus
870 633 902 666 in
937 631 1118 676 praemissis
1142 631 1180 664 ab

443 688 498 729 eis,
516 688 564 721 vel
588 688 704 731 aliquo,
722 698 776 720 seu
796 686 953 730 aliquibus
969 696 1091 727 eorum,
1107 695 1181 728 quo-

443 741 675 784 modocumque
705 746 735 773 et
763 740 1034 784 qualitercumque
1059 737 1180 771 contin-

443 799 533 837 geret
556 793 625 826 sieri
650 794 698 826 vel
722 793 866 826 attentari
887 792 1014 836 (quibus
1039 801 1112 824 sane
1136 790 1181 823 lit-

444 846 519 880 teris
542 846 659 880 nostris
689 847 728 879 ab
755 846 799 879 eis
834 844 988 888 receptis,
1013 843 1180 887 specialem

443 900 593 933 nuncium
618 900 656 932 ad
680 909 737 933 nos
762 899 915 932 miserunt
934 897 1096 932 Claudium
1117 897 1180 930 An-

444 953 564 987 tonium
583 953 670 986 Reud
687 963 725 986 ex
739 963 848 986 eorum
866 952 988 995 gremio
1001 949 1181 991 delectum²,

444 1007 497 1051 qui
517 1012 625 1040 nostro
650 1011 865 1050 praesentatus
890 1004 1080 1049 conspectui,
1104 1004 1183 1037 litte-

445 1060 551 1104 risque
584 1059 710 1103 capituli
742 1058 871 1091 redditis
903 1058 983 1091 datis
1018 1057 1068 1090 die
1104 1066 1182 1090 xxt‘l

443 1114 553 1158 aprilis
577 1113 717 1147 eiusdem
742 1112 830 1154 anni,
856 1112 970 1155 quibus
994 1121 1082 1145 suam
1107 1121 1182 1153 erga

442 1178 499 1201 nos
535 1173 564 1200 et
587 1166 802 1211 Apostolicam
834 1166 946 1199 Sedem
983 1164 1181 1198 devotionem

443 1231 479 1254 ac
503 1220 689 1264 obsequium
715 1224 923 1252 contestantes
947 1218 1062 1251 nostris
1086 1228 1182 1261 super

442 1273 623 1318 praemissis
643 1272 797 1305 mandatis
821 1272 1001 1305 unanimem
1026 1270 1179 1304 obedien-

444 1326 518 1361 tiam
543 1326 783 1370 profitebantur,
807 1325 944 1367 benigne
964 1329 1121 1368 exceptus,
1147 1333 1182 1356 ac

444 1380 578 1413 subinde
595 1383 729 1423 quatuor
746 1379 853 1412 curiae
876 1383 1002 1411 nostrae
1025 1377 1182 1421 praelatos

444 1433 586 1466 doctrina
605 1437 635 1466 et
659 1432 837 1475 integritate
862 1435 1054 1475 praestantes
1079 1430 1178 1463 insor-

444 1497 532 1520 mare
556 1487 658 1519 iussus
682 1486 749 1528 suit,
772 1490 815 1528 ut,
833 1495 943 1518 eorum
967 1483 1079 1517 auditis
1093 1483 1181 1523 votis,

445 1540 560 1573 certius
573 1538 728 1583 reciperet
742 1538 877 1571 iustitiae
889 1537 1181 1581 complementum),

444 1594 563 1627 interea
576 1598 691 1634 tamen,
706 1593 779 1625 dum
797 1592 874 1625 haec
888 1602 994 1625 coram
1008 1590 1097 1624 nobis
1114 1601 1182 1634 age-

444 1652 573 1688 rentur,
599 1650 770 1680 convocato
795 1645 949 1689 capitulo,
977 1644 1120 1678 nonnulli
1146 1655 1181 1677 ex

444 1701 498 1743 cis,
524 1700 677 1733 maiorem
702 1700 807 1733 forsan
830 1704 904 1732 tune
929 1699 1181 1732 interessentium

443 1758 566 1798 partem
592 1753 827 1794 constituentes,
844 1753 960 1786 nostris
980 1762 1042 1785 non
1059 1752 1182 1785 attentis

444 1807 610 1847 mandatis,
635 1806 884 1846 inhibitionibus,
909 1811 1000 1849 atque
1029 1805 1182 1845 decretis,

444 1861 595 1904 nullaque
618 1860 657 1892 ad
681 1870 738 1893 nos
763 1859 883 1892 delatae
905 1870 941 1892 ac
965 1859 1129 1902 pendentis
1152 1859 1182 1890 in

444 1913 604 1946 audientia
631 1914 739 1946 nostra
769 1912 958 1955 cognitionis
982 1912 1102 1945 ratione
1127 1911 1181 1943 lia-

444 1966 520 2009 bita,
545 1967 583 1999 ad
608 1966 793 1999 electionem
819 1965 985 2007 Guglielmi
1019 1963 1183 1997 lIumlJerti

446 2019 654 2064 Praecipiani,
671 2029 726 2052 seu
743 2018 781 2051 de
801 2018 1014 2062 Praecipiano,
1032 2017 1184 2050 archidia-

446 2074 516 2107 coni
542 2073 692 2114 maioris,
718 2083 789 2105 cum
814 2072 859 2105 eis
882 2071 1055 2116 praesentis
1080 2081 1115 2103 ac
1140 2081 1184 2103 sa-

445 2127 597 2170 tagentis,
622 2126 653 2158 in
674 2125 814 2159 eiusdem
848 2126 999 2159 ecclesiae
1030 2124 1182 2158 decanum

445 2180 598 2214 maiorem
630 2179 798 2223 prosilire,
823 2189 858 2212 ac
893 2179 924 2211 in
953 2178 1182 2223 possessionem

446 2233 545 2266 dictae
570 2232 738 2276 dignitatis,
763 2232 892 2276 eiusque
916 2232 1071 2264 bonorum
1090 2236 1119 2263 et
1139 2230 1184 2263 iu-

445 2286 528 2320 rium
553 2286 744 2328 immittere,
770 2285 833 2318 imo
866 2286 970 2318 verius
1001 2284 1183 2326 intrudere,

446 2341 614 2384 locumque
645 2340 677 2372 in
708 2340 806 2373 choro
838 2339 999 2383 assignare
1034 2339 1183 2379 nulliter,

277 2400 431 2421 Ordinationes·
446 2404 615 2438 perperam
629 2397 659 2427 et
672 2393 837 2426 temerarie
851 2393 917 2426 ausi
934 2393 1068 2427 suerunt.
1082 2392 1184 2432 Quare

447 2457 514 2488 nos,
531 2447 710 2491 praemissis
723 2447 870 2481 omnibus
883 2451 998 2479 attente
1011 2446 1184 2490 perpensis,

447 2499 622 2544 auditisque
647 2500 740 2533 etiam
764 2500 932 2544 praedictis
955 2500 1123 2544 praelatis,
1148 2510 1184 2533 ac

484 2571 495 2597 1
518 2570 614 2605 Aptius
629 2570 687 2606 lege
703 2579 761 2605 qua
776 2579 825 2606 pro
841 2579 913 2606 quaa
931 2571 967 2605 (a.
983 2572 1031 2604 τ.).

483 2614 499 2641 2
518 2613 584 2642 Mate
599 2613 663 2641 edit.
679 2614 762 2642 Main.
777 2615 843 2650 legit
857 2615 979 2643 delectus
991 2615 1032 2651 (n.
1050 2615 1099 2650 T.).

1013 212 1192 236 BULLARIUM
1217 210 1371 235 ROMANUM

1215 263 1279 291 toto
1292 257 1425 301 negocio
1438 262 1560 291 mature
1572 257 1779 299 considerato,
1790 258 1949 292 attenden-

1215 316 1260 343 tes
1284 310 1498 345 detestabilem
1522 310 1703 343 huiusmodi
1727 310 1883 344 dictorum
1904 321 1950 344 ca-

1213 363 1401 397 nonicorum
1427 364 1637 397 temeritatem
1662 368 1692 396 et
1722 363 1949 407 petulantiam,

1215 416 1407 459 gravissimis
1432 416 1558 460 quidem
1588 416 1746 449 canonicis
1775 415 1951 459 quibusque

1214 469 1324 513 poenis
1350 469 1519 502 iustissime
1543 469 1744 513 puniendam,
1764 479 1803 502 ne
1824 469 1953 512 Aposto-

1215 523 1291 556 licae
1309 523 1396 555 Sedis
1414 523 1569 563 maiestas,
1587 523 1625 555 ab
1639 522 1796 563 omnibus,
1813 532 1953 566 praeser-

1217 575 1272 608 tim
1290 580 1394 608 autem
1414 575 1630 609 ecclesiasticis
1647 574 1800 619 personis,
1817 574 1953 608 maxime

1215 629 1400 670 veneranda,
1419 632 1635 662 contemnatur
1652 629 1791 672 impune,
1809 633 1839 661 et
1852 628 1952 661 eccle-

1214 683 1355 716 siasticae
1367 682 1548 726 disciplinae
1562 682 1759 715 observantia
1773 681 1952 725 pernicioso

1215 736 1395 780 inquinetur
1420 736 1580 780 exemplo,
1605 739 1822 769 verumtamen
1847 735 1953 778 legum

1215 790 1412 823 severitatem
1437 789 1626 833 apostolicae
1650 788 1787 822 lenitatis
1808 788 1953 822 modera-

1215 843 1298 877 tione
1323 848 1499 887 tcmperare
1523 843 1671 884 volentes,
1697 847 1785 875 motu
1811 841 1952 885 proprio,

1215 906 1277 930 non
1301 896 1340 929 ad
1364 895 1495 929 alicuius
1520 906 1614 940 super
1638 895 1698 929 hoc
1727 895 1848 928 oblatae
1873 895 1952 938 peti-

1216 949 1308 983 tionis
1328 950 1519 991 instantiam,
1535 949 1589 982 sed
1609 949 1646 982 de
1666 950 1773 982 nostra
1797 949 1885 981 mera
1902 948 1953 981 de-

1216 1002 1423 1045 liberatione¹‚
1441 1008 1472 1036 et
1496 1013 1532 1036 ex
1557 1004 1644 1036 certa
1661 1002 1801 1044 scientia,
1818 1001 1954 1035 declara-

1216 1067 1285 1089 mus
1303 1056 1487 1090 electionem
1504 1055 1655 1100 praedicti
1675 1054 1783 1088 decani
1801 1059 1831 1087 et
1848 1054 1953 1088 omnia

1216 1115 1246 1143 et
1269 1110 1392 1153 singula
1416 1109 1499 1142 circa
1521 1119 1593 1142 eum
1618 1113 1695 1148 acta,
1720 1113 1816 1151 gesta,
1831 1113 1860 1141 et
1883 1118 1954 1152 pos-

1216 1164 1408 1206 sessionem,
1441 1173 1496 1196 seu
1527 1162 1631 1196 verius
1663 1162 1892 1201 intrusionem,
1917 1171 1952 1194 ac

1216 1223 1320 1251 cetera
1350 1227 1566 1262 quaecumque
1599 1215 1811 1259 subsequuta,
1834 1215 1953 1247 nullam

1216 1272 1340 1315 penitus
1362 1276 1392 1304 et
1415 1275 1605 1310 attentatam,
1630 1269 1779 1312 nullaque
1802 1271 1832 1302 et
1855 1273 1953 1301 atten-

1216 1330 1286 1367 tata⁷
1305 1328 1334 1358 et
1353 1324 1468 1357 nullius
1486 1322 1611 1356 roboris
1626 1327 1679 1354 aut
1693 1321 1843 1355 momenti
1858 1321 1954 1354 fuisse

1215 1384 1245 1411 et
1269 1388 1346 1418 esse,
1360 1387 1461 1421 neque
1486 1377 1518 1409 in
1543 1375 1653 1419 quovis
1677 1374 1803 1415 iudicio,
1820 1379 1883 1407 tam
1903 1384 1954 1418 pe-

1216 1430 1321 1465 titorio
1346 1440 1439 1474 quam
1475 1428 1671 1473 possessorio
1696 1432 1726 1461 et
1757 1427 1953 1460 summariis-

1215 1484 1295 1517 simo
1312 1487 1342 1517 et
1366 1482 1446 1515 meri
1462 1481 1545 1523 facti,
1561 1480 1711 1525 prodesse
1727 1485 1820 1524 atque
1837 1480 1953 1514 attendi

1215 1547 1307 1582 posse
1324 1537 1370 1570 vel
1391 1536 1516 1576 debere,
1537 1535 1591 1568 sed
1605 1534 1749 1568 eumdem
1767 1534 1952 1567 decanatum

1215 1591 1318 1624 adhuc
1343 1600 1464 1633 vacare,
1486 1593 1520 1622 ut
1539 1589 1627 1632 prius
1652 1587 1780 1621 vacabat
1802 1597 1860 1631 per
1880 1598 1954 1631 pro-

1216 1643 1386 1677 motionem
1412 1641 1564 1687 praedicti
1582 1641 1706 1675 Ioannis
1726 1640 1830 1674 Iacobi
1854 1640 1892 1673 ad
1910 1640 1953 1673 di-

1215 1703 1295 1731 ctam
1321 1695 1620 1741 archiepiscopalem
1645 1694 1818 1735 ecclesiam,
1832 1693 1954 1727 sublata

1215 1752 1404 1795 cuicumque
1420 1750 1510 1783 aliter
1527 1748 1695 1790 iudicandi,
1712 1747 1900 1781 decernendi
1917 1758 1953 1781 ac

1216 1804 1439 1848 interpretandi
1464 1808 1614 1847 potestate
1633 1830 1640 1844 ,
1664 1802 1789 1835 irritum
1821 1811 1952 1845 prorsus

1215 1870 1251 1892 ac
1268 1858 1359 1891 inane
1376 1857 1579 1890 decernentes
1596 1854 1748 1899 quidquid
1765 1864 1855 1887 secus
1872 1853 1951 1894 sieri,

1216 1911 1341 1946 decerni
1366 1915 1459 1954 atque
1483 1908 1627 1942 attentari
1652 1907 1828 1951 contigerit.

1260 1966 1274 2009 ἓ
1291 1965 1320 1998 ΕΞ.
1339 1965 1468 2008 Insuper
1485 1963 1567 1996 dicto
1584 1962 1762 2005 Guglielmo
1778 1960 1951 1994 Humberto

1217 2018 1430 2062 Praecipiano,
1460 2016 1535 2049 tanti
1560 2015 1708 2048 facinoris
1728 2014 1858 2054 auctori,
1882 2023 1953 2057 pro-

1217 2072 1342 2112 motori,
1356 2081 1409 2104 seu
1423 2070 1547 2110 fautori,
1565 2070 1685 2102 nullum
1710 2068 1838 2102 omnino
1855 2067 1886 2100 in
1906 2066 1953 2099 di-

1216 2127 1266 2159 cta
1281 2125 1440 2168 dignitate,
1459 2133 1561 2166 neque
1578 2122 1661 2155 illius
1684 2121 1880 2165 possessione
1904 2120 1952 2153 vel

1216 2179 1315 2223 quasi,
1332 2187 1434 2221 neque
1458 2177 1497 2209 ad
1517 2186 1585 2209 eam
1610 2176 1658 2209 ius
1675 2174 1861 2218 acquisitum
1882 2173 1953 2207 suis·

1216 2244 1247 2265 se
1273 2232 1319 2264 vel
1344 2231 1464 2275 acquiri
1488 2229 1648 2273 potuisse,
1674 2228 1727 2262 sed
1751 2228 1854 2272 ipsum
1880 2237 1951 2271 per-

1215 2290 1309 2328 petuo
1334 2283 1504 2316 inhabilem
1529 2287 1559 2315 et
1589 2281 1770 2324 incapacem
1796 2280 1833 2313 ad
1858 2290 1950 2324 prae-

1215 2338 1333 2371 dictum
1363 2337 1548 2370 decanatum
1584 2339 1614 2368 et
1645 2334 1704 2367 alia
1735 2344 1951 2378 quaecumque

1216 2390 1425 2425 ecclesiastica
1454 2388 1608 2422 beneficia
1637 2398 1836 2432 quocumque
1860 2387 1951 2420 etiam

1215 2456 1296 2479 novo
1321 2445 1420 2485 titulo,
1445 2442 1538 2476 causa
1563 2442 1610 2475 vel
1633 2446 1795 2485 praetextu
1815 2441 1952 2474 obtinen-

1216 2499 1290 2532 dum
1309 2509 1344 2531 ac
1360 2496 1583 2542 possidendum
1600 2495 1762 2535 efficimus,
1782 2494 1950 2536 reddimus,

1216 2551 1414 2586 decernimus
1437 2560 1473 2583 ac
1489 2549 1695 2588 declaramus,
1716 2553 1750 2581 ut
1765 2547 1797 2580 in
1813 2557 1850 2581 eo
1866 2547 1950 2591 quod

1252 2615 1263 2641 1
1281 2613 1352 2641 Edit..
1368 2612 1447 2640 Μαίη.
1462 2611 1527 2647 legit
1541 2610 1710 2640 liberatione
1723 2609 1762 2644 (a.
1776 2608 1824 2644 T.).

1958 211 2011 239 An.
2031 210 2060 239 C.
2077 211 2140 240 166¹

2036 1969 2142 1992 clausula·

1966 1997 2071 2024 poenales.
