2243 3205
19 168 70 195 An.
86 165 114 192 C.
137 165 204 192 1659

57 1557 197 1580 Prooemium.

61 1931 201 1958 Supplicatio.

215 221 293 253 rem,
305 211 362 245 sub
375 212 490 245 annulo
505 212 684 254 piscatoris,
695 212 745 245 die
760 222 815 245 vni
830 212 954 256 augusti

214 274 342 307 imcux,
359 265 560 310 pontificatus
573 265 673 299 nostri
692 276 773 300 anno
793 277 821 299 v.

251 329 311 356 Dat.
329 328 371 357 dic
387 329 402 357 8
417 329 524 365 augusti
542 330 619 364 1659,
637 329 732 365 pontif.
750 337 820 356 anno
835 336 861 355 v.

533 471 638 506 CCLll.

218 549 371 593 Indulget
394 553 430 583 ut
461 549 571 583 clerici
603 549 866 593 Conqreqationis
897 548 958 582 cle-

263 604 408 637 ricorum
430 604 630 637 secularium
658 604 830 637 Doctrinae
860 603 956 637 Chri-

263 657 392 690 stianae
421 657 459 690 in
492 657 603 691 Gallici
627 656 665 690 ab
693 666 780 689 anno
811 665 960 689 iunchvn

264 710 349 742 citra
371 709 520 748 admissi,
539 713 613 742 vota
628 708 796 752 simplicia
817 709 961 742 emittere

263 763 398 807 possint,
411 773 477 795 non
489 767 640 795 renovato
653 762 853 806 probationis
863 772 959 803 anno,

265 820 364 860 atque
387 826 495 849 omnes
519 815 703 860 supradicti
727 816 792 848 sive
815 816 884 848 iam
909 815 961 847 acl-

265 869 371 911 missi,
398 869 463 902 sive
487 869 523 902 in
547 870 699 912 futurum
716 868 909 902 admittendi
925 870 962 902 in

267 922 352 955 dicta
375 922 639 965 Conyreyatione,
667 922 727 965 qui
747 925 820 965 post
845 922 963 954 emissa

266 979 340 1009 vota
363 985 401 1008 ex
425 974 557 1007 licentici
586 975 765 1018 praepositi
799 974 962 1017 yenernlis

269 1029 318 1062 vel
339 1028 553 1073 provincialis
576 1029 751 1061 mittentur
783 1027 825 1060 ad
856 1038 962 1060 sacros

270 1083 399 1116 ordines
418 1081 648 1125 suscipiendos,
673 1081 824 1114 ordinari
838 1082 963 1124 possint

269 1148 289 1169 a
319 1145 521 1180 quocumque
552 1134 709 1167 catholieo
745 1135 891 1167 antistite
915 1133 963 1166 vel

269 1190 467 1224 dimissoriis
492 1189 586 1222 illius
614 1189 773 1232 episcopi,
805 1189 841 1220 in
872 1188 965 1220 cuius

271 1244 405 1277 dioecesi
430 1244 574 1276 eoeistunt
599 1241 735 1285 colleqia
758 1252 812 1275 seu
838 1241 963 1282 domus,

270 1299 308 1331 in
331 1298 450 1342 quibus
474 1297 596 1340 dequnt
620 1296 657 1329 de
680 1296 814 1339 familid
839 1296 899 1339 qui
924 1294 967 1327 ad

270 1361 375 1384 saeros
401 1350 527 1383 ordines
545 1350 728 1394 promoveri
747 1349 931 1382 desiderant
948 1348 966 1382 ¹.

423 1431 590 1459 Alexander
610 1432 688 1465 Papa
710 1432 773 1463 vll,

366 1477 403 1520 ad
422 1476 556 1503 futuram
578 1476 624 1503 rei
648 1476 831 1503 memoriam.

273 1548 356 1582 Alias
381 1552 566 1581 emanarunt
589 1556 606 1579 a
630 1546 721 1580 nobis
745 1546 869 1579 litterae
887 1547 917 1579 in
935 1547 972 1580 si-

230 1601 295 1635 mili
320 1601 423 1634 forma
447 1600 551 1633 brevis
576 1600 694 1633 tenoris
709 1627 716 1640 ,
740 1600 792 1643 qui
819 1600 971 1644 sequitur,

230 1655 390 1689 videlicet:
409 1654 583 1687 Alexander
600 1654 682 1697 Papa
700 1654 760 1695 VII,
775 1653 813 1686 ad
834 1654 970 1686 futuram

229 1709 275 1742 rei
311 1708 507 1741 memoriam.
544 1706 738 1740 Sacrosancti
779 1707 972 1750 apostolatus

230 1762 368 1797 officium
393 1760 560 1795 humilitati
585 1763 711 1794 nostrae
735 1770 791 1803 per
817 1760 972 1793 ineffabile

230 1816 353 1849 divinae
368 1815 517 1849 bonitatis
534 1814 769 1856 abundantiam,
787 1818 844 1848 etc.
865 1814 973 1859 (prout

230 1880 332 1914 supra
349 1880 424 1913 pay.
445 1868 542 1912 445).

276 1924 291 1968 g
308 1923 336 1956 1.
351 1924 426 1958 Cum
447 1928 563 1963 autem,
582 1922 661 1955 sicut
680 1922 861 1966 praedictus
881 1923 974 1955 Fran-

232 1977 334 2011 ciscus
357 1977 448 2010 Avias
480 1976 571 2009 nobis
600 1986 703 2020 nuper
737 1976 848 2020 exponi
880 1977 972 2018 fecit,

233 2030 287 2073 illi,
312 2031 365 2074 qui
392 2029 423 2062 in
447 2029 562 2062 dictam
584 2029 865 2072 Congregationem
887 2030 974 2062 cleri-

233 2094 343 2118 corum
369 2083 557 2116 secularium
591 2082 756 2116 Doctrinae
781 2082 974 2116 Christianae

233 2137 264 2170 in
277 2137 375 2171 Gallia
391 2137 430 2170 ab
444 2147 525 2169 anno
548 2146 698 2170 imchvn
715 2146 814 2179 usque
836 2137 864 2168 in
886 2147 974 2180 prae-

233 2196 351 2224 sentem
370 2190 452 2223 diem
472 2190 599 2223 admissi
617 2190 753 2230 fuerunt,
771 2200 886 2222 annum
906 2201 976 2234 pro-

233 2243 368 2277 bationis
392 2243 596 2286 expleverint,
616 2253 717 2287 eoque
742 2243 875 2287 expleto,
890 2243 975 2276 missi

234 2297 351 2330 fuerint
368 2296 406 2329 ad
431 2296 553 2329 diversa
571 2297 703 2339 collegia
720 2302 750 2329 et
766 2296 878 2329 domos
899 2297 977 2329 eius-

236 2349 307 2383 dem
340 2349 619 2392 Congregationis,
651 2349 680 2381 in
706 2349 820 2393 quibus
846 2354 911 2381 tuin
947 2349 977 2382 in

236 2403 353 2437 scholis
377 2403 536 2442 faciendis,
562 2408 627 2435 tum
652 2402 680 2434 in
706 2402 774 2434 aliis
799 2402 975 2445 exercitiis,

237 2457 352 2502 quibus
375 2457 456 2490 dicta
474 2457 682 2499 Congregatio
703 2466 738 2489 ex
758 2456 899 2490 instituto
921 2467 977 2490 suo

277 2573 286 2600 1
311 2571 346 2599 Ex
367 2571 472 2608 Regest.
494 2571 520 2598 in
540 2571 640 2599 Secret.
664 2571 740 2599 Brex'.

810 164 995 187 ALEXANDEP.
1021 163 1064 186 vu
1089 163 1136 186 ΓΡ.

1634 152 1696 186 487

990 210 1152 251 incumbit,
1170 217 1374 255 occupantur,
1393 221 1449 244 nee
1475 211 1544 244 inde
1562 210 1598 244 ad
1615 221 1728 243 noram

990 264 1208 308 probationem
1234 265 1418 307 faciendam,
1440 265 1498 298 nisi
1516 265 1684 298 difficulter
1702 268 1731 298 ei

991 328 1062 351 cum
1088 317 1175 360 gravi
1201 317 1316 349 damno
1346 318 1443 361 ipsius
1473 317 1732 360 Congregationis

991 369 1132 402 revocari
1158 370 1294 413 possint:
1320 370 1409 402 nobis
1434 375 1601 414 propterea
1631 370 1732 403 dictus

992 423 1177 456 Franciscus
1201 423 1364 455 humiliter
1388 423 1558 467 supplicari
1583 423 1674 466 fecit,
1700 428 1734 456 ut

993 477 1023 509 in
1047 477 1229 521 praemissis
1254 482 1433 521 opportune
1458 477 1625 521 providere
1650 482 1680 510 et
1700 482 1734 510 ut

993 530 1074 563 infra
1098 530 1263 573 indulgere
1280 530 1318 563 de
1342 530 1534 573 benignitate
1561 530 1733 574 apostoliea

994 583 1207 627 dignaremur.

1039 636 1053 680 ἓ
1070 636 1099 669 Q.
1122 637 1184 670 Nos
1200 636 1308 679 igitur,
1326 636 1427 680 ipsum
1449 636 1651 670 Franciscum
1668 647 1734 681 spe-

995 689 1128 722 cialibus
1152 689 1310 723 savoribus
1336 695 1365 722 et
1390 690 1500 733 gratiis
1519 691 1667 734 prosequi
1686 701 1734 724 vo-

995 743 1105 784 lentes,
1130 748 1159 775 et
1183 753 1200 775 a
1224 742 1386 786 quibusvis
1411 743 1734 783 ecommunicationis,

996 795 1188 836 etc.,harum
1203 795 1283 828 serie
1301 795 1497 829 absolventes
1510 801 1539 828 et
1556 795 1734 829 absolutum

996 849 1063 882 sore
1091 854 1264 890 censentes,
1289 849 1469 882 huiusmodi
1495 849 1734 893 supplicationi—

997 902 1056 935 bus
1072 902 1222 943 inclinati,
1236 904 1401 946 perspecta
1414 908 1614 935 narratorum
1629 903 1737 935 verita-

998 961 1036 996 te,
1050 960 1083 988 ut
1097 965 1207 988 omnes
1221 956 1273 998 qui
1289 965 1306 987 a
1320 955 1479 999 praedicto
1490 965 1571 988 anno
1586 965 1737 989 MDCXLVII

997 1019 1096 1052 usque
1116 1008 1148 1040 in
1171 1014 1368 1052 praesentem
1384 1009 1467 1041 diem
1486 1009 1517 1041 in
1532 1009 1646 1042 dietam
1663 1009 1737 1043 Con-

998 1063 1215 1106 gregationem
1252 1062 1379 1095 suerunt
1404 1062 1552 1103 admissi,
1578 1063 1609 1095 in
1637 1065 1737 1106 eaque

997 1126 1054 1159 per
1079 1126 1196 1148 annum
1222 1115 1381 1158 integrum
1409 1116 1439 1148 in
1464 1116 1651 1158 probatione
1677 1122 1738 1149 ste-

999 1174 1113 1210 terunt,
1139 1174 1304 1212 postquam
1330 1180 1387 1212 per
1411 1169 1489 1202 alios
1513 1169 1591 1202 duos
1616 1180 1739 1202 menses

1000 1223 1030 1254 in
1048 1222 1157 1255 eadem
1175 1223 1361 1266 probatione
1383 1223 1615 1266 permanserint
1632 1223 1662 1254 in
1680 1223 1741 1256 col-

1000 1277 1090 1319 legiis
1115 1277 1163 1309 vel
1187 1277 1350 1317 domibus,
1376 1277 1407 1309 in
1442 1277 1555 1320 quibus
1580 1276 1617 1309 ad
1642 1287 1738 1320 prae-

1002 1341 1072 1363 sens
1102 1334 1360 1371 commorantur,
1393 1331 1418 1363 si
1454 1330 1592 1374 alioquin
1623 1331 1742 1364 habiles

1004 1385 1120 1417 inventi
1151 1385 1289 1425 fuerint,
1320 1384 1358 1417 ad
1388 1385 1447 1417 tria
1472 1390 1542 1417 vota
1566 1385 1742 1429 simplicia,

1004 1449 1126 1472 necnon
1158 1444 1264 1471 votum
1300 1450 1354 1471 seu
1389 1439 1600 1471 iuramentum
1635 1450 1743 1483 perse-

1005 1493 1132 1526 verandi
1158 1497 1313 1536 perpetuo
1338 1493 1367 1525 in
1394 1492 1503 1525 eadem
1525 1493 1745 1537 Congregatio-

1005 1557 1076 1579 nem
1104 1546 1225 1579 admitti
1257 1546 1357 1579 libere
1389 1550 1418 1580 et
1446 1547 1529 1579 licite
1556 1547 1677 1580 valeant
1706 1547 1745 1581 ad

1006 1600 1235 1645 praescriptum
1272 1600 1540 1644 praeinsertarum
1566 1606 1745 1634 nostrarum

1006 1655 1204 1694 litterarum,
1229 1660 1321 1698 atque
1346 1658 1379 1688 ut
1404 1665 1513 1688 omnes
1543 1655 1648 1688 clerici
1681 1656 1746 1689 sive

1008 1709 1067 1741 iam
1094 1708 1221 1740 admissi
1248 1708 1311 1740 sive
1337 1708 1367 1740 in
1392 1708 1531 1741 futurum
1563 1709 1746 1744 admittendi

1008 1762 1038 1794 in
1059 1761 1173 1794 dictam
1195 1761 1490 1804 Congregationem,
1509 1762 1561 1805 qui
1579 1757 1649 1806 post
1666 1769 1747 1805 vota,

1007 1820 1041 1848 ut
1065 1815 1254 1859 praefertur,
1280 1815 1393 1847 emissa
1411 1825 1446 1847 ex
1467 1815 1592 1848 licentia
1618 1827 1750 1860 praepo-

1008 1869 1057 1901 siti
1084 1868 1240 1911 generalis
1265 1868 1312 1900 vel
1349 1868 1550 1911 provincialis
1586 1869 1750 1903 mittentur

1008 1921 1046 1954 ad
1071 1931 1176 1954 sacros
1200 1920 1326 1954 ordines
1351 1921 1584 1965 suscipiendos,
1609 1922 1749 1956 ordinari

1008 1975 1127 2019 possint
1151 1985 1168 2007 a
1192 1985 1392 2018 quocumque
1429 1975 1583 2008 catholico
1603 1977 1750 2017 antistite,

1009 2039 1080 2062 curn
1106 2028 1293 2061 dimissoriis
1318 2029 1402 2061 iliius
1427 2028 1564 2072 episcopi
1598 2030 1628 2061 in
1661 2031 1751 2064 cuius

1009 2082 1145 2115 dioecesi
1171 2081 1309 2115 existunt
1333 2082 1465 2124 collegia
1497 2093 1552 2115 sen
1583 2083 1694 2116 domus
1720 2084 1752 2116 in

1010 2135 1124 2178 quibus
1156 2135 1274 2178 degunt
1303 2135 1340 2167 de
1373 2135 1490 2167 familia
1524 2136 1617 2168 iidem
1644 2137 1751 2170 clerici

1010 2189 1062 2232 qui
1088 2188 1125 2221 ad
1151 2199 1258 2221 sacros
1282 2189 1409 2221 ordines
1430 2190 1610 2232 promoveri
1635 2190 1753 2223 deside-

1011 2246 1090 2281 rant,
1115 2242 1301 2275 auctoritate
1327 2242 1510 2285 apostolica,
1532 2248 1640 2275 tenore
1660 2253 1750 2286 prac-

1011 2295 1157 2336 sentium,
1183 2295 1392 2338 indulgemus.

1056 2349 1070 2392 g
1094 2348 1123 2381 3.
1149 2349 1357 2381 Decernentes
1372 2349 1494 2381 easdem
1513 2350 1754 2392 praesenteslit-

1013 2408 1093 2435 teras
1119 2413 1244 2446 semper
1264 2402 1390 2443 firmas,
1408 2407 1476 2442 etc.·,
1494 2403 1601 2447 sicque
1618 2404 1648 2436 in
1666 2415 1754 2448 prae-

1013 2456 1116 2489 missis
1140 2467 1196 2500 per
1221 2467 1438 2500 quoscumque
1460 2456 1586 2498 iudiceS,
1609 2462 1678 2499 ete„
1700 2458 1754 2491 de-

1013 2510 1095 2542 finiri
1121 2509 1253 2551 debere,
1272 2519 1307 2542 ac
1324 2509 1449 2543 irritum
1475 2515 1505 2543 et
1526 2506 1633 2551 inane,
1659 2511 1683 2545 si
1702 2522 1750 2545 se-

1013 2573 1078 2606 cus,
1103 2568 1171 2604 ete,
1197 2563 1364 2606 contigerit
1387 2563 1540 2596 attentari.

1745 162 1793 188 An.
1810 161 1837 187 C.
1862 161 1928 187 1659

1770 651 1864 676 indulget
1874 656 1934 675 prae-

1749 679 1817 703 posito
1834 677 1934 701 generati,

1750 708 1770 724 ut
1795 704 1866 723 clerici
1893 703 1933 723 Do-

1750 733 1829 750 ctrinae
1876 729 1934 749 Chri-

1750 757 1933 776 summor-imen-

1751 786 1783 803 lur
1805 790 1817 802 a
1840 783 1935 809 quohbet

1751 811 1853 830 antistite.

1780 2387 1782 2389 .
1795 2359 1905 2380 Decretum
1923 2359 1951 2379 ir-

1768 2389 1838 2407 filaus.
