2243 3205
22 202 68 229 An.
85 199 113 226 C.
135 199 203 226 1⁶60

813 199 997 224 ALEXANDER
1022 199 1066 223 vn
1091 199 1139 223 PP.

214 251 338 279 sanctae
362 245 568 288 obedientiae,
586 258 622 280 ac
646 247 704 280 sub
731 246 973 291 indignationis

213 304 359 340 nostrae,
384 300 514 344 aliisque
546 300 669 333 arbitrii
693 300 792 333 nostri
823 300 931 344 poenis
946 327 953 340 ,

213 350 358 383 omnibus
383 356 413 383 et
438 352 569 394 singulis
602 357 794 385 memoratae
826 351 973 395 provin-t

212 403 278 435 ciae
302 403 334 436 Β.
361 404 443 437 Petri
469 405 507 437 de
532 405 698 438 Alcantara
723 404 953 448 superioribus,

212 456 362 490 fratribus
379 462 408 489 et
426 458 581 501 personis,
611 458 788 502 ceterisque
813 457 850 489 ad
875 467 953 500 quos

211 510 450 552 quomodolibet
475 516 593 554 spectat
617 517 647 543 et
672 511 825 555 spectabit
850 510 881 542 in
905 510 953 543 su-

211 567 339 603 turum,
364 569 397 596 ut
431 575 527 608 supra
560 564 738 598 nominatos
771 564 884 596 fratres
916 563 953 595 ad

211 616 313 649 officia
338 616 382 649 eis
407 618 581 661 respective
605 628 662 661 per
687 623 868 661 praesentes
894 617 954 649 de-

211 669 356 702 mandata
379 670 533 714 recipiant
557 676 587 703 et
610 671 795 711 admittant,
821 671 972 718 illosquel

211 728 458 765 recognoscant,
491 733 528 756 ac
559 723 603 756 eis
636 724 667 756 in
701 723 846 757 omnibus
879 719 972 756 ossi-l

183 803 188 806 .
211 775 258 807 cia
282 775 461 808 huiusmodi
484 777 747 809 concernentibus
771 780 900 820 pareant
925 769 972 808 et'

42 955 150 975 Decretum
169 955 194 974 ir-

16 982 85 1003 rimus.

13 1697 119 1720 contraria
131 1698 191 1719 tollit.

210 827 378 868 obediant,
403 839 438 862 ac
464 830 586 862 faveant
610 835 640 862 et
672 830 815 862 assistant
846 834 971 872 respe-'

210 880 300 914 ctive.
341 898 345 903 ·

254 935 314 979 54,
335 936 379 968 Ac
395 935 599 969 decernentes
623 936 750 969 easdem
772 942 953 980 praesentes

209 988 329 1021 litteras
346 989 467 1030 firmas,
486 990 603 1022 validas
628 995 658 1022 et
682 990 824 1023 efficaces
844 990 953 1023 existe-

209 1052 243 1075 re
260 1047 291 1075 et
307 1043 384 1084 sore,
410 1054 546 1087 suosque
576 1043 734 1089 plenarios
759 1048 789 1076 et
813 1043 952 1086 integros

208 1095 338 1129 effectus
363 1097 468 1130 sortiri
494 1103 524 1130 et
548 1097 691 1130 obtinere
706 1124 713 1138 ‚
738 1108 774 1130 ac
798 1107 951 1140 suprano-

207 1149 332 1181 minatis
356 1150 505 1182 fratribus
525 1150 706 1194 plenissime
726 1150 903 1193 suffragari,
922 1155 951 1182 et

207 1201 246 1233 ab
272 1202 342 1244 illis,
367 1202 405 1235 ad
430 1213 509 1246 quos
533 1207 653 1246 spectat
677 1209 707 1236 et
731 1203 895 1247 spectabit,
920 1203 950 1235 in

206 1255 347 1289 futurum
381 1256 603 1291 inviolabiliter
638 1257 814 1298 observari,
843 1257 950 1301 sicque

207 1308 238 1341 in
251 1310 434 1353 praemissis
451 1321 509 1354 per
525 1321 743 1355 quoscumque
761 1310 879 1343 iudices
896 1321 949 1344 or-

207 1362 346 1396 dinarios
371 1367 401 1397 et
420 1363 589 1407 delegatos,
604 1365 696 1398 etiam
714 1374 880 1397 causarum
900 1375 950 1408 pa-

207 1416 273 1448 latii
296 1418 459 1461 apostolici
485 1417 655 1459 auditores,
679 1419 809 1453 iudicari
843 1425 873 1452 et
897 1419 948 1452 de-

206 1470 290 1504 finiri
308 1471 433 1512 debere,
451 1482 486 1505 ac
500 1472 624 1506 irritum
642 1479 672 1506 et
690 1474 791 1515 inane,
816 1474 840 1506 si
859 1485 948 1507 secus

206 1534 301 1569 super
325 1525 373 1558 his
405 1536 422 1558 a
453 1537 632 1570 quoquam,
665 1528 773 1571 quavis
804 1528 944 1561 auctori-

207 1581 288 1620 tate,
315 1579 450 1612 scienter
475 1580 522 1612 vel
552 1580 756 1623 ignoranter,
782 1581 949 1625 contigerit

206 1633 362 1665 attentari.

239 1686 266 1730 ’ἓ
289 1685 318 1719 5.
352 1687 420 1720 Non
452 1687 649 1720 obstantibus
685 1689 887 1732 praemissis,
913 1699 947 1721 ac

206 1741 481 1774 constitutionibus
506 1747 535 1774 et
555 1742 805 1775 ordinationibus
826 1748 948 1787 aposto-

205 1794 284 1836 licis,
304 1805 437 1836 necnon,
454 1801 607 1840 quatenus
629 1808 710 1840 opus
726 1797 775 1837 sit,
794 1797 945 1841 praedicti

205 1848 340 1890 Ordinis,
365 1849 494 1894 eiusque
519 1851 754 1894 provinciarum
774 1856 801 1883 et
817 1861 947 1884 conven-

204 1907 292 1934 tuum
319 1913 612 1947 quorumcumque,
631 1909 660 1936 et
682 1904 750 1936 aliis
774 1904 946 1948 quibusvis,

205 1955 297 1988 etiarn
324 1956 521 1998 iuramento,
546 1957 787 1990 confirmatione
813 1963 943 2002 aposto—

204 2010 276 2051 lica,
301 2010 348 2043 vel
374 2011 434 2043 alia
459 2011 568 2055 quavis
594 2012 741 2044 firmitate
767 2012 945 2053 roboratis,

204 2063 326 2096 statutis
369 2070 399 2097 et
435 2064 736 2106 consuetudinibus,
773 2066 945 2109 privilegiis

203 2127 350 2160 quoque,
376 2117 502 2152 indultis
527 2124 556 2151 et
576 2119 687 2151 litteris
711 2119 889 2163 apostolicis
915 2120 945 2152 in

204 2171 397 2204 contrarium
435 2173 682 2216 praemissorum
709 2174 946 2217 quomodolibet

205 2225 374 2265 concessis,
399 2226 594 2258 confirmatis
618 2232 647 2259 et
672 2226 844 2267 innovatis3
876 2227 945 2271 qui-

201 2278 260 2312 bus
277 2279 422 2312 omnibus
448 2284 478 2312 et
498 2279 638 2323 singulis,
656 2280 782 2313 illorum
820 2286 944 2315 tenores

200 2332 417 2376 praesentibus
435 2343 492 2376 pro
517 2333 607 2376 plene
628 2338 657 2366 et
681 2333 872 2366 sufficienter
898 2345 945 2367 ex·

200 2385 317 2428 pressis
347 2385 509 2425 habentes,
523 2385 583 2418 illis
603 2386 678 2418 alias
702 2386 732 2418 in
750 2397 807 2419 suo
828 2386 943 2419 robore
960 2402 962 2406 ·

199 2439 426 2482 permansuris,
451 2438 488 2471 ad
513 2439 760 2483 praemissorum
797 2440 941 2473 effectum

200 2492 377 2535 specialiter
394 2497 424 2525 et
448 2503 595 2536 expresse
617 2493 828 2535 derogamus;
854 2499 939 2527 cete-

199 2545 306 2589 risque
338 2546 506 2579 contrariis
541 2547 802 2590 quibuscumque.

243 2599 353 2632 Datum
378 2600 511 2641 Romae,
535 2600 616 2644 apud
645 2600 673 2633 S.
698 2601 824 2633 Mariam
851 2601 942 2633 Maio-

1633 190 1696 224 597

989 257 1065 289 rem,
1092 247 1149 280 sub
1174 249 1289 282 annulo
1324 249 1507 289 piscatoris,
1532 249 1582 281 die
1611 259 1642 282 ix
1669 259 1728 281 au-

988 300 1069 344 gusti
1096 311 1213 342 MDCLx,
1239 302 1440 346 pontificatus
1455 303 1553 336 nostri
1569 313 1651 336 anno
1669 312 1710 335 v1.

1024 363 1082 390 Dat.
1098 363 1142 390 die
1158 364 1174 391 9
1194 365 1298 400 augusti
1318 365 1394 400 1660,
1413 365 1508 401 pontif.
1528 374 1597 393 anno
1613 372 1649 392 Vt.

1299 508 1416 542 CCCIX.

988 586 1181 620 Subsidium
1204 594 1317 620 contra
1348 587 1374 620 T
1374 598 1469 620 urcas
1494 593 1621 621 centum
1645 588 1725 621 mil-

1033 640 1116 673 lium
1140 645 1306 674 scutorum
1338 642 1415 674 auri
1445 652 1541 685 super
1570 642 1729 685 fructibus

1032 693 1257 727 ecclesiasticis
1279 694 1480 738 reipublicae
1502 695 1691 729 Venetorum
1705 694 1725 728 ¹.

1182 774 1348 802 Alexander
1368 775 1447 809 Papa
1467 776 1533 808 VII,

1129 820 1165 845 ad
1184 818 1319 846 futuram
1340 818 1384 846 rei
1404 820 1586 848 memoriam.

1032 889 1047 932 ξ
1064 888 1093 921 t.
1113 889 1176 922 Etsi
1202 889 1303 929 nohis,
1324 900 1382 934 pro
1400 892 1475 923 eura
1493 891 1660 934 pastoralis
1684 892 1724 925 of—

988 941 1061 982 ficii,
1078 941 1182 974 divina
1199 942 1384 986 disponente
1409 944 1616 987 providentia,
1636 944 1727 978 nobis

988 995 1059 1028 licet
1092 995 1211 1028 meritis
1242 996 1417 1040 imparibus
1443 997 1624 1038 commissi,
1649 998 1726 1031 nihil

987 1049 1086 1092 magis
1118 1049 1205 1083 cordi
1232 1050 1292 1093 sit,
1319 1061 1412 1094 quam
1445 1062 1596 1094 personas
1628 1052 1726 1084 eccle-

986 1102 1125 1135 siasticas
1150 1103 1188 1136 ab
1215 1104 1472 1137 extraordinariis
1496 1105 1646 1138 oneribus
1672 1106 1727 1137 im-

986 1165 1095 1188 munes
1108 1167 1234 1200 semper
1249 1167 1446 1198 conservare,
1457 1158 1560 1202 idque,
1575 1158 1634 1191 nisi
1645 1170 1727 1192 sum-

986 1219 1036 1241 ma
1061 1210 1231 1242 necessitas
1258 1216 1360 1253 cogat,
1386 1221 1419 1244 re
1445 1211 1511 1255 ipsa
1535 1212 1640 1245 animo
1666 1218 1726 1244 sta-

986 1262 1153 1303 tuerimus,
1168 1264 1385 1306 nihilominus,
1403 1265 1483 1297 sicut
1502 1265 1562 1298 iam
1579 1266 1725 1299 omnibus

984 1322 1091 1349 notum
1119 1327 1185 1350 esse
1210 1317 1314 1357 debet,
1330 1329 1400 1350 cum
1426 1319 1600 1351 Turcarum
1627 1324 1726 1364 tyran-

983 1379 1042 1402 nus
1066 1370 1221 1403 nefarium
1246 1370 1377 1411 bellum,
1406 1371 1488 1414 quod
1507 1382 1523 1404 a
1544 1372 1723 1416 quindecim

984 1423 1030 1456 vel
1055 1423 1181 1457 circiter
1204 1424 1293 1456 annis
1318 1424 1440 1458 dilectis
1470 1425 1542 1457 filiis
1567 1425 1725 1459 nobilibus

984 1477 1057 1509 viris
1082 1477 1152 1510 duci
1174 1481 1203 1511 et
1220 1477 1360 1511 dominio
1385 1479 1574 1511 Venetorum
1601 1479 1723 1520 intulit,

983 1531 1075 1563 etiam
1102 1541 1185 1565 nunc
1202 1532 1321 1575 ingenti
1340 1538 1496 1576 apparatu
1518 1533 1726 1578 maximisque

984 1584 1102 1617 viribus
1123 1591 1343 1628 prosequatur,
1359 1591 1388 1618 ct
1401 1591 1569 1629 propterea
1587 1586 1644 1630 ipsi
1662 1587 1723 1620 dux

983 1642 1013 1669 et
1047 1637 1222 1670 dominium
1244 1638 1402 1679 maiores,
1435 1649 1529 1682 quam
1562 1649 1722 1683 nunquam

982 1696 1082 1731 antea,
1108 1696 1168 1724 tam
1203 1692 1399 1732 maritimas,
1425 1703 1518 1735 quam
1556 1697 1721 1727 terrestres

982 1745 1097 1788 copias,
1122 1750 1155 1777 ut
1180 1755 1211 1778 se
1237 1755 1355 1790 suaque
1381 1750 1535 1788 tueantur,
1561 1756 1673 1789 parare
1694 1751 1723 1779 et

983 1797 1147 1838 instruere,
1173 1809 1208 1831 ac
1239 1798 1372 1842 proinde
1401 1798 1543 1841 ingentes
1567 1799 1724 1843 impensas

982 1851 1083 1884 facere
1108 1852 1202 1885 modo
1228 1852 1474 1896 compellantur:
1498 1862 1564 1893 nos,
1586 1853 1724 1886 conside-

982 1910 1085 1938 rantes
1109 1916 1171 1938 non
1197 1906 1300 1938 minus
1333 1906 1522 1939 clericorum
1548 1916 1641 1950 quam
1667 1906 1722 1939 lai-

981 1969 1090 1996 corum
1117 1959 1287 2001 interesse,
1313 1965 1346 1992 ut
1371 1970 1428 1999 ea,
1449 1970 1527 2003 quae
1552 1959 1591 1992 ad
1615 1959 1722 1993 defen-

981 2013 1100 2046 sionem
1137 2012 1318 2046 huiusmodi
1344 2014 1520 2046 neccssaria
1546 2018 1633 2054 sunt„
1658 2019 1723 2046 stu-

980 2066 1066 2100 diose
1093 2072 1329 2111 comparentur,
1352 2079 1415 2111 quo
1440 2068 1602 2101 christiani
1623 2069 1723 2101 nomi-

981 2120 1027 2152 nis
1059 2121 1163 2153 hostes
1197 2121 1398 2154 infensissimi
1424 2132 1440 2154 a
1469 2121 1721 2154 christifidelium

980 2174 1164 2215 cervicibus,
1178 2174 1343 2208 adiuvante
1360 2175 1504 2215 Domino,
1517 2176 1721 2219 repellantur,

980 2227 1125 2269 cogimur
1145 2226 1183 2259 de
1200 2227 1338 2259 universi
1365 2228 1439 2260 cleri
1466 2227 1595 2260 dominii
1615 2228 1720 2259 Veneti

980 2280 1177 2313 facultatibus
1203 2281 1233 2313 in
1259 2281 1318 2314 lioc
1343 2282 1529 2324 gravissimo
1567 2282 1722 2326 periculo-

979 2333 1166 2376 sissimoquc
1192 2344 1264 2366 casu
1291 2335 1437 2367 fiduciam
1474 2345 1620 2375 sumere,
1650 2345 1720 2378 spe-

980 2392 1082 2419 rantes
1106 2387 1188 2430 quod
1215 2387 1274 2431 ipsi
1300 2388 1361 2421 hoc
1385 2398 1465 2421 onus
1496 2388 1720 2431 urgentissima

978 2440 1163 2473 necessitate
1184 2444 1212 2474 ct
1237 2440 1407 2473 iustissima
1426 2441 1463 2474 de
1482 2443 1575 2474 causa
1594 2452 1610 2474 a
1627 2442 1719 2475 nobis

977 2493 1035 2526 sibi
1062 2493 1244 2537 impositum
1282 2505 1382 2538 aequo
1418 2495 1524 2529 animo
1549 2495 1631 2528 serre
1656 2505 1718 2528 non

1014 2611 1021 2635 l
1048 2609 1082 2636 Ex
1103 2609 1212 2645 Regest.
1236 2609 1260 2636 in
1281 2609 1380 2637 Secret
1404 2609 1479 2637 lli-ev.

1746 200 1929 228 An.C.1660

1771 902 1911 924 Prooemium.
