2243 3205
306 257 354 279 «tn.
377 254 403 279 (Ζ.
426 255 489 280 tuns

536 246 555 277 :2
566 245 599 277 ib*

504 302 618 335 suerint
643 302 878 345 quamprimum
903 307 1049 346 poterunt
1076 303 1240 335 restituere

504 355 694 388 desiderent:
710 366 775 396 nos,
789 355 939 398 praedicti
958 355 1080 389 loannis
1098 355 1238 389 Casimiri
1256 383 1258 391 ,

504 413 529 438 et
557 407 629 439 dieti
656 408 801 440 l¹oloniae
826 408 913 451 regni
932 409 1167 451 necessitatibus
1187 409 1238 440 tiu-

503 460 636 492 iusmodi
649 461 823 500 consulere,
844 461 1054 505 periculisque
1072 462 1239 505 praedictis
1255 481 1257 493 t

501 518 652 555 quantum
678 513 770 545 nobis
788 526 822 546 cx
841 514 902 547 ullo
927 514 1110 547 conceditur
1132 525 1239 547 occur-

501 576 571 597 rcrc
600 566 755 605 tolentes,
778 565 847 605 tibi,
875 566 1104 600 venerabilibus
1133 567 1256 599 fratri-1

501 618 558 649 bus
576 618 822 661 archiepiscopis
838 624 867 650 et
890 619 1045 662 episcopis
1063 630 1098 652 ac
1118 619 1238 652 dilectis

501 669 572 701 tiliis
596 670 762 703 abbatibus
787 677 816 703 et
841 671 909 703 aliis
933 672 1075 714 personis
1096 671 1238 704 ceclesia-

499 723 584 756 sticis
604 724 742 756 eiusdem
766 725 864 767 regni,
880 732 908 757 ut
925 736 982 768 pro
997 725 1238 759 necessitatibus

501 777 679 810 huiusmodi
716 784 925 811 memoratum
962 779 1070 811 decem
1104 778 1235 811 millium

502 830 673 863 talcroruin
701 831 911 874 imperialium
941 831 1114 863 subsidium
1147 842 1255 874 prae-t

499 883 582 917 dicto
607 884 712 916 loanni
733 884 883 917 Gasimiro
909 885 975 927 regi
1002 890 1112 928 sponte
1132 890 1235 917 tamen

500 943 529 968 ct
554 948 611 980 pro
639 939 698 969 una
722 937 786 970 ricc
811 937 971 970 dumtaxat
997 938 1148 977 tribucre,
1179 938 1254 981 ipsi,

498 995 601 1021 autem
628 990 733 1022 loanni
758 990 908 1023 Casimbe
934 990 999 1032 regi
1025 991 1154 1033 eiusque
1180 991 1236 1023 mi-

498 1042 615 1082 nistris,
641 1042 726 1086 quod
744 1043 917 1076 subsidium
932 1043 1112 1076 huiusmodi
1130 1049 1236 1086 petere

497 1102 527 1128 et,
551 1096 702 1140 recipere,
720 1096 836 1140 absque
858 1097 1066 1130 conscientiae
1085 1098 1235 1140 scrupulo

496 1159 532 1181 ac
557 1159 762 1181 censurarum
788 1154 817 1182 et
841 1160 1015 1193 poenarum
1040 1149 1231 1182 ecclesiasti-

497 1212 604 1234 carum
631 1202 768 1243 incursu,
797 1202 896 1235 libere
929 1208 958 1235 et
987 1202 1070 1235 licite
1097 1202 1235 1246 possint,

496 1256 669 1289 dummodo
696 1262 798 1289 tamen
812 1256 986 1289 subsiditun
1005 1256 1185 1289 huiusmodi
1204 1257 1235 1288 in

497 1309 675 1352 praedictos
699 1315 728 1343 et
752 1320 816 1343 non
840 1310 917 1343 alios
941 1321 1013 1342 usus
1035 1315 1235 1343 convertatur

496 1368 526 1394 et
548 1369 707 1405 erogetur,
732 1363 904 1407 apostolica
935 1363 1120 1396 auctoritate
1138 1363 1236 1396 indul-

496 1416 589 1457 gendi
615 1426 649 1448 ac
675 1416 830 1448 licentiam
856 1416 1058 1457 concedendi,
1090 1416 1253 1460 ipsosque*

495 1469 945 1513 archiepiscopos,episcopos,
967 1469 1094 1502 abbates
1115 1475 1144 1502 et
1160 1470 1235 1503 alias
1252 1493 1253 1500 ,

495 1532 645 1565 personas
660 1522 897 1562 ecclesiasticas,
917 1528 944 1554 et
961 1533 1068 1556 caium
1086 1522 1235 1565 singulas,

495 1581 649 1618 quatenus
673 1575 787 1608 dictam
814 1576 963 1618 pecuniae
989 1586 1143 1608 summam
1170 1576 1236 1608 abs-

495 1639 555 1670 que
579 1628 666 1661 Sedis
690 1628 888 1676 Apostolicae
914 1628 1089 1671 praedictae
1107 1628 1233 1662 licentia

495 1682 710 1724 promiserint,
735 1682 773 1714 ab
798 1681 943 1715 omnibus
965 1687 993 1714 ct
1016 1682 1146 1725 siugulis
1166 1693 1235 1716 cen-

495 1735 576 1768 suris
608 1742 634 1768 ct
667 1736 775 1779 poenis
800 1741 965 1780 propterea
998 1736 1253 1781 quomodolibet*

497 1787 630 1821 incursis
655 1788 764 1821 cadem
787 1789 970 1823 auctoritate
987 1789 1178 1832 absolvendi,
1199 1800 1233 1822 ac

497 1842 634 1885 insuper,
649 1854 710 1885 quo
726 1844 903 1886 promptius
920 1843 1027 1876 eadem
1046 1854 1169 1876 summa
1184 1844 1235 1877 ha-

496 1896 562 1928 bcri
589 1897 696 1939 possit⁷
727 1897 858 1940 singulis
883 1898 1025 1930 locorum
1050 1897 1233 1938 Ordinariis,

498 1955 530 1981 ut
554 1960 570 1981 a
595 1960 721 1982 suarmn
748 1950 920 1993 respective
937 1950 1116 1983 dioecesum
1135 1950 1233 1984 cccle-

496 2003 549 2035 siis
576 2008 636 2035 tam
667 2003 860 2036 secularibus
891 2014 984 2047 quam
1018 2003 1153 2038 cuiusvis
1182 2015 1232 2036 or-

497 2055 600 2094 dinis,
633 2057 885 2099 congregationis
910 2062 938 2089 et
964 2057 1116 2097 instituti,
1141 2057 1232 2090 etiam

497 2110 658 2143 Societatis
683 2110 751 2142 Iesu
776 2113 805 2144 et
823 2110 1005 2145 militiarum
1023 2110 1114 2144 etiam
1129 2110 1234 2154 liospi-

498 2163 565 2195 talis
585 2162 682 2195 sancti
701 2162 823 2195 loannis
841 2162 1127 2207 Ilierosolffmitani,
1145 2174 1234 2206 regu-

497 2216 614 2248 laribus
640 2221 683 2249 tot
709 2226 779 2248 rasa
797 2220 826 2250 ct
843 2216 903 2248 alia
924 2216 1066 2250 utensilia
1092 2217 1234 2250 ecclcsia-

498 2269 575 2301 stica
593 2279 686 2301 aurea
705 2274 733 2301 et
751 2273 898 2311 argentea
923 2269 1097 2311 (calicibuS,
1114 2270 1234 2313 patenis

497 2327 527 2354 et
551 2321 618 2354 aliis
643 2323 730 2355 saera
745 2322 891 2355 unctione
909 2322 1053 2355 delibutis
1072 2323 1232 2366 exeeptis),
1250 2357 1252 2363 ,

497 2387 531 2408 ex
554 2376 666 2419 quibus
691 2377 833 2409 eonllatis
859 2375 1091 2420 praedictorum
1125 2376 1232 2409 decem

498 2430 628 2462 millium
664 2429 833 2462 talerorum
868 2429 1076 2473 imperialium
1111 2440 1233 2462 summa

497 2483 567 2514 cudi
594 2482 702 2525 possit,
737 2488 846 2516 mutuo
871 2482 1013 2526 accipere
1040 2483 1159 2516 valeant
1183 2483 1233 2525 (ea

497 2535 565 2577 lege
592 2541 623 2567 ut
655 2535 749 2568 iidem
773 2535 930 2569 Ordinarii
964 2535 1052 2579 prius
1078 2535 1106 2568 in
1132 2536 1234 2570 forma

497 2588 573 2620 iuris
599 2588 697 2620 valida
723 2600 789 2621 sese
814 2588 946 2622 debeant
968 2589 1108 2631 obligare
1125 2588 1162 2620 de
1184 2599 1231 2620 re-

496 2642 663 2681 stituendo,
677 2642 754 2674 intra
771 2642 937 2675 triennium
953 2653 969 2675 a
984 2646 1011 2676 te
1030 2642 1161 2675 arbitrio
1179 2646 1232 2676 luo

1079 255 1254 279 nccmmun
1281 254 1432 278 nomnen

1256 302 1258 306 '
1274 300 1521 345 praeligendum,
1548 310 1581 332 ex
1608 300 1748 342 pecuniis
1765 310 1843 343 quae
1861 299 2008 344 paulatim

1274 354 1401 387 subsidii
1428 353 1554 386 nominc
1583 353 1612 385 in
1648 353 1707 385 vim
1733 353 1875 386 licentiae
1899 364 1954 397 per
1981 359 2009 386 te

1276 407 1383 448 sigere
1408 406 1618 448 praesentium
1649 405 1866 439 concedendae
1890 406 1928 438 ab
1953 417 2006 439 ec-

1274 458 1455 492 clesiasticis
1473 470 1570 502 usque
1594 458 1632 491 ad
1657 458 1798 491 eamdem
1816 458 1923 491 decem
1945 458 2011 490 mil-

1274 512 1348 544 lium
1375 512 1545 544 talcrorum
1563 522 1716 544 summam
1735 510 1932 554 colligentur,
1950 511 2011 544 alia

1275 576 1344 597 rasa
1362 570 1391 597 ct
1409 565 1552 597 utensilia
1573 576 1666 598 aurea
1684 576 1737 598 seu
1755 570 1913 608 argentea,
1927 565 2009 598 eius-

1273 619 1342 651 dem
1371 619 1493 659 valoris,
1519 619 1667 662 ponderis
1684 623 1713 653 et
1733 618 1924 662 quantitatis,
1947 619 2010 652 illis

1272 672 1423 712 ecclesiis,
1448 684 1464 704 a
1490 672 1603 716 quibus
1628 673 1803 716 respective
1831 676 1939 706 mutuo
1963 683 2011 705 ac-

1272 731 1360 768 cepta
1385 725 1513 768 suerint)
1539 726 1739 768 permittendi
1770 725 1950 758 facultatem
1980 731 2010 759 et.

1272 778 1500 819 auctoritatem,
1526 784 1633 812 tenore
1661 778 1873 822 praesentium
1898 788 2010 812 conee-

1271 831 1374 863 dimus
1391 837 1421 864 ct
1439 831 1647 875 impertimur.
1672 832 1812 875 Tibique,
1831 837 1864 864 ut
1880 831 1917 865 ad
1939 842 2010 865 exa-

1271 885 1406 917 ctionem
1432 885 1663 928 pracdictorum
1686 885 1793 918 decem
1814 884 1946 918 millium
1969 889 2009 920 ta-

1272 938 1409 970 lerorum
1425 948 1479 981 per
1490 948 1640 981 personas
1652 938 1876 971 ecclesiasticas
1889 942 2008 971 tantum

1271 996 1299 1022 et
1318 1001 1380 1023 non
1400 990 1475 1023 alias
1500 991 1672 1034 procedere
1690 990 1814 1031 debeas,
1832 990 1943 1023 eadem
1959 1000 2010 1023 au-

1271 1043 1413 1077 ctoritate
1439 1043 1665 1077 committimus
1679 1049 1709 1077 ct
1726 1043 1921 1084 mandamus,
1939 1053 2010 1077 con-

1272 1095 1456 1128 tradictores
1474 1100 1502 1129 ct
1519 1097 1640 1129 solvere
1666 1102 1845 1129 recusantes
1864 1107 1920 1140 per
1940 1105 2008 1129 cen-

1270 1160 1358 1181 suras
1395 1155 1423 1181 et
1458 1160 1575 1192 poenas
1604 1149 1829 1182 ecclesiasticas
1847 1176 1854 1190 ‚
1885 1149 2008 1192 aliaque

1269 1206 1445 1245 opportuna
1475 1201 1550 1234 iuris
1576 1207 1605 1234 ct
1629 1202 1699 1235 facti
1730 1202 1868 1235 remedia
1899 1201 2008 1235 eadem

1252 1255 1453 1287 *auctoritate
1479 1255 1718 1299 compescendo.

1314 1308 1328 1351 g
1355 1308 1383 1341 2.
1418 1309 1486 1342 Non
1512 1308 1707 1342 obstantibus
1732 1308 1855 1342 concilii
1884 1308 2008 1341 Latera-

1268 1360 1391 1401 nensis,
1422 1372 1457 1394 ac
1488 1361 1648 1404 quibusvis
1681 1361 1957 1395 constitutionibus
1980 1366 2007 1394 et

1269 1413 1518 1447 ordinationibus
1549 1414 1744 1457 apostolicis,
1776 1425 1897 1448 necnon
1926 1425 2006 1458 qua-

1270 1467 1388 1500 rumris
1414 1467 1618 1500 ecclesiarum
1644 1467 1926 1508 monasteriorum,
1958 1478 2009 1501 01·-

1270 1520 1400 1562 dinum,
1435 1521 1738 1564 congregationum,
1771 1521 2008 1560 institutorum,

1252 1571 1363 1607 tetiam
1390 1575 1551 1608 Societatis
1585 1574 1674 1615 Iesu,
1707 1586 1742 1608 ac
1773 1574 1954 1608 militiarum
1980 1580 2010 1606 et

1270 1629 1435 1673 hospitalis
1470 1629 1725 1673 praedictorum,
1760 1634 1790 1661 et
1817 1628 2009 1672 quibuslibet

1269 1683 1347 1723 aliis,
1365 1683 1457 1715 ctiam
1479 1682 1666 1723 iuramento,
1681 1682 1920 1716 confirmatione
1938 1691 2010 1726 apo·

1269 1737 1397 1777 stolica,
1423 1737 1470 1769 vel
1494 1735 1603 1780 quavis
1621 1735 1770 1768 firmitate
1791 1735 1851 1768 alia
1877 1734 2006 1768 robora-

1270 1790 1324 1831 tis,
1353 1790 1474 1823 statutis
1495 1795 1524 1822 et
1548 1789 1847 1829 consuetudinibus,
1878 1787 2008 1828 usibus,

1268 1843 1388 1876 naturis
1417 1848 1447 1876 et
1481 1842 1731 1876 ordinationibus
1759 1841 2008 1885 capitularibus,

1269 1896 1442 1939 privilegiis
1457 1906 1592 1938 quoque,
1613 1895 1740 1929 indultis
1756 1899 1785 1928 et
1801 1894 1913 1927 litteris
1930 1904 2007 1938 apo-

1269 1948 1397 1989 stolicis,
1413 1958 1448 1981 ac
1465 1947 1725 1991 exemptionibus,
1743 1945 2007 1986 immunitatibus,

1269 2003 1361 2036 etiam
1388 2003 1418 2035 in
1445 2013 1577 2045 corpore
1603 2002 1679 2034 iuris
1697 2001 1824 2041 clausis,
1845 2000 2008 2044 quibusvis

1269 2055 1457 2098 generaliter
1468 2055 1513 2087 rel
1524 2054 1701 2098 specialiter
1712 2052 2007 2095 coneessis,etiamsi

1268 2109 1306 2142 de
1324 2109 1383 2142 illis
1401 2119 1574 2151 corumque
1593 2108 1663 2141 totis
1685 2107 1846 2142 tenoribus
1859 2107 1897 2140 de
1911 2106 2007 2140 verbo

1269 2162 1306 2194 ad
1332 2162 1462 2195 verbum
1490 2161 1608 2194 mentio
1636 2172 1690 2194 seu
1715 2160 1842 2204 quaevis
1866 2160 1925 2193 alia
1949 2171 2003 2193 ex-

1269 2215 1390 2259 pressio
1414 2214 1556 2248 liabenda
1582 2214 1642 2255 sit,
1671 2220 1700 2247 et
1728 2214 1759 2246 in
1788 2214 1832 2248 eis
1861 2219 2007 2248 caveatur

1268 2279 1415 2313 expresse
1444 2268 1528 2312 quod
1553 2279 1609 2312 per
1645 2267 1827 2301 huiusmodi
1852 2266 2007 2301 clausulas

1269 2323 1441 2366 generales,
1454 2322 1548 2356 etiam
1563 2321 1752 2355 mentionem
1767 2320 1936 2364 specialem
1951 2319 2008 2353 im-

1268 2382 1441 2420 portantes,
1467 2375 1511 2408 eis
1536 2375 1722 2418 derogatum
1748 2385 1815 2408 esse
1839 2384 1902 2408 non
1926 2384 2003 2408 cen-

1268 2435 1373 2462 seatur
1398 2434 1450 2462 aut
1483 2428 1630 2471 derogari
1658 2427 1798 2461 videatur
1830 2428 1887 2461 nisi
1913 2426 2006 2461 certis

1268 2483 1361 2516 modo
1385 2488 1415 2516 et
1447 2483 1548 2515 forma
1580 2482 1610 2514 in
1642 2481 1702 2515 illis
1728 2481 1882 2525 expressis
1913 2481 2005 2525 plene

1267 2535 1457 2576 observatis,
1478 2534 1592 2579 quibus
1616 2534 1772 2575 omnibus,
1792 2544 1902 2568 eorum
1924 2538 2006 2567 teno-

1267 2599 1316 2620 res
1333 2587 1552 2632 praesentibus
1576 2598 1633 2631 pro
1658 2587 1750 2631 plene
1768 2593 1796 2620 et
1813 2586 2004 2620 sufficienter

1266 2641 1421 2686 expressis
1442 2652 1477 2673 ae
1495 2641 1532 2673 (le
1548 2641 1643 2674 verbo
1667 2641 1703 2673 ad
1729 2640 1859 2673 verbum
1881 2638 2006 2674 insertis

2021 252 2069 279 An.
2089 252 2120 279 C.
2137 251 2204 282 ¹658

2050 1319 2160 1342 Contraria
2171 1324 2202 1342 ro-

2025 1347 2082 1368 ΙὶἸΙίῑ4
