2243 3205
78 189 126 217 An.
141 188 169 214 C.
193 187 260 214 1662

103 1207 260 1230 Ordinationes-

104 2375 223 2401 mansutae.

888 188 1075 212 ALEXANDER
1099 189 1143 212 ΥΠ
1167 189 1215 213 FP.

275 240 326 268 xat
350 237 616 280 consequendum,
630 237 743 270 harum
762 237 843 270 serie
859 237 1020 270 absolven-

275 294 321 322 tes
345 295 375 323 et
403 291 581 324 absolutum
608 291 674 324 fore
701 297 879 333 censentes,
902 290 1019 334 suppli-

275 343 451 376 cationibus
462 345 528 377 eius
542 345 668 377 nomine
681 356 775 388 super
786 345 845 377 boc
856 345 1019 377 humiliter

275 398 432 440 porrectis
469 397 631 438 inclinati,
657 398 694 430 de
721 404 793 431 roto
819 397 1018 441 particularis

276 450 532 492 congregationis
561 450 598 482 ad
632 450 889 491 examinandum,
916 451 1015 482 infor-

275 503 425 535 mandum
451 509 477 535 et
505 503 706 536 referendum
731 514 748 536 a
773 504 863 537 nobis
888 504 1018 547 deputa-

276 562 335 597 tae,
360 567 439 599 quae
465 557 638 600 scripturas
656 557 728 589 hine
750 557 821 589 inde
839 557 925 591 datas
944 557 1019 590 vidit

276 615 306 642 et
322 610 520 650 examinavit,
542 621 666 643 causam
684 611 771 645 istius
786 612 1019 644 reformationis

276 663 307 696 in
333 669 413 697 statu
438 670 468 697 et
494 664 647 704 terminis,
673 665 703 697 in
729 665 843 708 quibus
869 665 905 697 ad
933 675 1020 708 prae-

276 727 346 750 sens
372 717 530 760 repcritur
555 717 659 759 (illius
692 723 804 749 statum
831 724 860 750 et
886 718 1018 758 merita,

276 771 467 814 nominaque
492 775 521 804 et
545 771 755 814 cognomina,
787 781 822 803 ae
854 771 1019 814 qualitates

276 823 415 857 iudicum
443 829 472 857 et
497 824 758 867 collitigantium,
785 829 814 857 et
839 824 898 857 alia
923 836 1017 868 quae-

276 887 423 921 cumque,
449 877 541 910 etiam
576 877 744 921 specialem
771 883 801 910 et
826 878 1017 910 individuam

275 931 468 964 mentionem
495 936 524 964 et
548 931 781 975 expressionem
808 931 1018 975 requirentia,

275 985 496 1028 praesentibus
528 985 634 1017 itidem
668 995 726 1028 pro
759 985 849 1028 plene
881 990 910 1017 ct
934 985 1019 1017 suffi-

276 1038 396 1072 cienter
421 1038 577 1082 expressis
603 1038 767 1081 babentes)
785 1049 801 1070 a
819 1049 1019 1082 quocumque

275 1092 424 1125 tribunali
449 1092 486 1125 ad
511 1102 568 1125 nos
593 1092 707 1133 denuo,
736 1092 922 1125 auctoritate
948 1102 1021 1136 apo-

275 1145 401 1185 stolica,
427 1150 535 1178 tenore
559 1145 783 1189 praesentium,
809 1155 986 1178 avocamus.

321 1198 336 1242 ξ
353 1198 382 1232 9.
400 1198 567 1232 Praeterea
582 1198 767 1231 mandamus
788 1198 872 1231 dicto
891 1198 1020 1232 Claudio

276 1252 382 1286 abbati
408 1252 568 1295 generali,
593 1258 627 1285 ut
652 1252 783 1286 advocet
814 1263 868 1285 seu
895 1257 1021 1285 moneat

276 1306 361 1339 viros
386 1305 517 1339 idoneos
541 1305 666 1340 Ordinis
691 1306 749 1346 sui,
775 1311 836 1338 tam
855 1316 889 1338 ex
911 1305 1019 1346 Gallia,

276 1370 372 1403 quam
397 1360 534 1400 aliunde,
551 1360 588 1392 ad
610 1359 821 1392 exhibendum
849 1360 928 1392 infra
958 1365 1020 1392 tres

276 1414 401 1446 menses
431 1413 532 1446 dictae
564 1413 801 1456 congregationi
836 1413 1019 1457 particulari

276 1465 443 1510 deputatae
480 1467 628 1499 articulos
653 1472 879 1499 concernentes
903 1467 1018 1500 dictam

276 1520 535 1553 reformationem
562 1530 578 1552 a
603 1519 693 1552 nobis
719 1519 951 1553 instituendam.
984 1520 1020 1552 Et

277 1578 429 1617 quantum
468 1573 505 1606 ad
537 1573 767 1606 controversias
792 1573 822 1604 in
847 1572 941 1604 variis
965 1572 1020 1604 tri-

277 1626 457 1667 bunalibus,
469 1627 561 1660 etiam
576 1637 681 1660 coram
700 1626 926 1659 commissariis
944 1636 1020 1669 apo-

276 1680 407 1721 stolicis,
432 1691 449 1713 a
473 1680 580 1714 multis
605 1680 695 1712 annis
720 1680 851 1723 agitatas
872 1680 954 1712 circa
976 1690 1021 1712 re-

277 1733 498 1768 formationem
524 1734 598 1767 dicti
624 1733 760 1775 Ordinis,
779 1733 843 1765 sive
862 1733 893 1765 in
910 1733 1019 1773 Gallia,

277 1787 342 1820 sive
356 1793 444 1821 extra
461 1787 602 1830 Galliam,
616 1787 763 1820 volumus
781 1792 810 1819 et.
826 1787 1020 1826 ordinamus,

277 1841 336 1874 sub
361 1843 463 1884 poena
485 1840 820 1874 excommunicationis
846 1841 926 1872 latae
951 1850 1020 1872 sen-

276 1894 393 1928 tentiae
418 1894 485 1937 ipso
511 1894 591 1928 facto
616 1893 835 1933 incurrendae,
857 1903 873 1924 a
898 1904 1021 1936 quane-

277 1957 329 1979 mo
354 1957 371 1979 a
394 1957 566 1991 quoquam,
580 1947 638 1980 nisi
654 1958 671 1979 a
686 1947 787 1987 nobis,
810 1947 856 1979 vel
877 1947 1020 1979 Romano

277 1999 426 2034 Pontifice
451 2011 509 2044 pro
533 2006 677 2044 tempore
702 2000 862 2040 existente,
883 2005 1021 2043 praeter-

277 2064 371 2097 quam
397 2054 428 2086 in
450 2055 559 2088 mortis
584 2054 718 2087 articulo
744 2054 941 2095 constitutus,
967 2053 1020 2085 ab·

276 2107 354 2140 solvi
378 2108 487 2152 possit,
512 2113 546 2140 ut
571 2107 778 2140 observentur
798 2107 1020 2151 dispositiones

276 2170 292 2193 a
309 2160 400 2194 nobis
415 2160 595 2193 immediate
612 2165 774 2193 emanatae
791 2171 848 2204 per
865 2160 1020 2203 praefatas

276 2220 401 2248 nostras
429 2214 460 2247 in
483 2215 585 2247 forma
615 2213 720 2246 Brevis
748 2214 878 2253 litteras,
896 2213 946 2246 die
964 2224 1019 2246 vm

277 2267 381 2300 martii
406 2277 510 2301 itinch
536 2272 566 2299 et
596 2266 645 2299 die
678 2276 697 2299 11
729 2266 794 2299 iulii
825 2276 943 2299 noem
975 2277 1020 2298 re-

275 2321 411 2365 spective
436 2320 603 2364 expeditas.

319 2374 334 2418 §
348 2374 399 2407 10.
413 2374 622 2407 Deccrnentes
636 2373 759 2406 easdem
779 2378 957 2417 praesentes
975 2372 1020 2404 lit-

275 2432 358 2460 teras
383 2437 507 2471 semper
536 2427 665 2469 tirmas,
691 2426 809 2459 validas
830 2431 860 2459 ct
878 2426 1019 2459 efficaces

275 2480 408 2513 existere
425 2485 454 2513 et
475 2480 552 2521 fore,
573 2490 709 2523 suosque
739 2479 898 2523 plenarios
924 2484 953 2511 et
978 2478 1020 2510 in-

275 2538 382 2577 tegros
407 2533 536 2567 effectus
563 2533 668 2566 sortiri
698 2537 727 2567 et
755 2533 907 2573 obtinere,
928 2542 963 2565 ac
981 2531 1019 2563 ab

275 2587 347 2630 illis,
365 2587 402 2620 ad
420 2597 499 2631 quos
523 2592 640 2631 spectat
658 2590 687 2620 et
711 2597 769 2630 pro
787 2591 931 2630 tempore
949 2595 1019 2628 spe-

1702 180 1765 213 755

1054 237 1147 269 ctabit
1164 265 1171 277 ,
1195 237 1379 281 plenissime
1415 237 1594 280 observari,
1619 238 1726 281 sieque
1765 238 1794 269 in

1054 291 1235 334 praemissis
1253 302 1309 335 per
1326 302 1542 336 quoscumque
1568 291 1686 324 iudices
1711 291 1796 324 ordi-

1054 344 1161 377 narios
1186 350 1216 377 et
1240 345 1409 387 delegatos,
1435 345 1527 377 etiam
1555 356 1721 378 causarum
1743 355 1798 389 pa-

1053 397 1117 429 latii
1144 398 1308 442 apostolici
1335 398 1504 439 auditores,
1538 399 1668 431 iudicari
1695 404 1724 431 et
1748 399 1797 431 de-

1053 450 1137 483 finiri
1163 451 1288 491 debere,
1309 462 1344 483 ae
1362 452 1486 484 irritum
1502 456 1530 485 et
1548 452 1648 493 inane,
1663 452 1687 484 si
1706 462 1795 484 secus

1054 504 1216 548 superbis
1241 515 1257 536 a
1282 515 1452 548 quoquam,
1467 506 1574 549 quavis
1599 506 1795 546 auctoritate,

1054 557 1189 591 scienter
1214 558 1261 591 vel
1286 558 1483 601 ignoranter,
1505 559 1668 602 contigerit
1697 564 1795 592 atten-

1054 612 1122 644 tari.

1099 666 1113 709 g
1139 665 1190 698 tt.
1216 667 1284 699 Non
1312 666 1509 699 obstantibus
1533 677 1732 710 quacumque
1757 666 1794 699 li-

1054 719 1092 752 tis
1117 730 1170 751 seu
1196 719 1297 752 litium
1330 719 1515 763 pendentia,
1545 720 1677 763 aliisque
1704 730 1796 763 prae-

1054 773 1168 813 missis,
1195 783 1229 805 ac
1262 773 1536 806 constitutionibus
1551 778 1579 805 et
1596 773 1797 805 ordinationi-

1054 826 1111 858 bus
1123 826 1314 870 apostolicis,
1327 836 1446 858 neenon
1462 825 1607 858 omnibus
1623 832 1650 858 et
1666 826 1797 868 singulis

1055 879 1124 922 illis,
1150 880 1276 923 quaein
1294 879 1385 912 dictis
1410 879 1523 911 litteris
1553 879 1707 911 voluimus
1734 889 1796 911 non

1054 933 1193 973 obstare,
1215 933 1391 977 ceterisque
1412 933 1673 977 (piilmscumque.

1099 987 1208 1019 Datum
1221 987 1348 1028 Romae,
1364 986 1445 1030 apud
1456 987 1484 1019 S.
1496 986 1624 1018 Mariam
1638 985 1796 1025 Maiorem,

1054 1039 1112 1072 sub
1147 1040 1263 1072 annulo
1297 1040 1485 1079 Piscatoris,
1511 1039 1561 1072 die
1594 1049 1647 1072 xvt
1666 1039 1797 1071 ianuarii

1055 1103 1195 1133 MDCan,
1213 1093 1414 1136 pontificatus
1434 1092 1535 1125 nostri
1555 1103 1636 1125 anno
1655 1103 1707 1124 rit.

1093 1155 1151 1182 llat.
1170 1156 1211 1182 ilie
1233 1156 1261 1181 16
1279 1155 1392 1182 ianuarii
1412 1155 1487 1187 1662,
1506 1155 1600 1191 pontif,
1619 1163 1688 1181 anno
1708 1162 1755 1181 vit.

1330 1271 1522 1304 CCCLxxtv,

1058 1342 1270 1384 Confirmatio
1302 1341 1421 1374 decreti
1452 1342 1712 1384 congyreqatt‘onis
1737 1341 1800 1384 epi-

1100 1405 1268 1438 scoporum
1293 1399 1321 1427 et
1346 1394 1548 1437 reqnlariwn
1581 1395 1665 1427 eirca
1702 1395 1799 1427 redu-

1100 1449 1238 1481 ctionem
1263 1450 1393 1481 numeri
1409 1449 1552 1491 fratrum
1570 1459 1799 1492 quorumcum-

1100 1512 1161 1545 que
1186 1506 1402 1534 conventuum
1425 1502 1613 1545 prouinciae
1644 1502 1675 1535 S.
1710 1502 1795 1534 Tho-

1812 189 1860 216 An.
1881 190 1908 216 C.
1928 189 1995 217 1⁶62

1812 677 1920 699 Contraria
1936 678 1997 699 tollit.

1100 1566 1172 1587 mae
1196 1555 1335 1598 apostoli
1360 1554 1495 1588 Ordinis
1519 1556 1664 1598 fmtrum
1684 1555 1795 1588 Mino-
1821 1557 1824 1559 ’

1099 1619 1175 1641 rum
1199 1609 1303 1641 suncti
1322 1609 1494 1641 Francisct'
1510 1609 1546 1641 in
1562 1607 1796 1642 Pedemontio¹.

1247 1680 1416 1707 Alexander
1435 1680 1610 1713 Episcopus,

1198 1725 1233 1751 ad
1254 1725 1387 1751 futuram
1412 1725 1456 1751 rei
1476 1724 1656 1751 memoriam.

1100 1786 1113 1829 ξ
1140 1786 1167 1818 sl.
1194 1786 1302 1829 Nuper
1326 1797 1384 1829 pro
1405 1790 1495 1829 parte
1512 1786 1700 1818 dilectorum
1719 1785 1797 1818 fitio-

1056 1850 1125 1872 rum
1152 1839 1284 1871 fratrum
1309 1839 1489 1883 provinciae
1514 1839 1542 1871 S.
1568 1839 1706 1871 Tliomae
1724 1850 1796 1882 apo-

1056 1893 1125 1926 stoli
1152 1893 1182 1925 in
1197 1892 1400 1925 Pedemontio
1417 1892 1542 1926 Ordinis
1555 1893 1709 1925 Minorum
1729 1903 1798 1925 san-

1056 1946 1093 1980 cti
1108 1946 1266 1979 Francisci
1279 1946 1531 1979 Reformatorum
1544 1949 1795 1989 nuncupatorum

1055 1999 1293 2043 congregationi
1327 1999 1552 2032 venerabilium
1583 1999 1715 2031 fratrum
1741 2009 1797 2031 no-

1055 2060 1192 2086 strorum
1219 2053 1247 2086 S.
1267 2054 1300 2086 R,
1320 2053 1352 2085 E.
1374 2053 1579 2085 cardinalium
1608 2052 1741 2095 negotiis
1766 2058 1795 2084 et

1055 2107 1336 2140 consultationilms
1366 2107 1587 2150 episcoporum
1619 2112 1646 2139 et
1675 2107 1795 2149 regula-

1056 2161 1136 2193 rium
1163 2161 1363 2203 praepositae
1388 2160 1551 2203 exposito‚
1577 2159 1660 2204 quod
1690 2170 1726 2191 ex
1757 2159 1795 2191 vi-

1055 2214 1132 2256 ginti
1158 2218 1295 2256 quatuor
1320 2213 1542 2253 conventibus,
1575 2213 1690 2256 quibus
1714 2212 1796 2245 dicta

1055 2267 1216 2310 provincia
1232 2271 1362 2304 constat,
1373 2277 1424 2298 sex
1442 2266 1642 2310 reperiantur
1656 2266 1693 2298 ad
1708 2276 1795 2299 oram

1056 2319 1246 2352 maritimam
1269 2319 1350 2352 ultra
1376 2324 1497 2352 montes
1519 2319 1600 2351 inter
1617 2319 1797 2362 provinciae

1054 2372 1249 2415 dominiique
1262 2372 1464 2415 Reipublicae
1478 2372 1649 2405 Genuensis
1664 2372 1797 2404 confinia

1055 2425 1157 2469 positi,
1184 2426 1213 2457 in
1239 2425 1353 2468 quibus
1378 2425 1518 2458 habitant
1544 2425 1655 2457 fratres
1682 2425 1711 2456 in
1736 2425 1796 2457 illis

1055 2479 1196 2521 partibus
1220 2478 1301 2520 nati,
1329 2478 1409 2510 inter
1441 2488 1520 2521 quos
1545 2483 1574 2509 et
1599 2478 1710 2511 fratres
1743 2478 1796 2510 Pc-

1055 2532 1259 2564 demontauos
1292 2536 1375 2564 tanta
1405 2536 1449 2563 est
1486 2541 1610 2564 morum
1648 2531 1791 2573 ing-onio-

1094 2596 1101 2620 1
1126 2593 1162 2620 Ex
1183 2594 1290 2628 Regest.
1313 2593 1338 2619 in
1359 2593 1461 2621 Secret.
1483 2594 1562 2619 Brev.

1838 1792 1955 1819 Expositio.
