2202 3190
228 187 276 214 An.
293 187 320 214 C.
343 187 406 214 ¹661

268 407 410 433 exequutores

229 433 322 459 deputa-1.

231 1781 341 1802 contraria
353 1782 413 1803 tollit.

458 177 520 211 726
999 187 1175 211 uucmmuu

426 241 456 268 et
480 235 581 273 inane,
607 234 630 266 si
655 244 744 266 secus
769 244 862 277 super
887 233 935 266 bis
961 244 976 266 a
992 245 1161 278 quoquam,

426 288 534 331 quavis
548 287 743 327 auctoritate,
754 287 888 320 scienter
907 287 952 320 vel
971 287 1161 330 ignoranter,

427 340 594 382 contigerit
618 340 772 372 attentari.

472 394 486 435 ἓ
512 392 540 425 5.
565 393 718 432 Quocirca
742 392 862 425 dilectis
883 393 954 426 filiis
980 393 1101 426 vicariis
1118 403 1181 426 (za-t

427 445 617 488 pitularibus
638 446 841 479 ecclesiarum
862 446 1110 490 Ulyssiponensis
1135 449 1181 478 et*

428 498 607 531 Elborensis
632 504 661 531 et
685 498 935 539 Colimbriensis‚
961 499 1083 531 illarum
1109 509 1160 531 se-

427 551 518 584 dibus
535 552 855 596 archiepiscopalibus
880 558 910 586 et
933 553 1099 597 episcopali
1116 563 1163 584 re-
1181 558 1182 571 ¹

427 604 563 647 spective
579 606 768 647 vacantibus,
783 606 921 648 legitime
932 606 1096 649 deputatis,
1108 616 1164 648 per

427 662 607 700 praesentes
642 658 869 692 committimus
901 665 930 692 et
959 659 1164 699 mandamus,

427 716 581 754 quatenus
607 712 677 755 ipsi,
703 713 749 745 vel
776 712 848 753 duo,
874 717 926 746 aut
943 723 1022 745 unus
1043 723 1164 754 eorum,

428 775 485 808 per
509 775 551 805 se,
570 765 617 797 vel
627 765 734 806 alium,
752 777 806 799 seu
821 766 908 807 alios,
928 766 979 798 ubi
996 772 1026 799 et
1040 766 1165 810 quando

429 827 508 860 opus
522 817 624 859 suerit,
643 823 671 850 et
689 819 810 862 quoties
828 830 885 862 pro
911 825 997 863 parte
1016 820 1166 852 interesse

428 870 612 904 habentium
637 872 753 904 suerint
775 873 1064 917 requisiti‚easilem
1080 884 1166 916 prae-

428 930 531 957 sentes
564 925 681 958 litteras
714 931 743 958 et
772 926 801 958 in
827 926 871 958 eis
896 931 1041 959 contenta
1066 937 1186 970 quae-.

429 988 565 1020 cumque
597 978 778 1011 solemniter
803 979 1019 1022 publicantes,
1044 979 1185 1023 illisque]

428 1030 460 1062 in
481 1031 661 1074 praemissis
678 1031 812 1064 efficacis
836 1032 1024 1066 defensionis
1048 1029 1185 1076 p1·aesi-'

428 1083 480 1115 dio
505 1084 693 1126 assistentes,
719 1085 832 1117 saciant
856 1086 1040 1118 auctoritate
1061 1082 1186 1118 nostra*

428 1136 512 1179 ipsas
526 1142 707 1179 praesentes
728 1137 847 1171 litteras
864 1142 893 1171 et
911 1138 941 1171 in
962 1139 1006 1171 eis
1023 1142 1168 1172 contenta

428 1189 608 1222 huiusmodi
640 1190 678 1222 ab
710 1190 791 1231 illis,
818 1191 856 1223 ad
889 1202 967 1235 quos
997 1196 1114 1235 spectat
1139 1196 1168 1224 et

429 1242 582 1285 spectabit
607 1243 637 1275 in
662 1243 815 1284 futurum,
831 1243 1051 1277 inviolabiliter
1076 1248 1105 1278 et
1122 1245 1165 1277 in-
1184 1247 1185 1277 l

429 1305 581 1329 eoncusse
605 1296 780 1337 observari3
803 1297 1049 1331 contradictores
1067 1308 1163 1341 quos-

429 1349 504 1383 libet
527 1354 557 1382 et
581 1350 714 1383 rebelles
734 1361 790 1394 per
807 1361 955 1384 censuras
981 1351 1167 1384 ecclesiasti-

429 1412 492 1443 caS,
510 1403 630 1447 aliaque
648 1409 826 1447 opportuna
840 1404 917 1437 iuris
934 1410 963 1437 et
980 1404 1051 1438 facti
1071 1414 1168 1437 reme·
1184 1393 1185 1403 ¹

429 1455 489 1496 dia,
503 1457 713 1500 appellatione
737 1457 909 1500 postposita
926 1457 1166 1501 compescendo,

429 1509 641 1554 legitimisque
663 1521 758 1554 super
783 1511 830 1544 his
862 1511 1012 1544 habentes
1037 1511 1167 1544 servatis

428 1563 638 1606 processibus,
660 1574 807 1597 censuras
832 1569 862 1596 et
886 1575 1001 1608 poenas
1026 1564 1110 1608 ipsas
1134 1575 1167 1598 e-

429 1615 503 1648 tiam
528 1616 647 1648 iteratis
665 1616 784 1649 vicibus
801 1617 1010 1660 aggravando,
1025 1618 1167 1651 invocato

430 1669 522 1702 etiarn
540 1669 578 1702 ad
604 1670 673 1710 boe,
691 1670 715 1702 si
736 1681 814 1713 opus
839 1671 941 1712 suerit,
966 1671 1080 1704 auxilio
1101 1671 1168 1704 bra-

429 1721 491 1754 chii
516 1722 674 1755 secularis.

474 1775 488 1818 §
512 1774 541 1808 6.
567 1776 634 1809 Non
659 1776 853 1809 obstantibus
871 1776 1103 1810 inobservantia
1124 1777 1168 1810 di-

430 1828 469 1861 cti
488 1828 615 1870 decreti,
633 1840 713 1872 quae
734 1830 863 1872 allegari
888 1835 1003 1873 posset,
1022 1830 1168 1874 qnodque

429 1881 588 1925 praedicta
605 1882 766 1925 provincia
787 1883 998 1925 Portugalliae
1015 1883 1097 1916 tertii
1112 1883 1167 1917 Or-

429 1934 510 1967 dinis
535 1935 595 1968 diei
613 1940 747 1979 nequeat
771 1935 808 1968 de
829 1935 944 1968 Ordine
968 1937 1100 1969 fratrum
1118 1937 1168 1969 Mi-

429 1997 543 2020 norum
562 1987 599 2020 de
624 1988 838 2030 Observantia,
857 1999 892 2021 ac
912 1989 1008 2022 felicis
1025 1990 1169 2022 recorda-

430 2039 523 2072 tionis
540 2040 690 2073 Bonisaeii
715 2041 815 2084 Papae
830 2041 894 2074 Vlll
916 2041 1168 2085 praedecessoris

429 2093 528 2125 nostri
558 2093 596 2126 de
626 2095 704 2135 una,
737 2099 767 2126 et
799 2094 921 2127 concilii
952 2096 1106 2138 generalis
1130 2096 1168 2129 de

429 2145 550 2179 duabus
575 2147 675 2187 dietis,
700 2147 872 2181 dummodo
895 2148 1006 2191 aliquis
1031 2149 1166 2182 auctori-

429 2203 491 2232 tate
517 2200 729 2243 praesentium
755 2201 835 2234 ultra
861 2206 923 2234 tres
948 2201 1044 2234 dietas
1071 2202 1101 2234 in
1127 2202 1169 2235 iu-

429 2251 545 2285 dicium
571 2264 633 2286 non
654 2254 804 2294 trahatur,
822 2254 953 2298 aliisque
973 2255 1168 2288 constitutio—

429 2305 521 2339 nibus
547 2312 576 2339 et
604 2307 852 2340 ordinationibus
877 2309 1068 2351 apostolicis,
1094 2319 1168 2342 nee-

429 2369 509 2399 non,
535 2366 687 2403 quatenus
711 2371 792 2404 opus
824 2361 880 2401 sit,
904 2362 1058 2395 dictorum
1085 2363 1167 2395 tertii

430 2411 553 2445 Ordinis
579 2419 607 2445 et
632 2414 832 2457 provinciae,
858 2414 950 2447 etiam
983 2415 1167 2458 iuramento⁷

431 2465 668 2498 confirmatione
685 2467 868 2510 apostoliea,
882 2467 928 2500 vel
942 2468 1050 2511 quavis
1067 2468 1167 2500 firmi-

432 2521 492 2548 tate
510 2517 567 2549 alia
587 2518 752 2559 roboratis,
773 2520 894 2553 statutis
920 2526 948 2553 et
969 2521 1169 2554 eonsuetudi-

433 2569 532 2607 nibus,
558 2571 729 2614 privilegiis
755 2583 890 2616 quoque,
915 2574 1041 2607 indultis
1066 2580 1095 2608 et
1120 2574 1168 2607 lit-

1201 186 1356 210 nouANun

1197 234 1270 267 teris
1294 234 1484 277 apostolicis,
1510 234 1539 265 in
1568 235 1759 267 contrarium
1785 235 1932 278 praemis-

1197 297 1302 319 sorum
1317 286 1550 330 quomodolibet
1562 286 1727 328 concessis,
1741 287 1931 321 confirmatis

1197 345 1226 372 et
1250 340 1419 380 innovatis;
1434 339 1546 383 quibus
1572 339 1717 372 omnibus
1741 343 1770 373 et
1791 339 1931 383 singulis,

1198 393 1322 425 illorum
1341 398 1464 426 tenores
1489 393 1706 436 praesentibus
1723 403 1780 435 pro
1798 393 1887 436 plene
1903 399 1934 426 et

1198 446 1388 480 sufficienter
1404 446 1558 490 expressis
1584 457 1619 479 ac
1636 446 1674 479 de
1692 446 1788 479 verbo
1808 446 1847 479 ad
1863 457 1933 479 ver-

1198 500 1272 532 bum
1300 500 1425 533 insertis
1450 499 1610 540 habentes
1631 499 1691 532 illis
1716 499 1792 532 alias
1816 499 1847 532 in
1878 509 1935 533 suo

1199 553 1314 585 robore
1349 553 1565 596 permansuris
1583 579 1590 593 ,
1615 553 1653 585 ad
1688 553 1934 596 praemissorum

1199 605 1355 646 effectum,
1374 606 1431 639 bae
1449 606 1514 639 vice
1531 606 1700 646 dumtaxat,
1714 605 1891 650 specialiter
1907 609 1937 640 et

1200 669 1345 702 expresse
1361 659 1566 703 derogamus;
1583 659 1757 703 ceterisque
1771 659 1936 694 contrariis

1199 713 1457 756 quibuscumque.

1244 766 1354 798 Datum
1370 767 1496 806 Romae,
1521 765 1603 809 apud
1635 765 1664 798 S.
1689 765 1817 798 Mariam
1846 764 1938 798 Maio-

1201 820 1348 862 1·cm‚sub
1371 820 1485 852 annulo
1512 819 1752 860 Piscatoris‚die
1776 830 1795 852 x
1814 829 1938 852 novem-

1200 872 1265 905 bris
1283 882 1399 906 MDCLM
1414 900 1420 913 ‚
1438 872 1636 917 pontificatus
1661 872 1760 906 nostri
1785 882 1866 905 anno
1886 881 1936 905 vu.

1238 935 1292 962 Dat.
1315 936 1358 962 die
1374 937 1408 962 10
1424 936 1577 963 novembris
1595 936 1672 970 1661,
1690 935 1784 971 pontif.
1800 942 1872 962 anno
1891 940 1935 961 vu,

1488 1078 1643 1112 CCCLXII.

1203 1157 1352 1190 Concedit
1377 1157 1529 1191 undecim
1545 1159 1847 1201 oonyreyationibus
1870 1169 1938 1191 mo-

1246 1210 1390 1250 nasticis,
1419 1215 1454 1243 ut
1485 1211 1615 1254 capiam
1639 1211 1682 1243 ad
1706 1222 1854 1252 censum,
1881 1216 1940 1244 aut

1245 1263 1312 1295 alio
1330 1262 1420 1296 licito
1441 1268 1615 1304 contractu,
1627 1263 1853 1307 quadraginta
1864 1265 1939 1297 mil-

1247 1316 1295 1349 lia
1318 1321 1410 1349 scula
1423 1320 1567 1349 monetae
1582 1327 1642 1360 pro
1656 1317 1767 1360 primii
1782 1317 1940 1350 solutione

1245 1380 1299 1402 sex
1323 1369 1556 1402 decimarum&

1398 1450 1563 1477 Alexander
1583 1450 1661 1483 Papa
1680 1450 1744 1482 vn,

1343 1497 1378 1521 ad
1399 1495 1530 1522 futuram
1550 1495 1594 1522 rei
1615 1495 1796 1522 memoriam.

1246 1565 1362 1609 Nuper,
1384 1570 1416 1598 ut
1433 1565 1553 1599 nomini
1571 1565 1742 1599 christiano
1760 1570 1868 1599 eontra
1885 1565 1940 1598 im-

1201 1617 1271 1661 pios
1309 1619 1482 1651 Turcarum
1519 1623 1649 1651 conatus
1694 1623 1724 1651 et
1763 1618 1939 1652 invasiones

1202 1682 1294 1715 opem
1320 1671 1495 1713 ferremus,
1520 1682 1572 1705 sex
1598 1671 1734 1705 decimas
1758 1671 1915 1706 fructuum
1930 1699 1938 1713 ,

1202 1724 1380 1759 reddituum
1395 1730 1424 1758 et
1438 1730 1646 1769 proventuum
1665 1735 1939 1769 quorumcumque

1202 1777 1429 1811 beneficiorum
1465 1778 1750 1811 ecelesiasticorum
1783 1789 1818 1812 ac
1857 1788 1941 1811 men-

1202 1842 1308 1864 sarum
1334 1831 1426 1864 etiam
1456 1832 1639 1875 quorumvis
1671 1831 1834 1872 ordinum,
1859 1841 1936 1865 con-

1202 1884 1422 1927 gregationum
1441 1890 1470 1917 et
1500 1884 1712 1918 institutorum
1734 1884 1938 1927 regularium,

1202 1947 1323 1970 necnon
1349 1937 1536 1981 pensionum
1562 1948 1656 1981 super
1681 1937 1741 1970 illis
1766 1941 1939 1970 reservata-

1202 2000 1284 2029 rum,
1309 1989 1347 2022 ab
1371 1990 1443 2030 illis,
1467 1989 1506 2022 ad
1530 2000 1608 2033 quos
1633 1993 1761 2034 spectat,
1786 1989 1867 2022 intra
1891 1989 1941 2023 de-

1202 2042 1346 2075 cennium
1379 2043 1486 2076 decem
1519 2043 1701 2087 aequalibus
1725 2043 1939 2087 portionibus,

1202 2095 1259 2128 nisi
1285 2096 1375 2128 aliter
1400 2106 1470 2128 cum
1487 2096 1565 2129 Sede
1591 2101 1621 2129 et
1644 2097 1768 2129 camera
1793 2096 1940 2140 apostoli-

1202 2151 1239 2182 ca
1264 2150 1488 2183 concordatum
1512 2151 1613 2191 soret,
1638 2150 1880 2194 persolvendas,
1903 2160 1939 2184 ac

1202 2202 1276 2235 alias
1305 2203 1362 2235 sub
1391 2203 1485 2235 certis
1502 2203 1596 2236 modo
1625 2208 1654 2235 et
1680 2203 1873 2236 formatum:
1890 2213 1941 2236 ex·

1202 2256 1318 2299 pressis
1342 2257 1561 2300 imposuimus,
1577 2262 1672 2300 prout
1696 2256 1725 2288 in
1751 2256 1866 2289 nostris
1888 2255 1941 2289 de-

1202 2320 1298 2353 super
1322 2310 1379 2342 sub
1406 2310 1536 2353 plumbo
1557 2309 1710 2353 expeditis
1727 2309 1847 2350 litteris,
1865 2319 1941 2352 qua·

1203 2373 1272 2395 rum
1297 2368 1439 2396 tenorem
1471 2363 1690 2407 praesentibus
1715 2374 1772 2407 pro
1796 2363 1887 2406 plene
1911 2365 1941 2396 et

1203 2415 1393 2448 sufficienter
1407 2426 1555 2460 expresso
1568 2416 1678 2449 haberi
1697 2416 1849 2456 volumus,
1866 2415 1940 2448 ube-

1203 2469 1267 2502 rius
1292 2468 1479 2502 continetur.

1239 2541 1249 2566 1
1278 2538 1343 2578 Vide
1372 2539 1405 2566 ad
1435 2539 1548 2566 Constit.
1576 2545 1715 2573 cccxxxv,
1737 2539 1808 2566 Cum
1827 2538 1938 2572 divina,

1202 2591 1282 2618 supra
1303 2591 1329 2618 p.
1346 2584 1408 2618 674,
1424 2591 1494 2618 quae
1509 2586 1550 2611 est
1568 2582 1678 2610 indictio
1697 2591 1743 2610 sex
1763 2582 1937 2610 decimarum.

1944 187 1994 214 Au.
2010 187 2040 214 C.
2061 188 2123 217 ¹66¹

1979 1575 2057 1597 Motiva
2070 1574 2128 1596 huin·

1953 1602 2112 1624 Con-titutionis.
