2243 3205
256 209 306 234 Α...
327 208 355 236 c.
372 209 442 236 1660
488 200 550 233 642

257 426 367 446 [wei-etum
381 432 439 452 pino·

257 456 356 472 inscrtum
367 453 438 473 contir-

258 483 333 501 matur.

496 258 538 289 lta
562 256 662 289 sentio
686 266 745 298 ego
770 256 984 289 Ferdinandus
1005 258 1115 298 Ravilt,
1140 267 1189 290 re-

452 309 606 345 verendae
631 319 773 342 camerae
798 310 989 353 apostolicae
1013 310 1191 343 commissa-

454 362 519 394 rius
540 362 705 403 generalis.

499 414 558 456 5⁹2.
584 415 685 453 Quare
709 414 782 447 dicti
805 420 995 458 exponentes
1018 415 1109 448 nobis
1134 415 1193 446 hu-

457 468 573 500 militer
597 467 767 510 supplicari
792 468 932 500 fecerunt
956 473 990 502 ut
1010 468 1194 512 praemissa,

456 531 514 563 pro
540 520 710 553 inviolabili
735 531 845 553 eorum
871 521 1100 560 observatione,
1126 530 1197 563 apo-

458 573 587 605 stolicae
629 573 877 607 confirmationis
916 579 1041 607 nostrae
1081 574 1197 606 robore

459 626 666 666 communire,
684 637 719 659 ac
743 626 879 670 desuper
904 632 1081 670 opportune
1098 626 1199 669 provi-

459 679 533 711 derc
547 679 585 711 de
598 679 788 721 benignitate
801 680 972 723 apostolica
985 679 1199 721 dignaremur.

459 733 522 764 Nos
546 731 652 773 igitur,
684 732 767 775 ipsos
798 737 990 775 exponentes
1014 731 1201 775 specialibus

461 784 619 817 favoribus
644 789 673 817 et
697 784 806 826 gratiis
831 784 979 827 prosequi
1003 784 1152 824 volentes,
1173 789 1202 816 et

464 847 574 870 eorum
600 837 777 879 singulares
808 847 958 880 personas
994 847 1011 869 a
1041 836 1203 880 quibusvis

463 889 805 930 excommunicationis,
823 889 1036 933 suspensionis
1056 894 1086 921 et
1102 888 1200 921 inter—

464 942 538 975 dicti
553 970 560 984 ,
596 943 727 986 aliisque
766 942 984 976 ecclesiasticis
1022 941 1204 981 sententiis,

465 996 608 1028 censuris
633 1002 662 1028 et
686 995 806 1039 poenis,
831 1006 848 1028 a
862 996 930 1028 iure
947 996 995 1028 vel
1013 995 1051 1028 ab
1066 995 1205 1035 homine,

466 1049 574 1091 quavis
595 1049 758 1081 occasione
774 1049 821 1081 vel
839 1050 931 1081 causa
952 1048 1032 1088 latis,
1051 1048 1076 1080 si
1092 1048 1206 1091 quibus

467 1101 705 1144 quomodolibet
730 1101 895 1134 innodatae
920 1101 1074 1141 existunt,
1099 1101 1137 1133 ad
1164 1101 1207 1133 ef-

467 1155 583 1186 fectum
608 1154 820 1196 praesentium
842 1154 1002 1187 dumtaxat
1019 1163 1209 1196 consequen-

469 1206 554 1247 dum,
571 1207 685 1239 harum
710 1207 791 1239 serie
815 1206 1010 1239 absolventes
1034 1211 1064 1240 et
1088 1206 1209 1239 absolu-

471 1266 516 1291 tas
540 1260 606 1292 fore
636 1265 818 1300 censentes,
847 1269 969 1291 necnon
998 1259 1208 1302 praefatarum

471 1313 643 1345 Innocentii
668 1312 921 1356 praedecessoris
952 1313 1126 1345 litterarum
1158 1318 1206 1345 te-

471 1376 581 1399 norem
599 1366 815 1409 praesentibus
833 1376 890 1408 pro
908 1366 998 1409 plene
1012 1370 1041 1399 et
1057 1366 1210 1398 sufficien-

473 1426 519 1452 ter
550 1430 700 1463 expresso
731 1419 902 1461 habentes,
928 1419 1210 1462 supplicationibus

473 1472 629 1505 dictorum
655 1472 876 1515 exponentium
893 1472 1021 1504 nomine
1044 1472 1134 1504 nobis
1159 1482 1210 1504 su-

474 1537 530 1569 per
548 1526 607 1558 boc
624 1526 785 1558 humiliter
803 1525 957 1568 porrectis
982 1525 1130 1566 inclinati,
1149 1536 1212 1558 eas-

475 1579 610 1622 demque
630 1578 801 1611 Innocentii
826 1578 1077 1621 praedecessoris
1095 1579 1212 1611 litteras

475 1643 511 1664 ex
535 1642 619 1664 nunc
645 1636 827 1664 revocantes
852 1636 882 1664 et
905 1632 1110 1673 annullantes,
1139 1642 1212 1665 con-

476 1685 614 1718 cordiam
636 1685 715 1718 inter
732 1684 909 1727 praedictos
922 1690 1122 1727 exponentes,
1137 1685 1215 1717 sieut

475 1738 698 1782 praemittitur,
724 1738 842 1778 initam,
868 1738 1103 1781 confectumque
1123 1738 1214 1771 desu-

476 1803 533 1835 per
558 1792 747 1834 scripturam
772 1791 1009 1834 praeinsertam,
1028 1802 1098 1823 cum
1120 1791 1217 1824 omni-

479 1845 538 1877 bus
556 1850 586 1876 et
606 1844 737 1885 singulis
762 1844 858 1887 pactis
886 1843 1154 1884 conventionibus,
1172 1854 1218 1876 ca—

479 1897 584 1940 pitulis
603 1902 632 1929 ct
648 1896 922 1935 declarationibus,
939 1896 1217 1939 reservationibus⁷

480 1950 711 1982 conditionibus
729 1955 757 1981 ct
782 1949 850 1981 aliis
875 1949 906 1981 in
924 1949 977 1981 illa
994 1950 1104 1992 quovis
1125 1950 1218 1983 modo

480 2003 634 2036 contentis
666 2008 696 2035 et
729 2002 884 2045 expressis
916 2002 996 2044 (sine
1027 2003 1091 2035 ullo
1117 2007 1219 2035 tamen

481 2055 676 2098 praeiudicio
693 2065 967 2098 quorumcumque
985 2055 1102 2087 iurium
1121 2066 1220 2087 came-

480 2119 534 2141 rae
555 2113 680 2140 nostrae
695 2108 885 2151 apostolicae
900 2107 1010 2150 quovis
1028 2107 1121 2140 modo
1139 2119 1221 2141 com-

481 2161 653 2205 petentium
686 2166 716 2193 ct
740 2161 1002 2203 quandocumque
1034 2161 1220 2204 competitu-

482 2226 612 2254 r0rum‚
637 2214 750 2256 quibus
775 2224 830 2257 per
856 2219 1036 2257 praesentes
1059 2225 1095 2246 ac
1118 2214 1150 2246 in
1178 2215 1221 2247 eis

483 2273 628 2301 contenta
653 2273 683 2300 ct
707 2268 822 2300 inserta
846 2278 1063 2310 quaecumque
1087 2269 1221 2300 nullate-

483 2332 542 2353 nus
570 2321 781 2364 praeiudicari
810 2326 862 2352 aut
887 2320 1136 2363 praeiudicatum
1155 2332 1222 2354 esse

485 2374 531 2405 vel
558 2383 694 2416 unquam
716 2375 782 2405 fore
807 2373 1008 2412 intendimus,
1027 2373 1120 2416 idque
1140 2374 1222 2407 serio

486 2431 719 2468 protestamur,
744 2431 773 2458 et
803 2426 882 2458 lianc
914 2427 1171 2469 protestationem
1193 2427 1223 2459 in

488 2479 653 2522 principio,
680 2480 781 2512 medio
805 2485 834 2512 et
859 2480 930 2520 line,
955 2480 1054 2512 aliave
1085 2480 1224 2523 qualibet

487 2538 574 2575 parte
600 2533 782 2566 earumdem
815 2533 1024 2576 praesentium
1058 2534 1222 2577 repetitam

488 2585 629 2628 intelligi,
653 2596 710 2619 nec
734 2597 802 2629 eas,
835 2587 894 2619 nisi
918 2587 1143 2630 protestatione
1166 2588 1224 2620 liu-

1032 209 1210 234 BULLARIUM
1236 209 1391 234 ROMANUM

1222 256 1356 289 iusmodi
1376 256 1469 297 salva,
1483 256 1586 288 valere
1599 254 1821 298 decernimus),
1839 261 1963 299 aposto-

1224 310 1284 342 lica
1302 309 1497 350 auctoritate,
1519 314 1627 341 tenore
1651 308 1874 351 praesentium,
1891 318 1964 341 con-

1226 363 1390 395 firmamus
1415 368 1445 395 et
1469 362 1705 405 approbamus,
1730 360 1837 403 illique
1865 360 1964 393 invio-

1228 415 1330 447 labilis
1350 415 1539 458 apostolicae
1563 413 1719 447 firmitatis
1744 413 1842 446 robur
1863 412 1966 445 adiici-

1230 478 1308 509 mus,
1322 478 1358 501 ae
1375 478 1483 500 omnes
1497 473 1527 500 et
1544 467 1684 509 singulos
1701 471 1763 498 tam
1781 465 1857 498 iuris
1874 475 1967 508 quam

1230 522 1301 555 facti
1326 521 1474 561 defectus,
1490 521 1514 553 si
1541 521 1593 563 qui
1618 520 1752 563 desuper
1776 518 1970 562 quomodoli-

1232 574 1283 607 bet
1307 572 1553 614 intervenerint,
1581 573 1773 616 supplemus.
1807 571 1971 604 Praeterea

1233 637 1447 670 quascumque
1462 627 1531 659 lites
1553 626 1584 658 in
1604 625 1714 668 quovis
1735 624 1883 657 tribunali
1900 629 1972 667 post

1235 679 1381 712 unionem
1395 679 1578 722 praefatam,
1589 684 1618 710 et
1632 677 1714 711 illius
1731 676 1896 710 occasione
1909 686 1973 709 mo-

1235 737 1292 771 tas,
1319 742 1441 764 necnon
1466 731 1634 764 sententias
1658 730 1800 762 eamdem
1824 729 1973 762 unionem

1236 789 1266 817 et
1285 789 1430 817 contenta
1447 784 1479 816 in
1499 784 1550 816 illa
1567 786 1800 824 concernentes,
1814 792 1890 825 quas
1904 792 1975 825 sup-

1237 837 1329 880 primi
1356 843 1385 870 et
1410 836 1549 879 extingui
1567 837 1598 868 in
1621 835 1782 879 praedicta
1806 834 1975 868 concordia

1238 895 1427 923 conventum
1441 889 1608 933 reperitur,
1625 889 1749 920 illarum
1764 892 1794 920 et
1810 887 1977 921 cuiuslibet

1239 953 1346 975 earum
1379 947 1493 975 statum
1527 946 1557 975 et
1580 941 1708 981 merita,
1732 939 1922 982 nominaque
1946 943 1977 972 et

1240 995 1439 1038 cognomina,
1459 1006 1494 1028 ac
1523 994 1688 1038 qualitates
1708 993 1845 1026 iudicum
1867 997 1898 1025 et
1914 992 1977 1025 col-

1240 1048 1439 1090 litigantium,
1456 1053 1486 1080 et
1510 1048 1570 1080 alia
1594 1047 1687 1081 etiam
1708 1045 1834 1089 speciali
1852 1055 1978 1088 expres-

1241 1102 1327 1134 sione
1341 1101 1444 1143 digna,
1459 1100 1676 1144 praesentibus
1690 1099 1797 1132 itidem
1811 1109 1870 1142 pro
1888 1099 1979 1142 plene

1242 1161 1272 1187 et
1296 1155 1488 1187 sufficienter
1512 1153 1668 1197 expressis
1693 1152 1852 1192 habentes,
1872 1157 1979 1185 aucto-

1243 1208 1333 1241 ritate
1350 1213 1380 1240 et
1404 1213 1511 1239 tenore
1536 1206 1713 1249 praedietis,
1738 1210 1891 1249 perpetuo
1911 1215 1981 1248 sup-

1244 1260 1412 1304 primimus
1437 1266 1467 1292 et
1491 1259 1702 1302 extinguimus
1717 1287 1724 1300 ,
1749 1258 1981 1302 sententiasque

1245 1313 1423 1346 huiusmodi
1449 1323 1618 1353 cassamus,
1635 1312 1794 1345 irritamus
1819 1316 1848 1346 et
1871 1313 1981 1346 annul-

1245 1368 1354 1406 lamus,
1372 1377 1408 1398 ac
1425 1366 1543 1398 viribus
1560 1371 1591 1398 et
1610 1365 1722 1398 effectu
1739 1365 1862 1409 penitus
1875 1375 1983 1399 vacua-

1246 1431 1324 1460 mus,
1342 1430 1462 1452 necnon
1483 1423 1670 1462 perpetuum
1689 1419 1813 1462 utrique
1835 1419 1916 1462 parti
1934 1419 1983 1453 de—

1246 1485 1340 1517 super
1357 1474 1513 1507 silentium
1533 1473 1732 1516 imponimus.
1748 1473 1909 1506 Postremo
1922 1472 1984 1506 cui-

1247 1527 1321 1560 libet
1346 1537 1382 1559 ex
1408 1527 1665 1559 universitatibus
1689 1525 1856 1569 praefatis,
1886 1536 1984 1558 unum

1247 1591 1301 1613 seu
1327 1581 1433 1623 plures
1457 1580 1601 1612 consules
1616 1606 1623 1619 ,
1648 1579 1787 1622 aliosque
1818 1579 1984 1620 officiales,

1247 1634 1360 1676 quibus
1385 1644 1442 1677 pro
1472 1633 1555 1666 bono
1586 1643 1695 1665 earum
1725 1633 1878 1675 regimine
1906 1643 1985 1676 opus

1249 1697 1315 1719 esse
1340 1686 1594 1726 existimaverint,
1619 1685 1676 1718 sibi
1702 1685 1876 1729 respective
1904 1695 1983 1719 con-

1250 1739 1397 1772 stituendi
1421 1739 1608 1779 facultatem,
1625 1739 1708 1772 dicta
1725 1738 1919 1779 auctoritate,
1936 1749 1987 1772 ea-

1251 1794 1394 1825 rumdem
1420 1798 1528 1826 tenore
1544 1793 1768 1836 praesentium,
1785 1792 1987 1825 concedimus

1252 1851 1281 1878 et
1305 1846 1513 1889 impertimur.

1297 1899 1311 1941 g
1328 1898 1357 1931 3.
1378 1899 1586 1931 Decernentes
1607 1898 1730 1930 easdem
1748 1903 1927 1941 praesentes
1944 1897 1989 1930 lit-

1253 1957 1334 1983 teras
1359 1961 1482 1994 semper
1506 1951 1623 1991 sirmas,
1649 1951 1764 1983 validas
1789 1956 1819 1983 ct
1850 1951 1989 1984 efficaces

1254 2003 1386 2036 existere
1411 2008 1441 2035 et
1465 2004 1541 2043 fore,
1559 2013 1693 2046 suosque
1719 2003 1877 2046 plenarios
1901 2003 1991 2036 etin-

1256 2062 1360 2099 tegros
1384 2056 1512 2090 effectus
1536 2056 1642 2089 sortiri
1667 2061 1698 2088 et
1721 2056 1874 2096 obtinere,
1898 2066 1934 2088 ac
1950 2055 1992 2088 di-

1255 2109 1312 2142 ctis
1337 2108 1589 2142 universitatibus
1612 2108 1793 2152 plenissime
1817 2107 1991 2151 suffragari,

1256 2168 1286 2195 et
1302 2163 1340 2194 ab
1357 2162 1503 2195 omnibus
1520 2167 1550 2194 et
1574 2162 1716 2204 singulis,
1735 2172 1812 2204 quos
1832 2161 1901 2194 illae
1918 2171 1992 2194 con-

1257 2221 1389 2248 cernunt
1422 2221 1452 2248 et
1483 2221 1673 2248 concernent
1703 2214 1938 2258 quomodolibet
1961 2213 1991 2246 in

1256 2270 1414 2308 futurum,
1439 2268 1660 2301 inviolabiliter
1684 2267 1861 2308 observari,
1887 2267 1993 2310 sicque

1258 2322 1287 2354 in
1306 2321 1485 2365 praemissis
1503 2331 1558 2364 per
1575 2331 1790 2364 quoscumque
1807 2320 1926 2354 iudices
1942 2331 1993 2354 or-

1257 2376 1396 2408 dinarios
1413 2379 1442 2409 et
1459 2375 1628 2417 delegatos,
1646 2375 1738 2407 etiam
1760 2384 1924 2407 causarum
1942 2383 1993 2417 pa-

1258 2429 1322 2461 latii
1341 2428 1503 2471 apostolici
1529 2427 1699 2467 auditores,
1716 2426 1878 2470 dictaeque
1894 2436 1993 2459 came-

1258 2493 1310 2515 rae
1343 2482 1595 2514 commissarium
1610 2508 1617 2521 ‚
1643 2487 1674 2513 et
1698 2481 1774 2513 alios
1798 2480 1946 2513 officiales
1963 2484 1993 2512 et

1258 2534 1419 2567 ministros
1444 2533 1574 2566 iudicari
1594 2538 1623 2567 ct
1651 2533 1773 2566 definiri
1798 2532 1933 2571 debere,
1957 2542 1993 2565 ac

1259 2587 1382 2620 irritum
1408 2593 1437 2620 et
1461 2587 1574 2627 inane,
1600 2586 1625 2619 si
1657 2597 1745 2620 secus
1774 2596 1869 2629 super
1901 2585 1948 2618 his
1975 2594 1993 2618 a

2002 1930 2015 1952 d

1974 208 2025 235 An.
2045 207 2075 234 C.
2092 206 2161 237 1660·
2188 208 2191 214 “

2019 1930 2021 1933 ¹
2026 1902 2136 1950 tClausulas
2144 1901 2177 1922 ad·

2019 1936 2023 1949 ι
2035 1945 2040 1951 .
