2202 3190
258 278 307 304 Λη.
324 277 351 304 C.
374 277 436 303 1001

281 712 423 738 Supplicatiu.

290 2456 438 2478 Ordinationes

255 2485 309 2504 sixti
324 2485 349 2504 tv
360 2500 364 2508 ,
385 2485 438 2504 Ιάιι·

254 2511 268 2531 lt
286 2510 301 2530 V
319 2513 337 2530 et
362 2511 437 2535 firmi·

254 2537 280 2558 ru·
303 2536 339 2557 XV
364 2538 437 2557 contii-⁴

254 2566 304 2584 mat.

488 268 549 300 750

455 336 493 368 pa
517 326 575 364 XV,
601 323 744 356 similiter
768 323 991 367 praedecessor
1015 330 1129 365 noster,
1154 324 1190 356 ad

454 377 572 421 prirata
594 378 685 409 etiam
701 377 857 421 colloquia
875 377 1022 419 extendit,
1042 378 1191 409 mandans

455 430 582 473 insuper
611 430 639 462 in
673 431 810 463 fitvorem
838 430 975 463 eiusdem
1002 431 1191 470 sententiae,

454 489 487 515 ut
512 484 541 515 in
564 489 761 516 sacrosancto
786 484 898 516 missae
923 484 1077 516 sacrificio
1095 494 1129 516 ac
1150 484 1191 515 di-

454 536 525 569 vino
539 537 641 569 officio
656 537 860 577 celebrandis,
880 542 939 569 tam
955 537 1080 580 publice
1099 547 1191 580 quam

454 590 613 633 privatim,
638 600 698 622 non
715 590 775 622 alio
793 601 885 633 quam
911 590 1128 633 Conceptionis
1141 601 1192 622 no-

455 644 536 675 mine
562 644 604 675 uti
630 644 821 687 quicumque
846 644 988 676 debeant.

499 698 512 739 ξ
545 697 574 729 a.
608 698 838 737 Nihilominus,
872 703 965 741 prout
998 697 1191 729 venerabiles

454 749 565 782 fratres
590 750 726 793 episcopi
754 750 817 783 sere
843 761 951 783 omnes
969 750 1189 793 llispaniarum

453 814 523 835 cnm
549 803 752 835 ecclesiarum
779 814 906 835 suarum
933 803 1086 846 capitulis,
1112 803 1190 835 datis

453 856 490 887 a‹l
526 866 583 889 nos
613 857 746 896 litteris,
773 862 985 900 exposuerunt
1011 856 1190 899 (accedente

453 909 544 940 ctiam
580 909 788 941 insinuatione
821 909 970 941 carissimi
1005 909 1034 940 in
1068 909 1189 943 Christo

451 961 505 993 filii
517 962 613 994 nostri
627 962 759 1005 Philippi
772 962 952 994 earumdem
969 962 1187 1006 Hispaniarum

451 1015 534 1056 regis
560 1016 714 1056 catholici,
740 1016 791 1059 qui
818 1016 984 1059 specialem
1011 1028 1104 1060 super
1129 1017 1189 1050 hoc

450 1069 534 1100 misit
555 1069 591 1100 ad
618 1079 673 1101 nos
698 1074 855 1101 oratorem
883 1070 1093 1102 venerabilem
1129 1070 1189 1102 fra-

450 1127 529 1155 trem
549 1122 738 1155 Ludovicum
758 1123 939 1166 episcopum
966 1124 1189 1164 Placentinum,

450 1186 506 1219 per
531 1186 623 1219 quem
650 1176 741 1207 etiam
767 1176 886 1208 delatae
919 1176 1047 1210 fuerunt
1071 1177 1108 1209 ad
1133 1187 1189 1209 nos

450 1228 694 1271 supplicationes
719 1239 889 1271 regnorum
923 1229 1103 1261 earumdem
1136 1230 1190 1262 Hi-

450 1280 654 1324 spaniarum),
674 1285 808 1324 pergunt
840 1281 934 1324 aliqui
958 1283 1133 1316 contrariae
1159 1283 1191 1314 il-

450 1334 510 1365 lius
534 1334 691 1377 opinionis
709 1339 891 1375 assertores,
906 1340 1015 1367 contra
1033 1336 1189 1378 praefatas

450 1386 690 1430 prohibitiones,
716 1392 780 1419 tum
806 1387 950 1430 privatim
978 1393 1042 1420 tum
1065 1389 1189 1432 publice

450 1440 620 1483 praefatam
647 1440 831 1472 sententiam
850 1445 902 1472 ant
923 1440 1112 1484 impugnare
1138 1447 1190 1473 aut

452 1493 609 1533 vellicare,
634 1498 663 1524 et
687 1493 826 1525 savorem
852 1504 868 1525 a
893 1493 1041 1526 Romanis
1067 1494 1190 1528 Pontifi-

451 1546 538 1579 cibus
563 1546 657 1579 cnltui
674 1553 699 1578 et
717 1546 794 1579 festo
811 1546 983 1579 secundum
1002 1547 1085 1579 illam
1104 1558 1190 1591 prae-

450 1600 556 1631 stitum
572 1599 611 1631 ita
626 1599 827 1642 interpretari
842 1604 876 1631 ut
897 1600 1105 1639 frustrentur3
1126 1600 1189 1633 imo

451 1652 621 1685 Ecclesiam
654 1652 825 1685 Romanam
858 1652 931 1684 huic
965 1654 1136 1685 sententiae
1161 1659 1190 1685 et

451 1706 547 1738 cultui
574 1706 656 1738 iuxta
682 1706 765 1738 illam
791 1706 901 1738 Beatae
917 1706 1034 1748 Virgini
1052 1707 1189 1740 exhibito

450 1759 553 1791 favere
578 1762 714 1801 negant,
748 1759 816 1802 pios
848 1759 1068 1792 christifideles
1094 1770 1110 1792 a
1134 1762 1189 1793 sna

450 1813 581 1856 pacifica
606 1813 695 1856 qnasi
720 1813 918 1856 possessione
946 1813 1114 1846 deturbare
1139 1824 1189 1847 co-

450 1866 563 1906 nando,
589 1867 670 1899 unde
695 1866 893 1907 offensiones,
911 1867 1056 1900 scandala
1075 1872 1103 1899 et
1130 1867 1190 1899 iur-

451 1919 518 1961 gia,
543 1919 657 1962 quihus
683 1919 809 1952 obviare
834 1920 1002 1952 voluerunt
1027 1920 1141 1952 Paulus
1167 1920 1189 1952 V

452 1978 481 2004 et
512 1973 681 2015 Gregorius
715 1973 765 2005 XV
789 1972 888 2005 nostri
913 1973 1188 2016 praedecessoreS,

451 2026 623 2069 perdurant
645 2026 756 2067 adhuc,
778 2032 807 2058 et
832 2037 866 2059 ex
893 2027 1056 2059 occasione
1071 2038 1191 2060 eorum-

451 2080 521 2112 dem
548 2080 777 2112 adversantium
800 2080 918 2112 maiora
939 2080 1138 2113 incommoda
1159 2081 1190 2112 in

451 2138 613 2176 posterum
639 2133 811 2176 prudenter
836 2138 864 2166 et
890 2134 1004 2166 merito
1029 2133 1188 2166 timentur.

451 2186 649 2230 Quapropter
674 2197 769 2230 super
794 2187 841 2219 his
871 2192 932 2219 tam
964 2187 1094 2230 praefati
1120 2188 1188 2230 epi-

451 2240 538 2283 scopi
564 2250 634 2272 cum
660 2240 861 2272 ecclesiarum
880 2250 1006 2273 suarum
1033 2240 1189 2283 capitulis,

451 2303 543 2336 quam
570 2298 762 2326 memoratus
787 2293 950 2336 Philippus
968 2304 1032 2333 rex,
1058 2294 1188 2337 eiusque

452 2357 549 2388 regna
572 2346 662 2379 nobis
685 2357 742 2390 pro
766 2352 947 2390 opportuno
977 2347 1118 2380 remedio
1144 2347 1190 2380 in-

453 2404 569 2432 stanter
594 2399 764 2443 supplicat·i
790 2400 938 2432 fecerunt.

498 2452 512 2494 g
535 2452 564 2484 4.
598 2453 680 2491 Nos,
717 2453 949 2486 considerantes
974 2453 1056 2496 quod
1083 2458 1188 2486 saneta

454 2504 591 2536 Romana
616 2505 752 2537 Ecclesia
777 2505 814 2537 de
839 2506 1040 2538 intemeratae
1064 2516 1190 2550 semper

454 2557 588 2598 Virginis
614 2558 726 2590 Mariae
745 2558 954 2602 Conceptione
971 2559 1084 2591 festum
1110 2560 1190 2592 sole-

454 2610 568 2642 mniter
592 2610 739 2649 celebrat,
757 2616 787 2643 et
810 2611 942 2654 speciale
970 2622 1005 2644 ac
1024 2612 1187 2656 proprium

454 2674 548 2708 super
572 2663 630 2696 hoc
656 2664 791 2696 officium
815 2665 888 2697 olim
915 2665 1079 2707 ordinavit,
1105 2666 1189 2698 iuxta

1038 274 1216 300 BULLARIUM
1240 274 1394 298 ROMANUM

1226 323 1329 366 piam,
1355 322 1496 354 devotam
1523 325 1552 355 et
1575 321 1762 354 laudabilem
1796 321 1960 357 institutio-

1225 386 1295 408 nem
1326 386 1404 419 quac
1429 386 1445 407 a
1470 375 1555 409 Sixto
1580 376 1616 407 lV
1641 375 1883 418 praedecessore
1906 386 1961 410 no-

1226 434 1291 461 stro
1309 434 1381 461 tunc
1406 428 1576 461 emanavit:
1598 428 1797 472 volentesque
1814 428 1961 461 laudabili

1226 483 1298 515 huic
1323 482 1428 526 pietati
1450 487 1480 515 et
1503 482 1682 522 devotioni,
1701 487 1730 515 et
1750 483 1826 515 festo
1847 493 1881 515 ac
1902 483 1964 515 cul-

1227 536 1268 568 tui
1296 536 1466 569 secundum
1493 536 1577 568 illam
1607 535 1745 569 exhibito
1770 535 1799 568 in
1824 535 1963 568 Ecclesia

1227 591 1365 623 Romana
1393 594 1462 633 post
1488 589 1585 632 ipsius
1610 589 1712 621 cultus
1736 588 1963 622 institutionem

1227 653 1386 686 nunquam
1413 643 1587 682 immutato,
1605 642 1818 675 Romanorum
1840 641 1964 674 Pontifi-

1226 708 1295 729 cum
1315 696 1594 740 praedecessorum
1608 699 1789 729 nostrornm
1807 695 1962 739 exemplo,

1225 750 1338 790 favere,
1356 760 1478 782 necnon
1504 749 1582 782 tueri
1608 749 1753 792 pietatem
1779 754 1809 781 et
1826 748 1964 782 devotio-

1225 813 1295 835 nem
1322 803 1402 835 hanc
1429 802 1551 835 colendi
1571 807 1601 835 et
1625 801 1802 835 celebrandi
1825 801 1965 834 Beatissi-

1227 867 1307 889 mam
1323 857 1493 900 Virginem,
1512 856 1733 900 praeveniente
1757 855 1875 888 scilicet
1899 854 1964 898 Spi-

1225 910 1302 943 ritus
1317 910 1418 943 Sancti
1435 910 1533 952 gratia
1547 920 1563 942 a
1576 915 1704 953 peccato
1719 909 1862 951 originali
1877 918 1964 952 prae-

1225 968 1397 1003 servatam,
1428 963 1650 1006 cupientesque
1676 962 1705 994 in
1730 962 1841 995 Christi
1868 971 1964 1004 grege

1225 1016 1372 1049 unitatem
1395 1016 1523 1059 spiritus
1542 1016 1571 1047 in
1593 1015 1717 1047 vinculo
1735 1015 1832 1058 pacis,
1850 1014 1964 1047 sedatis

1225 1069 1449 1102 offensionibus
1474 1075 1503 1101 et
1528 1069 1656 1110 iurgiis,
1677 1068 1852 1111 amotisque
1877 1077 1965 1100 scan-

1224 1122 1311 1162 dalis,
1333 1132 1528 1163 conservare,
1547 1122 1584 1153 ad
1602 1122 1814 1165 praefatorum
1841 1120 1963 1164 episco-

1224 1187 1335 1219 porum
1352 1187 1421 1208 eum
1440 1175 1643 1208 ecclesiarum
1665 1185 1791 1207 suarum
1811 1174 1964 1218 capitulis,

1224 1240 1259 1261 ac
1275 1229 1410 1272 Philippi
1432 1229 1524 1271 regis,
1545 1228 1672 1271 eiusque
1690 1238 1860 1270 regnorum
1879 1227 1965 1260 obla-

1224 1288 1285 1314 tam
1312 1282 1403 1314 nobis
1428 1282 1666 1320 instantiam‚ac
1683 1280 1965 1324 preccsconstitu-

1224 1336 1324 1367 tiones
1350 1340 1376 1367 et
1403 1334 1527 1367 decreta
1552 1345 1568 1366 a
1594 1334 1741 1366 Romanis
1762 1333 1964 1366 Pontificibus

1224 1389 1518 1432 praedecessoribus
1543 1388 1672 1428 nostris,
1698 1393 1727 1420 et
1755 1387 1922 1431 praecipue
1947 1397 1964 1420 a

1224 1442 1309 1474 Sixto
1335 1442 1380 1483 lV,
1408 1442 1502 1473 Paulo
1529 1442 1549 1473 V
1575 1446 1604 1473 et
1629 1441 1782 1483 Gregorio
1806 1440 1858 1473 XV
1883 1440 1964 1472 edita

1225 1495 1253 1526 in
1280 1495 1418 1527 favorem
1445 1495 1614 1526 sententiae
1638 1493 1804 1526 asserentis
1828 1493 1963 1525 animam

1225 1548 1254 1580 Β,
1282 1548 1394 1580 Mariae
1420 1547 1554 1590 Virginis
1580 1547 1609 1579 in
1635 1547 1681 1579 sui
1707 1547 1864 1579 creatione
1884 1546 1964 1579 etin

1224 1612 1338 1645 corpus
1375 1602 1527 1635 infusione
1561 1601 1694 1644 Spiritus
1724 1599 1826 1633 Sancti
1863 1599 1965 1642 gratia

1224 1655 1368 1687 donatam
1401 1661 1428 1687 et
1454 1666 1471 1687 a
1497 1660 1625 1698 peccato
1650 1654 1796 1696 originali
1820 1663 1963 1697 praeser-

1225 1715 1323 1741 vatam
1350 1710 1454 1749 fuisse,
1478 1719 1598 1742 necnon
1623 1713 1653 1741 et
1677 1708 1707 1740 in
1732 1708 1869 1741 favorem
1894 1707 1963 1740 festi

1224 1767 1253 1793 et
1278 1763 1379 1794 cultus
1410 1761 1612 1805 Conceptioni
1650 1760 1788 1793 eiusdem
1826 1760 1962 1803 Virginis

1224 1815 1373 1858 Deiparae
1406 1815 1577 1847 secundum
1604 1814 1687 1858 piam
1721 1813 1811 1846 istam
1837 1818 1962 1846 senten-

1224 1866 1307 1905 liam,
1332 1871 1364 1898 ut,
1390 1866 1575 1909 praefertur,
1600 1864 1739 1907 exhibiti,
1766 1864 1961 1905 innovamus,

1224 1925 1253 1951 et
1268 1919 1326 1952 sub
1341 1920 1480 1953 censuris
1499 1925 1524 1952 et
1545 1919 1654 1963 poenis
1672 1919 1702 1951 in
1718 1918 1833 1951 eisdem
1851 1917 1963 1952 consti-

1226 1973 1397 2006 tutionibus
1418 1973 1571 2006 contentis
1588 1972 1748 2005 observari
1767 1972 1960 2005 mandamus.

1268 2026 1282 2069 ἓ
1307 2026 1334 2058 5.
1362 2027 1398 2058 Et
1422 2026 1549 2069 insuper
1566 2035 1675 2058 omnes
1695 2031 1725 2058 et
1742 2025 1890 2068 singulos,
1907 2024 1964 2068 qui'

1225 2080 1377 2122 praefatas
1410 2079 1646 2112 constitutiones
1677 2089 1731 2111 seu
1766 2078 1894 2111 decreta·
1919 2077 1961 2111 ita

1224 2136 1355 2175 pergent
1378 2132 1587 2175 interpretari,
1605 2137 1638 2164 ut
1655 2132 1792 2164 favorem
1818 2141 1874 2174 per
1893 2130 1961 2164 illas

1224 2185 1323 2217 dictae
1337 2185 1507 2218 sententiae
1525 2189 1554 2218 et
1579 2185 1656 2218 festo
1670 2195 1723 2217 seu
1742 2184 1836 2217 cultui
1855 2194 1962 2217 secun-

1223 2238 1296 2270 dum
1322 2238 1405 2270 illam
1432 2238 1569 2271 exhibito
1594 2238 1800 2278 frustrentur,
1825 2237 1872 2269 vel
1905 2237 1958 2280 qui

1224 2292 1303 2324 hanc
1337 2291 1477 2324 eamdem
1515 2291 1721 2333 sententiam,
1759 2291 1870 2323 festum
1905 2300 1960 2324 seu

1223 2346 1340 2378 cultum
1356 2345 1385 2377 in
1400 2344 1640 2388 disputationem
1656 2354 1812 2383 revocare,
1826 2347 1878 2378 aut
1891 2353 1961 2377 con-

1225 2403 1269 2432 tra
1283 2409 1318 2432 ea
1335 2408 1461 2442 quoquo
1477 2397 1578 2437 modo,
1599 2397 1716 2430 directe
1735 2398 1779 2429 vel
1799 2397 1958 2437 indirecte,

1223 2457 1275 2484 ant
1298 2451 1407 2494 quovis
1426 2456 1598 2494 praetextu,
1620 2451 1711 2484 etiam
1737 2449 1959 2482 definibilitatis

1223 2505 1289 2538 eins
1314 2505 1554 2545 examinandae,
1580 2504 1643 2536 sive
1668 2504 1793 2536 Sacram
1819 2502 1959 2546 Scriptu-

1224 2569 1299 2600 rani,
1322 2564 1444 2591 sanctos
1466 2557 1582 2598 Patres,
1609 2557 1673 2589 sive
1697 2557 1850 2598 doctores,
1876 2556 1958 2598 glos-

1223 2612 1308 2645 sandi
1328 2612 1373 2644 vel
1393 2611 1627 2654 interpretandi,
1648 2610 1782 2653 denique
1807 2609 1868 2642 alio
1885 2619 1958 2652 quo-

1224 2666 1267 2698 vis
1291 2668 1450 2708 praetextu
1476 2674 1529 2696 seu
1553 2663 1737 2703 occasione,
1762 2662 1878 2706 scripto
1902 2671 1956 2694 seu

1979 275 2027 303 An.
2040 275 2072 304 ³C.
2093 276 2154 306 ¹66¹
2194 255 2198 297 l

2047 2030 2152 2052 Clausum

1973 2059 2079 2086 poenales.
