2243 3205
276 239 324 264 An.
342 238 369 264 c.
393 237 458 265 1657
504 227 569 261 314
1057 236 1236 262 normarum
1262 237 1415 263 Romnum
2001 238 2048 266 An.
2065 239 2092 267 c,
2112 230 2174 274 ¹65⁶!
2222 199 2243 276 J

318 299 401 321 Laudat
419 306 462 326 ψ.-
522 286 537 329 g
566 285 590 318 l.
616 285 704 318 Nunc
729 294 855 317 saevum
878 283 965 318 illum
992 284 1159 326 turbinem,
1179 285 1215 318 li-
1231 300 1233 332 χ
1249 285 1288 318 sti
1325 290 1355 318 et
1390 285 1599 318 aemulatores
1637 288 1816 318 sanctorum
1851 285 1984 319 sormam
2222 288 2243 315 ii

281 326 464 382 {333033354332
480 343 527 373 cet
550 338 703 383 perculsis
728 343 757 371 et
781 337 981 379 labefactans„
1002 339 1155 373 stantibus
1176 343 1216 372 ta·
1249 338 1318 371 fieri
1354 338 1459 381 gregis
1485 349 1521 371 ex
1546 337 1652 371 animo
1676 337 1875 372 obsecrantes
1895 338 1986 383 cupi·
2222 333 2224 338 “

279 386 326 400 '²¹³⁶
343 381 416 401 ¹⁰¹⁰¹¹'‘
480 402 552 425 men
574 391 678 432 rebus,
692 391 870 425 consedisse
887 392 1059 435 plurimum
1077 402 1151 425 sane
1168 402 1217 435 ga·
1232 387 1234 405 ‘
1251 401 1330 431 mus,
1351 391 1455 433 etiam,
1473 396 1505 424 ut
1523 400 1695 435 speramus,
1714 390 1910 424 currentibus
1928 391 1987 424 cal·
2235 383 2243 424 Ξ

480 446 539 478 visi
565 455 683 485 sumUS,
709 450 833 488 tamque
859 444 988 487 insignis
1005 445 1151 478 beneficii
1169 456 1217 478 au-
1233 438 1235 479 i
1252 455 1304 477 car
1328 443 1481 477 addimus.
1508 444 1606 477 Porro
1631 443 1722 476 nobis
1746 443 1785 476 ab
1804 443 1873 487 ipso
1889 444 1988 477 nostri

483 497 562 530 etori
594 496 883 530 misericordiarum
917 497 999 530 Patri
1024 498 1086 531 Deo
1112 496 1452 541 laudes.pontificatus
1486 496 1574 530 initio
1609 496 1686 529 nihil
1722 496 1879 540 antiquius
1910 496 1988 538 suit,

483 556 513 584 et
536 555 640 593 grates
662 550 753 583 etiam
779 550 905 594 publice
930 551 1060 594 egimus.
1082 551 1140 585 Sed
1173 551 1218 583 in·
1235 570 1236 573 =
1253 560 1346 593 quam
1367 550 1484 583 Urbem
1502 554 1641 583 nostram
1661 549 1693 581 in
1712 548 1822 592 primis
1840 553 1869 582 et
1884 548 1989 582 locum

482 604 566 648 genti
582 604 707 647 gaudio,
725 615 787 648 quo
807 615 895 638 mens
910 610 1017 639 nostra
1035 605 1220 649 completur,
1254 608 1405 645 sanctum,
1432 614 1524 647 quem
1550 603 1644 646 elegit
1667 602 1827 643 Dominus,
1848 602 1886 635 ab
1906 602 1991 636 omni

483 667 617 700 magnus
642 657 775 691 laetitiae
801 658 945 691 cumulus
963 658 1082 692 accedit
1099 668 1135 691 ex
1153 667 1222 691 con-
1254 666 1385 700 prorsus
1409 655 1489 699 labe,
1506 666 1541 689 ac
1558 655 1705 689 vitiorum
1730 654 1885 696 sordibus,
1899 664 1992 699 quan-

485 710 572 745 cordi
597 711 662 744 zelo
687 714 716 745 et
741 711 893 745 constanti
919 711 1032 744 virtute
1050 711 1222 745 fraternita-
1256 714 1321 742 tum
1346 709 1377 742 in
1400 709 1491 742 nobis
1516 719 1583 742 esse
1607 713 1721 752 posset,
1747 718 1862 752 purum
1888 713 1918 741 et
1941 718 1992 742 re-

484 769 550 797 tum
576 770 773 806 vestrarum,
794 775 889 808 quae,
913 765 957 799 uti
982 765 1074 799 nobis
1098 775 1223 798 venera·
1238 784 1239 809 1
1255 765 1422 806 purgatum
1448 761 1624 802 custodire,
1650 772 1712 804 quo
1747 759 1923 804 promptius
1958 770 1994 794 ac

483 817 556 850 bilis
580 817 675 850 frater
698 818 864 862 episcopus
891 818 1059 851 Laudensis
1090 817 1223 850 nuncius
1257 815 1376 848 felicius
1401 815 1439 848 ab
1465 814 1617 847 universis
1642 813 1898 847 christifidelibus
1921 812 1995 847 hinc

485 871 676 914 apostolicus
699 881 763 904 non
800 871 895 904 semel
921 871 1049 913 retulit,
1075 871 1104 903 in
1131 870 1223 903 tantis
1257 868 1364 901 salutis
1383 868 1498 901 nedum
1512 872 1681 912 praecepta
1699 866 1753 900 sed
1767 866 1909 910 exempla
1921 876 1996 910 quo-

485 925 696 968 procellarum
722 924 868 957 fluctibus
893 925 940 957 vel
961 924 1148 958 sustinendis
1176 924 1223 956 vel
1258 932 1318 965 que
1342 921 1405 965 peti
1429 926 1565 965 possent.
1602 920 1700 964 quue
1724 924 1886 964 praeterea
1910 919 1996 952 insti-

487 976 579 1010 etiam
605 976 749 1009 sedandis
773 977 939 1019 insigniter
963 977 1081 1011 enituit.
1260 976 1325 1007 tuta
1349 980 1379 1008 et
1402 984 1501 1018 usque
1525 974 1719 1018 prosequuta
1743 983 1799 1017 per
1829 982 1886 1006 nos
1911 972 1997 1016 ipsos

316 1043 472 1070 mota-iope-
533 1031 547 1074 ἓ
571 1031 600 1063 02.
627 1031 727 1069 Quare
751 1030 851 1073 agite,
876 1031 1070 1063 venerabiles
1095 1031 1224 1069 fratres,
1260 1027 1346 1071 (licet
1370 1027 1573 1061 circumstent
1598 1032 1627 1060 et
1651 1027 1712 1059 alio
1744 1036 1837 1070 saepe
1865 1031 1998 1060 avocent

289 1069 472 1121 izii'idssinerciffi'if*
487 1085 610 1129 pergite
634 1083 788 1117 laboranti
814 1083 916 1116 adbuc
941 1083 1059 1127 patriae
1089 1090 1150 1115 tam
1175 1093 1227 1115 nc·
1260 1080 1434 1114 difficilium
1464 1086 1642 1125 temporum
1674 1085 1718 1114 tot
1748 1090 1859 1123 graves
1890 1080 1998 1124 curae)

490 1137 627 1171 cessario
652 1142 794 1180 tempore
819 1136 1003 1175 subvenire;
1028 1137 1142 1169 etenim
1164 1146 1226 1179 quo
1261 1134 1464 1168 ecelesiarum
1492 1134 1698 1178 locorumque
1715 1133 1840 1178 plorum
1858 1132 1998 1176 diligenti

489 1194 591 1224 tantae
615 1190 718 1223 clades
735 1189 886 1222 maiorem
909 1189 1115 1223 calamitatem
1134 1189 1227 1221 rebus
1262 1187 1436 1220 visitatione
1450 1197 1564 1230 urgere
1587 1197 1650 1220 non
1674 1186 1862 1227 desistimus,
1886 1196 1998 1220 veren-

491 1244 636 1278 omnibus
661 1243 844 1283 intulerunt,
869 1252 906 1276 eo
931 1242 1031 1285 magis
1056 1242 1143 1275 vobis
1168 1241 1228 1275 cni-
1262 1245 1307 1273 tes
1327 1240 1477 1273 nimirum
1502 1250 1540 1273 ne
1565 1241 1644 1274 sorte
1667 1239 1898 1284 increpationes
1922 1239 1999 1273 adeo

492 1298 619 1332 tendum
645 1302 691 1330 est
724 1300 756 1329 ut
786 1296 956 1329 catholicae
987 1295 1149 1338 religionis
1184 1305 1230 1327 ia·
1263 1295 1420 1339 pavendas
1446 1295 1514 1328 illas
1534 1295 1656 1328 Domini
1673 1305 1730 1339 per
1746 1294 1941 1328 Ezechielem
1962 1293 2000 1326 ad

492 1352 602 1390 tiones,
621 1350 825 1383 eeclesiarum
852 1349 929 1390 iura,
948 1354 977 1381 et
997 1359 1122 1381 morum
1142 1348 1230 1381 disci·
1263 1353 1404 1392 pastores
1430 1349 1523 1381 lsrael
1548 1359 1611 1382 non
1636 1348 1831 1393 requirentes
1865 1357 1923 1381 nec
1947 1358 2000 1392 pa-

492 1405 610 1450 plinam
636 1413 694 1447 pro
719 1402 801 1435 virili
827 1401 1005 1436 sustentetis
1035 1412 1070 1434 ac
1090 1401 1385 1435 restituta-‘scentes
1410 1412 1539 1445 gregem
1572 1403 1602 1434 iu
1636 1412 1693 1435 nos
1719 1402 1858 1436 converti
1883 1411 2002 1435 merea-

493 1458 549 1498 tis;
567 1457 651 1501 quod
675 1456 831 1500 equidem,
857 1455 1063 1489 benedicente
1087 1456 1346 1498 Domino,·1nm·‚
1372 1461 1425 1489 aut
1449 1456 1542 1489 etiam
1568 1466 1604 1489 ex
1630 1466 1685 1489 ore
1709 1455 1885 1489 Hieremiae
1909 1455 2002 1499 illud:

494 1516 524 1545 et
547 1511 687 1555 piissimo
712 1520 797 1553 rege,
822 1510 871 1543 cui
897 1519 970 1543 sane
995 1510 1168 1551 instamus,
1194 1509 1232 1541 sa·
1275 1510 1329 1543 l'os
1355 1510 1552 1554 dispersistis
1583 1519 1711 1554 qreyem
1743 1520 1851 1543 meum
1881 1513 1909 1543 et
1938 1519 2004 1543 non

494 1571 595 1605 vente,
620 1564 757 1597 futurum
784 1564 951 1603 credimus,
973 1563 996 1595 si
1023 1563 1055 1595 in
1080 1573 1147 1595 cam
1166 1573 1232 1595 rem
1266 1564 1409 1597 visitatis
1429 1574 1498 1604 eos;
1524 1573 1598 1604 ecce,
1613 1574 1667 1607 690
1694 1563 1825 1597 visitabo
1844 1573 2004 1608 supervos

495 1624 561 1652 toto
586 1628 622 1651 cx
648 1617 742 1651 corde
768 1622 797 1650 et
821 1617 969 1650 omnihus
992 1617 1158 1660 pastoralis
1177 1617 1235 1650 sol·
1250 1654 1252 1663 .
1267 1617 1434 1650 malitiam
1458 1616 1642 1650 studiorum
1666 1621 1854 1650 vestrorum.

496 1671 665 1705 licitudinis
690 1670 801 1704 officiis
826 1670 908 1703 serio
930 1669 1144 1703 incubueritis.
1313 1671 1327 1713 ἓ
1353 1671 1376 1703 si.
1393 1671 1491 1710 Quam
1510 1680 1582 1703 sane
1599 1670 1808 1704 visitationem
1827 1681 1914 1704 suam
1933 1681 2004 1704 cum
2043 1677 2192 1706 cromam-oa

325 1737 353 1756 ,ω
380 1738 481 1755 usnam>-
541 1727 555 1769 ξ
580 1725 608 1758 2.
635 1726 710 1759 Cum
727 1729 830 1757 autem
857 1724 994 1768 episcopi
1011 1734 1125 1756 munus
1143 1734 1235 1757 omne
1269 1735 1286 1756 a
1310 1723 1398 1757 vobis
1421 1734 1504 1757 nunc
1529 1723 1609 1756 Deus
1641 1724 1812 1756 clementer
1837 1723 2006 1764 averterit,
2021 1711 2116 1758 xssssffff‘s'„
2129 1703 2207 1753 vm

298 1762 482 1824 35{,.{{-„513‡⁰0'¹12‡
497 1779 620 1812 duobus
656 1778 716 1811 illis
752 1778 964 1811 visitationum
990 1782 1020 1809 et
1043 1777 1234 1821 synodorum
1270 1783 1303 1810 ut
1326 1787 1360 1810 ea
1373 1777 1485 1821 procul
1501 1777 1531 1809 in
1545 1782 1738 1821 postremum
1753 1777 1846 1820 longe
1859 1777 1897 1810 sit
1914 1777 2008 1810 etiam

299 1815 483 1842 ⁵⁰⁰⁹⁰⁵¹¹⁰r¹³¹⁰h
498 1832 663 1876 capitibus,
689 1831 735 1864 rel
760 1831 941 1874 praecipue,
967 1830 1173 1870 contineatur,
1199 1830 1236 1862 ad
1252 1841 1254 1852 ¹
1270 1836 1362 1874 atque
1379 1830 1471 1863 etiam
1490 1829 1683 1874 providete¹3
1704 1836 1822 1873 curate,
1839 1836 1873 1864 ut
1895 1840 2008 1874 greges

498 1886 576 1918 baec
616 1884 816 1929 potissimum
857 1883 993 1917 studiose
1030 1888 1059 1915 et
1093 1888 1237 1916 accurata
1271 1889 1390 1917 vestros
1415 1883 1514 1928 (quod
1539 1884 1569 1916 in
1594 1885 1678 1916 tanta
1703 1894 1810 1916 rerum
1835 1884 2005 1928 perturba-

498 1938 677 1983 peragenda
703 1936 914 1970 fraternitates
950 1941 1068 1969 vestras
1093 1946 1236 1969 summo·
1253 1963 1255 1983 ,
1272 1937 1355 1970 tione
1379 1947 1507 1970 necesse
1524 1937 1593 1980 suit)
1611 1937 1769 1981 dispersos
1789 1942 1818 1969 et
1831 1937 2009 1971 debilitatos

498 2002 574 2035 pere
599 1991 774 2024 hortamur.
804 1989 900 2028 Quam
930 1989 1117 2030 amantibus,
1143 1998 1237 2032 quam
1254 1989 1255 1995 ¹
1272 1990 1596 2034 perquamdiligenter
1620 1990 1767 2030 i·isitetis;
1792 1990 1876 2034 quod
1905 1990 1938 2023 in
1965 1990 2010 2023 eis

500 2045 591 2078 etiam
611 2043 796 2083 minacibus,
814 2053 885 2075 cum
903 2042 1088 2086 praeceptis,
1107 2048 1170 2075 tum
1192 2053 1239 2075 ex·
1255 2056 1256 2065 ¹
1273 2044 1434 2076 infirmum
1459 2047 1505 2077 est
1529 2043 1739 2084 consolidetis,
1766 2048 1928 2086 aegrotum
1955 2053 2007 2077 sa-

501 2098 632 2142 emplis,
658 2097 724 2140 ipse
750 2095 888 2130 Clu-istus
913 2096 950 2128 ad
973 2095 1140 2139 explendas
1176 2096 1240 2129 veri
1273 2096 1363 2136 netis,
1388 2096 1582 2129 confractum
1607 2096 1751 2139 alligetis,
1775 2096 1931 2130 abiectum
1960 2106 2010 2129 re-

500 2151 636 2196 pastoris
660 2155 764 2194 partes
781 2149 873 2183 nobis
891 2149 1006 2182 nedum
1025 2149 1165 2182 stimulos
1186 2149 1239 2182 ad·
1273 2149 1403 2192 ducatis,
1428 2149 1512 2194 quod
1535 2149 1672 2193 perierat
1696 2149 1881 2193 requiratis,
1906 2149 2010 2194 utqui

502 2205 656 2245 moverit,
682 2214 790 2237 rerum
824 2203 915 2236 etiam
948 2203 1136 2247 praeiverit,
1162 2214 1240 2247 quae
1274 2203 1320 2236 vel
1345 2203 1439 2236 hodie
1463 2202 1552 2236 vobis
1577 2203 1693 2236 multus
1718 2207 1764 2236 est
1787 2202 1826 2235 ad
1849 2202 2012 2245 ignoscen-

503 2257 653 2302 Apostoli‚
671 2268 706 2290 ac
731 2257 878 2300 deinceps
905 2267 1013 2290 corum
1033 2268 1241 2298 successores,
1256 2275 1258 2299 1,
1274 2256 1348 2289 dum
1374 2257 1464 2297 Deus,
1478 2261 1628 2300 quantum
1648 2267 1702 2290 vos
1727 2256 1887 2290 charitatis
1904 2261 1935 2289 et
1953 2256 2012 2290 sol-

504 2311 562 2344 riri
587 2310 782 2351 sanctissimi,
804 2310 933 2354 profuso
950 2321 1075 2354 quoque
1093 2322 1162 2344 cum
1181 2309 1444 2354 x·ita4liciti1dinis
1469 2320 1544 2353 erga
1575 2309 1726 2352 sanguine
1751 2320 1808 2342 suo
1833 2309 2011 2354 redemptas

505 2364 666 2407 sanguine,
683 2363 910 2407 praestiterint,
928 2374 1007 2407 quae
1033 2369 1093 2396 tam
1113 2363 1242 2407 privatis
1275 2373 1348 2396 ores
1374 2363 1599 2407 impenderitis,
1616 2368 1736 2396 tantum
1754 2362 1860 2395 salutis
1878 2367 1908 2395 et
1926 2372 2012 2407 pros-

505 2418 649 2462 scriptis,
675 2428 768 2461 quam
800 2417 939 2450 conciliis
972 2428 1027 2461 per
1060 2422 1103 2450 tot
1128 2422 1242 2450 aetates
1276 2417 1416 2460 peritatis
1442 2417 1537 2458 robis,
1563 2417 1711 2457 ccelesiis,
1732 2428 1767 2450 ac
1789 2416 1844 2451 toti
1865 2415 2012 2461 reipubli-

507 2481 603 2514 usque
628 2470 665 2503 ad
689 2476 918 2504 sacrosanctam
938 2470 1096 2514 Synodum
1115 2470 1243 2503 Triden-
1276 2480 1330 2504 cac
1356 2474 1474 2505 vestrae
1500 2472 1591 2514 (quos
1627 2471 1658 2503 in
1694 2470 1763 2504 sinu
1792 2469 1896 2504 cordis
1920 2469 2012 2514 plane

507 2524 601 2557 tinam
638 2524 762 2568 publice
802 2524 965 2557 celebratis
1002 2523 1166 2557 docuerint
1209 2534 1243 2556 ac
1277 2524 1430 2567 gerimus)
1455 2524 1607 2557 reducere
1633 2530 1662 2557 et
1687 2524 1849 2557 cumulare
1870 2523 1952 2556 velit.
1979 2516 1982 2519 ⁴

507 2579 742 2621 praeceperint,
767 2588 822 2611 ros
848 2582 931 2611 certe
956 2588 1019 2610 non
1043 2578 1127 2618 latet,
1152 2587 1243 2610 rene-

508 2631 624 2664 rabiles
641 2632 764 2671 fratres,
783 2642 861 2675 quos
880 2631 949 2665 ideo
971 2632 1142 2665 imitatores
1161 2631 1245 2665 Chri·
1314 2642 1324 2667 1
1348 2639 1413 2667 Male
1432 2639 1494 2666 edit.
1518 2638 1595 2666 Main.
1616 2639 1679 2674 legit
1694 2637 1849 2674 providere
1868 2638 1906 2672 (a.
1927 2638 1973 2672 r.).
