2263 3215
264 203 306 226 tn.
325 200 352 226 C.
378 199 442 227 1056

489 191 529 223 -23
536 191 553 224 t

459 248 511 280 sed
537 254 706 280 caveantur
731 248 822 280 etiam
857 249 969 281 horum
995 250 1196 290 occasiones,

460 301 502 332 uti
529 311 596 333 esse
621 302 719 334 solent
746 302 846 334 mutui
867 306 1076 346 contemptus,
1098 303 1198 346 publi-

460 364 513 386 cae
536 354 790 396 obiurgationes,
816 354 1045 396 oblocutiones,
1071 355 1197 389 odiosae

461 406 720 450 comparationes,
746 412 776 439 et
800 407 914 440 horum
940 407 1062 440 similia.

504 470 570 493 xm.
592 461 702 493 Nullus
720 472 755 493 ex
774 461 967 494 secularibus
984 462 1198 495 sacerdotibus

461 514 598 557 aliquem
627 515 831 557 regularium,
856 526 958 559 neque
978 516 1089 560 aquuis
1110 527 1199 558 regu·

461 567 573 599 larium
611 568 747 610 aliquem
786 568 982 602 sacerdotum
1010 569 1198 602 secularium

463 620 492 652 in
514 620 667 653 obeundis
690 621 805 653 muniis
830 622 1047 655 ecelesiasticis
1080 623 1125 655 rel
1151 622 1200 654 ad-

463 673 677 706 ministrandis
716 675 919 707 sacramentis
949 675 1118 719 impediat,
1147 675 1200 708 scd

462 726 594 769 pariter
611 732 721 760 mutuo
754 738 862 761 amore
891 735 1078 761 concurrent
1098 728 1129 760 in
1153 738 1201 760 sa-

463 780 559 812 lutem
585 780 761 813 animarum
789 781 1028 824 procurandam.

507 842 568 865 mv.
595 833 661 865 Non
690 833 743 866 abs
770 844 802 866 re
835 833 893 867 erit
926 839 958 866 ut
988 834 1148 876 regulares
1173 839 1202 866 ct

464 890 567 928 patres
586 886 748 919 Societatis
777 897 847 919 cum
874 887 1089 920 sacerdotibus
1114 897 1201 919 sccu-

464 939 594 980 laribus‚
612 945 640 972 et
666 941 696 972 hi
723 951 792 972 cum
820 940 880 973 illis
897 940 1085 984 quandoque
1103 941 1204 973 conse-

466 998 534 1025 rant
552 993 589 1026 de
614 993 853 1026 occurrentibus
870 993 1107 1025 necessitatibus
1121 993 1203 1026 eirca

465 1045 765 1079 administrationem
784 1051 1052 1078 sacramentorum
1076 1047 1122 1078 et²
1146 1046 1204 1078 alia

466 1099 598 1131 salutem
624 1099 799 1132 animarum
825 1099 1055 1132 concernentia.

509 1163 558 1187 xv.
574 1153 660 1192 Quod
677 1154 701 1186 si
719 1153 926 1187 nihilominus
941 1153 1101 1196 contingat
1125 1153 1206 1186 inter

466 1207 643 1240 sacerdotes
672 1207 830 1240 seculares
858 1212 887 1239 et
912 1207 1075 1250 regulares
1100 1212 1129 1239 et
1154 1218 1205 1250 pa-

466 1266 528 1293 tres
542 1260 705 1293 Societatis
723 1260 798 1293 oriri
821 1261 890 1293 lites
906 1264 935 1293 et
952 1260 1079 1293 dissidia
1103 1260 1205 1303 quoad

466 1311 647 1345 munierum
666 1311 872 1355 pastoralium
891 1311 1205 1353 administrationem,

467 1365 568 1409 prima
605 1365 750 1398 instantia
776 1365 834 1398 erit
859 1375 955 1408 penes
980 1364 1150 1405 ricarium,
1176 1366 1207 1397 in

470 1419 606 1463 reliquis,
626 1420 649 1452 si
672 1419 833 1462 regulares
859 1418 919 1451 sint
939 1423 1071 1460 actores,
1098 1419 1206 1451 simili-

469 1477 515 1506 ter
539 1483 634 1516 penes
666 1472 816 1505 ricarium
833 1499 840 1513 ,
867 1471 891 1504 si
917 1482 992 1505 vero
1018 1472 1086 1512 rei,
1112 1482 1208 1515 penes

468 1526 637 1565 nuncium3
655 1525 795 1570 ⁸vicarius
811 1531 914 1558 autem
940 1535 998 1568 pro
1024 1525 1127 1558 officio
1152 1536 1209 1559 suo

469 1579 633 1619 laborabit,
662 1584 812 1623 quantum
838 1579 906 1612 fieri
932 1579 1057 1623 poterit,
1084 1585 1113 1611 ut
1140 1579 1209 1612 lites

470 1638 496 1665 et
523 1632 649 1665 dissidia
686 1633 842 1673 vitentur,
873 1633 920 1665 vel
956 1633 1060 1665 omnia
1087 1632 1209 1666 meliori

472 1686 566 1719 modo
584 1692 823 1730 componantur,
849 1687 994 1730 idemque
1018 1687 1111 1719 etiam
1138 1696 1211 1719 suos

471 1739 642 1773 admonere
660 1745 824 1773 teneantur
849 1739 1028 1784 superiores
1050 1740 1211 1782 regulares

472 1798 501 1825 et
524 1798 630 1836 patres
655 1793 827 1826 Societatis.

519 1857 579 1879 xvi.
606 1847 635 1879 Si
669 1847 848 1891 superiores
868 1847 1061 1890 regularium
1088 1847 1135 1893 vel
1160 1858 1212 1891 pa-

475 1904 556 1934 trum
594 1900 881 1943 S0t2ietatis>velint
913 1900 1080 1943 aliquando
1111 1900 1212 1933 mitte-

474 1964 508 1986 re
545 1965 619 1986 suos
659 1954 859 1987 solummodo
889 1954 927 1986 ad
965 1953 1131 1986 conciones
1163 1954 1210 1986 sa-

475 2007 618 2047 ciendas,
644 2007 854 2040 consessiones
878 2006 1058 2048 audiendas,
1084 2007 1215 2039 catechi-

475 2060 618 2100 zandum,
634 2064 662 2093 et
686 2060 800 2092 similia
827 2060 932 2092 munia
950 2060 1104 2101 obeunda,
1124 2070 1215 2104 prae-

477 2115 567 2157 cipue
593 2113 616 2145 si
643 2125 659 2145 a
685 2113 846 2146 catholicis
872 2118 1022 2146 vocentur
1046 2113 1092 2146 vel
1111 2117 1216 2157 petan-

478 2173 527 2199 tur
560 2167 612 2210 qui
649 2167 786 2210 propriis
820 2166 966 2210 expensis
991 2167 1075 2199 alere
1100 2166 1216 2208 velint,

478 2220 600 2253 ridetur
625 2221 684 2253 hoc
710 2220 831 2253 miseris
863 2220 923 2253 illis
955 2220 1117 2254 catholicis
1143 2230 1216 2254 con-

479 2274 622 2308 solationi
655 2274 791 2306 dandum
807 2301 814 2315 ‚
848 2285 918 2307 cum
945 2274 1024 2307 scitu
1050 2279 1153 2308 tamen
1179 2274 1218 2307 vi-

480 2328 565 2370 carii,
591 2339 691 2372 eoque
717 2328 828 2371 magis,
853 2328 877 2360 si
903 2338 920 2360 a
945 2328 1059 2361 talibus
1078 2333 1218 2372 peteren-

480 2387 541 2423 tur,
556 2383 608 2426 qui
634 2382 700 2415 ruri
726 2382 757 2414 in
783 2382 919 2416 castellis
937 2382 983 2415 vel
1009 2381 1135 2426 oppidis
1156 2393 1218 2416 mo-

482 2440 599 2467 rantur.

525 2498 598 2521 xvu.
634 2488 1020 2532 Quoad'publicationem
1055 2489 1218 2532 indulgen-

482 2541 606 2578 tiarum,
624 2546 770 2583 poterunt
790 2541 951 2584 regulares
985 2547 1014 2574 et
1040 2548 1144 2585 patres
1165 2542 1219 2575 So-

520 2605 528 2630 t
553 2604 690 2630 Coniunct.
713 2606 738 2632 et
759 2612 807 2631 nos
827 2603 951 2631 addimus
970 2606 1009 2639 (a.
1032 2607 1078 2638 T.).

1044 201 1221 226 BULLARIUM
1246 201 1400 227 ROMANUM

1231 250 1351 283 cietatis
1383 250 1451 283 illas
1488 251 1648 294 publicare
1679 261 1756 294 quas
1784 250 1915 284 Ordines
1939 255 1970 283 et

1231 303 1368 336 Societas
1392 303 1484 336 habet
1511 309 1540 336 et
1570 304 1719 336 hactenus
1747 303 1871 336 habuit¹
1899 303 1968 336 ubi-

1232 366 1292 398 que
1324 361 1503 397 terrarum,
1533 356 1579 388 vel
1612 355 1641 388 in
1667 355 1809 400 partibus
1833 356 1965 389 Germa-

1232 408 1300 440 niae
1325 412 1354 440 et
1379 407 1477 450 Belgii
1502 407 1533 440 in
1559 407 1738 441 universum
1754 434 1762 448 ,
1786 407 1897 441 edocto
1921 419 1968 440 se-

1233 460 1293 492 mel
1319 459 1436 493 vicario
1460 460 1498 493 de
1522 459 1738 500 facultatibus,
1763 470 1864 503 neque
1893 460 1970 493 vica-

1234 513 1298 545 rius
1324 513 1471 557 impediet
1496 514 1541 546 vel
1567 513 1750 546 interdicet:
1779 523 1842 546 non
1866 518 1971 546 autem

1233 571 1378 610 poterunt
1397 566 1558 610 publicare
1577 566 1794 610 indulgentias,
1807 577 1886 611 quae
1907 566 1972 600 suis

1234 619 1402 652 Ordinibus
1427 620 1603 663 specialiter
1627 630 1689 653 non
1707 624 1778 652 sunt
1795 629 1972 660 concessae,

1234 672 1293 705 nisi
1318 672 1356 705 de
1381 684 1529 717 expresso
1555 683 1709 707 consensu
1733 673 1857 712 vicarii,
1882 673 1906 706 si
1932 678 1973 705 ta-

1237 735 1306 757 men
1331 725 1465 769 desuper
1499 726 1619 759 oriatur
1652 726 1839 766 difficultas,
1872 735 1974 769 neque

1237 779 1317 811 inter
1342 789 1394 812 eos
1419 779 1580 812 conveniri
1606 780 1714 823 possit,
1739 779 1873 812 nuncius
1888 778 1972 811 illam

1236 832 1373 865 deliniet.
1414 832 1446 865 ln
1478 833 1707 865 universalibus
1741 837 1844 865 autem
1876 831 1975 865 indul—

1237 886 1349 928 gentiis
1385 886 1431 918 vel
1470 886 1611 919 iubilaeis
1646 885 1781 919 vicarius
1816 885 1975 918 mandabit

1239 939 1361 972 illarum
1391 939 1636 983 publicationem
1659 949 1758 982 aeque
1778 938 1975 981 regularibus

1239 998 1268 1025 et
1296 993 1437 1036 patribus
1463 992 1625 1026 Societatis
1650 997 1741 1036 atque
1763 991 1977 1025 sacerdotibus

1241 1046 1445 1079 secularibus.

1284 1111 1369 1134 xvm.
1406 1100 1513 1139 Quoad
1539 1100 1765 1134 institutionem
1801 1099 1978 1133 fraternita—

1241 1159 1305 1186 tum
1324 1158 1354 1186 et
1371 1153 1581 1194 sodalitatum,
1603 1154 1764 1198 permittet
1782 1153 1916 1186 vicarius
1933 1163 1979 1185 re-

1240 1206 1405 1250 gularibus
1429 1213 1458 1240 et
1490 1207 1632 1251 patribus
1653 1206 1816 1240 Societatis
1842 1205 1977 1247 illarum,

1240 1271 1320 1304 quae
1345 1271 1361 1292 a
1386 1260 1464 1293 Sede
1482 1260 1661 1304 Apostolica
1682 1259 1872 1303 approbatae
1892 1264 1922 1292 et
1940 1259 1979 1292 ab

1242 1314 1411 1347 Ordinibus
1436 1319 1465 1346 et
1490 1314 1634 1358 patribus
1659 1313 1824 1347 Societatis
1844 1312 1981 1356 assigna-

1242 1373 1289 1400 tae
1315 1373 1406 1410 sunt,
1432 1368 1473 1400 ita
1497 1373 1601 1401 tamen
1629 1373 1663 1400 ut
1688 1377 1781 1400 nemo
1805 1366 1981 1410 adstringa-

1243 1427 1292 1454 tur
1321 1427 1349 1454 et
1376 1425 1516 1455 teneatur
1541 1421 1578 1454 ad
1603 1421 1807 1465 particulares
1831 1421 1982 1454 consessa-

1244 1476 1327 1516 rios,
1357 1476 1402 1508 vel
1433 1476 1470 1508 ad
1503 1480 1698 1508 sacramenta
1725 1475 1763 1508 ab
1788 1475 1841 1509 illo
1865 1474 1982 1509 Ordine

1243 1529 1344 1562 solum
1370 1528 1579 1572 percipienda.

1288 1592 1350 1616 xix.
1384 1582 1489 1621 Quoad
1515 1582 1751 1626 eleemosynas,
1775 1592 1814 1615 ne
1838 1582 1982 1615 catholici

1245 1635 1274 1667 in
1289 1635 1349 1668 illis
1366 1635 1517 1679 partibus,
1532 1635 1606 1667 alias
1623 1646 1680 1679 per
1698 1634 1893 1668 adversarios
1910 1635 1983 1668 satis

1244 1688 1373 1731 gravati,
1391 1698 1446 1731 per
1467 1687 1590 1720 illarum
1608 1687 1701 1720 nimis
1725 1688 1905 1731 frequentes
1923 1688 1984 1721 col-

1245 1742 1339 1774 lectas
1363 1741 1465 1774 adhuc
1483 1740 1582 1784 magis
1600 1746 1770 1784 graventur
1786 1768 1793 1782 ,
1818 1740 1984 1774 admonen-

1246 1799 1296 1828 tur
1328 1804 1437 1828 omnes
1452 1821 1460 1835 ,
1485 1799 1547 1826 tam
1572 1794 1730 1827 seculares
1754 1804 1848 1838 quam
1863 1794 1986 1837 regula-

1247 1859 1306 1889 res,
1325 1858 1362 1881 ne
1380 1849 1469 1881 lucro
1485 1848 1651 1892 temporali
1670 1847 1768 1892 (quod
1793 1858 1811 1880 a
1835 1847 1986 1880 ministris

1248 1901 1471 1946 mysteriorum
1489 1901 1542 1935 Dei
1569 1912 1662 1945 quam
1681 1901 1865 1944 longissime
1879 1901 1986 1934 abesse

1247 1954 1358 1997 debet)
1384 1954 1517 1996 inhient,
1543 1954 1596 1987 sed
1621 1954 1812 1998 competenti
1844 1953 1987 1987 substen-

1249 2007 1364 2041 tatione
1400 2008 1534 2041 contenti
1575 2007 1655 2047 sint,
1695 2007 1733 2040 ab
1771 2007 1987 2051 exportatione

1248 2060 1341 2094 etiam
1360 2061 1646 2105 eleemosynarum,
1664 2066 1814 2104 quantum
1841 2060 1908 2094 fieri
1933 2071 1987 2104 po·

1249 2114 1341 2155 terit,
1366 2114 1562 2155 abstineant,
1587 2114 1645 2147 nisi
1683 2114 1762 2148 forte
1785 2125 1844 2158 pro
1869 2113 1988 2147 alendis

1250 2167 1446 2209 seminariis,
1482 2179 1562 2211 quac
1597 2167 1746 2202 omnibus
1774 2168 1866 2201 etiam
1898 2178 1990 2211 regu-

1250 2221 1368 2254 laribus
1393 2226 1422 2254 et
1446 2221 1589 2265 patribus
1620 2221 1782 2255 Societatis
1807 2232 1866 2265 pro
1891 2221 1990 2254 chari-

1253 2280 1313 2308 tate
1337 2276 1480 2319 ipsorum
1506 2280 1535 2308 et
1560 2275 1683 2317 fructu,
1709 2275 1762 2319 qui
1788 2285 1824 2308 ex
1849 2275 1909 2308 illis
1934 2275 1990 2308 ha-

1252 2333 1360 2362 ctenus
1396 2328 1560 2372 provenit,
1592 2333 1621 2361 et
1653 2328 1754 2361 adhuc
1787 2328 1888 2362 maior
1912 2338 1986 2372 spe-

1253 2386 1350 2422 ratur,
1378 2381 1512 2414 maxime
1537 2381 1820 2421 commendantur;
1852 2381 1910 2415 sub
1942 2380 1990 2414 his

1253 2440 1356 2467 autem
1382 2435 1520 2468 collectis
1551 2435 1821 2479 eleemosynarum
1851 2444 1913 2468 non
1937 2433 1988 2467 in-

1253 2488 1438 2531 telliguntur
1463 2488 1564 2531 legata
1599 2487 1817 2521 detunctorum
1844 2487 1890 2521 vel
1917 2487 1987 2520 fun-

1254 2541 1395 2575 dationes
1420 2547 1619 2585 spontaneae.

1293 2605 1300 2630 1
1325 2603 1418 2638 Aptius
1438 2603 1496 2639 lege
1516 2604 1619 2632 hubenc
1633 2625 1638 2631 .
1651 2625 1656 2632 .
1667 2624 1672 2630 .
1685 2604 1848 2632 habuerunt
1861 2604 1899 2639 (R.
1918 2604 1954 2638 T).

1983 203 2031 228 An.
2049 203 2075 229 t).
2100 204 2161 232 1656

2252 810 2259 851 -s
