2263 3215
287 245 325 267 s-Xn
354 242 381 266 t]⁴
408 241 472 266 ttffit't

304 2324 424 2345 immittitur
436 2324 463 2345 ad

281 2357 363 2381 nac-ram
379 2357 464 2377 congre-

280 2380 394 2403 gallonem.

519 232 531 263 t
542 232 581 261 88
1074 240 1253 265 ammarum

488 290 528 321 do
559 290 658 332 ipsum
689 288 848 321 Simonem
881 298 897 321 a
928 288 957 321 S.
984 288 1147 322 Catliarina
1172 289 1220 321 di-

489 343 629 383 gniorem
647 347 767 384 patrem
789 341 968 385 provinciae
994 347 1151 385 tamquam
1177 352 1225 374 ex-

489 395 781 433 ‹ommuntcauun‚
818 395 1000 428 convocavit
1040 395 1225 428 diffinitores

489 449 665 482 nominatos
695 450 808 488 lomae,
822 449 978 492 elegitque
993 448 1141 481 vicarium
1157 458 1226 491 pro·
1241 467 1243 491 3

490 502 650 534 rincialem
678 502 805 534 fratrem
832 502 991 535 Simonem
1017 512 1032 533 a
1059 501 1168 544 Plagis⁷
1189 501 1225 533 se—

488 557 591 599 ritque
622 556 761 588 solemne
790 556 962 599 capitulum
987 555 1103 598 absque
1129 565 1222 598 prae-

488 609 616 650 sidente7
635 609 752 652 absque
776 608 921 651 digniore
940 614 1028 652 patre
1046 608 1225 652 provinciae

487 669 516 694 et
541 663 657 705 absque
678 663 873 703 auctoritato,
894 663 1040 705 deditque
1060 662 1165 694 omnia
1185 661 1227 693 os-

488 716 556 748 ticia
581 715 643 748 suis
670 716 865 758 sequacibus,
890 725 951 748 non
977 714 1169 747 admittendo
1187 714 1242 746 ad*

488 769 538 801 illa
563 769 700 811 aliquem
726 780 761 801 ex
789 769 892 801 tabula
918 768 1044 811 capituli
1066 767 1139 800 dicti
1157 765 1242 800 ora-l

488 822 585 861 toris,
616 823 679 854 imo
713 821 935 854 incarcerando
955 848 962 860 ,
989 820 1165 863 vapulando
1195 827 1222 852 et

486 876 640 908 exulando
664 886 782 915 omnes,
809 875 875 919 ipse
901 874 1034 906 vicarius
1048 873 1222 917 provincia-

486 929 522 961 lis
548 929 686 961 intrusus
710 934 816 962 causat
846 928 1017 960 maximum
1041 927 1222 960 scandalum

487 983 515 1014 in
542 985 604 1016 tota
629 983 800 1026 provincia,
830 982 937 1014 insulis
963 987 992 1014 et
1014 991 1121 1024 regno.
1147 981 1222 1015 Cum

486 1047 559 1069 vero
583 1036 622 1068 ad
646 1046 737 1068 aures
763 1036 861 1079 ipsius
886 1035 1020 1068 oratoris
1044 1034 1149 1068 fratris
1166 1036 1224 1067 An-

485 1090 560 1121 tonii
593 1099 610 1121 a
639 1089 743 1123 Gratia
775 1089 968 1132 pervenisset
999 1088 1108 1120 notitia
1139 1088 1222 1121 illius

485 1143 596 1175 intrusi
627 1142 734 1175 vicarii
767 1142 969 1186 provincialis
1004 1146 1033 1176 et
1066 1142 1113 1174 sui
1146 1142 1221 1175 nulli

485 1197 621 1240 capituli,
639 1196 806 1228 ratificavit
829 1196 1057 1239 appellationes
1083 1205 1153 1228 suas
1173 1206 1222 1229 co-

484 1260 550 1282 ram
567 1250 669 1293 probo
688 1250 754 1282 viro
779 1255 809 1282 et
834 1250 916 1282 venit
942 1250 971 1281 in
990 1249 1070 1282 hanc
1090 1249 1220 1282 curiam.

483 1303 643 1347 Supplicat
660 1302 793 1346 proinde
817 1302 976 1335 Sanctitati
999 1302 1124 1335 Vestrae
1148 1313 1222 1346 qua-

484 1362 572 1388 tenus
597 1356 744 1398 dignetur
767 1355 963 1388 committere
988 1355 1047 1388 hoc
1060 1356 1221 1398 negotium

483 1409 731 1442 eminentissimo
763 1409 955 1452 protectori,
981 1410 1027 1442 vel
1058 1409 1147 1441 alteri
1172 1410 1221 1442 cui

484 1464 583 1505 magis
603 1463 769 1506 placuerit,
795 1468 838 1502 ut,
863 1463 1049 1495 auctoritate
1073 1463 1223 1507 apostoli-

483 1518 533 1558 ca,
559 1517 683 1549 attentis
707 1516 842 1548 narratis
868 1519 897 1549 et
923 1515 1036 1548 auditis
1061 1516 1219 1559 partibus,

483 1569 647 1602 confirmet
671 1580 762 1602 suum
797 1569 968 1613 capitulum
1004 1569 1153 1602 canonice
1178 1569 1221 1601 sa-

482 1628 578 1663 ctum,
595 1622 783 1655 declarando
801 1622 918 1654 nullam
936 1622 1071 1665 primam
1097 1622 1221 1655 electio-

482 1686 554 1709 nem
578 1676 650 1709 dicti
678 1675 782 1708 vicarii
808 1675 1010 1719 provincialis
1030 1675 1140 1708 intrusi
1163 1676 1221 1708 sra-

482 1731 538 1762 tris
553 1729 772 1773 Christophori
798 1739 814 1762 a
838 1729 1058 1772 Conceptione,
1072 1735 1102 1762 et
1126 1730 1219 1762 etiam

481 1783 649 1816 secundam
669 1782 742 1816 dicti
763 1782 900 1816 Simonis
918 1793 935 1814 a
953 1782 1056 1825 Plagis
1073 1788 1102 1815 et
1122 1783 1221 1826 ipsius

482 1837 558 1868 nulli
593 1836 745 1880 capituti,
772 1836 819 1868 vel
850 1835 1013 1879 provideat
1045 1846 1080 1868 ex
1113 1836 1220 1880 aliquo

481 1890 543 1923 alio
560 1890 702 1923 remedio
722 1894 903 1933 opportuno
920 1889 1004 1921 illam
1023 1889 1218 1933 provinciam

483 1944 513 1975 in
530 1943 709 1976 miserrimo
730 1948 811 1975 statu
837 1942 980 1986 positam,
997 1942 1035 1975 ad
1061 1943 1219 1976 stabilien-

481 1996 552 2028 dam
585 2005 694 2039 pacem
724 2001 754 2028 et
785 1995 1009 2029 fraternitatem
1036 1996 1117 2028 inter
1140 1996 1221 2028 reli-

481 2049 586 2091 giosos
604 2048 697 2089 illius,
714 2054 748 2081 ut
771 2048 864 2091 digne
886 2054 916 2081 et
941 2048 1140 2081 laudabiliter
1157 2049 1220 2082 Deo

481 2102 619 2135 serviant
650 2106 679 2136 et
714 2112 772 2146 pro
804 2102 972 2135 Sanctitate
999 2104 1101 2135 vestra
1126 2103 1220 2135 conti-

481 2161 614 2188 nuenter
638 2161 737 2189 orent.
762 2156 861 2194 Quam
885 2155 986 2195 Deus,
1006 2161 1064 2189 etc.

526 2209 575 2242 Fr.
600 2210 763 2242 ANToNqu
788 2219 805 2241 A
831 2209 968 2249 Gali-u,
987 2208 1127 2243 minister
1151 2206 1238 2253 pro-3

481 2263 620 2296 vincialis
648 2276 674 2296 ».

522 2317 611 2355 Quod
645 2317 770 2360 quidem
804 2316 988 2349 memoriale
1022 2317 1078 2349 t'uit
1113 2317 1221 2350 remis-

478 2380 546 2402 sum
568 2369 605 2401 ad
627 2380 746 2402 sacram
772 2369 1063 2412 congregationem,
1090 2370 1237 2418 ipsaque:

477 2432 565 2455 sacra
578 2423 782 2465 congregatio
801 2433 857 2466 per
875 2423 1036 2455 decretum
1059 2433 1150 2456 suum
1170 2422 1219 2455 da·
1235 2421 1237 2436 ¹

477 2482 542 2508 tum
560 2476 610 2508 die
627 2486 728 2509 xxi'm
753 2476 860 2519 aprilis
886 2485 1002 2509 iunctm
1028 2476 1117 2508 iussit
1136 2476 1219 2509 exlti-

476 2529 543 2561 beri
560 2534 627 2561 acta
638 2529 858 2572 capitulorum;
871 2529 918 2562 cui
938 2540 1009 2562 cum
1025 2529 1216 2563 satisfactum
1233 2557 1235 2571 2

475 2582 593 2622 suisset,
610 2593 666 2626 per
688 2583 772 2615 alind
789 2582 950 2615 decretum
967 2582 1148 2626 expeditum
1166 2582 1216 2615 die

477 2646 493 2668 v
521 2636 592 2669 maii
618 2636 707 2668 notit<
732 2636 887 2669 commisit
912 2636 1084 2678 negotium.
1114 2641 1148 2668 ut.
1169 2636 1234 2680 sti-4

1278 240 1433 264 Romanum

1258 288 1406 321 dei-emus
1431 293 1461 321 et
1486 289 1686 321 referremus.
1711 290 1774 322 Nos
1798 289 1909 332 igitur,
1927 286 1999 322 con-

1260 341 1386 374 vocatis¹
1412 341 1561 384 partibus,
1587 341 1702 375 seilicet
1722 347 1809 384 patre
1834 342 2000 375 Francisco

1259 394 1296 425 ab
1321 394 1437 426 Assisio
1463 399 1670 437 procuratore
1701 395 1798 437 patris
1822 395 1958 427 Simonis
1983 404 2000 426 a

1241 447 1361 488 'Plagis
1385 453 1414 478 et
1438 446 1607 480 definitorii
1633 448 1679 479 sui
1711 453 1740 479 et
1771 447 1912 480 omnium
1939 447 2000 480 sra-

1260 505 1341 532 trum
1368 510 1441 532 suae
1467 500 1565 543 partis
1590 510 1660 533 cum
1687 500 1879 544 plenitudine
1904 506 1996 544 pote—

1259 553 1356 590 statis,
1379 558 1471 595 prout
1488 553 1564 585 alias
1582 554 1673 585 latius
1699 553 1878 586 continetur
1896 554 1925 585 in
1943 563 1999 596 pu-

1260 606 1342 638 blico
1369 607 1514 640 mandato
1540 617 1695 650 procui-ae
1712 617 1769 650 per
1785 617 1842 640 nos
1868 607 1944 647 viso,
1960 606 1999 639 ad

1259 670 1362 703 quam,
1378 666 1446 700 eto:
1464 661 1610 704 dictoque
1627 667 1842 704 procuratore,
1856 665 1889 693 ut
1905 670 1999 704 supra

1259 714 1438 753 constitum,
1464 716 1525 746 una
1551 725 1622 747 cum
1647 715 1730 748 dicto
1755 718 1842 758 patre
1864 715 1998 747 Antonio

1258 777 1274 798 a
1299 766 1403 799 Gratia
1436 767 1553 810 pluries
1585 778 1680 811 super
1710 768 1857 800 omnibus
1881 773 1912 800 et
1936 768 1999 800 sin-

1258 820 1339 861 gulis
1364 820 1393 852 in
1418 820 1502 853 dicto
1534 821 1709 854 memoriali
1741 822 1895 854 contentis
1923 831 1999 855 con-

1259 874 1470 911 remeantium
1495 875 1567 907 dieti
1593 881 1817 918 procuratores
1841 879 1871 909 et
1896 885 2000 919 respe-

1257 927 1337 959 ctive
1361 927 1462 959 dictus
1487 933 1574 971 pater
1600 928 1752 962 Antonius
1776 940 1792 961 a
1817 929 1922 962 Gratia
1946 938 1999 962 no-

1258 980 1394 1013 minibus
1411 980 1588 1024 praedictis,
1608 992 1666 1025 pro
1684 982 1768 1015 bono
1785 982 1882 1026 pacis,
1896 981 1998 1015 dictae

1257 1035 1436 1078 provinciae
1461 1035 1578 1068 unitate
1604 1042 1633 1068 et
1658 1036 1885 1081 tranquillitate
1903 1036 1997 1077 illius,

1256 1091 1285 1121 et
1309 1088 1346 1120 ad
1371 1098 1497 1121 omnem
1532 1089 1628 1121 alium
1660 1089 1823 1122 meliorem
1848 1089 1942 1123 finem
1967 1094 1998 1122 et

1256 1140 1401 1174 effectum
1427 1141 1527 1184 magis
1552 1142 1659 1175 utilem
1686 1148 1716 1175 et
1742 1142 1930 1186 proficuum,
1956 1142 1996 1174 se-

1256 1198 1366 1228 cerunt
1405 1195 1605 1228 concordiam
1643 1206 1750 1229 eoram
1786 1196 1870 1229 dicto
1906 1199 1997 1240 patre

1256 1254 1464 1291 procuratore
1489 1249 1650 1291 generali,
1682 1249 1721 1281 ab
1758 1250 1825 1293 ipso
1857 1255 1887 1282 et
1922 1248 1996 1293 ipsis

1256 1301 1466 1345 subscriptam
1492 1302 1541 1335 die
1567 1313 1607 1335 xx
1632 1303 1714 1343 maii,
1733 1303 1849 1336 tenoris
1866 1312 1996 1346 sequen-

1257 1355 1306 1395 tis,
1330 1355 1493 1388 videlicet:

1305 1420 1318 1439 (t
1337 1408 1510 1442 Concordia
1528 1409 1609 1441 inter
1626 1414 1747 1452 patrem
1762 1409 1890 1441 fratrem
1905 1409 1997 1442 Anto-

1256 1461 1343 1494 nium
1355 1462 1496 1501 atii-atia,
1510 1461 1757 1505 praedicatorem
1773 1467 1800 1494 et
1816 1461 1995 1495 ministrum

1256 1515 1480 1558 provincialem
1503 1515 1637 1548 electum
1658 1515 1838 1559 provinciae
1857 1516 1886 1549 S.
1907 1515 1997 1549 loan-

1256 1568 1304 1599 nis
1328 1568 1545 1611 Evangelistae
1578 1568 1752 1601 insularum
1780 1567 1819 1601 de
1848 1569 1997 1602 Azzorres

1257 1621 1345 1663 regni
1380 1621 1611 1664 [Ὅπως-311336,
1644 1625 1673 1655 et
1708 1627 1829 1666 patrem
1865 1622 1994 1656 fratrem

1256 1674 1457 1708 Franciscum
1483 1675 1520 1707 de
1545 1676 1673 1716 Assisio,
1690 1675 1941 1718 praedicatorem
1967 1679 1996 1710 et

1254 1734 1493 1772 procuratorem
1520 1740 1590 1763 cum
1617 1730 1810 1773 plenitudine
1834 1730 1997 1774 potestatis

1254 1783 1352 1825 patris
1376 1783 1593 1826 Christopltori
1619 1794 1635 1816 a
1659 1783 1881 1827 Conceptione,
1897 1785 1996 1828 patris

1254 1835 1390 1868 Simonis
1407 1845 1424 1868 a
1449 1836 1551 1879 Plagis
1572 1842 1601 1869 et
1619 1837 1760 1870 omnium
1788 1836 1995 1870 diffinitorum

1254 1893 1284 1921 et
1309 1889 1439 1921 fratrum
1465 1899 1539 1922 suae
1563 1889 1670 1933 partis,
1689 1889 1718 1922 in
1741 1889 1917 1933 praesentia
1941 1889 1995 1922 ad-

1255 1941 1382 1974 modum
1402 1943 1566 1976 reverendi
1585 1943 1683 1987 patris
1703 1942 1920 1987 procuratoris
1939 1952 1994 1986 ge-

1254 1995 1369 2028 neralis
1394 1995 1444 2028 die
1469 2006 1509 2029 xx
1536 1996 1609 2028 maii
1635 1996 1672 2029 ad
1698 1996 1914 2029 stabiliendam
1942 2005 1996 2040 pa-

1253 2058 1320 2081 cem
1342 2053 1527 2092 perpetuam
1557 2054 1587 2082 et
1618 2049 1879 2093 compositionem
1913 2048 1995 2082 illius

1252 2102 1442 2146 provinciae.
1469 2103 1501 2135 ln
1526 2103 1648 2146 primis,
1661 2103 1735 2147 quia
1760 2103 1922 2147 provincia
1950 2107 1996 2135 est

1254 2154 1352 2187 divisa
1377 2155 1406 2187 in
1432 2154 1508 2188 duas
1533 2161 1647 2199 partes,
1672 2161 1702 2188 ot
1725 2166 1936 2200 unaquaeque
1957 2155 1994 2188 il—

1254 2207 1354 2241 larum
1380 2208 1474 2242 habet
1497 2219 1555 2252 pro
1576 2219 1608 2241 se
1629 2209 1749 2242 litteras
1764 2214 1905 2253 patentes
1921 2208 1995 2242 erni-

1253 2261 1428 2294 nentissimi
1464 2260 1584 2295 domini
1621 2262 1831 2306 protectoris,
1868 2261 1993 2295 decreta

1253 2325 1360 2348 sacrae
1377 2315 1634 2358 congregationis
1655 2321 1685 2348 et
1701 2315 1811 2348 Brevia
1831 2315 1994 2349 confirma-

1253 2367 1346 2400 tionis
1373 2368 1509 2410 illorum,
1536 2369 1573 2401 ad
1599 2368 1860 2412 compositionem
1882 2373 1913 2401 et
1936 2377 1993 2412 pa-

1252 2431 1319 2454 cem
1356 2427 1540 2465 perpetuam
1577 2422 1660 2455 illius
1691 2421 1873 2466 provinciae
1897 2431 1993 2454 unus-

1252 2475 1386 2519 quisque
1406 2476 1571 2508 renunciat
1595 2476 1653 2517 ius,
1673 2476 1757 2520 quod
1778 2475 1883 2508 haber
1893 2480 1923 2507 et
1942 2474 1993 2508 ha-

1251 2528 1325 2561 bere
1349 2533 1472 2571 potest,
1498 2533 1528 2563 et
1552 2529 1637 2572 quod
1667 2528 1783 2561 habent
1813 2533 1844 2560 et
1875 2527 1991 2560 habere

1284 2599 1297 2625 1
1316 2598 1417 2625 Forsan
1438 2598 1514 2626 deest
1535 2607 1623 2626 coram
1642 2601 1831 2633 procuratore
1847 2598 1990 2632 materali,

1249 2647 1276 2672 ut
1292 2647 1363 2678 patet
1380 2652 1411 2669 ex
1427 2651 1502 2678 seqq.
1522 2643 1559 2675 (a.
1578 2645 1625 2677 T.).

2010 234 2055 267 Ἀἠ
2061 263 2065 268 .

2012 1444 2070 1466 inita.

2083 234 2122 268 cs
2134 243 2198 272 ¹656

2074 1417 2116 1439 con
2120 1419 2191 1440 corut·
