2185 3188
54 199 115 225 An.
133 196 164 224 C.
183 195 250 223 1656

97 576 205 598 Decretum
218 581 250 594 re-

22 620 24 628 ,
69 604 149 628 manni⁸
158 604 250 622 civitatis

70 636 115 650 cum
132 631 249 655 partui-wa-

71 658 125 676 tione
134 658 155 675 et
164 659 249 675 :is-enen

70 682 140 708 leuatL

104 1905 211 1925 Decretum
231 1911 257 1924 ir-

79 1932 148 1951 :lta-ns.

858 194 1042 218 ALEXANDER
1068 194 1111 217 vn
1135 194 1182 218 PP.

262 243 333 277 tatis
357 243 509 287 expeditis
543 243 721 277 continetur
754 242 925 287 prohibitio
951 248 1003 275 aut

263 296 392 330 facultas
416 307 477 330 non
503 297 639 330 obeundi
665 296 859 340 praedictum
890 305 1003 328 munus

265 350 426 384 vexilliferi
444 350 502 384 nisi
527 357 598 395 post
614 350 740 395 aliquod
759 350 933 394 praefixum
956 360 1005 382 eo·

264 415 334 437 rum
358 405 466 439 aetatis
492 407 646 449 tempus),
672 410 702 437 et
726 404 818 445 alias,
849 406 942 447 prout
973 402 1004 434 in

264 457 391 491 decreto
415 458 550 502 desuper
573 463 715 491 emanato
743 456 870 490 uberius
896 455 1005 489 asseri-

265 516 316 544 tur
341 511 504 545 contineri.

309 565 324 607 ἓ
343 564 372 597 2.
398 564 474 598 Cum
491 570 606 605 autem,
622 564 703 597 sicut
719 563 828 596 eadem
849 562 1004 606 expositio

265 617 496 661 subiungebat,
521 617 596 650 dicti
627 622 818 661 exponentes
843 616 1004 649 decretum

265 671 457 711 huiusmodi,
482 682 541 715 pro
565 670 700 704 firmiori
718 671 786 704 eius
807 669 1005 703 subsistentia

265 729 296 756 et
308 724 536 766 observatione⁷
551 723 741 767 apostolicae
756 722 1006 756 confirmationis

266 782 389 812 nostrae
426 778 542 811 robore
576 777 767 811 communiri
804 786 1006 819 summopere

265 830 459 864 desiderent:
485 840 552 872 nos,
577 831 664 874 ipsos
689 835 880 873 exponentes
899 840 916 862 a
936 828 1005 873 qui-

266 883 372 917 busvis
404 883 759 925 excommunicationis,
791 882 1006 926 suspensionis

265 941 295 972 et
318 937 496 978 interdicti,
532 937 663 981 aliisque
694 936 913 970 ecelesiasticis
942 946 1007 969 sen-

266 991 380 1032 tentiis,
405 991 546 1023 censuris
571 996 601 1023 et
626 991 746 1034 poenis,
767 1001 784 1022 a
801 990 870 1023 iure
897 990 943 1023 vel
968 989 1007 1022 ab

266 1044 403 1086 homine,
429 1043 538 1088 quavis
563 1043 728 1077 occasione
751 1044 796 1076 vel
815 1044 909 1076 causa
927 1043 1007 1083 latis,

266 1097 291 1129 si
325 1097 440 1140 quibus
473 1096 713 1139 quomodolibet
745 1095 910 1129 innodatae
941 1095 1005 1128 exi-

266 1155 361 1191 stunt,
386 1149 424 1183 ad
445 1149 590 1183 effectum
609 1149 820 1194 praesentium
846 1149 1008 1182 dumtaxat

267 1203 535 1247 consequendum,
550 1204 661 1236 liarum
677 1203 757 1236 serie
770 1203 967 1236 absolventes
978 1209 1008 1236 et
1023 1211 1026 1254 ς

267 1257 425 1291 absolutas
449 1257 516 1290 sore
534 1263 705 1297 censentes,
726 1257 1008 1300 supplicationibus

267 1320 378 1343 corum
399 1309 526 1343 nornine
543 1309 634 1342 nobis
659 1319 753 1352 super
770 1310 830 1342 hoc
846 1310 1008 1342 humiliter

268 1363 423 1406 porrectis
443 1363 595 1402 inclinati,
617 1362 778 1395 decretum
799 1363 1007 1406 praedictum,

267 1416 306 1449 ab
331 1416 448 1449 eisdem
464 1416 472 1432 ¹
498 1415 728 1459 exponentibus
748 1426 819 1448 cum
845 1416 1009 1460 participa-

269 1471 352 1503 tione
378 1475 408 1502 et
431 1480 557 1502 assensu
584 1469 707 1502 loannis
733 1470 915 1514 Hieronymi
944 1481 1008 1503 car-

269 1523 380 1555 dinalis
406 1523 498 1565 legati
525 1522 719 1566 supradicti,
754 1527 786 1556 ut
810 1523 1008 1566 praefertur,

269 1578 394 1618 sactum,
405 1576 578 1620 apostolica
590 1575 786 1615 auctoritate,
801 1579 908 1609 tenore
923 1586 1009 1619 prae-

268 1629 426 1669 sentium,
456 1629 682 1662 confirmamus
714 1635 742 1661 et
776 1629 1008 1672 approbamus,

270 1682 376 1726 illique
409 1682 599 1715 inviolabilis
631 1682 821 1726 apostolicae
852 1682 1027 1715 firmitatis

270 1735 367 1769 robur
391 1735 573 1775 adiicimus,
602 1746 637 1768 ac
662 1745 772 1768 omnes
808 1741 838 1767 et
869 1735 1028 1778 singulosi

271 1789 348 1822 iuris
372 1794 401 1821 et
421 1788 491 1821 sacti
508 1788 658 1829 desectus,
672 1788 763 1832 siqui
782 1787 919 1832 desuper
933 1800 1008 1832 quo-

272 1842 443 1876 modolibet
468 1841 702 1882 intervenerint,
728 1841 921 1885 supplemus,

316 1897 331 1940 g
366 1896 395 1930 3.
436 1897 644 1929 Decernentes
680 1901 858 1939 praesentes
893 1896 1012 1929 litteras

273 1960 396 1993 semper
410 1949 528 1990 sirmas,
543 1949 658 1981 validas
676 1955 705 1981 et
722 1949 864 1982 efficaces
878 1949 1012 1982 existere

273 2009 304 2036 et
327 2003 403 2044 sore,
418 2013 454 2035 ac
471 2002 509 2035 ab
527 2002 597 2043 illis,
624 2002 660 2034 ad
686 2013 764 2045 quos
781 2008 900 2046 spectat
913 2008 942 2036 ct
955 2013 1013 2046 pro

273 2062 416 2100 tempore
428 2056 590 2100 spectabit,
606 2056 826 2089 inviolabiliter
840 2056 1013 2097 observari,
1029 2069 1031 2077 ⁴

273 2111 380 2153 sicque
405 2109 435 2141 in
460 2108 639 2152 praemissis
663 2119 719 2152 per
739 2120 955 2153 quoscumque
972 2109 1015 2141 iu-

274 2162 358 2196 dices
382 2162 560 2196 ordinarios
585 2168 615 2194 et
639 2162 808 2205 delegatos,
827 2163 920 2195 etiam
943 2174 1012 2196 cau-

274 2227 379 2249 sarum
398 2215 502 2260 palatii
519 2216 685 2258 apostolici
700 2216 869 2258 auditores,
889 2226 924 2249 ae
945 2227 1015 2249 san-

274 2274 340 2303 ctae
366 2269 524 2302 Romanae
542 2269 697 2302 Ecclesiae
718 2269 902 2311 cardinales⁷
921 2270 1014 2302 ctiam

274 2323 312 2356 de
337 2323 433 2355 latere
457 2323 586 2365 legatos,
604 2322 735 2355 iudicari
760 2328 790 2355 et
814 2322 937 2356 deliniri
963 2323 1015 2356 de-

275 2375 359 2418 bere,
380 2386 416 2409 ac
441 2375 564 2408 irritum
590 2381 620 2408 et
644 2375 745 2416 inane,
766 2376 790 2408 si
808 2387 897 2409 secus
921 2386 1034 2428 superi

276 2429 324 2462 liis
349 2440 366 2462 a
389 2440 560 2473 quoquam,
577 2428 686 2472 quavis
706 2429 901 2470 auctoritate,
919 2430 1016 2463 scien·
1032 2432 1033 2438 ¹

277 2487 324 2515 ter
349 2482 396 2515 vel
421 2482 615 2525 ignoranter,
636 2482 802 2524 contigerit
826 2483 980 2516 attentari.

313 2555 325 2580 ¹
343 2553 409 2581 Male
424 2553 488 2580 edit.
510 2552 587 2579 Mein.
611 2553 676 2587 legit
694 2554 822 2581 eiusdem
842 2562 889 2588 pro
909 2555 1017 2581 eisdem

280 2605 318 2632 tn.
337 2605 385 2633 Γ).

1682 182 1745 216 ’163
1792 192 1841 218 An.
1858 191 1885 219 c.
1912 192 1979 219 1656

1081 242 1096 286 ἓ
1119 241 1149 274 4.
1175 242 1243 275 Non
1272 242 1468 275 obstantibus
1500 241 1778 275 constitutionibus
1794 253 1905 275 contraria
1918 253 1982 275 toan.

1037 300 1066 327 et
1083 294 1335 329 ordinationibus
1348 296 1539 339 apostolicis,
1559 305 1690 336 necnon,
1705 305 1778 338 qua-

1038 353 1127 381 tenus
1152 358 1231 392 opus
1255 349 1304 388 sit,
1330 349 1463 381 civitatis
1487 354 1517 382 et
1538 347 1701 391 regiminis
1726 347 1780 380 hu·

1038 400 1183 441 iusmodi‚
1208 401 1301 434 etiam
1329 401 1515 441 iuramento,
1541 401 1780 434 confirmatione

1038 454 1221 498 apostolica,
1249 455 1294 487 vel
1321 454 1430 497 quavis
1451 454 1598 487 firmitate
1614 454 1674 486 alia
1690 454 1780 486 robo-

1039 507 1124 547 ratis,
1149 507 1272 540 statutis
1293 512 1322 540 et
1340 506 1632 547 consuetudinibus,
1657 506 1782 550 privile-

1039 560 1098 603 giis
1122 571 1259 604 quoque,
1279 560 1406 593 indultis
1424 563 1453 593 ct
1470 560 1582 593 litteris
1600 559 1781 604 apostolicis

1040 614 1069 647 in
1095 615 1288 648 contrarium
1314 614 1562 658 praemissorum
1584 613 1782 658 quomodoli-

1039 668 1091 701 bet
1115 668 1288 708 concessis,
1319 667 1515 701 confirmatis
1548 673 1578 700 et
1610 667 1781 706 innovatis;

1041 721 1155 766 quibus
1180 721 1327 754 omnibus
1344 726 1373 753 et
1394 720 1536 763 singulis,
1556 720 1682 753 illorum
1700 726 1783 753 teno-

1040 785 1090 807 res
1115 774 1332 818 praesentibus
1359 784 1416 817 pro
1433 773 1526 818 plene
1545 777 1574 807 ct
1591 773 1783 806 sufficienter

1041 827 1198 872 expressis
1218 838 1254 861 ac
1277 827 1315 860 de
1339 827 1434 860 verbo
1452 827 1490 859 ad
1508 827 1641 859 verbum
1660 825 1784 858 insertis

1042 882 1213 922 babentes,
1239 881 1299 914 illis
1326 881 1401 914 alias
1435 880 1464 913 in
1490 891 1546 913 suo
1572 879 1687 913 robore
1712 889 1785 923 per-

1042 935 1210 975 mansuris,
1236 934 1293 968 liae
1318 935 1384 967 vice
1408 933 1572 967 dumtaxat
1604 932 1784 977 specialiter

1041 993 1071 1021 et
1086 998 1233 1032 expresse
1247 987 1451 1030 derogamus3
1470 986 1647 1030 ceterisque
1664 989 1786 1019 contra-

1042 1041 1096 1074 riis
1115 1041 1378 1085 quibuscumque.

1086 1095 1196 1128 Datum
1223 1094 1254 1127 in
1277 1095 1357 1127 Arce
1381 1093 1576 1137 Gaudulplii,
1601 1092 1785 1125 Albanensis

1042 1148 1204 1189 dioecesis,
1230 1147 1288 1180 sub
1312 1147 1430 1180 annulo
1456 1146 1635 1187 Piscator-is,
1656 1145 1706 1178 die
1732 1155 1784 1177 x1v

1043 1202 1115 1235 maii
1140 1212 1267 1245 noema,
1289 1202 1491 1246 pontificatus
1516 1201 1615 1234 nostri
1641 1211 1723 1234 anno
1750 1209 1780 1232 u.

1080 1264 1136 1292 Dat.
1155 1264 1198 1291 die
1220 1266 1250 1291 14
1265 1265 1326 1291 maii
1346 1264 1422 1299 1656,
1440 1263 1535 1299 pontif·
1552 1271 1621 1290 anno
1638 1269 1664 1289 u.

1379 1407 1452 1442 Clll.

1043 1490 1199 1523 Facutcas
1223 1499 1341 1532 mayno
1366 1489 1522 1531 maqislro
1554 1491 1582 1519 et
1616 1487 1785 1519 couventui

1089 1542 1260 1586 hospitalis
1285 1542 1315 1575 S.
1336 1541 1474 1574 loannis
1491 1540 1786 1583 Hierosolymitam'

1088 1595 1231 1638 eliqendi
1261 1599 1516 1632 conservatores,
1542 1595 1600 1637 qui
1629 1603 1696 1625 non
1720 1593 1787 1624 sint

1089 1648 1211 1681 iudices
1235 1647 1416 1692 synodales.

1246 1727 1413 1755 Alexander
1428 1728 1506 1762 Papa
1521 1728 1583 1759 vu,

1187 1772 1222 1798 ad
1243 1773 1375 1799 futuram
1395 1772 1440 1799 rei
1461 1771 1642 1799 memoriam.

1089 1844 1256 1878 Commissi
1276 1843 1367 1876 nobis
1387 1843 1535 1876 divinitus
1552 1843 1690 1887 supremi
1712 1852 1786 1886 apo-

1046 1897 1176 1931 stolatus
1201 1897 1294 1930 officii
1322 1897 1400 1930 ratio
1427 1897 1573 1940 postulat,
1598 1902 1642 1936 ut,
1661 1895 1785 1928 militia-

1047 1962 1117 1984 rum
1136 1950 1331 1993 regularium
1349 1956 1458 1983 contra
1472 1949 1633 1983 christiani
1652 1949 1788 1982 nominis

1048 2004 1152 2038 hostes
1177 2014 1308 2048 operam
1329 2008 1456 2036 strenue
1474 2002 1722 2046 impendentium
1741 2012 1790 2045 pa-

1048 2063 1169 2089 ternam
1195 2067 1305 2089 curam
1331 2061 1486 2099 gerentes,
1510 2056 1561 2088 illa
1582 2056 1627 2088 eis
1650 2065 1790 2088 nonnun-

1047 2121 1142 2154 quam
1160 2109 1374 2143 favorabiliter
1398 2109 1618 2150 concedamus,
1643 2120 1723 2153 quae
1744 2119 1790 2141 ea-

1049 2174 1119 2196 rum
1144 2163 1330 2196 utilitatibus
1348 2163 1526 2196 conducere
1545 2163 1575 2195 in
1593 2162 1726 2196 Domino
1743 2173 1789 2195 ar-

1030 2215 1032 2248 1
1048 2218 1215 2250 bitramur.

1093 2271 1108 2313 ἓ
1134 2270 1161 2302 l.
1188 2270 1307 2314 Exponi
1333 2270 1488 2314 siquidem
1514 2270 1603 2303 nobis
1628 2280 1730 2313 nuper
1748 2269 1789 2302 se-

1049 2328 1160 2356 cerunt
1189 2323 1293 2356 dilecti
1325 2323 1380 2356 filii
1411 2334 1543 2366 magnus
1576 2323 1726 2366 magister
1761 2327 1790 2357 et

1049 2382 1221 2411 conventus
1246 2377 1407 2421 hospitalis
1432 2377 1460 2409 S.
1487 2376 1610 2410 loannis
1642 2376 1789 2410 Hieroso-

1050 2431 1201 2475 lymitani,
1215 2430 1308 2474 quod,
1327 2436 1397 2474 post
1414 2430 1659 2474 publicationem
1678 2431 1789 2464 cousti-

1032 2484 1178 2519 .tutionis
1210 2494 1227 2516 a
1257 2484 1355 2517 felicis
1380 2483 1607 2517 recordationis
1632 2484 1788 2527 Gregorio

1051 2538 1149 2581 Papae
1184 2537 1233 2570 XV
1271 2536 1512 2580 praedecessore
1549 2543 1657 2570 nostro
1693 2548 1790 2581 super

1051 2591 1202 2624 electione
1230 2596 1259 2622 et
1289 2589 1502 2623 iurisdictione
1530 2596 1788 2624 conservatorum

1831 1851 1951 1871 murdrum.

1832 2277 1860 2298 Su
1865 2278 1974 2303 pplicntln,
