2185 3188
49 163 88 191 An
114 161 141 188 C.
164 159 230 188 1657

50 576 92 591 rum
107 569 155 589 titlev

83 543 226 568 Transiiuupt-J*

81 2182 215 2210 Supptteauo.

828 153 1013 179 MENANDER
1037 153 1082 177 vn
1106 153 1154 177 PP.

243 205 366 239 divisim
381 205 418 238 ab
432 204 540 238 eadem
555 205 591 237 sit
613 204 691 237 Sede
713 203 878 243 indultum,
896 202 979 245 quod
995 206 997 211 ’

242 259 408 301 interdici,
445 258 591 302 suspendi
632 258 679 290 vel
715 255 979 289 excommunicari

242 323 304 345 non
330 312 451 356 possint
474 322 530 355 per
556 312 674 344 litteras
698 310 886 354 apostolicas
918 305 997 341 non'

241 366 389 398 facientes
425 365 549 409 plenam
587 370 613 397 et
655 374 835 408 expressam
872 373 906 395 ac
943 360 999 393 del

242 419 338 452 verbo
367 418 404 451 ad
434 418 566 451 verbum
590 418 628 450 de
660 418 779 450 indulto
800 415 980 449 huiusmodi

242 472 443 504 mentionem.

286 525 301 567 ἓ
327 524 354 557 7.
381 525 531 557 Volumus
562 530 664 557 autem
692 523 791 567 quod,
817 523 899 555 iuxta
929 519 999 555 or-l

241 576 433 610 dinationem
470 577 500 609 in
533 577 670 609 Concilio
696 577 861 609 Viennensi
887 586 999 619 super

243 631 301 663 hoc
328 630 454 669 editam,
481 631 611 671 calices,
637 630 706 662 libri
740 636 767 662 et
801 630 860 661 alia
889 634 999 662 orna-'

241 689 346 717 menta
364 683 580 723 ecclesiarum,
602 682 878 723 monasteriorum,
899 682 982 725 prio-

243 740 366 770 ratuum
381 740 410 770 et
421 737 556 769 aliorum
570 736 797 769 beneficiorum
813 741 842 768 et
856 735 980 778 piorum

243 789 384 822 locorum
410 789 467 822 sub
493 788 711 833 praesentibus
741 788 982 832 comprehenso-

243 853 312 875 rum
326 842 432 875 divino
445 843 542 876 cultui
557 843 657 876 dicata
672 844 767 876 causa
780 841 921 885 pignoris
936 841 980 874 vel
998 857 1000 871 s

242 896 318 929 alias
342 897 507 930 occasione
533 897 696 929 solutionis
723 895 852 929 subsidii
875 895 980 928 liuius-

243 950 325 983 modi
350 950 527 983 nullatenus
546 950 717 994 capiantur,
738 948 981 988 distrahantur‘,

243 1003 288 1036 vel
306 1009 512 1046 occupentur3
530 1003 677 1047 quodque
697 1003 877 1036 earumdem
897 1013 982 1046 prae-
998 1011 999 1016 ¹

241 1057 375 1089 sentium
397 1057 570 1090 litterarum
591 1057 803 1100 transumptis,
819 1067 910 1089 manu
930 1057 999 1089 no-'

242 1110 310 1142 tarii
325 1110 440 1153 publici
461 1111 659 1154 subscriptis,
681 1116 710 1143 et
730 1111 833 1152 sigillo
851 1106 999 1161 alicuius]

241 1174 277 1195 ex
301 1163 392 1197 dictis
417 1165 640 1197 collectoribus
662 1164 708 1198 vel
737 1164 866 1196 alterius
890 1173 1000 1207 prae-'

242 1216 294 1249 lati
316 1217 517 1250 ecclesiastici
545 1218 689 1259 munitis,
715 1217 822 1250 eadem
849 1228 981 1260 prorsus

241 1269 317 1302 fides
341 1270 373 1302 in
401 1271 516 1304 iudicio
534 1277 563 1303 et
581 1277 667 1303 extra
686 1270 883 1307 adhibeatur.
901 1282 982 1314 quae
998 1279 999 1282 ’

242 1324 459 1366 praesentibus
483 1324 704 1363 adhiberetur,
726 1324 750 1357 si
776 1324 875 1358 forent
900 1325 982 1357 cxlii-

241 1376 324 1409 bitae
353 1377 400 1409 vel
429 1383 581 1410 ostensae.
997 1395 1000 1419 t

285 1429 397 1462 Datum
419 1431 545 1471 Romae,
565 1431 645 1474 apud
661 1432 690 1465 S.
707 1432 843 1472 Petrum,
857 1432 914 1464 sul)
932 1442 1000 1476 :tn-g

241 1483 316 1516 nulo
330 1484 507 1521 piscatoris,
525 1485 574 1517 die
590 1495 652 1517 xvu
669 1485 815 1518 februarii
842 1495 981 1526 unchu,
997 1521 1000 1535 .

240 1537 441 1580 pontificatus
466 1538 564 1570 nostri
583 1549 664 1570 anno
685 1548 715 1571 u.

279 1600 337 1626 Dat.
355 1602 397 1627 die
418 1602 446 1628 ¹7
463 1602 591 1628 februarii
613 1603 687 1633 1657,
707 1604 801 1637 pontis.
820 1611 890 1629 anuo
907 1610 934 1629 Η,
998 1585 1000 1600 ‚

559 1746 666 1778 CXLV.

246 1825 284 1858 Ut
307 1825 512 1859 ecclesiastici
544 1826 688 1858 civitatis
712 1831 740 1859 et
765 1826 914 1859 dioecesis
941 1826 980 1860 0-

287 1880 403 1912 scensis
427 1890 615 1912 concurrere
639 1880 768 1912 valeant
792 1891 864 1912 cum
888 1880 982 1913 laicis

286 1932 328 1965 ad
346 1932 537 1965 solutionem
549 1933 697 1975 qabellae
709 1944 768 1976 pro
786 1923 999 1968 extinctione*

286 1986 371 2018 aeris
395 1985 500 2018 alieni
526 1985 704 2029 impositae.

444 2066 611 2094 Alexander
625 2067 702 2101 Papa
718 2067 779 2100 vu,

386 2111 421 2137 ad
442 2111 573 2138 futuram
593 2111 637 2137 rei
659 2112 838 2139 memoriam.

289 2181 304 2223 ᾖ
329 2180 358 2213 l.
386 2181 502 2223 Exponi
528 2180 619 2213 nobis
644 2191 743 2224 nuper
773 2181 912 2214 fecerunt
936 2182 982 2214 di-

246 2233 315 2266 lecti
341 2233 395 2266 filii
418 2234 626 2267 communitas
644 2240 672 2267 et
689 2234 833 2267 homines
852 2235 983 2267 civitatis

245 2286 398 2327 Oscensis,
423 2286 508 2330 quod
533 2287 620 2330 (cum
646 2287 753 2319 eadem
779 2288 886 2320 civitas
912 2298 982 2320 aere

244 2340 347 2373 alieno
365 2339 549 2382 vigintiocto
568 2340 712 2380 millium,
729 2345 854 2373 centum
873 2340 982 2383 viginti

245 2394 341 2426 trium
366 2398 527 2426 scutorum
552 2394 673 2436 argenti
699 2399 842 2426 monetae
858 2394 982 2426 illarum

244 2446 392 2489 partium,
416 2445 454 2478 ad
479 2456 606 2479 censum
633 2452 795 2489 captorum
829 2456 863 2479 ex
889 2449 983 2479 causa

285 2563 295 2588 ·l
319 2561 365 2588 Ed.
383 2562 461 2589 Main.
481 2562 544 2596 tegit
561 2563 688 2597 capiunt,
705 2562 980 2596 ‹tislt·c1hcint(fl.·r.jt.

1664 144 1721 178 ⁶261

1015 212 1226 244 expensarum
1242 202 1362 235 ratione
1388 203 1482 245 pestis
1499 212 1578 246 quae
1598 202 1696 246 ipsam
1718 202 1756 235 ci-

1015 254 1140 286 vitatem
1167 254 1293 287 biennio
1311 256 1357 288 vel
1382 256 1507 289 circiter
1536 255 1643 288 afflixit
1667 256 1757 288 facta-

1017 318 1096 347 rum,
1120 312 1247 350 gravata
1265 309 1449 351 reperiatur,
1467 319 1567 352 neque
1589 319 1646 352 pro
1663 309 1758 341 extin-

1015 360 1118 393 ctione
1144 360 1225 393 aeris
1257 361 1349 393 alieni
1383 362 1586 401 huiusmodi,
1618 362 1756 395 adhibita

1017 415 1086 448 licet
1107 414 1192 447 omni
1211 414 1384 457 diligentia,
1404 416 1531 449 modum
1557 416 1655 449 ullum
1674 417 1758 449 inve-

1776 154 1821 180 ΑηΔ
1836 155 1864 181 C.
1891 155 1954 182 1557

997 469 1079 509 ¹niat
1104 473 1231 511 praeter
1263 468 1494 511 impositionem
1526 469 1666 511 gabellae
1691 470 1757 502 sisa

1016 527 1233 564 nuncupatae,
1265 521 1302 554 ad
1336 522 1423 554 cuius
1449 522 1636 555 solutionem
1663 523 1756 555 etiarn

1016 585 1168 618 personae
1194 575 1424 607 ecclesiasticae
1447 575 1586 607 eiusdem
1613 576 1756 615 cix-itatis,

1016 640 1077 662 non
1103 629 1342 673 suppetentibus
1377 629 1496 672 quippe
1532 629 1683 662 laicorum
1717 630 1757 661 sa-

1016 683 1194 722 cultatibus,
1204 693 1396 716 concurrere
1411 682 1558 725 debeant)
1570 683 1757 716 venerabilis

1017 736 1112 770 frater
1137 736 1314 780 episcopus,
1333 746 1368 768 ac
1389 735 1493 768 dilecti
1514 735 1567 767 filii
1586 736 1757 779 capitulum

1016 795 1046 822 et
1063 789 1204 822 canonici
1226 789 1387 829 ecclesiae,
1405 799 1525 822 necnon
1545 789 1683 832 reliquus
1699 790 1759 823 cle-

1017 853 1070 875 rus
1088 842 1237 875 secularis
1258 848 1287 875 et
1317 842 1471 885 regularis
1489 841 1633 875 Oscensis
1661 843 1758 886 impo-

1016 896 1119 930 sitioni
1139 896 1278 929 eiusdem
1300 896 1441 939 gabetlae
1459 902 1488 929 et
1503 897 1670 929 concursui
1690 907 1757 941 per-

1017 960 1164 982 sonarum
1198 949 1480 983 ecclesiasticarum
1510 950 1688 983 huiusmodi
1719 949 1757 982 ad

1017 1002 1099 1035 illius
1135 1003 1323 1036 solutionem
1360 1009 1583 1036 consenserunt
1602 1030 1608 1043 ,
1639 1009 1756 1036 attento

1017 1055 1100 1099 quod
1130 1066 1283 1100 expensae
1312 1056 1489 1100 praedictae
1511 1067 1572 1089 non
1595 1057 1697 1089 minus
1726 1057 1756 1089 in

1016 1109 1199 1142 earui‘udem
1218 1121 1425 1154 personarum
1452 1111 1755 1152 ecclesiasticarum,

1016 1175 1109 1207 quam
1128 1164 1280 1197 laicorum
1310 1164 1475 1198 utilitatem
1505 1164 1602 1196 factae
1620 1164 1756 1197 suerunt.

1015 1217 1116 1255 Quare
1130 1217 1222 1250 iidem
1237 1217 1414 1260 episcopus,
1425 1217 1596 1260 capitulum
1615 1223 1642 1249 et
1662 1228 1756 1250 cano<

1017 1271 1087 1306 uici,
1107 1271 1209 1304 clerus
1227 1281 1262 1303 ac
1276 1276 1468 1314 exponentes
1486 1270 1576 1303 nobis
1595 1271 1757 1304 humiliter

1015 1325 1186 1368 supplicari
1213 1325 1364 1364 fecerunt,
1390 1329 1422 1356 ut
1446 1324 1506 1356 sibi
1527 1324 1555 1356 in
1577 1325 1757 1367 praemissis

1016 1384 1192 1422 opportune
1218 1378 1384 1422 providere
1402 1377 1439 1410 de
1465 1378 1657 1420 benignitate
1683 1389 1757 1422 apo-

1016 1432 1125 1464 stolica
1144 1432 1360 1475 dignaremur.

1062 1485 1117 1527 ἑὲ.
1131 1486 1192 1518 Nos
1210 1485 1317 1527 igitur,
1337 1485 1420 1528 ipsos
1432 1485 1626 1529 episcopum,
1642 1486 1757 1530 eapitu-
1780 1493 1954 1540 5'?,*'5¹¹¹2¹„¹⁶,“¹-⁹''’·

1017 1539 1079 1571 lum
1102 1545 1131 1571 et
1156 1539 1334 1578 canonicos,
1351 1549 1385 1571 ac
1414 1539 1534 1571 elerum
1554 1545 1581 1572 et
1600 1549 1757 1583 exponen·
1772 1526 1955 1594 {gffifflrssssegff

1017 1599 1061 1625 tes
1079 1593 1266 1636 specialibus
1289 1592 1450 1625 favoribus
1471 1598 1501 1625 et
1517 1593 1627 1635 gratiis
1648 1603 1757 1636 prose·
1773 1580 1957 1647 isssswnssffagssssii'lssi

1016 1647 1068 1690 qui
1085 1647 1233 1686 volentes,
1247 1651 1277 1679 et
1291 1656 1401 1679 eorum
1416 1646 1593 1688 singulares
1606 1657 1756 1690 personas
1772 1633 1954 1706 f'tggjrvssussggffi-

1016 1711 1032 1732 a
1057 1700 1219 1743 quibusvis
1253 1699 1602 1740 excommunicationis,
1631 1710 1758 1744 suspen·
1950 1697 1954 1701 ”

1016 1753 1112 1786 sionis
1141 1759 1168 1784 et
1192 1752 1359 1793 interdicti,
1382 1752 1513 1796 aliisque
1538 1752 1757 1785 ecclesiasticis

1016 1805 1200 1844 sententiis,
1232 1805 1372 1838 censuris
1396 1809 1425 1838 et
1449 1805 1568 1848 poenis,
1590 1816 1605 1837 a
1624 1806 1692 1838 iure
1711 1806 1756 1837 vel

1015 1859 1053 1892 ab
1072 1860 1210 1901 liomine,
1231 1859 1339 1902 quavis
1353 1860 1518 1893 occasione
1542 1860 1589 1892 vel
1607 1861 1701 1892 causa
1720 1860 1759 1891 la-

1016 1913 1065 1953 tis,
1079 1913 1103 1944 si
1128 1912 1242 1956 quibus
1266 1912 1504 1955 quomodolibet
1521 1912 1685 1945 innodatae
1700 1913 1761 1944 exi-

1016 1971 1116 2007 stunt,
1139 1966 1176 1998 ad
1191 1965 1335 2000 effectum
1357 1966 1572 2009 praesentium
1599 1965 1759 1998 dumtaxat

1016 2019 1293 2062 consequendum,
1323 2019 1435 2052 harum
1457 2019 1537 2052 serie
1562 2019 1759 2052 absolventes

1017 2079 1045 2105 et
1077 2072 1236 2105 absolutas
1269 2072 1336 2105 sore
1361 2078 1545 2112 censentes,
1575 2072 1757 2104 huiusmodi

998 2126 1299 2170 ‘supplicationibus
1331 2125 1491 2165 inclinati,
1517 2126 1664 2169 praefatis
1688 2136 1757 2169 per-

1017 2180 1101 2212 sonis
1126 2179 1347 2212 ecclesiasticis
1367 2179 1524 2211 licentiam
1547 2179 1756 2212 concurrendi

1018 2235 1077 2265 una
1105 2244 1174 2266 cum
1200 2233 1286 2266 laicis
1312 2233 1348 2265 ad
1375 2233 1562 2266 solutionem
1589 2233 1688 2266 (lictae
1706 2243 1755 2276 ga-

1018 2286 1117 2319 bellae
1130 2287 1196 2318 sisa
1212 2291 1420 2329 nuncupatae,
1434 2286 1619 2320 auctoritate
1633 2292 1757 2329 aposto-

1018 2339 1086 2379 lica,
1113 2345 1220 2371 tenore
1249 2339 1473 2382 praesentium,
1500 2339 1701 2372 concedimus
1725 2344 1757 2373 et

1019 2392 1238 2436 impertimur3
1268 2392 1440 2425 dummodo
1478 2402 1551 2425 vere
1588 2396 1757 2427 concurrat

1018 2456 1187 2479 consensus
1213 2445 1311 2488 ipsius
1348 2445 1510 2488 episcopi,
1536 2455 1657 2478 necnon
1680 2447 1755 2479 cleri

1018 2499 1168 2533 secularis
1193 2504 1222 2530 et
1247 2498 1411 2541 regularis,
1426 2499 1648 2543 facultatesque
1666 2500 1755 2533 laico-

1000 2564 1097 2593 'ruuu
1125 2558 1153 2583 ut
1182 2551 1357 2594 exponitur.
1385 2563 1443 2584 uon
1466 2558 1648 2596 ⁴suppetant,
1666 2557 1693 2586 et
1714 2554 1752 2585 ab
