2243 3205
0 872 3 906 ᾖ

0 908 3 938 t

1 943 4 990 l

0 995 5 1037 t

2 1040 6 1115 ἓ

2 1124 6 1147 ι

4 1237 8 1332 l

5 1349 10 1455 ἰ

10 1683 14 1728 t

11 1732 15 1811 l

13 1820 16 1844 l

43 190 92 218 An.
112 189 141 217 C.
160 188 224 216 1661

68 357 186 380 Exordium.

55 888 165 910 Decretum
176 894 222 910 ear-

41 915 115 938 dinatis
125 915 212 937 Vei-alti.

71 2385 153 2407 Petitio.

829 188 1015 214 ALEXANDER
1039 189 1083 212 VII
1107 189 1155 212 I‘P.

434 237 598 264 Alexander
617 237 696 271 Papa
715 237 784 269 vn,

381 281 417 308 ad
438 281 571 309 futuram
589 282 633 309 rei
653 282 832 310 memoriam.

283 343 298 386 ἓ
322 343 352 376 1.
377 343 497 387 Exponi
518 344 611 378 nobis
636 355 737 389 nuper
761 345 833 379 fecit
849 345 980 378 dilectus

238 395 321 429 sslius
353 397 504 430 Emanuel
536 408 552 430 a
584 398 701 441 Spiritu
734 398 847 431 Sancto
884 398 980 431 frater

236 449 417 493 provinciae
443 450 653 492 Portugalliae
673 451 756 483 tertii
774 451 898 484 Ordinis
915 462 981 484 san-

237 503 278 535 cti
304 503 471 545 Francisci,
497 504 579 547 quod
601 504 718 537 dudum
740 505 839 538 bonae
865 516 981 538 memo—

236 557 302 590 riae
323 557 490 598 Fabritius,
515 557 591 590 dum
617 559 701 599 vixit,
721 559 750 592 S.
774 560 807 592 R.
827 559 859 592 E.
883 559 980 592 cardi-

235 611 315 644 nalis
333 611 474 644 Verallus
484 618 694 656 nuncupatus,
709 613 833 646 Ordinis
846 614 978 647 fratrum

236 664 392 698 Minorum
411 665 552 698 eiusdem
575 668 672 699 sancti
693 667 851 700 Francisci
868 667 906 700 de
923 667 980 700 Ob-

237 719 395 752 servantia
409 725 665 763 nuncupatorum
680 721 762 764 apud
776 721 887 754 Sedem
902 722 980 765 Apo-

237 772 380 806 stolicam
391 779 562 817 protector,
573 774 736 808 decretum
750 775 847 809 edidit
861 775 978 809 tenoris

237 826 290 870 qui
308 827 459 870 sequitur,
477 828 637 861 videlicet:

287 892 300 911 «
330 880 505 923 Fabritius,
531 881 636 914 divina
661 882 863 916 miseratione
897 882 977 915 tituli

237 932 266 965 S.
284 933 450 976 Augustini
473 934 501 967 S.
520 935 554 968 R.
569 935 602 968 E.
625 936 792 980 presbyter
812 936 978 969 cardinalis

237 986 379 1020 Verallus
404 993 612 1032 nuncupatus,
638 989 734 1022 totius
754 988 878 1023 Ordinis
907 1000 977 1023 san-

237 1040 277 1074 cti
297 1041 455 1075 Francisci
473 1043 627 1075 Minorum
647 1043 887 1076 Observandum
907 1054 979 1087 pro-

237 1099 346 1135 tector,
361 1101 522 1129 corrector
540 1101 570 1129 et
586 1096 789 1139 gubernator.
808 1096 853 1129 Ad
871 1097 979 1130 tollen-

236 1147 290 1180 das
304 1147 560 1191 inquietitudines
576 1149 729 1193 praedicti
747 1149 882 1190 Ordinis,
899 1161 978 1194 quae

236 1200 269 1233 in
293 1201 438 1245 capitulis
469 1203 717 1246 provincialibus
749 1203 789 1237 ob
822 1204 977 1237 vocalium

236 1253 444 1298 privationem
474 1256 642 1297 oriuntur,
668 1257 749 1290 facto
778 1256 875 1290 verbo
906 1268 977 1290 cum

236 1309 433 1342 sanctissimo
449 1309 582 1343 Domino
598 1315 718 1351 nostro,
728 1321 916 1344 renovamus
929 1310 979 1344 de·

237 1367 358 1395 cretum
369 1363 582 1406 praelatorum
593 1363 777 1397 visitationis
787 1364 979 1408 apostolicae

238 1419 416 1449 emanatum
446 1416 503 1450 sub
528 1416 578 1449 die
607 1427 683 1450 xxlv
708 1417 846 1450 octobris
871 1427 979 1451 imcvu

237 1468 322 1512 quod
340 1474 386 1503 est
410 1469 544 1502 tale:—
556 1470 743 1504 Privationis
760 1470 845 1504 vocis
862 1471 980 1504 activae

238 1527 268 1555 et
292 1523 442 1566 passivae,
467 1534 502 1556 ac
526 1523 731 1557 inhabilitatis
756 1524 892 1567 decreta,
913 1535 981 1558 sen-

238 1575 391 1609 tentiaeve
411 1575 449 1609 ab
474 1576 592 1610 eisdem
613 1577 832 1621 superioribus
857 1578 980 1612 Ordinis

238 1629 327 1670 latae,
351 1640 391 1663 ne
416 1630 564 1675 deinceps
581 1631 612 1663 in
636 1631 706 1675 ipso
731 1632 892 1665 electionis
911 1636 980 1666 actu

237 1683 498 1727 pronuncientur,
512 1684 803 1728 promulgenturve,
821 1690 914 1729 atque
927 1696 981 1719 eae

237 1737 457 1779 promulgatae
474 1737 597 1770 vocales
612 1737 741 1771 minime
758 1738 906 1779 afficiant,
920 1739 980 1772 nisi

237 1800 294 1833 per
319 1801 458 1823 mensem
486 1796 557 1823 ante
582 1791 698 1824 suerint
723 1791 883 1825 intimatae
907 1803 981 1837 par-

238 1842 286 1875 ti¹
318 1844 470 1877 Sanctitas
503 1855 559 1877 sua
589 1845 716 1879 omnino
753 1846 858 1880 vetuit.
893 1847 981 1886 Quod

239 1895 399 1930 decretum
425 1898 554 1932 omnino
575 1899 693 1931 servari
714 1900 899 1933 mandamus
923 1901 981 1933 sub

238 1950 349 1993 poenis
370 1954 476 1984 nostro
504 1951 635 1985 arbitrio
657 1952 835 1996 infligendis
861 1959 982 1987 contra-

239 2005 446 2038 venientibus.
464 2005 704 2039 Concessionem
720 2018 804 2048 vero,
819 2018 873 2041 seu
883 2008 981 2041 decla-

239 2059 393 2091 rationem
420 2059 570 2102 praedicti
596 2060 711 2094 decreti
730 2060 760 2093 in
786 2062 978 2094 contrarium

239 2111 351 2144 factam
376 2123 392 2144 a
410 2112 578 2146 Sanctitate
599 2114 661 2146 Sua
685 2113 742 2146 sub
767 2114 816 2147 die
834 2124 907 2148 xxvt
928 2125 981 2148 no-

239 2165 378 2198 vembris
411 2176 527 2207 MDCVI,
553 2166 589 2199 dc
615 2167 754 2199 eiusdem
792 2168 978 2201 sanctissimi

240 2218 364 2251 Domini
389 2219 486 2251 nostri
506 2220 650 2252 mandato
676 2221 907 2264 suspendimus,
925 2221 980 2254 Da-

240 2276 305 2304 tum
331 2272 447 2305 Romac
472 2283 508 2306 cx
532 2273 662 2306 aedibus
679 2274 795 2307 nostris
820 2275 869 2308 die
895 2286 979 2308 xxvu

241 2324 315 2357 maii
340 2335 459 2358 mocxvr
487 2340 514 2358 ».

284 2379 299 2422 ξ
323 2379 353 2411 2.
371 2379 446 2412 Cum
464 2385 579 2419 autem,
594 2380 674 2413 sicut
694 2381 801 2414 cadem
827 2381 979 2425 expositio

241 2432 460 2475 subiungebat,
479 2434 648 2476 plurimum
667 2435 812 2478 expediat
830 2435 980 2479 disposita

242 2495 300 2529 per
317 2485 478 2519 decretum
496 2487 724 2530 praeinsertum
744 2488 774 2521 in
789 2489 980 2522 memorata²

279 2558 289 2584 1
313 2557 379 2584 Male
396 2557 459 2584 edit.
476 2557 554 2585 lttain.
571 2558 635 2593 legit
649 2560 758 2594 partim
775 2562 810 2592 (a.
827 2560 874 2595 τ.).

278 2603 295 2629 2
314 2602 383 2631 Edit.
400 2602 479 2631 Mein.
496 2603 561 2639 legit
575 2604 781 2634 fivnmemoraea
793 2606 834 2640 (n.
850 2607 897 2639 Τ.).

1013 236 1175 281 provincia
1204 237 1414 280 Portugalliae
1438 237 1611 277 observari,
1636 241 1752 271 attento

1013 290 1097 334 quod
1122 290 1162 323 ob
1182 290 1466 334 impossibilitatem
1495 301 1550 324 seu
1574 290 1752 324 distantiam

1014 344 1145 387 legitimi
1171 355 1319 377 recursus
1336 345 1525 388 privationes
1546 345 1609 377 illic
1633 345 1753 388 absque

1013 398 1154 431 remedio
1186 398 1255 431 fieri
1287 404 1317 431 et
1340 399 1484 431 accidere
1508 403 1753 437 consueverunt;

1013 451 1105 483 nobis
1130 455 1300 495 propterea
1321 451 1421 485 dictus
1446 452 1595 484 Emanuel
1620 451 1751 484 humili-

1014 510 1061 537 ter
1086 506 1258 549 supplicari
1283 506 1364 547 fecit,
1382 512 1416 539 ut
1439 506 1470 538 in
1494 506 1676 550 praemissis
1701 516 1754 549 op-

1013 563 1146 602 portune
1160 559 1328 602 providere
1344 559 1382 592 de
1397 559 1590 603 benignitate
1607 559 1754 604 apostoli-

1013 614 1049 645 ca
1074 612 1289 655 dignaremur.

1057 666 1072 709 ἓ
1096 664 1125 699 3.
1151 666 1213 699 Nos
1231 666 1336 709 igitur,
1354 666 1455 710 ipsum
1468 667 1670 700 Emanuelem
1685 677 1753 711 spe-

1013 718 1144 752 cialibus
1171 720 1330 752 savoribus
1348 726 1378 752 et
1398 720 1506 762 gratiis
1530 721 1678 764 prosequi
1704 731 1753 753 vo-

1013 773 1120 814 lentes,
1138 779 1168 806 et
1192 784 1209 806 a
1226 774 1388 818 quibusvis
1409 774 1752 815 excommunicationis,

1013 827 1225 870 suspensionis
1246 834 1275 860 et
1298 828 1474 868 interdicti,
1497 829 1627 872 aliisque
1653 828 1753 861 eccle-

1013 880 1144 914 siasticis
1169 882 1351 923 sententiis,
1374 882 1514 915 censuris
1539 888 1568 915 et
1592 882 1711 925 poenis,
1736 892 1753 915 a

1013 933 1080 967 iure
1107 935 1154 967 vel
1178 935 1217 968 ab
1236 935 1373 976 homine,
1390 936 1498 979 quavis
1523 935 1688 968 occasione
1705 936 1753 968 vel

1013 989 1106 1021 causa
1132 988 1210 1030 latis,
1231 988 1256 1021 si
1277 989 1389 1032 quibus
1413 988 1651 1032 quomodolibet
1663 989 1752 1022 inno-

1013 1041 1102 1074 datus
1135 1041 1258 1083 existit,
1287 1042 1325 1074 acl
1359 1041 1505 1075 effectum
1541 1042 1753 1086 praesentium

1012 1093 1173 1127 dumtaxat
1190 1095 1456 1139 consequendum,
1478 1096 1591 1128 harum
1610 1095 1691 1129 serie
1704 1095 1754 1128 ab·

1013 1147 1168 1181 solventes
1198 1154 1227 1181 et
1257 1149 1435 1182 absolutum
1468 1149 1534 1182 sore
1567 1153 1753 1190 censentes,

1014 1201 1194 1234 huiusmodi
1214 1202 1494 1246 supplicationibus
1520 1202 1668 1243 inclinati,
1700 1203 1754 1235 ha-

1013 1255 1077 1287 bita
1095 1255 1246 1289 relatione
1263 1256 1301 1288 de
1319 1256 1510 1300 praemissis,
1521 1267 1617 1300 reque
1632 1259 1755 1289 matura

1013 1308 1238 1342 deliberatione
1263 1311 1429 1353 perpensa,
1449 1309 1488 1342 ad
1513 1309 1672 1342 evitandas
1697 1320 1751 1342 ca-

1013 1361 1186 1405 pitulorum
1218 1362 1342 1396 Ordinis
1378 1363 1558 1396 huiusmodi
1590 1363 1753 1405 nullitate,

1013 1426 1090 1459 quas
1114 1416 1238 1460 saepius
1263 1417 1475 1460 praenarratis
1500 1416 1537 1449 de
1562 1417 1663 1450 causis
1688 1427 1756 1449 eve-

1014 1469 1082 1501 nire
1110 1480 1173 1503 non
1208 1469 1305 1503 semel
1337 1470 1532 1514 experientia
1557 1475 1754 1513 compertum

1015 1528 1076 1564 est⁷
1102 1523 1286 1557 auctoritate
1318 1523 1505 1567 apostolica,
1530 1529 1638 1556 tenore
1662 1534 1754 1567 prae-

1014 1578 1161 1619 sentium,
1176 1578 1341 1610 statuimus
1355 1578 1386 1610 in
1400 1580 1573 1611 memorata
1591 1578 1755 1621 provincia

1016 1630 1225 1673 Portugalliac
1250 1631 1333 1663 tertii
1359 1631 1483 1664 Ordinis
1508 1630 1607 1664 sancti
1625 1631 1753 1664 Franci-

1015 1684 1059 1717 sci
1079 1684 1226 1728 deinceps
1240 1684 1469 1728 praeinsertum
1487 1684 1649 1719 decretum
1663 1695 1754 1728 prae-

1015 1737 1068 1770 fati
1081 1737 1209 1770 Fabritii
1227 1737 1393 1770 cardinalis
1407 1743 1560 1781 perpetuo
1582 1738 1754 1779 observari,

1015 1795 1109 1835 atque
1133 1791 1216 1824 iuxta
1241 1791 1324 1824 illius
1350 1797 1490 1824 tenorem
1509 1797 1539 1824 et
1558 1791 1704 1832 sormam,
1725 1796 1755 1824 et

1016 1855 1078 1878 non
1103 1845 1187 1886 alias,
1205 1845 1242 1878 ad
1261 1851 1481 1889 praenarratas
1506 1845 1710 1889 privationes,
1729 1845 1754 1878 si

1016 1898 1204 1942 quandoque
1222 1898 1380 1941 legitimae
1397 1909 1509 1931 causae
1533 1898 1665 1939 subsint,
1684 1909 1755 1942 pro-

1016 1952 1084 1985 cedi
1109 1963 1144 1986 ac
1169 1952 1320 1993 deveniri,
1335 1958 1429 1996 prout
1454 1952 1614 1985 observari
1646 1956 1676 1986 et
1691 1961 1754 1985 non

1015 2005 1106 2038 aliter
1130 2006 1258 2049 procedi
1275 2016 1311 2039 ac
1331 2006 1481 2047 devenit-i,
1500 2005 1684 2050 respective,
1699 2016 1754 2039 au-

1015 2059 1158 2093 ctoritate
1183 2065 1212 2092 et
1236 2064 1344 2093 tenore
1368 2059 1546 2104 praedictis,
1569 2059 1754 2092 mandamus

1015 2118 1045 2146 et
1069 2113 1292 2157 praecipimus⁷

1059 2167 1074 2211 ᾗ
1098 2167 1127 2199 4.
1145 2167 1353 2200 Decernentes
1370 2166 1494 2199 easdem
1512 2170 1691 2210 praesentes
1708 2166 1755 2199 lit-

1015 2226 1097 2253 teras
1112 2221 1228 2261 sirmas,
1247 2220 1361 2253 validas
1376 2226 1406 2253 et
1422 2220 1563 2253 efficaces
1576 2220 1709 2253 existere
1723 2225 1753 2253 ct

1014 2274 1091 2314 sore,
1102 2284 1236 2317 suosque
1250 2274 1409 2317 plenarios
1427 2280 1457 2306 et
1472 2274 1610 2316 integros
1626 2273 1754 2306 effectus

1015 2328 1121 2361 sortiri
1146 2333 1176 2360 et
1200 2327 1352 2367 obtinere,
1377 2338 1412 2360 ac
1431 2327 1502 2367 illis,
1528 2327 1566 2359 ad
1589 2338 1667 2371 quos
1684 2337 1754 2371 spe-

1015 2387 1076 2414 ctat
1093 2387 1123 2414 et
1142 2391 1200 2424 pro
1221 2386 1363 2424 tempore
1387 2381 1550 2424 spectabit,
1573 2380 1754 2424 plenissimo

1015 2435 1191 2478 suffragari,
1210 2435 1316 2478 sicque
1333 2435 1364 2467 in
1382 2435 1562 2478 praemissis
1586 2446 1642 2479 per
1659 2445 1754 2478 quos-

1015 2498 1165 2532 scumquc
1191 2487 1309 2521 iudices
1334 2487 1510 2521 ordinarios
1529 2493 1559 2521 et
1583 2487 1754 2530 delegatos,

1015 2542 1107 2575 ctiam
1130 2552 1293 2574 causarum
1315 2542 1420 2585 palatii
1441 2541 1604 2585 apostolici
1630 2541 1753 2574 audito-

1015 2606 1074 2639 res,
1094 2596 1224 2629 iudicari
1244 2601 1273 2629 et
1290 2595 1415 2629 definiri
1431 2595 1555 2637 debere,
1574 2606 1610 2629 ac
1628 2595 1752 2628 irritum

1653 179 1716 212 725
1762 189 1814 216 An.
1835 189 1865 217 c.
1883 189 1946 217 1661

1818 678 1953 699 Confirmatio

1768 704 1857 725 decreti.

1797 2173 1916 2195 clausulae.
