2243 3205
57 215 104 242 An.
122 214 148 240 C.
173 213 239 240 1658

834 215 1020 240 ALEXANDl-:R
1046 216 1090 239 Vll
1115 216 1163 240 ΡΡ,

249 270 453 314 frascriptum
463 270 636 305 subsidium
650 272 804 306 maiestati
817 278 887 306 tuae
904 283 993 317 prae-

251 329 334 356 stare
358 329 507 368 prompte
532 325 720 366 obtulerint,
745 331 776 359 et
798 326 836 359 ad
861 326 992 370 praedi-

253 382 337 410 ctum
371 377 516 411 effectum
549 379 767 412 consenserint
802 379 994 423 impositioni

253 431 453 473 gabellarum
489 442 544 465 seu
569 432 703 465 sisarum
729 443 824 476 super
849 433 934 474 vino,
957 443 992 465 a-

254 489 332 526 ceto,
354 484 424 518 oleo
448 489 479 517 ct
502 495 606 528 carne,
626 485 771 519 videlicet
787 492 914 519 octavae
927 497 996 530 par-

255 537 293 570 tis
325 539 501 581 specierum
536 539 583 572 vel
614 539 706 583 pretii
739 539 822 580 vini,
855 540 934 573 aceti
967 545 997 572 et

254 590 326 631 olei,
343 601 390 632 ac,
410 591 493 625 ultra
517 591 593 624 sisas
610 602 706 636 super
723 603 817 625 carne
834 598 924 625 antea
941 592 996 625 im-

254 644 392 687 positas,
417 649 446 677 ct
473 644 569 677 trium
602 645 778 688 regalium¹
804 656 863 689 pro
895 645 996 689 quoli-

254 696 307 729 bet
331 697 433 740 capite
456 697 626 740 pecudum,
652 701 681 731 et
705 698 800 731 trium
826 699 996 742 morapeti-

254 759 370 782 norum
406 760 465 793 pro
499 750 637 794 qualibet
668 750 749 785 libra
781 752 884 785 carnis
917 762 997 796 quae

255 802 432 835 minutatim
454 803 608 844 venditur,
622 803 843 848 sexdecimque
857 816 998 849 morape-

255 855 394 889 tinorum
429 867 487 900 pro
522 857 660 900 qualibet
693 859 843 890 mensura
878 858 998 891 ctrroba

254 910 435 953 nuncupata
459 909 521 942 vini
546 909 630 943 sisati
645 937 652 951 ,
677 910 868 955 alteriusque
894 922 998 945 mora-

255 961 352 1006 petini
387 973 447 1006 pro
483 962 621 1006 qualibet
658 965 806 997 mensura
849 964 998 998 acumbre

255 1017 436 1059 nuncupata
460 1016 523 1048 vini
544 1016 637 1049 etiam
663 1017 758 1058 sisati,
779 1028 814 1050 ac
839 1017 996 1051 sexdecim

257 1069 527 1112 morapetinorum
545 1080 604 1113 pro
618 1070 757 1114 qualibet
774 1072 922 1104 mensura
937 1071 997 1104 olei

256 1122 373 1155 arroba
396 1124 587 1167 nuncupata,
613 1129 642 1157 et
666 1129 802 1167 quatuor
828 1125 998 1167 morapeti-

255 1185 369 1208 norum
395 1186 454 1219 pro
479 1176 618 1219 qualibet
641 1177 723 1209 libra
741 1177 942 1210 candelarum
961 1178 999 1210 de

257 1238 340 1269 sevo,
359 1232 388 1262 et
405 1229 542 1272 saponis,
556 1229 604 1262 vel
618 1229 692 1262 alias
712 1229 888 1263 verioribus
905 1241 999 1274 quan-

257 1281 397 1314 titatibus
422 1282 642 1326 impositurum
667 1288 697 1316 et
721 1289 895 1324 auctarum,
920 1294 999 1327 quae

257 1339 329 1368 sunt
354 1334 524 1378 exigendae
554 1341 583 1368 et
614 1336 834 1380 percipiendae
868 1337 1000 1370 durante

258 1388 405 1421 sexennio
430 1389 554 1433 incepto
579 1400 596 1422 a
619 1389 724 1433 prima
744 1390 793 1422 dic
812 1391 928 1423 mensis
949 1402 1000 1424 au-

258 1441 340 1485 gusti
366 1452 493 1483 iinch,
518 1453 633 1486 nempe
658 1454 715 1487 pro
742 1445 865 1476 summa
890 1443 998 1477 decem

258 1500 289 1528 et
311 1505 423 1529 novem
443 1495 619 1529 millionum
636 1507 708 1529 cum
727 1496 857 1530 dimidio
872 1498 1000 1531 alterius

258 1548 407 1582 millionis
428 1549 465 1581 ad
487 1549 639 1582 rationem
657 1549 751 1582 trium
774 1550 949 1583 millionum
970 1556 1001 1584 et

258 1601 466 1635 ducentorum
492 1607 521 1635 et
545 1602 772 1646 quinquaginta
797 1603 929 1636 millium
947 1603 1001 1637 du-

259 1659 402 1689 catorum
421 1660 563 1688 monetae
578 1656 747 1699 Hispaniae
765 1657 906 1700 quolibet
919 1667 1000 1690 anno

257 1708 411 1753 praedicti
439 1708 578 1742 sexennii
597 1709 745 1742 solvenda
771 1721 806 1742 ex
833 1710 1000 1754 praedictis

258 1761 390 1805 gabellis
410 1773 464 1796 seu
494 1762 563 1795 sisis
581 1773 674 1806 super
698 1763 873 1806 praedictas
894 1774 1000 1796 reruni

259 1816 390 1859 species,
403 1821 438 1849 ut
462 1816 649 1860 praefertur,
670 1817 826 1860 impositis
844 1822 873 1850 et
891 1818 1000 1858 auctis,

259 1869 302 1901 ita
326 1874 359 1901 ut
383 1879 492 1902 omnes
518 1875 578 1901 tam
597 1869 667 1902 laici
686 1881 779 1913 quam
798 1870 1000 1903 ecclesiastici

258 1922 493 1966 praedictorum
509 1933 680 1966 regnorum
698 1933 760 1957 non
773 1924 874 1956 solum
896 1934 1002 1957 emen-

261 1982 307 2010 tes
332 1982 363 2009 et
388 1977 567 2018 vendentes,
582 1978 636 2010 scd
662 1978 754 2012 etiam
776 1978 818 2011 illi
840 1979 891 2022 qui
914 1989 1003 2023 prae-

261 2030 358 2063 dictas
384 2040 489 2062 rerum
515 2030 636 2073 species
662 2031 843 2075 percipiunt
868 2042 902 2064 ex
931 2042 1002 2075 pro-

261 2083 339 2127 priis
364 2083 495 2116 terrenis
517 2084 562 2116 vel
581 2084 745 2124 affictibus,
760 2089 812 2117 aut
830 2085 1004 2128 respective

261 2141 370 2169 emunt
395 2135 425 2168 in
450 2136 517 2168 uris
550 2137 596 2169 vel
622 2137 734 2178 olivis,
764 2148 816 2169 seu
853 2138 1004 2181 colligunt

261 2199 319 2232 pro
344 2188 494 2229 decimis,
520 2195 571 2221 aut
596 2190 689 2222 etiam
715 2190 798 2223 dono
823 2191 1003 2234 accipiunt,

262 2252 316 2275 seu
343 2242 418 2274 alias
443 2252 479 2274 cx
512 2242 622 2285 quovis
655 2243 715 2276 alio
748 2243 872 2276 redditu
897 2249 926 2276 et
952 2244 1003 2276 in-

262 2295 359 2328 troitu
384 2295 499 2328 habent
517 2300 547 2328 et
563 2302 762 2337 consumunt,
784 2297 824 2330 ita
842 2302 875 2329 ut
896 2307 1005 2330 omnes

263 2348 333 2381 laici
359 2348 585 2392 cuiuscumque
610 2354 718 2390 status,
745 2350 872 2392 gradus,
898 2350 1006 2383 condi-

264 2401 357 2435 tionis
385 2412 421 2434 ac
446 2401 709 2445 praeeminentiae
727 2402 764 2435 ad
784 2402 813 2435 id
832 2403 1005 2435 subsidium

264 2454 475 2495 contribuere,
501 2466 535 2487 ac
561 2455 700 2497 gabellas
729 2466 783 2489 scu
804 2457 880 2488 sisas
900 2456 1006 2489 liuius-

265 2507 350 2541 modi
375 2509 497 2541 solvere
522 2508 693 2551 deberent,
720 2520 777 2542 nec
802 2509 884 2542 ullus
910 2510 1006 2543 laicus

299 2579 313 2605 1
336 2579 484 2614 Perperam
506 2578 547 2605 ed.
566 2579 646 2606 Main.
669 2579 734 2614 legit
754 2580 937 2615 reyularium
958 2589 1005 2615 pro

266 2618 411 2658 req'alz'um
430 2625 465 2658 (u.
482 2625 530 2655 T.).

1672 207 1735 241 3813

1029 263 1179 297 immunis
1196 270 1250 297 aut
1270 271 1434 309 exemptus
1452 271 1547 306 esset3
1567 265 1768 299 ecclesiastici

1029 328 1152 360 quoque
1179 318 1360 351 eorumdem
1381 329 1562 362 regnorum,
1580 320 1604 352 si
1623 325 1649 352 et
1675 324 1764 363 post-

1029 381 1120 414 quam
1147 377 1252 404 nostra
1277 376 1306 405 et
1337 372 1428 405 liuius
1460 379 1584 406 sanctae
1616 373 1703 407 Sedis
1734 373 1768 405 li-

1029 423 1129 456 centia
1154 429 1183 456 et
1205 425 1392 469 approbatio
1414 426 1589 466 accesserit,
1615 427 1644 458 in
1671 426 1768 459 subsi-

1029 475 1080 509 dio
1105 476 1284 510 huiusmodi
1318 478 1435 511 scilicet
1461 478 1490 510 in
1521 479 1689 521 praedictis
1713 490 1766 522 ga-

1030 529 1119 562 bellis
1153 540 1247 573 super
1272 530 1388 563 eisdem
1423 531 1585 574 speciebus
1612 532 1768 576 impositis

1030 588 1060 615 et
1083 583 1181 616 auctis
1214 583 1438 624 contribuere,
1474 595 1508 617 ac
1541 585 1677 627 gabellas
1714 595 1768 618 seu

1030 637 1107 669 sisas
1132 637 1306 680 praedictas
1333 638 1416 670 iuxta
1446 638 1622 670 litterarum
1648 644 1768 672 nostra-

1031 700 1100 722 rum
1128 691 1158 722 in
1179 690 1279 723 forma
1306 691 1412 723 Brevis
1437 701 1531 735 super
1555 691 1714 735 praedicta
1731 692 1768 724 li-

1031 743 1132 776 centia
1158 753 1212 776 seu
1237 744 1463 788 approbatione
1501 745 1768 788 expediendarum

1031 797 1175 837 sormam,
1194 798 1416 832 continentiam
1438 803 1466 831 et
1489 805 1629 831 tenorem
1655 799 1771 842 persol-

1032 861 1104 883 vere
1129 850 1293 885 deberent:
1312 851 1430 885 idcirco
1448 863 1506 896 pro
1525 858 1613 896 parte
1631 852 1769 885 eiusdem

1032 904 1202 937 maiestatis
1227 910 1296 938 tuae
1321 905 1412 939 nobis
1437 906 1493 938 fuit
1517 905 1679 938 humiliter
1696 916 1770 949 sup-

1032 957 1181 1000 plicatum
1210 968 1267 1001 pro
1296 958 1522 1002 approbatione
1551 958 1656 992 oneris
1685 958 1771 1000 cleri,

1032 1010 1247 1051 ecclesiarum,
1264 1011 1471 1055 locorumque
1496 1011 1621 1055 piorum
1648 1016 1677 1044 ct
1701 1022 1772 1055 per-

1032 1073 1180 1096 sonarum
1205 1065 1487 1098 ecclesiasticarum
1512 1065 1549 1097 ad
1575 1065 1773 1098 contribuen-

1032 1116 1105 1149 dum
1121 1117 1151 1149 in
1166 1117 1328 1161 praedicto
1343 1119 1502 1158 sexennio,
1518 1118 1641 1162 incepto
1656 1131 1671 1150 a
1686 1130 1772 1162 prae-

1032 1170 1115 1203 dicto
1141 1181 1247 1204 mense
1278 1172 1400 1215 augusti
1434 1172 1504 1204 anni
1537 1182 1653 1205 noem
1686 1177 1713 1204 et
1740 1178 1773 1205 ut

1033 1224 1175 1267 sequitur
1189 1235 1287 1268 usque
1301 1225 1338 1257 ad
1353 1236 1491 1258 inensem
1506 1225 1629 1268 augusti
1644 1235 1773 1258 iinCan

1034 1277 1180 1317 liniendo,
1197 1278 1226 1309 in
1245 1278 1412 1321 praedictis
1430 1278 1499 1310 sisis
1513 1283 1541 1312 et
1556 1278 1685 1321 gabellis
1701 1279 1772 1319 iam,

1035 1336 1066 1363 ut
1091 1332 1276 1374 praefertur,
1303 1331 1456 1375 impositis
1482 1337 1511 1364 et
1535 1332 1633 1364 auctis
1653 1343 1710 1376 pro
1728 1344 1774 1366 so-

1034 1385 1151 1418 lutione
1173 1385 1407 1428 praedictorum
1425 1385 1600 1418 millionum
1616 1385 1723 1419 decem
1745 1391 1775 1418 et

1034 1448 1146 1471 norem
1172 1450 1243 1471 cum
1269 1439 1400 1472 dimidio
1437 1440 1565 1472 alterius
1603 1439 1776 1479 mulionis,

1034 1497 1152 1525 attento
1174 1493 1268 1536 quod,
1287 1499 1317 1525 ut
1340 1494 1484 1527 maiestas
1505 1499 1554 1526 tua
1576 1493 1695 1534 asserit⁷
1723 1494 1775 1526 lia-

1035 1551 1142 1578 ctenus
1167 1552 1269 1579 actum
1296 1547 1399 1586 suerit,
1418 1553 1444 1579 ct
1467 1547 1504 1579 de
1529 1547 1684 1590 praesenti
1706 1557 1776 1589 aga-

1035 1603 1086 1630 tur
1111 1598 1148 1630 de
1174 1600 1333 1631 communi
1360 1599 1538 1632 defensione
1571 1605 1600 1632 et.
1626 1600 1775 1632 interesse

1035 1658 1097 1684 tam
1123 1652 1275 1686 laicorum
1303 1664 1397 1697 quam
1424 1653 1521 1694 cleri⁷
1548 1653 1774 1694 ecclesiarum,

1034 1706 1176 1739 locorum
1203 1707 1328 1750 piorum
1355 1713 1382 1739 et
1408 1718 1615 1751 personarum
1634 1708 1775 1740 ecclesia-

1035 1760 1182 1793 sticarum
1207 1760 1441 1804 praedictorum
1468 1771 1649 1804 regnorum,
1675 1761 1774 1805 quod-

1035 1824 1095 1857 que
1120 1814 1281 1846 facultates
1299 1814 1451 1847 laicorum
1466 1815 1502 1847 ad
1518 1825 1673 1847 summam
1689 1825 1776 1858 prae-

1035 1867 1150 1900 dictam
1177 1867 1402 1900 conssciendam
1428 1867 1461 1900 esi
1499 1878 1559 1911 qua
1584 1868 1706 1911 expedit
1731 1879 1777 1901 ce-

1037 1920 1158 1953 leritate
1195 1920 1274 1952 infra
1307 1926 1431 1965 tempus
1464 1925 1677 1964 opportunum
1714 1931 1777 1954 non

1037 1974 1226 2007 sufficerent.

1082 2029 1096 2071 ,ξ
1121 2028 1149 2060 2.
1176 2029 1237 2061 Nos
1263 2028 1376 2071 igitur,
1403 2028 1516 2061 nedum
1543 2034 1723 2073 promptam
1750 2034 1779 2061 et

1786 218 1832 243 ln.
1846 218 1874 244 C.
1901 218 1964 244 iix58

1821 2039 1907 2065 liupuni!
1928 2045 1977 2060 con-

1901 2075 1905 2079 ,
1963 2073 1967 2080 .

1038 2081 1263 2126 obsequentem
1290 2082 1474 2115 eorumdem
1500 2082 1653 2115 laicorum
1676 2082 1779 2114 subdi·
1794 2068 1927 2111 i·²t·¹ii⁰[¹‘'¹¹‘¹¹¹
1943 2067 1978 2086 ‘¹⁴‘

1039 2140 1142 2168 torum
1170 2140 1295 2168 tuorum
1333 2146 1406 2177 erga
1433 2141 1461 2167 tc
1487 2135 1698 2177 oblationem,
1725 2135 1778 2168 sed
1794 2152 1835 2165 sn,

1039 2189 1130 2221 etiam
1158 2189 1326 2221 maiestatis
1353 2194 1421 2221 tuae
1451 2200 1526 2232 erga
1552 2189 1643 2222 fidem
1671 2189 1777 2222 callio-

1039 2242 1130 2274 licam
1157 2243 1256 2274 zelum
1283 2243 1549 2282 commendantes,
1568 2242 1652 2275 etad
1675 2242 1780 2285 ingen-

1041 2300 1085 2327 tes
1103 2299 1255 2339 sumptus,
1270 2296 1383 2339 quibus
1399 2296 1542 2328 maiestas
1560 2301 1610 2328 tua
1632 2301 1779 2339 gravatur

1040 2348 1079 2381 ob
1105 2348 1228 2380 assidua
1252 2359 1331 2392 quae
1356 2360 1414 2392 pro
1433 2349 1611 2382 defensione
1633 2349 1704 2381 tidei
1735 2360 1781 2382 ea-

1041 2401 1191 2441 tbolicae,
1213 2408 1403 2445 tuorumspie
1430 2413 1600 2445 regnorum
1627 2407 1655 2436 et
1680 2403 1781 2436 domi-

1041 2454 1165 2487 niorum
1193 2455 1305 2497 iugiter
1328 2455 1356 2486 in
1377 2455 1521 2499 pluribus
1539 2455 1624 2488 orbis
1638 2456 1780 2499 partibus

1041 2513 1070 2540 et
1095 2508 1280 2551 praesertim
1307 2508 1455 2541 adversus
1478 2509 1653 2542 invasiones
1669 2511 1781 2552 Anglo-

1041 2572 1109 2594 rum
1130 2561 1360 2594 haereticorum
1380 2562 1510 2594 sustinet
1527 2563 1617 2603 bella,
1632 2568 1779 2606 paternae

1040 2615 1211 2659 dirigentes
1232 2616 1490 2649 considerationis
1516 2617 1671 2656 intuitum;
1692 2622 1778 2650 motu
