2263 3215
306 245 357 270 An.
379 244 407 270 e.
424 243 493 270 16:25
539 234 579 268 64

500 291 616 334 gationi
640 290 773 324 Oratorii
798 290 827 323 S.
853 290 965 323 Mariae
994 301 1030 324 ac
1059 291 1088 324 S.
1117 292 1233 334 Grego-

500 344 538 376 rii
563 344 593 376 in
618 343 774 375 Vallicella
799 342 837 375 de
862 342 943 376 Urbe
976 343 1050 376 alias
1074 354 1235 377 concessa-

501 407 569 429 rum
597 395 800 439 primodictae
820 396 1060 439 Congregationi
1079 407 1134 440 per
1151 408 1234 429 reco-

501 449 608 482 lendae
638 448 807 481 memoriae
839 449 997 482 Urbanum
1029 450 1141 493 Papam
1172 450 1251 482 Vllli

499 501 773 545 praedecessorem
805 506 947 534 nostrum
972 502 1083 545 factae)
1109 512 1234 534 conces-

499 565 566 587 sum
592 553 809 597 indultumque
834 559 895 586 tam
920 555 1121 599 presbyteris,
1147 554 1235 587 cleri-

498 607 542 639 cis
568 612 596 639 et
619 606 688 639 aliis
712 606 812 639 dictae
832 607 1090 650 Congregationis
1111 613 1183 639 tunc
1205 612 1234 639 et

497 670 554 702 pro
580 664 721 702 tempore
741 660 952 701 existentibus,
974 670 1066 703 quam
1089 659 1234 692 omnibus

497 712 566 745 aliis
590 712 853 753 christifidelibus,
875 718 916 751 ut,
938 712 963 745 si
984 717 1013 744 ct
1030 711 1155 755 quando
1180 711 1233 744 ali-

497 775 590 809 quam
615 775 669 797 seu
693 765 819 808 aliquod
845 776 879 798 ex
905 765 1053 805 ecclesiis,
1085 765 1233 808 cappellis

497 824 526 851 et
547 818 691 851 oratoriis
712 818 849 851 eiusdem
876 818 1082 862 primodietac
1100 818 1233 861 Congre-

496 871 639 914 gationis,
658 871 756 904 ubivis
779 876 934 903 terrarum
952 876 982 903 ct
998 871 1137 913 gentium
1164 881 1233 904 con-

497 923 684 964 sistentibus,
709 929 781 957 tunc
806 929 835 956 et
858 924 890 956 in
914 924 1054 956 futurum
1085 925 1232 957 canonice

496 976 663 1019 erigendis,
688 987 760 1009 vere
784 977 979 1020 poenitentes
1000 982 1029 1009 et
1048 977 1179 1010 confessi
1197 989 1232 1011 ac

495 1031 583 1062 sacra
608 1030 827 1062 communione
852 1030 968 1072 refecti,
987 1035 1017 1062 et
1037 1030 1065 1063 S.
1087 1030 1230 1073 Gregorii

495 1082 617 1125 Magni,
642 1093 676 1115 ae
701 1083 729 1116 S.
756 1083 891 1126 Philippi
920 1083 1026 1124 Nerii,
1050 1093 1171 1116 necnon
1199 1083 1248 1116 in.

495 1135 667 1169 Nativitate¹
682 1136 832 1180 Deiparae
850 1136 986 1179 Virginis
1003 1136 1126 1177 Mariae,
1144 1137 1231 1181 ipsis-

495 1199 554 1233 que
571 1189 664 1222 etiam
689 1189 882 1233 presbyteris
906 1195 935 1222 et
959 1189 1081 1223 clericis
1109 1200 1144 1223 ac
1161 1201 1230 1223 con—

494 1243 643 1276 fratribus
667 1243 796 1277 oratorii
820 1243 906 1286 parvi
928 1247 1135 1276 externorum
1155 1254 1231 1276 nun-

495 1296 596 1339 cupati
633 1296 768 1329 cuiusvis
801 1296 914 1329 domus
945 1306 1001 1329 seu
1035 1296 1094 1329 loci
1132 1296 1230 1340 ipsius

494 1349 749 1392 Congregationis
773 1350 803 1382 in
827 1349 1059 1393 Assumptionis
1089 1350 1228 1383 eiusdem

495 1403 525 1436 B.
561 1403 673 1436 Mariae
705 1402 840 1446 Virginis
871 1402 956 1435 festis
990 1402 1099 1436 diebus
1129 1414 1247 1447 1‘espe‹=

494 1456 583 1498 ctive,
600 1467 617 1488 a
633 1456 743 1500 primis
759 1456 895 1499 vesperis
910 1466 1008 1499 usque
1025 1455 1063 1488 ad
1084 1467 1228 1489 occasum

494 1510 568 1543 solis
592 1510 787 1552 singulorum
814 1509 936 1543 dicrum
964 1509 1152 1551 huiusmodi,
1170 1511 1247 1544 sin-i

494 1563 574 1606 gulis
599 1563 686 1596 annis
711 1563 820 1597 devote
845 1563 1027 1605 visitassent,
1058 1568 1089 1596 et
1106 1563 1147 1596 ibi
1171 1575 1228 1608 pro

493 1616 735 1649 christianorum
760 1617 939 1660 principum
964 1617 1143 1657 concordia,
1161 1617 1230 1650 liae-

492 1680 597 1702 resum
622 1670 837 1714 extirpatione,
855 1681 889 1703 ac
907 1676 1030 1703 sanctae
1049 1670 1157 1704 matris
1176 1671 1229 1704 Ec-

493 1723 604 1756 clesiae
636 1724 821 1757 exaltatione
853 1724 920 1767 pias
951 1724 989 1756 ad
1020 1724 1117 1757 Deum
1151 1735 1225 1768 pre-

493 1787 544 1810 ces
562 1776 756 1817 effudissent,
773 1777 921 1820 plenariis
941 1777 1082 1810 omnium
1100 1788 1228 1810 suorum

492 1835 691 1873 peccatorum
715 1829 914 1873 indulgentiis
932 1836 961 1863 et
981 1831 1229 1872 remissionibus,

494 1883 568 1915 alias
596 1883 678 1916 dieta
703 1884 884 1917 auctoritate
908 1885 1079 1928 apostolica
1104 1884 1229 1928 presbv-

494 1936 578 1976 teris,
596 1936 727 1976 clericis,
744 1936 874 1980 aliisque
890 1937 1032 1980 personis
1052 1937 1229 1981 praedictae

494 1989 750 2032 Congregationis
774 1989 906 2023 Oratorii
932 1990 970 2023 de
995 1990 1087 2033 Urbe,
1109 2001 1143 2024 ac
1164 2002 1247 2024 oms

494 2042 587 2075 nibus
619 2043 873 2076 ctu-istitidelibus
897 2044 1038 2077 eamdem
1064 2044 1246 2080 ecclesiam¹

1245 2096 1378 2128 isolntas
1410 2097 1476 2129 fore
1508 2101 1689 2137 censentes,
1720 2095 1998 2138 supplicationibus

495 2095 526 2128 B.
556 2095 669 2128 Mariae
701 2096 730 2128 in
760 2097 915 2130 Vallicella
948 2098 1161 2139 visitantibus,
1194 2109 1229 2131 ae

494 2148 666 2192 praemissa
691 2149 765 2181 inibi
791 2150 1022 2192 peragentibus,
1040 2156 1074 2183 ut
1096 2152 1230 2195 praefer-

495 2207 555 2242 tur,
569 2201 733 2241 concessis,
750 2208 902 2246 perpetuo
916 2204 1093 2237 fruerentur
1111 2209 1140 2237 et
1157 2215 1229 2247 gau·
1245 2227 1246 2231 =

495 2255 620 2294 derent;
646 2265 680 2287 36
705 2255 831 2298 insuper
856 2256 944 2289 sicuti
969 2257 1108 2291 oratorio
1132 2268 1228 2301 parvo

495 2308 595 2342 dictae
609 2308 864 2351 Congregationis
881 2309 918 2341 de
935 2310 1018 2343 Urbe
1036 2312 1077 2343 ita
1094 2315 1123 2343 et
1139 2311 1229 2344 dictis

495 2361 689 2406 presbyteris
713 2365 742 2394 et
766 2362 974 2395 confratribus
997 2364 1083 2406 parvi
1100 2364 1228 2397 oratorii

496 2419 703 2448 externorum
727 2414 862 2447 cuiusvis
887 2416 1035 2449 ccclesiae
1055 2427 1110 2450 seu
1131 2423 1230 2450 orato-

496 2468 534 2502 rii
561 2467 766 2512 primodietae
789 2467 1044 2511 Congregationis
1067 2481 1124 2513 per
1148 2471 1227 2503 viam

496 2521 634 2554 eiusdem
653 2521 944 2554 communicationis
964 2532 1146 2556 concessum
1165 2523 1229 2563 fuit,

496 2579 530 2608 ut
553 2574 606 2618 qui
631 2575 804 2615 ecelesiam,
821 2585 876 2607 seu
893 2575 1064 2619 cappellam
1088 2587 1146 2620 pro
1163 2587 1230 2610 ora-

532 2639 544 2666 1
566 2637 658 2666 Potius
678 2637 736 2674 lege
754 2638 924 2666 Nattvitatz‘s
943 2643 982 2672 tn.
998 2638 1046 2671 T.).

1069 244 1248 268 BULLAttitjnt
1274 246 1380 267 ROMA&
1387 244 1426 267 ’,ΕΜ

1269 291 1348 324 torio
1367 301 1463 334 parvo
1480 289 1661 322 huiusmodi
1677 289 1872 330 destinatam,
1890 290 1922 323 in
1939 300 2004 324 omv

1268 343 1359 375 nibus
1389 342 1457 379 aliis
1486 342 1624 375 eiusdem
1654 342 1685 375 B.
1714 343 1827 376 Mariae
1856 342 2004 386 Virginis,

1268 406 1389 429 necnon
1413 395 1609 438 singulorum
1635 401 1815 429 sanctorum
1839 397 2002 439 Apostolo-

1268 459 1357 490 rum,
1385 459 1420 481 ac
1455 454 1579 482 sanetae
1605 448 1718 482 Mariae
1749 449 1947 492 ltlagdalenae
1975 454 2004 482 et

1268 507 1448 534 sanctorum
1476 501 1595 535 Martini
1621 507 1650 534 ct
1666 501 1802 542 Antonii,
1827 507 1856 534 et
1879 506 2004 535 sanctae

1268 553 1426 586 Elisabeth
1450 554 1577 597 reginae
1603 554 1781 597 Ilungariae
1804 554 1888 587 festis
1912 554 2000 586 simi-

1268 607 1338 639 liter
1362 607 1479 650 diebus,
1505 613 1538 640 ut
1562 619 1666 651 supra,
1693 608 1887 648 visitassent,
1912 607 2002 640 inibi-

1267 671 1348 703 que,
1375 665 1407 694 ut
1432 672 1546 705 supra,
1571 667 1733 702 orassent,
1759 672 1820 705 quo
1845 661 1894 694 die
1917 672 2004 705 prac-

1267 713 1424 746 dictorum
1449 714 1478 746 id
1503 714 1652 756 egissent,
1679 714 1752 758 ipsis
1777 717 1896 757 septem
1921 713 2003 756 anni,

1267 777 1302 799 ac
1327 766 1454 800 totidem
1476 767 1694 811 quadragenae
1715 767 1752 800 de
1777 765 1931 800 iniuncta¹
1949 778 2004 800 seu

1266 819 1341 852 alias
1365 820 1600 863 quomodolibet
1620 821 1730 853 debitis
1754 820 1952 864 poenitentiis
1972 821 2004 853 in

1267 872 1367 905 forma
1392 872 1546 905 Ecclesiae
1572 875 1719 906 consueta
1737 872 1866 906 relaxati
1886 879 2002 913 essent;

1266 930 1295 957 et
1319 925 1394 958 alias
1417 929 1511 969 prout
1528 925 1559 958 in
1578 926 1688 958 litteris
1712 926 1892 970 apostolicis
1909 936 2003 970 super

1266 977 1347 1010 dicta
1371 978 1653 1012 communicatione
1677 979 1843 1019 emanatis,
1867 989 2001 1022 quarum

1265 1034 1405 1063 tenorem
1434 1031 1648 1074 praesentibus
1673 1042 1730 1075 pro
1750 1031 1841 1075 plene
1865 1036 1895 1064 et
1921 1031 2003 1064 suffi-

1265 1082 1381 1115 cienter
1406 1094 1552 1127 expresso
1572 1083 1681 1117 haberi
1702 1084 1855 1124 volumus,
1872 1083 2001 1117 uberius

1264 1136 1450 1169 continetur.

1307 1189 1322 1232 ἓ
1346 1188 1375 1222 02.
1396 1189 1471 1222 Cum
1493 1195 1607 1230 autem,
1625 1190 1704 1223 sicut
1724 1190 1831 1223 eadem
1850 1190 2000 1234 expositio

1263 1241 1480 1284 subiungebat,
1498 1242 1649 1287 praedicti
1668 1248 1856 1287 exponentes
1872 1254 1931 1287 pro
1950 1253 2000 1287 pe-

1264 1294 1372 1327 culiari
1398 1296 1453 1328 sua
1470 1300 1500 1329 et
1526 1295 1634 1339 populi
1656 1295 1815 1329 christiani
1836 1295 1999 1330 devotione

1263 1347 1382 1391 aliquas
1414 1358 1451 1381 ex
1482 1348 1649 1392 praedictis
1680 1349 1840 1393 perpetuis
1871 1355 1900 1382 et
1931 1349 1998 1383 aliis

1263 1402 1465 1445 indulgentiis
1489 1403 1667 1436 huiusmodi
1705 1403 1748 1436 sic
1783 1403 1941 1436 lucrandis
1969 1403 1999 1436 in

1262 1455 1339 1488 alios
1363 1455 1428 1489 dies
1452 1456 1613 1489 transferri
1637 1462 1670 1489 ut
1701 1457 1780 1489 infra
1799 1467 2000 1501 summopere

1262 1507 1456 1541 desiderent:
1478 1519 1544 1549 nos,
1566 1509 1625 1553 piis
1643 1509 1825 1542 eorumdem
1845 1519 2000 1553 exponen-

1264 1561 1339 1594 tium
1366 1562 1443 1594 votis
1468 1568 1497 1595 et
1522 1562 1684 1595 desideriis
1719 1562 1854 1605 benigne
1887 1562 1944 1596 hac
1969 1562 1999 1596 in

1262 1621 1348 1658 parte
1375 1626 1512 1648 annuere
1539 1616 1690 1658 volentes,
1717 1626 1751 1649 ac
1779 1616 1920 1659 ipsorum
1946 1627 1999 1649 ex-

1263 1668 1444 1711 ponentium
1471 1668 1645 1711 singulares
1669 1679 1819 1712 personas
1840 1679 1856 1700 a
1873 1668 1999 1711 quibus-

1263 1721 1307 1754 vis
1336 1722 1689 1763 excommunicationis,
1722 1721 1935 1765 suspensionis
1969 1727 1999 1754 et

1263 1774 1429 1815 interdicti,
1447 1775 1576 1818 aliisque
1595 1774 1811 1807 ecclesiasticis
1828 1775 1998 1816 sententiis,

1262 1828 1403 1861 censuris
1427 1832 1456 1862 et
1479 1828 1598 1872 poenis,
1616 1839 1632 1860 a
1653 1828 1720 1860 iure
1740 1828 1786 1860 vel
1804 1828 1841 1860 ab
1861 1828 1998 1869 bomine,

1262 1882 1372 1925 quavis
1388 1882 1552 1915 occasione
1569 1882 1616 1914 vel
1634 1883 1726 1914 causa
1747 1881 1826 1921 latis,
1843 1881 1867 1914 si
1885 1881 1998 1926 quibus

1262 1935 1499 1979 quomodolibet
1525 1935 1690 1968 innodatae
1708 1935 1853 1975 existunt,
1870 1935 1908 1967 ad
1925 1935 1998 1968 effe-

1262 1994 1346 2021 ctum
1371 1989 1584 2032 praesentium
1613 1988 1773 2021 dumtaxat
1798 1999 1994 2032 consequen-

1262 2042 1358 2083 dum,
1391 2042 1503 2075 harum
1537 2042 1618 2075 serie
1649 2042 1846 2075 absolventes
1876 2045 1905 2075 et
1936 2041 1994 2074 ab·

1262 2149 1444 2183 eorumdem
1463 2149 1683 2193 exponentium
1701 2148 1827 2182 nomine
1844 2148 1935 2182 nobis
1951 2159 1999 2182 su-

1261 2213 1317 2246 per
1351 2202 1412 2236 hoc
1448 2202 1609 2235 humiliter
1644 2201 1799 2246 porrectis
1833 2201 1993 2241 inclinati,

1263 2256 1435 2300 praedictas
1459 2256 1613 2300 plenarias
1646 2262 1675 2288 et
1699 2259 1883 2299 perpetuas,
1907 2265 1924 2287 a
1948 2254 1997 2287 die

1262 2310 1404 2343 videlicet
1427 2310 1523 2343 saneti
1549 2309 1693 2352 Gregorii
1724 2309 1824 2352 Magni
1855 2309 1886 2341 in
1910 2308 1996 2351 vige-

1262 2363 1372 2396 simam
1398 2369 1538 2397 oetavam
1568 2362 1722 2404 ianuarii,
1754 2372 1875 2395 necnon
1907 2372 1924 2394 a
1948 2361 1998 2394 die

1262 2417 1433 2450 Nativitatis
1450 2417 1589 2450 eiusdem
1609 2417 1716 2449 beatae
1732 2416 1846 2449 Mariae
1861 2415 1998 2458 Virginis

1262 2470 1292 2502 in
1313 2470 1466 2503 decimam
1491 2470 1572 2503 diem
1598 2468 1778 2514 septimam²
1801 2468 1997 2513 septembris,

1299 2552 1308 2577 1
1334 2550 1424 2577 Potius
1444 2551 1504 2586 lege
1523 2550 1664 2578 iniunctis
1682 2552 1721 2582 (n.
1737 2550 1784 2582 τ.).

1297 2596 1315 2621 2
1336 2595 1373 2621 lta
1389 2594 1430 2621 ed.
1449 2595 1526 2621 Μαίη.
1545 2603 1591 2629 pro
1611 2593 1903 2627 deci1namsepeimam
1921 2593 1998 2620 diem

1262 2638 1303 2674 (3.
1318 2637 1365 2674 τ.).

2013 242 2065 269 Au.
2088 243 2115 269 C.
2135 243 2199 272 1655

2042 1203 2150 1224 Transfer-t
2168 1203 2198 1224 in·

2015 1229 2132 1254 dulgentias
2144 1229 2198 1251 alias

2015 1261 2126 1276 concessas
2145 1255 2198 1277 Con-

2015 1282 2131 1312 gregationi
2145 1282 2199 1303 Ora-

2015 1310 2062 1329 tor-ii
2079 1309 2099 1330 in
2115 1308 2190 1329 Gallia,
