2185 3188
32 222 82 248 An.
99 221 126 248 C.
148 221 215 250 1655

52 2360 162 2382 Contraria
175 2360 228 2382 toltit

827 216 1013 241 ALEXANDER
1043 217 1082 240 VII
1108 217 1155 240 1⁵1¹.

228 267 315 302 sione
344 266 430 310 digni
459 267 490 300 in
522 265 703 311 praemissis
732 264 987 309 quomodolibet¹

229 321 379 354 interesse
403 320 572 363 habentes,
598 331 654 353 seu
685 319 802 352 habere
826 291 988 362 praetem-i

230 374 348 415 dentes,
373 374 433 407 illis
458 385 520 408 non
545 373 770 413 consenserint,
792 382 849 404 nec
874 372 912 404 ad
938 381 972 404 ea

231 428 331 462 vocati
355 433 385 460 ct
409 428 517 470 auditi,
534 438 589 461 seu
607 437 729 467 causae,
749 431 878 470 propter
896 436 973 469 quas

232 481 357 515 eaedem
385 486 565 525 praesentes
590 483 795 522 emanarunt,
821 478 973 512 adductae

233 540 262 568 et
286 534 470 573 iustificatae
504 535 666 567 ullatenus.
690 533 826 575 suerint,
852 537 905 564 aut
937 543 972 565 ex'

232 599 429 633 quacumque
454 589 514 621 alia
539 590 642 630 caus-a,
667 588 788 629 colore,
813 590 974 631 praetextu

234 647 264 675 et
287 642 452 675 occasione
485 646 514 674 et
539 641 639 685 eapite
664 640 758 673 etiam
784 640 815 672 in
839 650 974 683 corpore

234 695 311 729 iuris
336 696 463 737 clauso,
488 695 526 728 de
551 694 762 738 subreptionis
791 693 839 726 vel
864 693 976 737 obrep-

234 750 327 783 tionis
352 749 445 790 vitio,
470 753 523 781 aut
547 747 728 781 intentionis
755 752 903 788 nostrae,
930 746 976 779 rel

235 803 385 836 interesse
409 802 589 835 habentium
616 811 806 842 consensus,
837 806 890 833 aut
915 800 976 834 alio

236 865 437 899 quocumque
451 855 652 898 quantumvis
669 865 782 897 magno
797 857 826 888 et
838 854 978 887 substan-

236 908 301 941 tiali
321 908 443 941 defectu
460 908 572 949 notari,
587 907 778 952 impugnari,
804 907 978 947 invalidam,

237 962 269 995 in
295 961 342 994 ius
363 962 410 995 vel
431 961 677 995 controversiam
704 961 827 1001 vocari,
852 960 891 993 ad
917 966 979 993 ter-

238 1016 340 1049 minos
373 1015 450 1048 iuris
486 1015 613 1056 reduci,
645 1020 697 1048 aut
730 1015 879 1047 adversus
911 1014 979 1047 illas

239 1069 421 1114 aperitionis
441 1069 514 1111 oris,
537 1069 742 1102 restitutionis
759 1068 790 1101 in
812 1068 979 1111 integrum,

239 1128 292 1156 aut
316 1123 537 1167 quodcumque
562 1122 646 1155 aliud
681 1122 759 1155 iuris
783 1126 813 1155 et
836 1121 908 1154 facti
933 1121 981 1154 vel

241 1175 359 1219 gratiae
383 1175 559 1209 remedium
591 1174 777 1219 impetrari,
803 1179 856 1207 aut
888 1173 980 1206 etiam

242 1235 328 1263 motu
353 1230 484 1274 proprio
510 1240 659 1263 concesso
677 1228 858 1273 quempiam
879 1228 911 1260 in
939 1227 982 1260 iu-

243 1283 324 1316 dicio
348 1283 395 1315 vel
428 1287 515 1316 extra
546 1282 622 1316 illud
647 1282 691 1315 uti
726 1292 779 1315 seu
810 1292 842 1314 se
875 1281 982 1314 iurare

243 1347 404 1381 nunquam
429 1347 538 1380 posse,
564 1336 618 1369 sed
646 1335 771 1369 easdem
804 1340 983 1378 praesentes

245 1400 371 1433 semper
385 1390 502 1430 firmas,
519 1389 635 1422 validas
646 1395 675 1422 et
692 1389 833 1422 efficaces
851 1388 984 1420 existere

248 1448 277 1476 et
300 1443 376 1483 fore,
394 1453 528 1486 suosque
548 1443 705 1486 plenarios
730 1448 758 1475 et
783 1443 922 1486 integros
943 1443 986 1475 ef-

249 1497 347 1529 fectus
372 1496 477 1529 sortiri
502 1501 532 1529 et
556 1496 708 1536 obtinere,
725 1501 754 1529 et
771 1496 808 1528 ab
829 1496 986 1536 omnibus,

249 1550 287 1582 ad
305 1560 383 1593 quos
404 1554 523 1594 spectat
538 1553 567 1584 et
587 1560 646 1593 pro
664 1555 805 1593 tempore
826 1549 986 1593 spectabit,

248 1603 472 1636 inviolabiliter
506 1602 691 1646 observari,
725 1603 830 1646 sicque
863 1606 892 1636 ct
926 1613 988 1635 non

248 1657 339 1689 aliter
366 1656 396 1688 in
421 1656 601 1700 praemissis
625 1667 682 1700 per
706 1667 923 1700 quoscumque
944 1657 990 1689 iu-

247 1709 331 1743 dices
350 1709 527 1743 ordinarios
552 1714 582 1742 et
606 1709 775 1752 delegatos,
800 1710 892 1744 etiam
918 1720 990 1743 cau-

248 1773 352 1796 sarum
368 1763 473 1807 palatii
488 1762 652 1806 apostolici
674 1763 843 1803 auditores,
858 1774 893 1795 ac
911 1763 991 1796 eius-

249 1817 317 1850 dem
337 1817 365 1850 S.
392 1817 424 1849 R.
451 1817 484 1850 E.
506 1816 690 1857 cardinales,
712 1816 804 1848 etiam
831 1816 869 1848 de
893 1816 989 1849 latere

248 1872 377 1914 legatos,
398 1874 427 1904 et
451 1870 527 1904 alios
559 1881 786 1914 quoscumque,
801 1870 909 1914 quavis
934 1881 988 1903 au-

249 1925 393 1958 ctoritate
410 1928 440 1958 et
459 1928 612 1968 potestate
630 1924 795 1967 fungentes
819 1929 849 1957 et
865 1924 989 1957 functu-

249 1988 312 2018 ros,
338 1977 458 2010 sublata
480 1977 524 2010 eis
548 1982 577 2010 et
601 1988 711 2010 eorum
738 1978 866 2012 cuilibet
882 1978 990 2022 quavis

251 2031 340 2063 aliter
365 2030 521 2063 iudicandi
542 2035 571 2063 et
595 2031 820 2075 interpretandi
846 2032 990 2064 facultate

251 2090 281 2117 ct
298 2083 492 2124 auctoritate,
511 2083 640 2116 iudicari
662 2089 691 2117 et
716 2084 839 2117 definiri
865 2085 990 2125 debere,

251 2149 287 2171 ac
312 2138 436 2171 irritum
455 2142 484 2171 et
504 2138 595 2171 inane
608 2138 759 2182 quidquid
780 2149 870 2172 secus
895 2150 991 2183 super

251 2192 299 2226 liis
316 2203 332 2225 a
349 2202 520 2235 quoquam,
538 2192 647 2236 quai-is
672 2193 868 2235 auctoritato,
895 2194 991 2226 scien-

253 2251 300 2279 ter
325 2246 371 2278 i'el
399 2245 590 2288 ignoranter,
616 2246 782 2289 contigerit
807 2247 963 2280 attentari.

296 2299 311 2343 ἓ
336 2299 363 2332 7.
390 2299 457 2331 Non
483 2298 698 2341 obstantibus,
724 2300 826 2343 quoad
851 2310 887 2332 ea
912 2311 991 2343 qnae

251 2352 470 2398 praesentibus
494 2363 620 2396 quoquo
651 2353 742 2386 modo
767 2353 991 2395 adversantur,

251 2406 486 2451 praedictorum
505 2411 535 2438 ct
558 2406 691 2439 aliorum
718 2418 991 2452 quorumcumque

252 2461 466 2494 Romanorum
499 2460 682 2493 Pontificum
713 2461 991 2504 praedeeessorum

252 2518 434 2547 nostrorum
461 2513 582 2553 litteris,
604 2514 696 2546 etiam
719 2513 750 2546 in
774 2514 867 2547 simili
892 2515 993 2547 forma

254 2567 359 2600 Brevis
383 2567 545 2611 expeditis,
565 2567 696 2611 aliisque
720 2568 994 2602 constitutionibus

255 2624 285 2656 et
307 2620 556 2655 ordinationibus
581 2622 781 2666 apostolicis,
806 2622 898 2656 etiam
925 2632 996 2657 con-

1679 206 1715 238 71

1006 264 1175 306 ciliaribus,
1191 264 1391 307 generalibus
1401 264 1453 297 —rel
1467 262 1669 308 specialibus,
1680 272 1748 295 nec-

1006 328 1068 351 non
1093 318 1350 361 congregationis
1379 318 1613 362 praedictorum
1640 316 1745 349 cardi—

1006 371 1124 404 nalium
1170 382 1205 404 ac
1241 371 1369 415 capituli
1410 371 1566 414 generalis
1597 369 1749 414 praedicti

1007 423 1132 458 Ordinis
1157 424 1291 457 decretis
1312 434 1348 457 ac
1373 424 1550 457 concordiis
1575 428 1605 456 et
1629 422 1749 466 legatis,

1009 478 1219 520 testamentiS,
1246 478 1399 512 codicillis
1424 483 1454 511 et
1478 476 1750 522 dispositionibus,

1008 542 1045 565 ex
1070 543 1269 576 quacumque
1292 532 1516 577 causa,titulo,
1538 532 1704 565 occasione
1721 536 1752 564 et

1009 589 1150 629 tempore
1172 586 1322 619 hactenus
1346 586 1444 625 factis
1465 585 1609 625 conditis,
1630 595 1753 617 emana-

1010 639 1057 679 tis,
1075 639 1252 683 publicatis,
1274 640 1439 682 exequutis
1464 644 1494 671 et
1518 638 1691 672 observatis
1709 648 1754 670 re-

1013 693 1204 736 spective,et
1228 693 1297 725 aliis
1328 692 1491 736 quibusvis
1515 692 1608 724 etiam
1634 691 1753 723 ultimis

1013 745 1234 786 voluntatibus,
1254 756 1332 789 quas
1352 745 1455 789 quoad
1476 745 1648 789 praemissa
1674 744 1755 777 sulli-

1012 799 1130 832 cienter
1147 803 1176 832 et
1196 809 1342 843 expresse
1368 803 1612 838 commutamus,
1637 807 1673 830 ac
1690 807 1756 829 ere-

1012 853 1115 886 ctione
1128 858 1157 886 et
1171 853 1351 886 fundatione
1366 857 1538 895 conventus
1552 856 1582 884 et
1595 850 1756 884 seminarii

1012 906 1258 950 praedictorum,
1276 906 1469 948 illorumque
1486 916 1522 938 ac
1547 903 1672 938 Ordinis
1699 903 1757 936 hu-

1014 959 1160 1000 iusmodi,
1185 960 1278 992 etiam
1304 959 1492 999 iuramento,
1518 956 1758 991 confirmatione

1015 1013 1199 1057 apostolica,
1221 1013 1268 1045 vel
1287 1013 1395 1057 quavis
1413 1012 1562 1045 firmitate
1583 1011 1644 1044 alia
1668 1010 1758 1044 robo-

1015 1067 1100 1107 ratis,
1125 1067 1247 1101 statutis
1265 1072 1295 1100 et
1319 1066 1609 1105 consuetudinibus,
1634 1064 1758 1108 privile-

1015 1120 1074 1163 giis
1097 1131 1233 1164 quoque,
1248 1120 1374 1153 indultis
1392 1125 1422 1152 et
1438 1119 1550 1152 litteris
1568 1117 1758 1163 apostolicis,

1017 1174 1126 1207 iisdem
1152 1173 1282 1214 Ordini,
1308 1174 1476 1207 conventui
1509 1178 1539 1206 et
1567 1172 1758 1211 seminario,

1018 1227 1210 1270 illorumque
1235 1227 1454 1271 superioribus
1478 1232 1508 1260 ct
1532 1226 1675 1271 personis
1696 1226 1761 1270 qui—

1016 1281 1162 1324 buslibet,
1184 1281 1241 1314 sub
1258 1281 1511 1325 quibuscumque
1529 1280 1699 1313 verborum
1719 1286 1761 1313 te-

1017 1335 1147 1369 noribus
1168 1341 1198 1368 et
1214 1336 1335 1378 formis,
1349 1347 1384 1369 ac
1399 1346 1470 1369 cum
1488 1335 1650 1379 quibusvis
1668 1335 1760 1368 etiam

1018 1388 1294 1432 derogatoriarum
1313 1389 1533 1432 derogatoriis,
1551 1389 1682 1432 aliisque
1701 1389 1763 1422 effi-

1019 1444 1196 1476 cacioribus
1222 1450 1251 1477 et
1276 1444 1409 1477 insolitis
1434 1444 1583 1477 clausulis
1608 1449 1638 1476 et
1657 1444 1764 1477 decre-

1021 1496 1076 1537 tis,
1103 1496 1195 1529 etiam
1222 1496 1437 1537 irritantibus,
1463 1497 1493 1528 in
1519 1506 1635 1539 genere
1659 1496 1707 1528 vel
1732 1496 1764 1528 in

1021 1549 1242 1593 spccie,etiam
1269 1555 1356 1583 motu
1388 1550 1520 1593 proprio
1550 1554 1579 1582 et
1604 1549 1761 1582 consisto-

1023 1603 1151 1645 rialiter,
1177 1614 1213 1636 ae
1238 1603 1313 1635 alias
1333 1603 1572 1646 quomodolibet
1597 1603 1764 1643 concessis,

1023 1655 1216 1689 confirmatis
1238 1659 1267 1689 et
1287 1655 1462 1695 innovatis3
1484 1656 1598 1699 quibus
1619 1656 1765 1688 omnibus

1024 1714 1052 1741 et
1073 1709 1221 1751 singulis,
1239 1709 1359 1742 etiamsi
1377 1720 1435 1753 pro
1453 1710 1619 1742 sufficienti
1638 1710 1765 1743 illorum

1024 1764 1227 1806 derogatione
1248 1764 1286 1796 de
1315 1763 1375 1796 illis
1398 1774 1572 1807 eorumque
1591 1764 1663 1797 totis
1684 1767 1766 1797 teno-

1024 1817 1110 1850 ribus
1127 1817 1280 1861 spccialis,
1299 1817 1443 1860 specifica
1461 1820 1490 1850 ct
1507 1827 1654 1860 expressa
1684 1827 1767 1849 men-

1024 1870 1066 1903 tio
1079 1870 1222 1904 habenda
1237 1876 1289 1903 aut
1302 1870 1407 1914 aliqua
1420 1871 1478 1903 alia
1496 1871 1649 1914 exquisita
1666 1871 1767 1904 forma

1024 1924 1141 1958 adhoc
1171 1924 1326 1957 servanda
1349 1924 1444 1966 foret,
1479 1925 1605 1958 illorum
1632 1930 1766 1966 tenores,

1025 1979 1140 2011 formas
1177 1984 1207 2011 et
1241 1979 1422 2012 occasiones
1458 1979 1676 2023 praesentibus
1709 1990 1767 2023 pro

1025 2033 1118 2076 plene
1143 2038 1172 2065 et
1202 2033 1393 2065 sufficienter
1411 2034 1566 2076 expressis
1584 2038 1613 2066 et
1637 2033 1767 2066 serratis

1025 2087 1198 2130 respective
1222 2087 1383 2129 habentes,
1403 2088 1462 2120 illis
1487 2087 1561 2120 alias
1588 2087 1618 2120 in
1643 2098 1700 2121 suo
1722 2099 1768 2121 ro-

1025 2140 1100 2173 bore
1136 2141 1363 2184 permansuris,
1375 2141 1411 2174 ad
1430 2141 1677 2184 praemissorum
1699 2141 1768 2174 ess'c-

1025 2199 1120 2235 ctum,
1135 2195 1313 2238 specialiter
1328 2200 1357 2227 et
1375 2205 1520 2238 expresse
1542 2200 1572 2227 et
1593 2195 1684 2238 plene
1705 2205 1769 2227 om-

1025 2247 1150 2281 nimode
1166 2253 1195 2280 ct
1211 2248 1352 2281 absolute
1369 2249 1576 2291 dcrogamus3
1594 2248 1768 2291 ceterisque

1025 2301 1191 2334 contrariis
1212 2301 1474 2345 quibuscumque.

1070 2355 1181 2387 Datum
1201 2355 1328 2396 Romae,
1357 2356 1439 2399 apud
1469 2356 1497 2388 S.
1523 2355 1652 2388 Mariam
1677 2355 1769 2388 Maio-

1027 2419 1103 2448 rem,
1122 2408 1180 2441 sub
1209 2409 1324 2441 annulo
1351 2409 1528 2449 Piscator-ts,
1545 2409 1595 2441 die
1616 2418 1688 2443 xxtv
1706 2419 1771 2452 sep-

1027 2462 1157 2495 tembris
1182 2472 1297 2503 MDCLv,
1314 2463 1513 2507 pontificatus
1530 2463 1630 2496 nostri
1651 2473 1733 2495 anno
1751 2472 1769 2495 1.

1065 2526 1121 2553 Dat.
1140 2525 1183 2552 die
1199 2526 1233 2553 ⁰24
1248 2525 1410 2561 septembris
1429 2527 1505 2560 ¹655,
1523 2525 1618 2561 pontif.
1634 2534 1703 2553 anno
1720 2532 1737 2552 1.

1769 213 1847 240 Aac
1882 214 1946 240 tt‘55
