2243 3205
21 188 72 221 An.
87 193 118 221 C.
137 190 203 219 1659

36 1377 105 1398 Semel
113 1376 198 1397 admissi

19 1404 86 1426 denuo
109 1404 199 1424 examini

19 1437 58 1452 non
85 1431 199 1452 subnotan-

20 1462 59 1480 tur.

57 2339 142 2360 Admissi
163 2345 201 2360 nec

23 2368 158 2386 amoveantur
176 2372 203 2386 si-

0 2407 1 2410 ,
24 2397 49 2412 ne
58 2392 141 2413 maioris
155 2398 203 2419 poe·

23 2418 135 2440 nitentiarii
144 2420 204 2440 iacul-

24 2446 73 2466 late.

810 187 993 212 ALEXANDER
1018 187 1062 211 VII
1083 188 1130 212 PP.

215 237 343 272 Nicolao
360 237 510 271 cardinali
523 237 676 271 moderno
694 243 723 270 et
742 247 800 281 pro
813 242 956 281 tempore

215 292 358 326 existenti
385 293 497 326 maiori
521 292 765 337 poenitentiario
790 291 955 334 videbitur,

215 350 245 378 et
264 346 415 379 hactenus
440 346 525 379 iuxta
546 345 776 380 constitutionis
798 345 896 378 felicis
912 355 957 378 re-

215 399 407 433 cordationis
432 399 549 433 Urbani
568 400 670 443 Papae
688 399 752 431 x'lll
776 399 957 442 praedeces-

215 453 295 486 soris
319 453 418 486 nostri
444 453 495 486 die
515 464 556 486 xx
581 453 658 485 iunii
678 462 841 486 MDcxxxlx
866 452 896 484 in
922 451 958 484 si-

216 507 282 540 mili
318 507 419 540 forma
457 507 563 540 Brevis
599 507 818 551 promulgatae
837 533 843 546 ‚
879 516 957 550 quae

215 560 342 604 incipit:
366 560 576 594 Attemlentes
596 561 746 593 itiziverso
771 559 872 603 qreqi',
891 563 956 601 etc,

215 614 454 658 dispositionem
475 619 632 647 servatum
658 614 725 654 fuit,
744 613 910 646 examinati
929 618 958 646 et

214 667 382 712 approbati
405 667 530 700 fuerint.
555 667 593 700 Et
617 667 642 699 si
667 667 792 711 quando
817 667 956 710 contige-

214 721 255 754 rit
286 721 467 765 quempiam
505 720 544 753 ad
576 720 737 753 modicum
767 725 892 764 tempus
918 720 957 753 ob

214 774 327 807 iustam
352 773 627 817 supervenientem
646 783 771 806 causam
797 773 828 805 in
852 773 956 806 locum

214 827 346 860 alicuius
371 837 407 859 ex
432 826 523 860 dictis
547 826 724 859 minoribus
750 826 956 870 poenitentia-

214 880 269 914 riis
293 880 466 914 deficientis
491 881 538 913 vel
566 880 729 924 impediti,
757 880 836 913 sicut
860 890 953 924 prae-

214 934 359 974 mittitur,
381 933 618 976 subrogandum
637 944 716 975 esse,
743 938 815 967 tunc
839 933 957 977 pariter

214 987 296 1020 illius
312 997 442 1020 examen
462 998 568 1020 coram
590 987 696 1030 aliquo
716 998 752 1020 ex
770 986 879 1020 vicinis
897 987 958 1031 epi-

214 1042 315 1086 scopis
339 1040 508 1085 praedictis
539 1051 598 1085 per
622 1045 832 1074 memoratum
857 1041 953 1074 Nico-

214 1096 298 1128 laum
323 1094 512 1128 cardinalem
540 1094 728 1128 modernum
754 1099 784 1128 et
807 1105 865 1139 pro
884 1098 957 1128 tem-

213 1160 290 1194 pore
309 1149 492 1182 existentem
508 1149 660 1182 maiorem
678 1149 955 1193 poenitentiarium

213 1214 271 1248 pro
284 1203 465 1236 huiusmodi
479 1207 599 1236 tantum
614 1203 868 1246 contingentibus
886 1214 956 1247 pro-

214 1257 387 1290 visionibus
411 1256 449 1290 de
474 1256 632 1300 praesenti
660 1267 716 1290 seu
736 1257 956 1290 antecedenter

214 1310 387 1354 delegando
411 1310 584 1354 procedere
608 1309 728 1343 debeat.

259 1365 274 1407 ξ
299 1363 327 1397 5.
353 1364 496 1398 Ceterum
522 1363 588 1404 illi,
616 1363 669 1408 qui
696 1364 793 1397 semel
818 1363 849 1396 in
874 1363 956 1398 dicta

214 1418 378 1461 signatura
401 1418 673 1462 poenitentiariae,
690 1421 743 1452 aut
762 1417 863 1458 aliter,
877 1418 957 1451 sicut

214 1472 439 1516 praemittitur,
464 1471 631 1504 examinati
657 1477 686 1505 et
710 1471 873 1516 approbati
894 1472 957 1505 sue-

214 1525 298 1566 rint,
325 1525 459 1558 examini
485 1525 589 1559 denuo
619 1535 687 1558 sese
713 1525 869 1558 subiicere
894 1535 956 1558 non

214 1579 413 1621 tenebuntur,
430 1578 489 1611 nisi
515 1579 606 1613 nobis
630 1582 659 1612 et
684 1578 825 1612 Romano
850 1579 956 1612 Ponti-

213 1632 264 1666 fici
279 1643 338 1677 pro
356 1637 500 1676 tempore
526 1632 669 1665 existenti
687 1642 722 1665 ex
741 1632 845 1675 aliqua
863 1634 957 1665 causa

214 1687 397 1730 particulari
415 1697 505 1719 secus
522 1686 674 1719 videatur.
695 1686 726 1719 Si
747 1691 849 1719 autem
871 1697 957 1730 prae-

214 1742 293 1773 fatus
310 1740 456 1774 Nicolaus
473 1740 650 1781 cardinaliS,
664 1750 747 1773 nunc
763 1745 792 1773 et
810 1751 868 1784 pro
881 1745 957 1773 tem-

215 1805 294 1839 pore
319 1794 454 1827 existens
477 1794 579 1827 maior
610 1794 884 1839 poenitentiarius,
906 1795 958 1827 ali-

215 1858 307 1891 quem
326 1858 343 1880 a
363 1847 544 1891 supradicto
562 1847 744 1892 praeposito
761 1848 900 1891 generali
919 1848 957 1880 ad

216 1901 354 1934 officium
392 1901 524 1934 minoris
559 1901 789 1945 poenitentiarii
822 1902 956 1935 electum

216 1955 346 1988 minime
363 1954 487 1988 duxerit
504 1955 743 1996 admittendum,
758 1955 874 1999 poterit
892 1956 957 1999 ipse

216 2009 363 2042 Nicolaus
384 2008 551 2042 cardinalis
569 2019 652 2042 nunc
677 2014 707 2042 et
731 2020 788 2053 pro
814 2014 957 2054 tempore

216 2062 352 2096 existens
377 2062 478 2095 maior
495 2062 754 2106 poenitentiarius
775 2063 858 2096 illius
884 2074 955 2096 exa-

217 2116 420 2150 minationem
449 2115 600 2159 tantisper
624 2116 827 2160 suspendere,
846 2117 956 2158 donec,

216 2170 297 2203 sacta
321 2170 532 2213 quantocitius
557 2169 647 2202 nobis
672 2175 702 2202 et
726 2181 785 2214 pro
813 2176 958 2214 tempore

217 2223 358 2256 existenti
384 2224 524 2256 Romano
550 2222 691 2256 Pontifici
709 2224 775 2256 eius
800 2223 846 2256 rei
871 2224 954 2256 rela-

218 2277 311 2319 tione,
329 2277 403 2320 quid
422 2277 490 2309 fieri
515 2276 625 2309 debeat
649 2277 743 2309 suerit
767 2277 956 2310 ordinatum.

262 2331 277 2373 ,ξ
302 2330 330 2362 (5.
351 2330 408 2369 Qui
435 2340 507 2362 vero
525 2329 563 2362 ad
584 2330 766 2363 exercitium
787 2331 880 2363 officii
902 2330 959 2362 mi-

218 2384 304 2417 noris
330 2383 562 2427 poenitentiarii
586 2383 765 2415 huiusmodi
792 2383 887 2416 semel
910 2383 959 2415 ad-

218 2438 304 2471 missi
338 2438 462 2477 suerint,
488 2437 526 2469 ab
552 2437 662 2469 eodem
681 2437 784 2470 osticio
804 2437 958 2470 removeri

219 2492 265 2524 vel
280 2491 393 2523 dimitti
409 2496 461 2523 aut
474 2501 508 2523 ex
529 2490 662 2533 collegio
680 2490 842 2534 prat-dicto
857 2491 957 2523 disce-

219 2544 293 2577 dere
316 2555 379 2577 non
408 2548 556 2587 poterunt
585 2544 704 2588 absque
735 2544 859 2577 lieentia
884 2544 957 2577 dicti

220 2598 385 2631 cardinalis·
413 2599 540 2630 maioris
565 2598 809 2641 poenitentiarii,
829 2608 912 2631 nunc
930 2604 959 2630 et

323 2662 400 2691 Butc.
415 2663 498 2690 Rom.
514 2678 543 2680 —
566 2661 624 2689 Vol.
643 2660 719 2688 XVI.

883 2660 917 2689 5⁴5

1637 180 1694 213 441

989 247 1047 280 pro
1073 241 1217 280 tempore
1242 238 1411 280 existentis,
1429 238 1481 282 qui
1498 249 1557 283 pro
1583 239 1653 271 data
1672 238 1731 271 sibi

990 300 1006 322 a
1023 290 1156 323 Domino
1181 291 1345 334 prudentia
1365 292 1522 324 licentiam
1542 292 1733 334 huiusmodi,

990 343 1124 375 instante
1138 344 1318 386 praeposito
1336 345 1473 387 generali
1491 345 1661 388 praedicto,
1681 356 1734 378 ne-

991 407 1066 440 gare
1099 407 1162 430 non
1188 397 1312 430 debebit
1342 398 1401 430 nisi
1428 409 1463 430 ex
1495 399 1582 431 iustis
1613 399 1733 435 causis,

991 461 1069 494 quas
1094 461 1130 484 eo
1156 461 1250 491 casu,
1279 456 1374 495 prout
1406 452 1498 484 etiam
1530 453 1650 495 quoties
1677 453 1732 496 ips-i

992 504 1142 537 cardinali
1169 504 1280 537 maiori
1306 506 1549 548 poenitentiario
1579 506 1734 538 ridebitur

992 557 1104 601 aliquis
1130 568 1165 590 ex
1186 557 1355 601 praedictis
1374 558 1550 591 minoribus
1576 560 1735 602 poeniten-

993 610 1101 651 tiariis,
1126 611 1327 645 dissentiente
1354 618 1527 644 memorato
1553 612 1735 656 praeposito

992 665 1141 708 generali,
1168 666 1390 706 removendus,
1415 666 1505 699 nobis
1527 672 1556 698 et
1576 678 1632 709 pro
1653 673 1731 699 tern—

992 729 1070 762 pore
1095 719 1239 752 existenti
1265 720 1406 752 Romano
1432 720 1575 752 Pontifici
1601 720 1735 760 reseret,

992 772 1137 805 mandata
1173 773 1345 817 apostolica
1382 773 1441 806 hac
1476 773 1506 805 in
1532 784 1565 806 rc
1601 773 1736 807 fideliter

992 831 1191 859 executurus.

1036 880 1050 923 ξ
1075 879 1104 912 7.
1130 880 1296 913 Praeterea
1319 880 1498 923 praedictos
1523 886 1680 913 rectorem
1707 885 1737 914 et
1774 894 1924 915 cantiani..

992 934 1130 967 minores
1155 934 1413 978 poenitentiarios
1439 935 1469 966 in
1495 935 1641 967 (nauibus
1666 935 1736 978 qui-
1752 923 1835 972 {filiiflii
1854 926 1934 965 *sih*

991 987 1060 1020 dem
1103 987 1184 1028 illis,
1216 998 1295 1031 quae
1330 988 1563 1031 poenitentiarii
1599 987 1737 1021 osticium

992 1045 1207 1083 concernunt,
1241 1041 1472 1082 iurisdictioni,
1505 1042 1673 1075 visitationi
1706 1050 1736 1074 et

991 1094 1176 1128 coercitioni
1212 1095 1380 1127 memorati
1412 1095 1531 1128 Nieolai
1568 1095 1737 1127 cardinalis

990 1157 1075 1180 nunc
1107 1153 1136 1180 et
1164 1159 1223 1191 pro
1257 1153 1397 1192 tempore
1423 1149 1583 1181 existentis
1608 1149 1737 1182 maioris

991 1200 1224 1245 poenitentiarii
1247 1202 1406 1234 subiectos
1420 1212 1487 1234 esse
1501 1201 1616 1234 debere
1631 1202 1738 1235 decer-

990 1255 1118 1295 nimus,
1142 1254 1220 1288 adeo
1245 1261 1279 1287 ut
1309 1255 1339 1287 in
1366 1255 1587 1298 gravioribus,
1612 1256 1738 1289 nonnisi

990 1308 1072 1342 sacto
1098 1309 1194 1342 verbo
1219 1308 1384 1342 nobiscum
1417 1314 1447 1342 et
1472 1320 1543 1342 cum
1570 1320 1735 1343 successo-

990 1362 1078 1396 ribus
1102 1363 1219 1397 nostris
1244 1368 1353 1396 contra
1379 1373 1432 1397 eos
1451 1363 1613 1407 procedat.
1640 1364 1672 1396 ln
1700 1363 1737 1396 iis

990 1427 1065 1450 vero
1090 1427 1170 1460 quae
1195 1417 1232 1449 ad
1259 1417 1459 1461 disciplinam
1478 1417 1669 1460 regularem,
1689 1428 1737 1450 re-

990 1471 1082 1513 gulae
1106 1470 1349 1512 observantiam,
1375 1471 1614 1504 constitutiones
1639 1477 1668 1503 et
1694 1471 1737 1503 in-

990 1524 1098 1557 stituta
1125 1524 1288 1557 Societatis
1316 1524 1516 1568 praedictae,
1539 1536 1574 1558 ac
1600 1535 1736 1558 oecono-

991 1578 1086 1610 miam
1106 1583 1136 1610 et
1161 1578 1351 1621 gubernium
1376 1579 1422 1611 rei
1448 1578 1611 1611 familiaris
1636 1579 1736 1622 pcrti-

991 1637 1074 1674 nent,
1092 1631 1186 1665 iidem
1202 1637 1307 1665 rector
1322 1637 1352 1665 et
1370 1632 1509 1665 minores
1523 1632 1734 1676 poeniteutia-

992 1685 1029 1718 rii
1047 1696 1117 1718 cum
1136 1685 1282 1718 universa
1305 1696 1415 1719 eorum
1434 1686 1551 1718 familia
1573 1686 1735 1729 praedicto

991 1739 1173 1783 praeposito
1206 1739 1345 1782 generali
1383 1738 1562 1771 immediate
1588 1738 1734 1771 subiace-

991 1793 1078 1826 bunt

1036 1847 1050 1890 ἓ
1067 1846 1095 1879 8.
1112 1846 1275 1880 Postremo
1290 1845 1501 1889 supradictam
1517 1846 1634 1878 Urbani
1649 1857 1736 1890 prae-
1766 1856 1784 1874 c
1796 1858 1902 1875 uanum

991 1900 1167 1934 decessoris
1193 1900 1448 1933 constitutionem
1476 1900 1506 1932 in
1532 1900 1680 1933 omnibus
1706 1906 1733 1932 et
1752 1882 1868 1929 iiiiiiiiiw,
1894 1883 1935 1903 ‘¹¹¹

992 1954 1133 1998 singulis,
1151 1964 1230 1997 quae
1249 1953 1468 1997 praesentibus
1486 1964 1548 1986 non
1573 1954 1738 1986 adversan-

992 2013 1052 2048 tur,
1066 2012 1221 2051 perpetuo
1240 2006 1462 2040 inviolabiliter
1479 2007 1640 2040 observari
1656 2017 1738 2039 man-

992 2062 1103 2094 damus
1124 2066 1153 2094 et
1174 2061 1395 2105 praecipimus.

1037 2115 1051 2158 ξ
1076 2114 1104 2147 9.
1131 2115 1339 2147 Decernentcs
1361 2114 1479 2158 pariter
1505 2114 1629 2147 casdem
1648 2125 1738 2159 prae-
1755 2124 1939 2169 {ii}¹i¹it¹ii'‘sj-¹'¹‘¹'''

992 2173 1095 2201 sentes
1120 2168 1250 2209 litteras,
1276 2173 1306 2200 et
1339 2168 1369 2200 in
1398 2168 1441 2201 eis
1467 2173 1613 2201 contenta
1642 2166 1759 2212 (praes
1804 2165 1808 2169 “
1849 2165 1869 2169 ‘⁷

993 2232 1138 2266 cumque,
1157 2221 1250 2253 etiam
1268 2231 1302 2254 cx
1323 2232 1359 2255 eo
1373 2222 1455 2265 quod
1474 2222 1624 2265 praedicti
1644 2222 1738 2255 etalii

992 2275 1133 2319 quilibet,
1155 2274 1291 2307 cuiusvis
1317 2275 1442 2317 gradus,
1461 2275 1590 2315 ordinis,
1609 2275 1739 2317 dignita-

994 2329 1041 2370 tis,
1063 2333 1159 2362 status
1185 2333 1215 2360 et
1250 2328 1438 2361 conditionis
1457 2328 1599 2368 existant,
1618 2328 1737 2360 etiamsi

993 2382 1204 2415 cardinalatus
1236 2382 1357 2414 honore
1391 2383 1551 2422 fulgeant,
1577 2388 1624 2414 aut
1664 2382 1739 2415 alias

993 2435 1119 2480 speciali
1149 2440 1177 2467 et
1210 2435 1369 2467 individua
1388 2436 1546 2468 mentione
1564 2436 1650 2479 digni
1669 2436 1739 2477 sint,

993 2490 1024 2522 in
1049 2489 1230 2533 praemissis
1254 2489 1492 2532 quomodolibet
1512 2489 1661 2522 interesse
1687 2490 1739 2522 lia—

993 2544 1112 2584 bentes‚
1127 2553 1181 2575 seu
1195 2542 1311 2575 babere
1331 2543 1578 2585 praetendentes,
1598 2543 1658 2576 illis
1677 2554 1738 2577 non

993 2597 1218 2639 coiisenserinu
1245 2602 1296 2628 aut,
1321 2598 1358 2629 ad
1383 2598 1554 2641 praemissa
1579 2599 1681 2631 vocati
1707 2603 1737 2631 et

1749 189 1796 216 An.
1815 190 1841 215 C,
1868 189 1934 216 1659
