2243 3205
79 175 127 200 An.
143 173 171 198 (Ξ.
195 171 261 198 1659

83 339 136 364 Quid
147 337 222 359 Paulus
235 335 258 356 V.

874 167 1058 194 ALEXANDER
1081 167 1127 191 vn
1146 167 1194 191 PP.

272 228 426 251 summam
452 219 660 252 ducentorum
683 222 844 251 scutorum
870 223 1032 257 monetae4

272 282 422 305 romanae
438 282 501 305 non
518 272 678 314 excedant,
699 271 845 315 recipiat;

318 324 372 369 §3
385 326 428 358 Ac
438 325 564 358 demum
580 325 690 358 similis
707 324 934 358 recordationis
943 323 1017 356 Pau-

275 379 323 411 lus
353 379 434 423 Papa
459 379 482 411 V
506 379 624 423 pariter
655 378 880 422 praedecessor
910 383 1017 411 noster

276 432 368 464 etiam
387 443 443 476 per
468 432 617 476 quasdam
641 443 712 465 suas
737 432 768 464 in
793 432 894 464 forma
912 430 1018 463 Brevis

275 485 397 518 litteras
422 486 556 519 voluerit
581 490 610 518 et
635 485 794 527 statuerit,
812 489 856 525 ut,
874 484 1018 528 quamvis

277 539 480 582 provincialis
512 539 694 583 provinciae
718 538 899 571 huiusmodi
925 542 1015 571 nota-

278 592 385 624 biliter
404 592 584 634 deliquerit,
598 602 614 624 a
632 591 811 625 detlnitorio
830 597 943 631 tamen,
960 590 1019 623 nisi

278 642 318 675 ob
343 642 463 675 crimen
495 653 531 675 ex
560 653 623 685 quo
648 642 686 675 de
715 642 783 675 iure
815 642 1021 686 deponendus

279 706 333 728 seu
347 696 518 740 privandus
534 696 646 735 veniat,
662 700 724 728 tam
739 706 774 728 ex
795 695 909 736 officio,
927 705 1020 739 quam

280 759 337 792 per
356 749 589 791 inquisitionem
608 759 662 781 seu
680 749 955 789 denunciationem
975 748 1021 780 vel

280 801 523 842 accusationem,
549 806 601 833 aut
625 802 686 835 alio
711 801 823 845 quovis
844 801 938 834 modo
953 811 1023 834 con-

281 859 329 886 tra
350 865 421 887 eum
446 864 644 898 nequaquam
662 855 803 899 procedi,
822 855 875 887 sed
893 855 960 887 eius
978 854 1023 886 iu-

283 908 498 941 risdictionem
523 919 624 952 usque
649 908 687 941 ad
713 908 915 952 praefinitum
945 913 1023 940 tem-

282 972 341 1005 pus
359 962 498 995 illaesam
517 962 643 1001 durare;
661 962 727 1006 ipse
747 962 934 994 Franciscus
951 971 1025 1005 pro-

283 1022 411 1049 curator
423 1017 590 1059 generalis,
605 1027 664 1060 pro
678 1016 790 1049 maiori
805 1016 1026 1049 observatione

283 1069 438 1102 dictarum
461 1070 636 1103 litterarum
656 1070 912 1113 apostolicarum,
933 1069 1024 1112 pluri-

285 1134 371 1156 mum
396 1123 542 1167 cupiebat
566 1123 725 1156 ordinari:

329 1177 390 1221 §le
408 1187 427 1210 1.
446 1177 484 1210 Ut
501 1177 600 1210 abbas
618 1177 775 1220 generalis
796 1176 921 1210 Ordinis
941 1187 1029 1220 prae-

285 1230 359 1263 dicti
386 1231 416 1263 in
447 1231 642 1272 visitatione,
668 1241 762 1274 quam
787 1241 844 1274 per
869 1241 901 1263 se
926 1231 1027 1264 solum

286 1284 389 1317 facere
413 1289 535 1328 potest,
565 1284 595 1316 in
620 1284 802 1317 assistentes
826 1284 944 1327 eligere
969 1283 1028 1316 de-

287 1337 358 1371 beat
385 1337 464 1370 duos
493 1337 689 1381 antiquiores
718 1337 900 1370 definitores
929 1337 1030 1370 dictae

287 1390 532 1431 reformationis,
551 1400 666 1434 nempe
683 1390 901 1435 presbyterum
922 1401 1030 1432 unum,

289 1450 318 1477 et
350 1444 463 1477 laicum
499 1454 554 1477 seu
583 1454 769 1477 conversum
802 1444 954 1485 alterum,
983 1445 1030 1477 vel

289 1498 367 1531 alios
392 1497 480 1539 duos,
503 1498 554 1541 qui
581 1507 598 1530 a
622 1497 803 1531 definitorio
821 1497 960 1530 eiusdem
983 1508 1032 1530 re-

290 1551 487 1585 formationis
513 1551 602 1584 electi
628 1551 763 1591 fuerint,
795 1561 831 1584 ac
857 1551 957 1584 eidem
984 1551 1033 1583 ab·

290 1605 354 1638 bati
376 1605 514 1648 generali
539 1604 714 1649 prohiberi,
732 1614 770 1637 ne
791 1605 1032 1648 exemptionem,

290 1664 343 1692 aut
361 1658 524 1703 privilegia
553 1658 644 1691 dictis
672 1658 836 1691 monachis
856 1658 1034 1692 reformatis

292 1712 452 1753 concedat,
477 1712 530 1745 sed
555 1711 710 1756 praefatas
734 1711 854 1745 litteras
879 1712 1031 1756 apostoli-

292 1777 343 1800 cas
368 1766 513 1799 observet
538 1771 567 1798 et
591 1765 629 1799 ab
654 1765 801 1798 omnibus
818 1766 965 1809 proprias
981 1776 1031 1799 eo-

292 1830 364 1853 rum
390 1819 476 1862 leges
501 1824 530 1852 et
555 1819 729 1853 institutum
749 1819 840 1853 faciat
861 1818 1034 1859 observari,

293 1877 410 1906 attento
430 1871 514 1916 quod
534 1872 593 1905 hac
614 1872 644 1904 in
663 1882 697 1904 re
714 1872 867 1905 nonnulla
889 1871 1034 1905 inconve-

294 1927 411 1960 nientia
428 1931 499 1959 sunt
517 1929 632 1968 secuta,
648 1926 765 1970 quibus
779 1926 963 1959 reformatio
981 1926 1036 1959 hu-

295 1979 431 2013 iusmodi
449 1979 632 2023 perturbata
649 1979 724 2012 fuit:

340 2034 354 2076 ξ
372 2033 400 2066 5
419 2043 450 2066 11.
473 2032 635 2066 Prohiberi
653 2032 754 2065 eidem
773 2033 876 2065 abbati
897 2033 1037 2076 generali

296 2097 336 2120 ne
355 2097 372 2120 a
389 2087 608 2127 conventibus,
626 2086 786 2130 praelatis,
803 2091 856 2119 aut
877 2087 1038 2120 monachis

298 2140 542 2184 particularibus
576 2140 760 2173 eorumdem
793 2140 1038 2174 reformatorum

299 2194 450 2228 maiorem
471 2194 673 2237 quantitatem
695 2193 902 2237 pecuniarum
926 2198 979 2225 aut
1001 2194 1041 2225 al-

300 2248 398 2281 terius
425 2247 562 2280 cuiusvis
583 2247 628 2279 rei
652 2247 876 2290 aequivalentis
897 2246 1040 2290 accipiat,

300 2311 394 2345 quam
412 2310 491 2344 quac
516 2300 547 2332 in
572 2300 749 2333 visitatione
765 2299 921 2333 dictorum
941 2300 1041 2333 refor-

302 2359 459 2387 matorum
486 2353 679 2396 expendetur
711 2358 772 2385 tam
803 2363 862 2396 pro
893 2353 987 2385 naulo
1012 2359 1042 2385 et

302 2407 508 2440 stabulatione
531 2406 743 2439 iumentorum
773 2416 948 2448 eorumque
979 2416 1042 2438 sus-

303 2461 490 2500 tentatione,
515 2470 608 2504 quam
634 2470 692 2503 pro
723 2459 783 2492 alia
816 2460 956 2503 qualibet
987 2459 1042 2492 im-

303 2517 416 2558 pensa,
443 2514 483 2547 ita
507 2519 542 2546 ut
572 2523 727 2557 expensae
755 2513 934 2546 huiusmodi
961 2523 1043 2545 sum-

305 2578 387 2599 mam
413 2567 621 2600 ducentorum
640 2571 800 2599 scutorum
828 2571 971 2600 monetae
996 2577 1043 2601 ro-

1694 156 1758 189 515

1049 225 1160 248 manae
1183 215 1365 259 praedictae
1387 214 1538 249 excedere
1558 224 1621 247 non
1646 213 1790 253 debeant,

1031 269 1138 302 ¹iuxta
1171 269 1366 312 supradictas
1396 269 1512 302 Urbani
1537 267 1791 313 praedecessoris

1050 323 1186 364 litteras,
1212 322 1306 366 idque
1331 322 1388 354 sub
1414 324 1514 366 poena
1539 321 1722 365 privationis
1751 320 1792 353 of-

1051 376 1111 408 ficii
1146 380 1175 408 et
1206 376 1409 408 inhabilitatis
1440 380 1609 419 perpetuae
1642 381 1703 408 tam
1736 385 1792 418 per

1052 429 1160 462 dantes
1186 440 1279 472 quam
1307 439 1363 472 per
1388 429 1575 472 recipientes
1593 428 1792 462 incurrentia:

1097 483 1111 526 g
1136 482 1165 515 6.
1192 492 1234 515 111.
1261 482 1428 515 Prohiberi
1453 482 1614 515 monachis
1646 482 1724 523 reis,
1756 492 1794 515 ne

1053 540 1216 580 praetextu
1247 535 1438 578 gravaminis
1459 535 1496 567 ad
1517 536 1594 568 alios
1615 535 1795 578 superiores

1054 600 1148 633 quam
1179 588 1285 633 primo
1314 589 1351 621 ad
1384 589 1597 621 definitoriuiu
1631 598 1797 621 recurrere

1055 644 1199 687 possint,
1225 649 1319 686 prout
1351 653 1408 686 per
1440 643 1590 686 quasdam
1625 642 1741 675 Urbani
1768 647 1798 674 et

1053 696 1226 730 Innocentii
1252 695 1504 739 praedecessoris
1523 695 1552 727 in
1578 695 1671 727 simili
1697 695 1798 727 forma

1056 749 1163 783 Brevis
1187 750 1308 781 litteras
1334 752 1479 782 cavetur:

1101 804 1115 847 ξ
1141 804 1168 836 7.
1196 814 1236 836 lv.
1262 802 1437 843 Declarari‚
1471 801 1555 846 quod
1591 801 1716 845 quando
1753 812 1799 833 su-

1058 858 1165 901 perior
1198 856 1400 901 provincialis
1438 855 1537 888 dietae
1569 855 1800 887 reformationis

1059 910 1356 950 constitutionibus,
1382 920 1435 942 seu
1461 909 1573 942 litteris
1597 909 1800 952 apostolicis,

1058 975 1115 1007 per
1140 974 1217 1008 quas
1242 973 1345 1008 poena
1369 962 1553 1007 privationis
1579 962 1672 995 officii
1700 962 1801 1005 impe<

1059 1018 1154 1058 nitur,
1176 1017 1419 1057 contravenerit,
1439 1017 1620 1049 definitores
1640 1016 1669 1048 in
1690 1027 1802 1049 eorum

1060 1071 1241 1104 definitorio
1258 1071 1304 1103 vel
1331 1075 1418 1103 extra
1433 1069 1520 1109 illud,
1538 1070 1700 1103 eveniente
1718 1080 1802 1109 casu,

1061 1124 1233 1168 procedere
1265 1124 1387 1156 valeant
1417 1123 1454 1156 ad
1480 1123 1702 1157 declarandum
1732 1133 1804 1155 eum

1805 165 1854 190 ,111
1871 166 1898 190 «3.
1925 166 1988 191 1⁶17.ss

1062 1178 1092 1210 in
1110 1187 1244 1221 poenam
1270 1176 1450 1210 huiusmodi
1470 1177 1650 1219 incurrisse,
1670 1170 1823 1220 eumque'

1062 1231 1165 1264 officio
1190 1231 1335 1274 privare,
1360 1240 1423 1263 non
1454 1230 1595 1263 obstante
1627 1230 1807 1274 supradicta

1064 1283 1297 1323 constitutione,
1316 1294 1351 1316 ac
1376 1284 1505 1327 insuper
1524 1282 1678 1316 declarari
1700 1287 1807 1315 utrum

1065 1338 1122 1377 ius,
1147 1337 1185 1369 de
1211 1347 1273 1380 quo
1298 1336 1373 1369 inibi
1400 1336 1433 1370 fit
1458 1336 1585 1376 mentio,
1603 1336 1642 1369 sit
1659 1336 1707 1368 ius
1725 1346 1808 1369 com-

1065 1401 1169 1433 mune,
1187 1400 1225 1422 an
1250 1400 1325 1423 vero
1351 1390 1398 1422 ius
1424 1389 1615 1433 particulare
1642 1389 1740 1423 dictae
1763 1399 1809 1421 re-

1066 1444 1211 1487 ligionis,
1238 1443 1382 1476 videlicet
1408 1443 1492 1486 leges
1516 1446 1546 1476 et
1570 1442 1808 1476 constitutiones

1066 1509 1082 1531 a
1107 1497 1255 1531 Romanis
1282 1497 1485 1529 Pontificibus
1514 1496 1627 1539 editae)
1654 1496 1809 1529 emanavit

1066 1563 1083 1584 a
1107 1551 1344 1595 praedictorum
1370 1550 1575 1583 cardinalium
1595 1549 1811 1593 congregatio-

1067 1615 1104 1637 ne
1129 1604 1290 1637 decretum
1318 1604 1434 1637 tenoris
1459 1604 1511 1647 qui
1542 1603 1700 1646 sequitur,
1727 1602 1810 1635 vide-

1069 1658 1156 1691 licet:

1112 1711 1169 1756 §3-
1189 1724 1201 1743 «
1217 1712 1312 1744 Sacra
1330 1710 1534 1754 congregatio
1552 1709 1812 1743 eminentissimo-

1069 1819 1291 1852 sultationibus
1316 1818 1539 1862 episcoporum
1562 1822 1592 1850 et
1617 1816 1811 1860 regularium

1070 1873 1256 1916 praeposita,
1281 1871 1406 1904 attentis
1431 1870 1581 1912 narratis,
1607 1880 1713 1913 reque,
1729 1869 1809 1903 emi-

1070 1925 1418 1969 nentissimoCarpineo
1433 1924 1772 1967 referente‚diligenter
1786 1927 1814 1957 et

1071 1986 1191 2013 mature
1216 1979 1366 2021 discussa,
1385 1979 1506 2012 censuit
1530 1978 1763 2012 decernendum
1785 1983 1813 2010 et

1070 2033 1306 2072 declarandum,
1319 2032 1585 2076 quemadmodum
1601 2031 1814 2076 praesentium

1073 2091 1180 2120 tenore
1205 2086 1346 2119 decernit
1371 2091 1400 2118 et
1424 2085 1564 2119 declarat
1589 2090 1621 2118 ut
1647 2085 1737 2125 infra,
1764 2085 1814 2117 vi-

1072 2140 1199 2173 delicet:
1222 2140 1266 2172 Ad
1288 2150 1307 2181 1,
1329 2139 1413 2183 quod
1431 2139 1588 2181 generalis
1606 2139 1707 2171 visitet
1732 2138 1816 2171 iuxta

1074 2195 1206 2227 formam
1234 2199 1264 2226 et
1293 2193 1531 2237 dispositionem
1563 2192 1668 2225 Brevis
1693 2198 1816 2224 sanctae

1074 2247 1247 2280 memoriae
1264 2246 1433 2280 Clementis
1452 2246 1526 2279 VIII.
1545 2246 1589 2278 Ad
1607 2255 1638 2287 11,
1661 2245 1741 2278 idem
1760 2255 1817 2288 ge-

1074 2300 1189 2333 neralis
1215 2304 1318 2333 servet
1342 2300 1471 2333 omnino
1489 2299 1586 2332 Ilieve
1604 2304 1727 2331 sanctae
1746 2309 1814 2331 me-

1075 2354 1194 2386 moriae
1212 2353 1330 2386 Urbani
1350 2352 1414 2385 Vlll
1434 2352 1540 2385 datum
1558 2352 1615 2384 sub
1642 2351 1691 2384 die
1717 2362 1746 2384 lx
1775 2351 1817 2383 ia-

1075 2406 1176 2439 nuarii
1211 2416 1348 2445 Mucxxx,
1381 2405 1459 2438 adeo
1490 2410 1524 2437 ut
1555 2415 1709 2449 expensae
1737 2414 1818 2448 quae

1075 2459 1189 2491 dantur
1217 2469 1275 2502 pro
1306 2458 1494 2498 visitatione,
1520 2458 1666 2491 omnibus
1691 2469 1818 2501 compu-

1076 2513 1162 2554 tatis,
1187 2522 1250 2546 non
1281 2512 1432 2546 excedant
1463 2522 1618 2545 summam
1653 2517 1817 2545 scutorum

1075 2567 1283 2600 ducentorum
1308 2571 1450 2600 monetae
1468 2576 1627 2609 romanae,
1648 2576 1706 2600 nec
1724 2566 1817 2600 etiam

1827 1752 1861 1766 ‘lsi’

1069 1777 1138 1799 rum
1165 1766 1194 1800 S.
1210 1767 1244 1799 R.
1262 1766 1295 1799 E.
1314 1765 1521 1798 cardinalium
1547 1763 1682 1807 negotiis
1699 1769 1727 1796 et
1742 1773 1812 1796 con·
1835 1780 1891 1792 ww

1860 1719 1938 1739 Sacrae
1962 1724 2009 1739 eou-

1865 1746 1954 1769 gationis
1969 1752 2011 1765 res·
