2185 3188
39 214 91 244 Ὰιι.
111 212 143 244 Εἴ
162 214 229 244 ¹656

841 217 1026 241 ALEXANDER
1051 217 1095 240 vn
1120 217 1167 240 PP.

237 269 367 307 possunt
383 264 430 296 sui
457 264 693 304 constituentes,
711 264 749 297 ad
768 264 838 297 talia
855 265 974 304 Brevia,

236 317 361 350 decreta
378 322 409 350 et
428 317 547 350 litteras
568 323 718 361 patentes,
736 324 766 351 et
782 329 818 351 ex
837 328 975 351 commu-

235 371 266 402 ni
286 380 440 403 consensu
466 376 576 414 petunt
601 371 686 415 quod
711 375 845 415 ponatur
870 372 899 403 in
928 371 974 403 di-

235 423 292 455 ctis
316 422 482 464 Brevibus,
507 423 641 457 decretis
665 430 695 456 et
719 424 899 467 patentibus
928 424 974 456 lit-

235 476 309 508 teris
333 482 519 520 perpetuum
546 477 726 518 silentium,
754 477 932 521 incipiendo
957 488 973 510 a

233 528 283 562 die
306 530 526 573 completionis
552 531 677 563 triennii
714 531 812 574 patris
836 531 973 564 Simonis

232 592 250 614 a
270 582 299 615 S.
320 582 485 616 catharina
499 594 598 628 usque
612 584 651 616 ad
664 588 860 627 praesentem
880 584 973 624 diem,

233 635 297 667 sive
323 635 452 676 Brevia,
477 636 602 670 decreta
627 642 657 669 et
681 637 801 669 litterae
832 643 973 681 patentes

233 689 408 732 pertineant
433 690 470 722 ad
506 690 695 730 electiones,
720 691 972 732 nominationes,

231 743 472 786 prorogationes
490 747 519 777 et
543 744 798 777 confirmationes
823 745 973 788 praelato-

232 807 301 829 rum
329 797 411 829 illius
436 797 627 840 provinciae,
653 798 717 830 sive
741 797 779 830 ad
805 808 973 841 quascum-

231 859 292 892 que
317 850 519 892 privationes,
545 851 724 891 sententias,
750 852 971 895 suspensiones

231 908 260 935 et
285 903 500 947 exemptiones
535 905 675 937 omnium
709 905 840 937 fratrum
868 905 970 945 illius,

230 961 292 988 tam
311 956 341 989 in
362 958 534 998 communi,
559 968 653 1001 quam
671 958 701 990 in
721 958 913 1001 particulari.
936 959 970 992 Et

229 1010 302 1053 quia
335 1011 447 1043 virtute
477 1012 731 1055 supradictoruu‘i
768 1012 969 1045 decretorum

228 1063 326 1096 sactae
350 1064 476 1096 suerunt
501 1074 535 1097 ex
562 1066 695 1108 utraque
725 1071 812 1108 parte
847 1066 970 1109 aliquae

227 1117 397 1151 electiones
420 1125 450 1151 et
471 1119 702 1152 nominationes
734 1121 968 1163 praelatorum,

228 1170 267 1203 ad
290 1171 434 1204 evitanda
458 1173 603 1205 scandala
628 1179 657 1205 et
682 1173 899 1207 stabiliendam
919 1184 969 1217 pa-

227 1233 314 1264 cem,
339 1231 448 1268 petunt
472 1227 556 1269 quod
581 1227 782 1259 annullentur
806 1237 915 1260 omnes
933 1227 968 1259 il-

228 1276 275 1310 lae
300 1283 363 1311 tres
388 1279 557 1313 electiones
583 1280 679 1313 sactae
694 1280 724 1312 in
738 1280 790 1313 illa
803 1280 967 1324 provincia

226 1341 244 1364 a
268 1331 317 1364 die
343 1332 463 1376 primae
483 1334 716 1367 convocationis
742 1334 839 1378 patris
860 1334 966 1367 Didaci

226 1395 243 1417 a
270 1385 370 1429 Plagis
395 1397 493 1430 usque
515 1387 627 1427 adbuc,
648 1394 678 1420 et
703 1388 796 1421 etiam
815 1389 967 1421 utannul-

226 1439 330 1471 lentur
366 1440 595 1473 nominationes
631 1442 728 1473 factae
766 1442 967 1485 provincialis

225 1491 362 1526 defuncti
401 1493 505 1526 fratris
542 1494 725 1538 Hieronymi
760 1495 798 1527 de
837 1495 965 1528 Sardoa}

225 1546 364 1581 custodis
389 1550 418 1580 et
442 1546 664 1587 definitorum,
690 1548 892 1581 revalidando
927 1554 967 1581 ta-

226 1591 307 1632 men*
321 1600 426 1632 omnia
451 1606 518 1632 acta
543 1601 718 1644 spiritualia
735 1601 814 1634 sacta
831 1601 870 1635 ab
890 1602 965 1646 ipsis

224 1653 341 1694 electis,
366 1657 395 1687 et
419 1654 457 1686 ab
483 1655 550 1697 ipso
580 1655 762 1697 nominato,
788 1665 901 1699 nempe
925 1657 964 1688 ab

224 1707 292 1751 ipso
316 1707 543 1751 Clu-istoplioro
560 1719 577 1740 a
596 1709 814 1752 Conceptione‚
835 1709 874 1742 ab
896 1709 964 1753 ipso

223 1760 357 1794 Antonio
381 1771 398 1793 a
424 1760 540 1801 Gratia,
565 1761 603 1793 ab
629 1761 695 1805 ipso
716 1762 842 1795 Simone
862 1773 879 1794 a
896 1763 964 1795 Pla-

223 1814 293 1856 gis‚
317 1820 347 1847 et
371 1814 410 1846 ab
443 1815 509 1858 ipso
540 1815 732 1859 Hieronymo
763 1815 801 1848 de
834 1815 962 1849 Sardoa}

222 1867 383 1900 nominato
408 1872 438 1902 et
460 1868 625 1907 defuncto;
651 1868 841 1902 annullando
859 1875 962 1902 tamen

223 1930 332 1954 omnes
363 1922 531 1955 sententias
563 1928 593 1954 et
624 1932 791 1966 processus
823 1923 861 1955 ab
887 1923 963 1967 ipsis

224 1973 270 2007 rel
294 1984 312 2007 a
336 1975 476 2018 quolibet
501 1975 641 2020 ipsorum
666 1975 754 2009 datas
779 1987 833 2009 seu
858 1977 963 2009 fulmi-

222 2033 309 2061 natas
333 2029 379 2062 vel
404 2034 609 2072 processatas,
634 2029 751 2063 dandas
775 2041 829 2064 seu
859 2031 962 2064 fulmi-

223 2081 340 2115 nandas
355 2082 400 2115 vel
421 2083 657 2126 processandas,
673 2088 780 2118 eontra
797 2095 963 2128 quoscum-

222 2145 283 2178 que
307 2135 419 2168 fratres
444 2141 473 2168 et
498 2136 746 2170 monialesillius
770 2138 962 2181 provinciae,

221 2188 460 2232 qualiscumque
485 2190 642 2233 qualitatis
667 2195 697 2222 et
721 2191 920 2232 conditionis,
945 2202 961 2224 a

222 2241 271 2275 die
296 2243 517 2286 completionis
549 2243 674 2276 triennii
706 2244 802 2287 patris
825 2245 962 2279 Simonis

221 2306 238 2327 a
262 2295 291 2329 S.
316 2296 481 2330 Catharina
506 2308 604 2341 usque
629 2297 665 2330 ad
691 2308 850 2331 accessum
873 2299 962 2332 istius

222 2349 408 2382 concordiae
433 2349 471 2382 ad
496 2349 610 2382 dictam
636 2351 846 2393 provinciam3
865 2356 894 2385 et
910 2363 962 2396 po-

221 2402 324 2436 nendo
341 2408 529 2446 perpetuum
551 2404 708 2436 silentium
732 2405 760 2437 in
781 2406 961 2439 excessibus

223 2456 386 2489 transactis
428 2456 512 2489 circa
553 2456 763 2491 obedientiam
804 2458 960 2492 dictorum

221 2510 432 2552 praelatorum
469 2516 498 2543 et
534 2511 631 2554 patris
664 2511 831 2545 visitatoris
856 2513 960 2545 fratris

221 2563 345 2596 Antonii
366 2574 381 2597 a
399 2564 557 2597 Trinitate.
576 2565 686 2598 Petunt
706 2576 741 2598 ex
756 2568 958 2610 consequenti

221 2626 330 2649 novam
356 2618 600 2651 nominationem
626 2619 825 2662 provincialis
851 2626 878 2652 et
905 2620 958 2652 dt·-

1011 265 1172 298 finitorum
1189 292 1196 304 ,
1221 265 1416 298 dimidiando
1442 276 1579 298 mensam
1606 266 1753 309 capitula-

1011 328 1088 358 rem,
1114 318 1308 351 nominando
1342 319 1371 351 in
1397 319 1621 362 provincialem
1649 320 1750 363 ipsum

1010 376 1129 414 patrem
1156 371 1325 404 Antonium
1340 381 1355 403 a
1373 372 1479 405 Gratia
1500 372 1750 416 praedicatorem

1009 435 1079 457 cum
1105 424 1228 458 duobus
1253 424 1473 458 definitoribus
1498 436 1533 457 ex
1560 428 1615 458 sua
1645 431 1750 469 parte,

1009 487 1123 521 nempe
1149 478 1278 510 fratrem
1305 478 1472 510 Antonium
1495 489 1510 510 a
1536 479 1697 511 Salvatore
1722 485 1751 510 et

1009 537 1129 574 patrem
1147 531 1316 564 Antonium
1331 531 1368 563 de
1388 531 1490 563 Padua
1506 531 1750 575 praedicatores;

1009 587 1037 617 et
1055 594 1088 616 ex
1107 584 1167 616 alia
1193 590 1281 628 parte
1300 585 1328 616 in
1347 585 1510 617 custodem
1537 591 1657 628 patrem
1680 585 1751 618 Fer-

1008 637 1179 671 dinandum
1206 649 1222 670 a
1247 639 1466 682 Coneeptione,
1489 640 1638 672 lectorem
1667 640 1751 672 theo-

1009 691 1121 733 logiae,
1139 703 1209 724 eum
1235 692 1359 725 duobus
1384 692 1613 732 definitoribus,
1632 693 1748 726 scilieet

1010 749 1131 787 patrem
1159 745 1359 779 Franciseum
1389 757 1405 778 a
1434 746 1536 789 Plagis
1555 746 1750 790 praedicato-

1009 809 1085 837 rem,
1104 805 1134 831 et
1158 805 1278 842 patrem
1302 800 1426 834 Petrum
1445 800 1483 832 ab
1502 801 1750 834 Annunciatione

1007 852 1219 885 consessorem
1235 864 1293 896 pro
1310 854 1509 893 Recollectis3
1529 855 1704 898 supplendo
1720 856 1749 887 in

1007 905 1153 938 omnibus
1177 916 1395 950 quoscumque
1419 907 1558 940 desectus
1581 914 1642 940 tam
1673 908 1749 941 iuris

1005 969 1099 1002 quam
1125 959 1195 992 sacti
1221 969 1276 992 seu
1302 970 1475 1003 personae,
1502 966 1529 992 et
1555 961 1749 994 absolvendo

1006 1012 1075 1045 illos
1099 1023 1116 1044 a
1140 1023 1340 1056 quacumque
1365 1014 1528 1052 sententia,
1547 1018 1679 1047 censura
1702 1015 1747 1047 vel

1006 1067 1117 1108 poena,
1137 1071 1166 1098 et
1192 1066 1388 1100 habilitando
1414 1068 1451 1100 ad
1478 1068 1550 1100 talia
1574 1069 1677 1102 officia
1697 1070 1748 1102 ob-

1005 1119 1146 1159 tinenda,
1172 1126 1200 1152 et
1226 1120 1336 1153 eodem
1360 1121 1454 1154 modo
1468 1122 1581 1154 debent
1603 1133 1670 1156 esse
1690 1123 1748 1155 dis-

1005 1174 1147 1216 pensati,
1172 1174 1307 1207 absoluti
1339 1179 1368 1209 et
1402 1175 1554 1210 habilitati
1580 1176 1618 1209 ad
1643 1177 1747 1211 omma

1005 1227 1106 1259 officia
1131 1237 1240 1260 omnes
1255 1228 1366 1262 fratres
1380 1228 1464 1262 illius
1479 1229 1669 1272 provinciae,
1685 1235 1748 1263 tan·

1005 1290 1097 1323 quam
1124 1281 1148 1312 si
1172 1282 1294 1314 noviter
1311 1281 1418 1314 fuisset
1432 1289 1544 1315 erecta.
1565 1283 1599 1315 Et
1621 1289 1747 1317 mortuo

1003 1344 1058 1366 seu
1084 1334 1249 1367 deficiente
1274 1335 1379 1378 aliquo
1404 1336 1570 1369 desinitore
1595 1347 1630 1369 ex
1657 1344 1746 1380 parte

1004 1387 1204 1429 provincialis
1229 1389 1390 1429 nominati,
1416 1390 1598 1422 nominetur
1623 1390 1653 1422 in
1679 1391 1746 1423 eius

1003 1441 1104 1474 locum
1120 1447 1210 1485 pater
1230 1442 1327 1474 frater
1345 1442 1476 1475 loannes
1493 1442 1530 1475 de
1552 1443 1650 1476 Sousa
1675 1454 1747 1476 con-

1002 1496 1122 1532 sessor3
1149 1501 1178 1527 et
1204 1501 1330 1528 mortuo
1355 1507 1410 1529 seu
1442 1497 1607 1529 deficiente
1640 1498 1745 1541 aliquo

1000 1547 1166 1581 deiinitorc
1192 1560 1227 1582 ex
1253 1550 1313 1582 alia
1339 1556 1437 1593 parte,
1458 1551 1639 1584 nominetur
1657 1557 1744 1595 pater

1001 1601 1134 1635 Didat-us
1159 1613 1176 1635 a
1192 1603 1402 1646 Conceptione
1426 1604 1641 1647 praedicator;
1664 1615 1745 1637 mor-

1001 1661 1054 1689 tuo
1075 1656 1204 1689 custode
1229 1667 1284 1689 seu
1308 1657 1484 1697 deficiente,
1512 1658 1692 1691 nominetur
1714 1659 1742 1690 in

999 1709 1065 1741 eius
1091 1710 1194 1743 locum
1230 1716 1319 1754 pater
1343 1711 1478 1743 Thomas
1503 1722 1519 1743 a
1544 1711 1615 1744 divo
1641 1712 1742 1744 Bona-

1000 1767 1140 1803 ventum,
1158 1764 1373 1807 praedicator:
1392 1770 1518 1798 mortuo
1536 1765 1659 1798 taudem
1674 1777 1742 1808 pro-

1000 1817 1120 1850 vinciali
1156 1818 1338 1859 nominato,
1370 1824 1459 1861 pater
1483 1818 1609 1861 dignior
1634 1819 1741 1861 (iuxta

998 1869 1122 1903 Ordinis
1153 1872 1291 1914 statuta)
1316 1877 1468 1904 convocet
1498 1871 1740 1911 desinam-ium,

998 1924 1157 1970 eligatque
1178 1925 1328 1958 vicarium
1349 1926 1572 1969 provincialem
1599 1936 1634 1958 ex
1654 1932 1740 1970 parte

997 1977 1071 2011 dicti
1097 1979 1309 2022 provincialis,
1341 1985 1370 2011 et
1391 1979 1434 2011 illi
1461 1979 1652 2012 concedatur
1678 1986 1740 2012 tota

997 2031 1185 2073 auctoritas,
1211 2042 1291 2075 quae
1316 2042 1371 2075 per
1398 2032 1487 2064 istam
1515 2032 1737 2065 resolutionem

997 2084 1181 2117 conceditur
1198 2084 1391 2128 provinciali.
1412 2085 1447 2117 Et
1464 2085 1536 2128 quia
1554 2085 1582 2117 in
1602 2085 1653 2117 illa
1671 2096 1739 2129 pro—

998 2138 1096 2170 vincia
1122 2149 1184 2171 non
1210 2143 1289 2171 extat
1316 2138 1393 2170 alius
1418 2144 1527 2182 pater,
1553 2139 1606 2182 qui
1631 2139 1738 2172 suisset

996 2192 1207 2235 provincialis,
1233 2192 1291 2224 nisi
1310 2192 1509 2225 solummodo
1526 2198 1616 2235 pater
1629 2193 1737 2226 Simon

996 2256 1012 2278 a
1037 2246 1066 2278 S.
1092 2245 1257 2279 Catliarina
1273 2272 1280 2286 ‚
1305 2246 1357 2289 qui
1395 2245 1521 2289 quidem
1547 2251 1593 2278 est
1616 2252 1737 2279 senten-

997 2298 1088 2332 tiatus
1113 2305 1142 2331 et
1167 2299 1205 2331 ab
1230 2300 1289 2332 alia
1316 2305 1403 2342 parto
1428 2299 1592 2339 exulatus,
1618 2304 1736 2343 petunt,

995 2352 1079 2395 quod
1104 2352 1204 2385 dictus
1229 2353 1337 2385 Simon
1362 2362 1378 2384 a
1403 2352 1432 2384 S.
1453 2352 1618 2384 (Iatliarina
1636 2352 1737 2385 deela-

996 2411 1082 2438 retur
1113 2411 1201 2448 pater
1233 2405 1360 2448 dignior
1393 2411 1422 2437 et
1456 2411 1628 2448 perpetuus
1653 2406 1735 2439 illius

995 2459 1176 2502 provinciae
1202 2459 1300 2501 (iuxta
1324 2464 1438 2491 statuta
1467 2459 1626 2501 generalia
1650 2459 1736 2492 Ordi-

995 2513 1064 2555 nis).
1091 2512 1127 2544 Et
1150 2512 1222 2555 quia
1255 2512 1331 2544 haec
1361 2512 1528 2545 concordia
1560 2513 1651 2546 babet
1676 2524 1735 2557 pro

995 2567 1104 2601 ultimo
1138 2567 1199 2599 line
1230 2577 1337 2609 pacem
1363 2572 1392 2599 et
1416 2566 1642 2600 fraternitatem
1668 2578 1734 2611 per-

993 2625 1116 2663 petuam
1144 2620 1223 2652 iuter
1250 2620 1414 2662 religiosos
1433 2620 1513 2652 illitis
1540 2621 1732 2664 provincia-³,

1658 207 1723 241 ⁴189
1769 217 1818 244 An.
1835 218 1862 244 c.
1886 218 1953 246 1656
