2243 3205
57 177 104 203 An.
121 175 149 201 C.
169 173 238 200 1658

90 1886 198 1909 Contraria
213 1894 244 1909 re·

64 1913 122 1935 toltit.

849 173 1033 198 ALEXANDER
1054 173 1097 197 VH
1118 174 1165 197 PP-

253 220 396 261 decima,
428 221 567 255 subsidio
603 221 789 254 charitativo
822 227 851 254 et
882 221 991 265 quovis

253 274 313 307 alio
338 284 445 315 onere,
472 280 532 307 tam
559 275 719 308 ordinario
744 285 836 319 quam
857 280 993 308 extraor-

253 327 385 370 dinario,
411 329 519 372 quavis
544 329 738 369 auctoritate,
753 329 844 361 etiam
871 339 928 373 pro
946 339 993 361 cx-

252 382 420 425 peditione,
447 389 508 416 tam
540 384 689 417 01101151νὸ
720 394 813 427 quam
835 382 992 416 defensiva

253 441 362 468 eontra
386 436 502 469 Tureas
522 442 551 469 et
576 436 653 469 alios
674 436 824 477 infideles,
845 441 875 468 et
891 435 993 479 reipu-

253 487 352 521 blicae
376 489 563 523 christianae
584 490 689 523 hostes
707 490 745 522 ab
763 490 889 523 illorum
906 499 994 522 cona-

253 542 338 575 tibus
353 543 543 583 defensione,
561 555 615 577 seu
637 543 870 586 inexcogitabili
890 544 993 583 eausa,

253 606 270 627 a
287 596 426 629 Romano
441 596 659 640 Pontifieepro
674 602 814 640 tempore
833 597 993 638 existente,

253 650 345 683 etiam
371 650 408 683 ad
434 651 632 694 imperatoris
665 662 797 694 regum,
824 651 940 683 ducum
966 655 995 683 et

253 704 388 737 aliorum
416 705 611 745 instantiam,
636 704 828 748 illorumque
854 709 994 737 contern-

254 757 392 800 platione
417 763 447 790 et
473 757 606 797 intuitu,
632 757 724 790 etiam
750 762 835 790 motu
863 756 994 800 proprio

254 815 284 842 et
308 820 343 843 ex
370 812 454 843 certa
486 811 613 844 scientia
652 811 806 854 impositis
831 816 860 843 et
886 811 991 854 impo-

253 863 372 907 nendis,
385 869 437 897 aut
449 864 525 897 alias
539 864 820 908 qualitercumque,
835 869 994 908 exemptae

253 917 324 958 sint,
341 927 538 961 nequaquam
557 917 765 961 obstantibus)
785 922 948 950 teneantur
966 922 995 949 et

254 971 424 1004 efficaciter
448 972 590 1005 obstricti
616 972 693 1011 sint;
719 971 841 1016 ipsique
866 971 991 1003 arehie-

253 1025 384 1069 piscopi‚
409 1025 547 1070 episcopi
574 1031 604 1058 et
627 1025 883 1065 archimandrita,
902 1024 994 1057 aliae-

254 1089 315 1122 que
339 1089 503 1122 personae,
528 1089 660 1123 quarum
691 1078 850 1119 ecclesiae,
876 1088 996 1111 monas-

255 1132 332 1166 teria
349 1139 379 1166 et
404 1133 463 1166 alia
479 1133 632 1167 beneficia
652 1133 864 1166 ecclesiastiea
885 1133 996 1165 annuis

255 1186 459 1229 pensionibus
494 1186 665 1230 apostolic-21
701 1186 887 1220 auctoritate
920 1186 995 1219 assi-

256 1240 358 1282 gnatis
383 1245 512 1283 gravata
529 1246 558 1273 et
572 1246 699 1273 onerata
713 1246 794 1282 sunt,
809 1246 906 1273 ratam
925 1250 997 1284 pen-

256 1293 466 1326 sionariorum
494 1304 635 1335 suorum,
661 1305 715 1327 seu
741 1305 862 1336 eorum,
884 1294 998 1338 quibus

257 1346 376 1379 fructus
401 1347 581 1379 huiusmodi
598 1351 669 1381 sunt
691 1348 850 1390 reservati,
866 1348 997 1388 solvere,

258 1404 288 1431 et
313 1399 390 1432 illud
414 1399 499 1443 quod
523 1411 581 1444 pro
606 1400 680 1444 ipsis
705 1401 922 1444 pensionariis,
944 1412 999 1434 seu

258 1452 295 1485 iis
320 1453 433 1497 quibus
457 1453 576 1487 fruetus
600 1453 780 1487 huiusmodi
798 1457 881 1497 '’sunt
901 1465 1000 1488 reser-

258 1506 340 1546 vati,
367 1517 438 1539 vere
463 1513 493 1539 et
517 1507 643 1539 realiter
673 1518 707 1540 ac
733 1517 932 1552 quacumque
958 1508 996 1539 fi-

259 1559 360 1593 ctione
386 1563 526 1594 cessante
551 1560 770 1604 persolverint,
796 1562 852 1594 sua
870 1561 1000 1604 propria

258 1614 444 1647 auctoritate
464 1613 665 1658 postmodum
688 1624 784 1658 penes
808 1625 840 1647 se
865 1614 1001 1648 retinere

257 1667 387 1711 possint,
413 1677 469 1700 nec
495 1672 665 1711 propterea
689 1668 868 1708 sententias,
894 1679 1002 1701 censu-

258 1731 309 1754 ras
334 1724 363 1755 et
386 1731 503 1765 poenas
530 1721 560 1754 in
585 1721 702 1754 eisdem
732 1722 919 1765 pensionum
950 1733 999 1755 re-

259 1774 489 1808 servationibus
513 1780 674 1808 contentas
701 1775 873 1816 incurrant,
891 1775 1000 1808 eadem

259 1829 443 1863 auctoritate
467 1828 627 1862 decernas.

305 1881 371 1926 §3
408 1883 476 1916 Non
512 1882 709 1916 obstantibus
743 1883 941 1926 praemissis,
967 1894 1002 1917 ac

260 1935 422 1980 quibusvis
441 1936 718 1969 constitutionibus
743 1941 773 1969 et
798 1937 1002 1970 ordinationi-

261 1989 319 2022 bus
343 1989 534 2033 apostolicis,
550 2000 672 2023 necnon
693 1989 909 2031 ecclesiarum,
936 2001 1003 2024 mo-

260 2043 472 2076 nasteriorum
499 2047 528 2077 et
552 2043 778 2077 beneficiorum
805 2044 1003 2085 huiusmodi,

261 2096 354 2129 etiam
381 2096 577 2139 iuramento,
604 2097 843 2131 confirmatione
873 2103 1000 2142 aposto-

261 2149 342 2191 lica,
359 2150 405 2183 vel
436 2150 545 2194 quavis
571 2150 717 2184 firmitate
742 2151 803 2184 alia
833 2151 1005 2193 roboratis,

263 2204 385 2237 statutis
424 2210 454 2237 et
493 2205 796 2246 consuetudinibus,
832 2205 1005 2249 privilegiis

263 2268 403 2301 quoque,
429 2258 567 2299 indultis,
593 2258 856 2302 exemptionibus,
885 2259 1002 2291 immu-

264 2311 422 2353 nitatibus,
448 2311 539 2343 etiam
566 2311 596 2343 in
623 2322 757 2355 corpore
782 2312 858 2344 iuris
882 2311 1004 2353 clausis,

264 2374 300 2397 ac
325 2364 436 2397 litteris
466 2364 646 2408 apostolicis
671 2365 832 2408 quibusvis
855 2365 1007 2407 generali-

265 2423 313 2450 ter
334 2418 380 2451 vel
413 2418 592 2461 specialiter
617 2418 784 2459 concessis,
809 2428 931 2451 necnon
958 2418 1006 2450 lit-

267 2472 341 2505 teris
369 2471 636 2509 reserxationum,
662 2471 847 2515 pensionum
874 2477 903 2504 et
936 2472 1002 2504 sru-

267 2530 372 2559 ctnum
395 2525 586 2567 huiusmodi,
605 2536 639 2557 ac
664 2525 825 2568 quibusvis
840 2525 1024 2569 obligatiog¹

267 2579 369 2618 nibus,
384 2579 476 2611 etiam
494 2579 522 2611 in
539 2579 636 2611 torma
656 2588 810 2616 camerae,
824 2579 916 2611 etiam
935 2589 1005 2612 eum
1023 2585 1024 2606 1

1026 221 1203 254 iuramento
1221 232 1256 254 ae
1271 232 1474 255 censu-rarum
1493 228 1522 255 et
1548 221 1683 255 mandati
1702 233 1769 255 exe-

1027 274 1120 307 cutixi
1135 275 1345 318 susceptione,
1363 276 1408 308 rel
1426 276 1500 309 alias
1517 276 1653 321 desuper
1671 276 1768 319 factis,

1027 327 1147 360 etiamsi
1165 328 1202 360 de
1230 328 1289 360 illis
1314 339 1488 374 eorumque
1515 330 1586 363 totis
1607 329 1768 364 tenoribus

1027 381 1064 414 de
1090 381 1185 415 verbo
1203 381 1240 414 ad
1267 382 1396 415 verbum
1424 384 1540 416 mentio
1565 394 1619 416 seu
1641 384 1768 427 quaevis

1027 436 1086 468 alia
1112 436 1271 479 expressio
1296 436 1438 469 habenda
1463 437 1512 477 sit,
1537 442 1564 471 et
1592 437 1621 469 in
1647 437 1698 469 011ί
1724 448 1770 470 ea-

1029 493 1136 521 veatur
1151 499 1307 532 expresse,
1322 489 1405 532 quod
1421 500 1477 533 per
1491 490 1670 524 huiusmodi
1690 491 1769 524 clau-

1028 543 1110 575 sulas
1136 543 1308 585 generales,
1323 542 1414 576 etiam
1433 544 1623 576 mentionem
1652 545 1769 588 specia-

1029 597 1087 629 lem
1115 596 1331 640 imponantes,
1348 596 1463 629 eisdem
1491 596 1676 640 derogatum
1702 608 1768 630 esse

1027 659 1089 682 non
1115 654 1288 691 censeatur,
1303 654 1351 681 aut
1372 649 1518 691 derogari
1537 660 1597 683 non
1617 650 1767 691 videatur,

1028 703 1085 736 nisi
1113 703 1206 736 certis
1232 703 1325 735 modo
1344 708 1372 735 et
1399 703 1498 735 forma
1518 703 1547 734 in
1568 703 1627 735 illis
1642 714 1768 747 expres-

1028 757 1069 790 sis
1087 757 1177 800 plene
1198 756 1388 795 observatis3
1409 756 1523 799 quibus
1541 757 1697 798 omnibns,
1715 768 1767 789 eo-

1029 821 1098 843 rum
1125 815 1249 843 tenores
1285 810 1502 853 praesentibus
1528 821 1586 853 pro
1614 811 1769 854 expressis

1028 863 1187 903 babentes,
1208 863 1268 895 illis
1283 863 1358 895 alias
1376 863 1405 894 in
1425 873 1482 895 suo
1496 863 1611 896 robore
1629 874 1770 906 perman-

1029 918 1120 957 suris,
1138 917 1175 949 ad
1204 917 1453 961 praemissorum
1480 916 1624 950 effectum
1658 923 1686 949 et
1713 918 1769 950 bac

1029 971 1094 1004 vice
1119 970 1280 1004 dumtaxat
1305 970 1482 1014 specialiter
1500 976 1529 1003 et
1549 982 1694 1014 expresse
1720 971 1771 1003 de-

1030 1035 1199 1068 rogamus3
1231 1024 1406 1068 ceterisque
1438 1024 1603 1057 contrariis
1634 1024 1766 1068 quibus-

1030 1089 1173 1122 cumque.

1075 1133 1089 1176 ἓ
1114 1132 1143 1165 4.
1169 1132 1331 1172 Ceterum,
1357 1132 1496 1165 volentes
1520 1132 1707 1176 providere,
1732 1142 1771 1164 ne

1030 1197 1184 1231 pauperes
1209 1186 1410 1219 ecclesiastici
1441 1186 1477 1218 ad
1504 1186 1769 1218 contributionem

1032 1239 1210 1273 huiusmodi
1225 1244 1405 1282 graventur,
1420 1246 1448 1272 te
1469 1239 1771 1279 liortaniurattente,

1032 1294 1105 1326 etin
1124 1294 1237 1326 virtute
1254 1298 1378 1325 sanetae
1396 1292 1592 1325 obedientiae
1611 1292 1665 1324 tibi
1691 1303 1773 1324 man-

1031 1347 1152 1387 damus,
1178 1352 1331 1390 quatenus
1355 1356 1511 1390 pauperes
1536 1346 1773 1383 ecclesiasticos,

1032 1401 1085 1445 qui
1111 1400 1140 1432 in
1167 1400 1340 1432 redditibus
1367 1399 1478 1431 annuis
1496 1399 1572 1431 nibil
1591 1404 1640 1431 aut
1661 1410 1773 1442 parum

1033 1455 1124 1488 etiam
1144 1464 1241 1498 usque
1260 1454 1296 1486 ad
1316 1453 1453 1486 valorem
1473 1453 1581 1485 deceni
1597 1453 1773 1493 unciarum,

1034 1513 1120 1540 scuta
1141 1507 1249 1550 viginti
1269 1507 1407 1550 quinque
1422 1512 1565 1539 monetae
1584 1506 1666 1539 illius
1686 1507 1773 1549 regni

1034 1561 1302 1601 constituentium,
1328 1560 1479 1593 inclusive
1504 1560 1628 1601 liabent,
1647 1560 1683 1592 ad
1705 1570 1775 1593 eon-

1035 1615 1240 1649 tributionem
1258 1614 1451 1659 praedictam
1474 1625 1530 1657 per
1547 1624 1774 1658 quoseumque,

1034 1669 1142 1714 (plavis
1178 1668 1363 1702 auctoritate
1400 1669 1584 1711 fungentes,
1621 1668 1690 1711 cogi
1723 1674 1774 1701 aut

1036 1723 1183 1767 compelli
1208 1723 1295 1755 nullo
1322 1722 1415 1755 modo
1440 1722 1613 1766 permittas.

1080 1777 1094 1821 g
1118 1777 1148 1809 lt.
1175 1777 1324 1810 Volumus
1348 1780 1450 1810 autem
1476 1776 1560 1820 quod
1581 1776 1701 1808 exactio
1725 1786 1775 1819 pe-

1036 1830 1199 1863 cuniarum
1225 1829 1406 1862 huiusmodi
1427 1829 1465 1861 ab
1484 1828 1702 1862 ecelesiasticis
1720 1839 1775 1872 per

1036 1894 1189 1928 personas
1223 1883 1450 1916 ecclesiasticas
1473 1893 1489 1915 a
1514 1882 1597 1915 dieto
1629 1883 1775 1926 Philippo

1037 1949 1110 1981 rege
1134 1948 1189 1970 seu
1214 1936 1386 1970 venerabili
1422 1936 1517 1970 fratre
1550 1936 1703 1969 moderno
1728 1947 1775 1968 ar-

1037 1990 1239 2035 chiepiscopo
1266 1990 1488 2023 Panormitano
1514 1989 1602 2032 regni
1626 1989 1776 2032 praedicti

1037 2055 1172 2089 prorege
1192 2044 1401 2078 nominandas
1419 2047 1448 2077 et
1465 2054 1521 2088 per
1540 2047 1567 2077 te
1586 2043 1778 2087 deputandas

1038 2099 1105 2132 [ieri
1131 2099 1260 2139 debeat,
1285 2098 1428 2131 invocato
1454 2097 1547 2130 etiam
1573 2097 1610 2130 ad
1643 2097 1724 2137 boc,
1753 2097 1777 2129 si

1038 2162 1117 2195 opus
1132 2151 1233 2190 suerit,
1247 2151 1363 2184 auxilio
1376 2150 1498 2184 bracbii
1516 2150 1681 2189 secularis;
1695 2150 1778 2193 quod

1038 2205 1061 2236 si
1088 2215 1177 2237 secus
1202 2204 1232 2237 in
1257 2204 1362 2248 aliquo
1387 2203 1635 2248 praemissorum
1663 2204 1776 2235 sactum

1038 2259 1148 2298 suerit,
1173 2258 1225 2301 qui
1252 2258 1527 2297 contravenerinl,
1554 2257 1582 2288 in
1609 2267 1725 2300 poenas
1750 2261 1778 2288 et

1039 2321 1187 2344 censuras
1205 2311 1377 2351 incurrant,
1396 2311 1525 2354 perinde
1540 2321 1575 2343 ac
1593 2310 1616 2342 si
1635 2319 1778 2353 praesen-

1040 2371 1085 2397 tes
1123 2365 1243 2398 litterae
1279 2375 1341 2398 non
1380 2370 1593 2403 emanassent3
1630 2363 1778 2407 quodque

1040 2419 1132 2451 etiam
1153 2419 1363 2462 praesentium
1381 2418 1595 2461 transumptis,
1614 2417 1705 2449 etiam
1726 2417 1779 2449 1111-

1040 2472 1166 2516 pressis,
1186 2482 1278 2504 manu
1297 2471 1428 2505 alicuius
1447 2471 1558 2503 notarii
1577 2470 1692 2514 publici
1712 2471 1780 2503 sub-

1080 2590 1086 2614 t
1110 2588 1207 2615 Forsan
1225 2587 1372 2621 legendum
1388 2588 1429 2615 eis
1445 2596 1492 2623 pro
1508 2589 1538 2615 cic
1556 2590 1593 2623 (n.
1612 2589 1658 2622 1.),

1666 165 1730 198 419
1779 174 1826 200 An.
1845 174 1872 201 C.
1895 175 1964 203 1658

1864 1144 1971 1170 Pauperes

1787 1170 1931 1191 ecclesiastici
1959 1176 1971 1190 a

1787 1197 1896 1223 praedicta
1914 1197 1971 1217 solu-

1787 1227 1844 1244 tione
1870 1226 1917 1244 sunt
1938 1230 1971 1244 ex-

1788 1251 1857 1276 empti.
1874 1250 1879 1253 “

1818 1784 1903 1804 Exaetio
1919 1789 1975 1804 eum⁴

1791 1814 1885 1831 mittitur.

1829 2371 1979 2396 'l‘rausinnptw

1795 2403 1839 2417 rum
1857 2398 1915 2417 titles.
