2263 3215
290 159 379 186 An.‹2
406 159 471 186 1657

321 1023 350 1043 [te
366 1021 476 1042 locationi-

302 1055 332 1068 ις
368 1049 477 1069 dumorum

293 1075 418 1101 specialiter
442 1075 476 1096 do·

293 1104 368 1123 ceruit.

332 2141 441 2162 Decretum
457 2141 483 2162 ir-

301 2171 372 2190 Hiatus.

518 149 582 183 2³74

490 211 555 239 tant
575 206 691 239 directe
718 206 762 239 vel
788 206 949 248 indirecte,
967 217 1076 241 eorum
1094 218 1224 241 consan-

488 258 619 302 guineis,
633 259 787 300 affinibus,
802 259 866 292 sive
879 260 1029 303 cognatis,
1044 260 1126 293 iuxta
1143 271 1226 294 corn-

489 312 681 356 putationem
708 312 783 345 iuris
808 313 949 347 canonici
974 324 1072 358 usquc
1101 313 1138 346 ad
1163 319 1224 346 ter-

490 365 565 397 tium
591 365 723 408 gradun]
750 365 910 407 inclusive,
931 366 988 399 sub
1014 369 1114 410 poena
1139 366 1227 399 nulli-

489 417 558 450 tatis
584 422 763 451 contractus
788 422 818 454 et
842 419 1018 453 amissionis
1047 419 1226 460 fructuum,

488 471 730 515 responsionum
768 477 797 505 et
833 473 1118 506 emolumentorum
1150 483 1227 516 quo-

491 524 639 558 rumlibet
664 525 734 558 inde
760 525 1020 569 provenientium,
1039 536 1160 559 necnon
1180 536 1228 558 ex-

489 578 782 612 communicationis
807 579 885 612 latae
903 580 1074 613 sententiae
1091 590 1127 613 eo
1150 579 1228 623 ipso,

490 631 606 676 absque
631 632 691 665 alia
715 632 935 673 declaratione,
957 638 1017 665 tam
1043 643 1099 677 per
1123 634 1228 667 locan-

492 690 552 717 tem
570 695 663 729 quam
682 695 738 729 per
763 685 989 719 conducentem
1012 686 1229 727 incurrendae,

491 749 508 770 a
526 749 587 782 qua
604 748 707 781 nemo,
725 739 783 771 nisi
801 749 818 771 a
834 739 924 772 nobis
944 745 974 772 et
991 739 1137 772 Romanis
1156 739 1230 772 Pon-

492 792 628 825 tificibus
653 792 888 826 suecessoribus
919 793 1056 833 nostris,
1089 797 1229 836 praeter-

491 857 584 889 quam
607 846 636 879 in
662 846 773 879 mortis
796 846 928 880 articulo
953 847 1161 887 constitutus,
1182 846 1231 879 ab-

493 900 568 933 solvi
587 900 697 944 possit,
718 901 889 944 apostoliea
909 901 1104 942 auctoritate,
1124 906 1231 933 tenore

492 953 714 996 praesentium,
730 953 946 986 interdicimus
966 958 996 986 et
1015 953 1230 998 prohibemus.

538 1008 552 1051 ξ
577 1008 605 1040 2.
631 1007 663 1040 ln
690 1007 898 1040 locationibus
917 1018 991 1041 vero
1011 1007 1189 1048 domorum,
1207 1007 1231 1041 si

493 1061 561 1093 illas
589 1061 742 1093 eiusmodi
762 1061 1003 1104 consanguineis
1024 1061 1070 1094 vel
1088 1061 1232 1095 affinibus

492 1125 551 1159 pro
570 1114 703 1148 evidenti
730 1115 878 1148 ecclesiae
899 1115 946 1148 vel
967 1115 1027 1148 loci
1052 1120 1105 1148 aut
1128 1116 1233 1159 operis

493 1168 536 1212 pii
557 1168 689 1202 utilitate
713 1168 809 1201 locari
835 1168 990 1212 expediat,
1009 1168 1038 1201 id
1054 1169 1178 1202 nonnisi
1195 1169 1233 1202 de

493 1226 564 1256 voto
590 1222 716 1266 capituli
747 1223 794 1254 vel
830 1221 1084 1265 congregationis
1119 1232 1231 1266 respe-

447 1305 457 1313 ,
492 1275 571 1308 etive
600 1286 656 1319 per
680 1280 798 1308 secreta
823 1275 986 1319 suffragia,
1015 1286 1085 1309 cum
1111 1276 1233 1309 duabus

493 1329 539 1361 vel
566 1329 666 1361 tribus
690 1328 852 1372 partibus,
878 1334 924 1369 et,
948 1328 1050 1372 quoad
1076 1333 1232 1371 rectores,

493 1383 703 1426 cappellanos,
721 1381 932 1423 beneficiatos,
949 1382 1234 1416 commendatarios

493 1443 523 1469 et
548 1436 706 1469 fruetuum
733 1435 967 1475 reservatarios,
985 1435 1023 1468 de
1043 1436 1167 1468 lieentia
1192 1435 1235 1468 di-

493 1490 563 1522 lecti
586 1490 639 1522 [ilii
665 1489 763 1523 nostri
782 1494 811 1522 et
829 1499 887 1532 pro
917 1494 1058 1532 tempore
1076 1488 1234 1522 existentis

494 1544 625 1577 Romani
652 1543 810 1576 Pontiticis
837 1542 866 1575 in
890 1542 1001 1575 eadem
1021 1542 1103 1575 Urbe
1128 1542 1234 1575 vicarii

495 1597 526 1629 in
551 1596 767 1639 spiritualibus
791 1596 948 1638 generalis
972 1595 1035 1636 siat,
1053 1599 1082 1628 et
1107 1594 1234 1638 quidem

496 1661 565 1683 eum
592 1650 682 1682 solita
712 1650 820 1683 saltem
852 1649 1002 1692 pensione
1033 1654 1062 1681 et
1087 1649 1235 1682 clausulis

496 1704 661 1738 consuetis.
682 1705 825 1738 Ceterum
852 1703 910 1735 sub
935 1703 1117 1736 earumdem
1145 1713 1233 1746 prae-

496 1758 629 1791 sentium
655 1757 859 1801 dispositione
876 1766 1092 1800 quoscumque
1110 1761 1235 1789 contra-

497 1817 564 1844 ctus
582 1811 816 1853 alienationum,
831 1810 924 1843 etiam
938 1810 1091 1843 latissime
1111 1815 1236 1854 sumpto

497 1864 693 1898 alienationis
719 1864 882 1904 vocabulo,
900 1863 1137 1908 comprehendi,
1150 1874 1186 1897 ae
1206 1864 1236 1896 in

497 1919 558 1951 illis
584 1919 716 1951 sormam
743 1917 975 1951 constitutionis
1008 1917 1105 1950 felicis
1131 1927 1237 1950 reeor-

498 1971 631 2004 dationis
650 1970 735 2003 Pauli
757 1971 857 2014 Papae
875 1971 898 2003 ll
916 1969 1170 2014 praedecessoris
1186 1979 1238 2002 no-

498 2024 564 2065 stri,
589 2034 669 2067 quae
694 2023 805 2067 incipit
837 2023 1046 2064 Ambitiosae,
1067 2022 1169 2066 quoad
1195 2033 1238 2055 re-

498 2079 582 2122 liqua
607 2078 724 2111 servari
750 2078 893 2111 volumus
909 2082 939 2110 ot
956 2076 1155 2110 intendimus.

545 2133 559 2176 g
579 2132 607 2165 3.
634 2133 842 2166 Decernentes
860 2132 943 2176 ipsas
961 2136 1142 2175 praesentes
1162 2131 1239 2164 litte-

500 2197 562 2227 ras,
587 2185 680 2219 etiam
707 2196 742 2218 cx
768 2195 805 2219 eo
829 2184 913 2229 quod
938 2185 1129 2229 quicumque
1147 2185 1238 2218 etiam

502 2240 627 2284 speciali
647 2240 719 2274 nota
738 2243 767 2273 et
784 2239 985 2283 expressione
1002 2238 1088 2282 digni
1107 2239 1137 2272 in
1155 2249 1240 2283 prae-

503 2293 607 2326 missis
632 2294 736 2327 forsan
762 2293 913 2326 interesse
938 2292 1098 2334 habentes,
1116 2303 1170 2326 seu
1191 2293 1241 2325 lia-

502 2347 577 2380 bere
592 2347 827 2392 quomodolibet
841 2347 1089 2390 praetendentes,
1105 2347 1165 2380 illis
1179 2357 1240 2380 non

504 2401 729 2440 consenserint,
755 2406 808 2433 aut
831 2400 869 2432 ad
894 2410 930 2433 ea
953 2400 1054 2433 vocati
1079 2406 1109 2433 ct
1133 2400 1240 2441 auditi,

505 2464 557 2486 seu
588 2464 708 2495 causae,
734 2458 863 2497 propter
894 2464 971 2498 quas
1000 2454 1128 2487 eaedem
1156 2464 1242 2497 prae-

505 2512 607 2539 sentes
632 2511 835 2547 emanarunt,
860 2507 1029 2548 adductae,
1055 2507 1242 2548 verificatae,

506 2564 558 2592 aut
578 2560 768 2593 sufficienter
789 2561 835 2593 vel
860 2561 925 2593 ullo
944 2560 1038 2594 modo
1058 2560 1242 2594 iustificatae

1067 160 1250 186 BULLARlUM
1271 160 1426 187 ROMANUM

1258 219 1320 242 non
1343 208 1470 249 fuerint,
1483 213 1536 241 aut
1549 220 1584 241 ex
1603 209 1660 242 alia
1679 220 1877 253 quacumque
1903 219 1997 254 quan-

1260 261 1374 294 tumvis
1394 261 1533 304 legitima
1557 266 1587 294 et
1611 261 1808 306 privilegiata
1828 265 1930 304 causa,
1948 274 2000 296 co-

1260 314 1337 356 lore,
1354 318 1517 358 praetextu
1535 319 1564 348 et
1581 314 1692 359 capite,
1706 314 1799 348 etiam
1818 315 1848 347 in
1866 325 2000 360 corpore

1261 367 1338 400 iuris
1363 367 1488 408 clauso,
1513 367 1607 400 etiam
1633 368 1790 410 enormis,
1817 368 2001 402 enormissi-

1263 430 1331 453 mae
1345 425 1374 453 et
1385 419 1488 453 totalis
1501 420 1657 462 laesionis,
1671 420 1756 454 nullo
1770 430 1908 465 unquam
1923 426 2000 454 tem-

1262 483 1339 516 pore
1363 472 1402 505 de
1426 473 1639 517 subreptionis
1660 473 1707 507 vel
1728 473 1923 518 obreptionis
1950 480 2002 508 aut

1262 525 1412 558 nullitatis
1448 525 1544 566 vitio,
1580 536 1634 559 seu
1666 526 1846 560 intentionis
1878 532 2003 561 nostrae

1262 578 1310 611 vel
1335 578 1485 611 interesse
1520 578 1702 612 habentium
1735 589 1927 622 consensus,
1951 586 2004 614 aut

1263 631 1324 664 alio
1338 631 1479 675 quolibet
1496 632 1726 675 quantumlibet
1743 632 1937 666 substantiali
1954 633 2004 667 de-

1263 684 1346 717 fectu
1370 684 1484 725 notari,
1509 685 1712 729 impugnari,
1737 685 1922 728 invalidari,
1947 696 2000 720 re-

1264 736 1387 781 stringi,
1412 738 1588 780 retractari,
1616 738 1654 771 ad
1676 739 1755 772 viam
1776 749 1832 772 seu
1851 739 2003 774 terminos

1265 789 1496 833 iurisweduei,
1530 790 1560 823 in
1593 791 1641 824 ius
1673 792 1720 825 vel
1756 791 2003 826 controversiam

1265 842 1428 884 revocari,
1453 854 1507 877 seu
1532 844 1682 878 adversus
1718 845 1787 878 illas
1822 845 2006 890 aperitionis

1266 897 1340 939 oris,
1365 898 1571 932 restitutionis
1597 899 1628 931 in
1652 899 1822 942 integrum,
1847 903 1901 932 aut
1920 900 2005 934 aliud

1266 951 1490 996 quodcumque
1514 953 1612 994 iuris,
1638 953 1709 986 sacti
1742 953 1790 986 vel
1815 953 1934 997 gratiae
1958 964 2006 987 re-

1267 1005 1406 1039 medium
1432 1007 1607 1050 impetrari,
1633 1008 1679 1040 vel
1705 1007 1797 1040 etiam
1824 1011 1910 1041 motu
1934 1019 2006 1051 pro-

1267 1059 1338 1103 prio
1363 1070 1512 1093 concesso
1549 1061 1728 1104 quempiam
1756 1061 1786 1093 in
1817 1061 1933 1094 iudicio
1958 1062 2006 1094 vel

1267 1118 1355 1146 extra
1379 1114 1455 1146 illud
1481 1114 1523 1146 uti
1549 1125 1603 1147 seu
1628 1125 1661 1147 se
1686 1114 1793 1147 iuvare
1817 1125 1930 1158 posse,
1952 1116 2007 1149 sed

1268 1166 1349 1210 ipsas
1373 1172 1552 1210 praesentes
1589 1168 1707 1202 litteras
1732 1178 1856 1212 semper
1880 1168 2007 1209 sirmas,

1269 1220 1383 1253 validas
1404 1226 1434 1253 et
1452 1221 1593 1254 efficaces
1618 1221 1751 1254 existere
1775 1227 1805 1255 et
1828 1222 1905 1264 fore,
1919 1233 2008 1256 suos-

1267 1285 1327 1318 que
1352 1274 1512 1318 plenarios
1537 1280 1567 1308 et
1591 1275 1731 1318 integros
1754 1275 1884 1309 effectus
1901 1275 2008 1309 sortiri

1267 1332 1297 1360 et
1320 1327 1472 1368 obtinere,
1487 1328 1573 1361 acab
1588 1328 1659 1369 illis,
1684 1328 1722 1361 ad
1747 1339 1825 1372 quos
1843 1334 1963 1373 spectat
1980 1333 2010 1364 et

1267 1391 1325 1425 pro
1351 1385 1491 1425 tempore
1515 1382 1681 1426 spectabit,
1702 1388 1854 1426 perpetuo
1878 1383 2008 1417 inviola-

1268 1433 1373 1467 biliter
1397 1435 1569 1476 observari,
1595 1434 1702 1479 sicque
1728 1439 1757 1470 et
1780 1446 1843 1469 non
1867 1436 1958 1470 aliter
1978 1437 2009 1470 in

1268 1488 1448 1531 praemissis
1464 1498 1521 1532 per
1544 1499 1761 1532 quoscumque
1785 1488 1904 1523 iudices
1929 1489 2010 1524 ordi-

1267 1541 1374 1575 narios
1399 1547 1428 1574 et
1453 1542 1621 1585 delegatos,
1646 1542 1739 1575 etiam
1766 1553 1930 1576 cansarum
1956 1554 2011 1588 pa-

1269 1595 1331 1628 latii
1358 1595 1521 1639 apostolici
1542 1596 1711 1638 auditores,
1732 1601 1762 1630 et
1781 1596 1920 1630 eiusdem
1942 1608 2011 1632 san-

1269 1655 1338 1683 ctae
1359 1650 1519 1683 Romanae
1537 1650 1693 1684 Ecclesiae
1715 1650 1899 1693 cardinales,
1917 1652 2010 1685 etiam

1270 1703 1307 1736 de
1325 1704 1422 1736 latere
1439 1703 1569 1746 legatos,
1588 1707 1617 1738 et
1633 1704 1711 1738 alios
1728 1704 1886 1748 quoslibet
1902 1705 2011 1749 quavis

1270 1757 1456 1791 auctoritate
1470 1762 1499 1790 et
1512 1762 1666 1801 potestate
1683 1758 1858 1801 fungentes,
1872 1763 1902 1792 et
1916 1769 2012 1803 quan-

1271 1810 1449 1854 documque
1465 1811 1638 1851 suncturos,
1652 1812 1774 1845 sublata
1791 1811 1836 1845 eis
1857 1817 2011 1846 eteorum

1272 1864 1400 1897 cuilibet
1424 1863 1513 1896 aliter
1546 1863 1702 1897 iudicandi
1729 1869 1758 1897 et
1783 1865 2011 1909 interpretandi

1271 1917 1415 1950 facultate
1436 1922 1465 1949 ct
1483 1917 1678 1958 auctoritate,
1694 1917 1824 1951 iudicari
1843 1924 1872 1951 et
1887 1917 2012 1952 definiri

1272 1971 1404 2011 debere,
1422 1981 1457 2004 ac
1474 1971 1598 2004 irritum
1617 1977 1647 2005 et
1672 1972 1780 2012 inane,
1798 1971 1822 2005 si
1848 1982 1937 2005 secus
1961 1983 2011 2006 su-

1273 2035 1329 2069 per
1354 2025 1402 2057 his
1427 2035 1443 2057 a
1468 2035 1649 2069 quoquam,
1676 2025 1785 2068 quavis
1809 2025 2012 2068 auctoritate,

1273 2078 1408 2112 scienter
1438 2078 1485 2111 vel
1503 2078 1704 2122 ignoranter,
1728 2079 1896 2123 contigerit
1919 2084 2014 2113 atten-

1274 2132 1341 2165 tari.

1318 2185 1332 2229 g
1357 2185 1386 2218 4.
1412 2185 1480 2218 Non
1506 2184 1725 2228 obstantibus,
1758 2190 1911 2229 quatenus
1935 2197 2014 2231 opus

1274 2239 1322 2282 sit,
1348 2239 1385 2272 de
1410 2249 1472 2273 non
1499 2239 1636 2272 tollendo
1661 2239 1729 2273 iure
1755 2240 1907 2283 quaesito,
1935 2245 2015 2274 cete-

1275 2293 1380 2337 risque
1405 2293 1522 2327 nostris
1541 2298 1571 2326 et
1596 2293 1801 2327 cancellariae
1825 2294 2015 2338 apostolicae

1275 2347 1404 2390 regulis,
1431 2352 1460 2380 et
1485 2347 1554 2380 aliis
1579 2347 1853 2381 constitutionibus
1877 2351 1907 2382 et
1931 2348 2015 2381 ordi-

1274 2400 1454 2434 nationibus
1468 2400 1658 2444 apostolicis,
1674 2401 1766 2433 etiam
1781 2400 2014 2443 conciliaribus,

1276 2463 1397 2486 necnon
1415 2453 1632 2494 ecclesiarum,
1650 2464 1703 2487 seu
1725 2454 1937 2496 basilicarum,
1956 2454 2016 2488 col·

1276 2507 1443 2549 legiorum,
1468 2512 1679 2541 conventuum
1695 2535 1702 2549 ‚
1728 2508 1991 2542 monasteriorum
2006 2535 2015 2550 ,

1277 2561 1570 2604 congregationum,
1595 2561 1808 2606 hospitalium,
1833 2561 2015 2609 arcihospi-

2022 164 2068 190 An.
2082 165 2108 193 c.
2130 167 2201 198 ¹657*

2052 2191 2162 2214 contrariis
2167 2191 2203 2216 de·¹

2029 2222 2096 2246 rogan
