2243 3205
54 171 101 198 An.
117 169 146 195 C.
168 168 236 195 ¹660

79 2420 187 2443 confirmat
196 2422 232 2444 de-

54 2449 136 2468 cretum.

847 171 1030 197 ALEXANDER
1054 171 1100 196 vn
1120 172 1167 196 PP.

249 227 326 260 gava
350 217 454 251 undiei
479 218 641 262 bolognini
656 247 663 260 ,
688 219 746 252 che
771 219 917 253 sacevano
947 230 989 253 un

248 271 357 314 giulio,
378 272 402 304 si
429 273 524 316 pagbi
542 273 621 306 dieci
635 273 778 307 baiocchi
797 273 913 317 papali,
932 274 989 306 6116

248 323 303 357 ela
317 325 419 358 valuta
432 325 481 358 del
495 326 667 360 medesimo
682 326 789 370 giulio,
802 326 883 360 onde
897 326 991 360 sicco-

247 389 298 412 me
317 379 419 423 prima
444 381 468 412 si
495 380 614 414 davano
632 385 732 415 trenta
756 381 845 414 oncie
862 381 892 413 di
910 391 990 425 pane

247 443 305 476 per
330 439 455 476 quattro
470 434 644 477 bolognini,
662 434 773 468 adesso
790 445 846 478 per
864 439 989 478 quattro
1005 453 1006 456 =

246 485 389 520 haiocchi
414 497 446 520 se
474 497 512 519 ne
536 487 677 521 daranno
702 491 853 522 trentatre
877 488 988 530 oncle,

247 549 263 572 e
280 540 361 572 nella
382 540 553 573 medesima
570 542 757 575 conformita
777 541 801 574 si
820 541 885 574 sara
909 541 989 574 nelle

246 594 325 626 altre
350 594 426 628 robe
451 594 588 628 secondo
613 595 641 627 la
667 605 769 628 nuova
794 594 906 636 tariffa,
932 595 990 628 6116

246 647 277 680 111
302 647 379 691 giuli
405 658 420 680 e
445 647 587 681 baiocclii
620 648 645 681 si
679 648 819 681 daranno
845 648 985 692 dapper-

246 706 326 735 tutto
350 701 398 734 dai
425 702 625 745 governatori
652 713 667 735 e
689 702 816 735 ufficiali
848 703 898 735 nel
928 712 989 735 me-

245 756 367 789 desimo
404 759 510 800 tempo
545 756 626 789 della
662 756 902 800 pubblicazione
939 756 988 789 (161

244 815 391 854 presente
415 809 521 843 editto.
548 809 571 842 E
596 815 713 853 quanto
738 810 765 842 ai
787 810 889 853 prezzi
907 810 988 842 delle

245 863 322 897 robe
348 873 364 896 e
388 863 563 896 mercanzie
587 863 645 896 che
669 873 732 896 non
752 863 857 896 hanno
879 863 988 903 tat-iffa,

246 916 407 950 dovranno
432 917 440 949 i
467 917 617 951 mercanti
644 927 735 950 usare
759 917 787 949 la
819 916 988 949 medesima

244 970 455 1015 proporzione
480 981 496 1004 e
520 981 583 1004 non
614 971 729 1015 pigliar
761 970 926 1004 occasione
957 970 987 1002 di

245 1025 394 1066 atterant,
419 1029 500 1058 sotto
525 1035 605 1069 pena
634 1026 734 1058 etiam
758 1024 925 1069 corporale
950 1023 988 1056 ad

246 1078 378 1112 arbitrio
399 1078 429 1111 di
454 1078 516 1112 Sua
540 1078 718 1111 Eminenza.

289 1132 304 1176 ἓ
321 1130 350 1165 6.
375 1131 406 1166 Si
420 1132 547 1165 notifica
560 1131 598 1165 ad
615 1142 742 1175 ognuno
757 1131 815 1165 che
830 1131 889 1164 alle
904 1131 987 1164 dcttc

244 1196 324 1230 pene
349 1196 483 1220 saranno
506 1190 610 1220 tenute
628 1189 704 1220 tutte
722 1187 750 1219 le
770 1195 905 1230 persone
922 1185 986 1218 cosi

244 1239 377 1273 secolari
403 1250 491 1273 come
512 1239 745 1273 ecelesiastiche
766 1249 782 1272 e
800 1238 937 1282 regolari
956 1238 986 1271 di

244 1293 449 1338 qualsivoglia
473 1293 650 1337 privilegio,
668 1293 788 1336 dignita
812 1304 828 1326 6
854 1293 987 1337 preemi-

244 1357 360 1390 nenza,
384 1347 442 1380 che
467 1347 602 1380 ricerchi
628 1347 761 1391 speciale
786 1357 802 1379 e
827 1346 987 1379 individua

244 1401 420 1441 menzione,
437 1411 454 1433 e
471 1400 495 1433 si
513 1400 686 1444 procedera
702 1411 758 1444 per
782 1399 987 1444 inquisizione

245 1465 261 1487 e
286 1454 317 1487 in
341 1453 414 1497 ogni
445 1454 524 1487 altro
549 1453 677 1496 miglior
702 1453 805 1487 modo.
831 1453 854 1486 E
875 1458 986 1497 questo

244 1507 353 1548 editto,
381 1506 495 1548 affisso,
520 1506 679 1550 publicato
696 1506 746 1539 1161
764 1506 872 1549 luoghi
893 1506 986 1547 soliti,

244 1560 374 1604 leghera
397 1569 526 1603 ognuno
540 1559 625 1604 dopo
640 1559 752 1603 cinque
769 1559 883 1603 giomi,
897 1570 986 1593 come

243 1624 277 1648 se
301 1615 383 1648 fosse
407 1614 662 1658 personalmente
687 1614 838 1647 intimato.

288 1668 366 1702 Dato
390 1667 440 1701 1161
465 1667 593 1701 castello
618 1667 648 1700 di
674 1668 806 1700 Ferrara
827 1672 937 1711 questo
955 1667 985 1699 di

243 1731 290 1756 x11
315 1721 414 1766 luglio
438 1731 567 1764 11061111,
589 1721 770 1765 pubblicato
789 1721 809 1754 il
827 1731 881 1754 x1v
901 1721 986 1755 detto

244 1786 341 1809 mese.

332 1829 483 1862 LORENzo
501 1828 585 1863 card.
604 1828 779 1873 Imperiale‚
794 1829 907 1872 legato,
922 1838 984 1862 ecc.

289 1883 460 1917 Subiuncta
485 1883 681 1927 praeinserto
707 1882 809 1916 edicto
835 1882 985 1927 peculiari

244 1937 460 1971 aestimatione
478 1947 532 1970 seu
547 1936 650 1969 tariffa
661 1941 858 1970 monetarum
877 1946 987 1979 argen-

244 1996 365 2024 tearum
377 1996 406 2024 et
423 2001 601 2033 aurearum,
619 2001 675 2034 per
692 1995 843 2034 quantum
858 1989 985 2022 eaedem

244 2050 389 2078 monetae
414 2044 452 2077 ad
476 2045 630 2078 rationem
648 2049 693 2077 tot
709 2044 867 2085 iuliorum,
884 2043 986 2076 baioc-

245 2109 354 2132 corum
380 2103 410 2131 et
434 2103 660 2142 quatrenorum
693 2097 866 2141 respective
898 2097 986 2129 aesti-

244 2156 370 2184 mantur
396 2156 426 2183 61
450 2151 653 2192 reducuntur,
672 2161 743 2183 curn
760 2150 919 2183 nonnullis
939 2160 986 2183 or-

244 2204 468 2245 dinationibus,
482 2209 576 2248 prout
592 2204 623 2236 in
637 2203 746 2236 eadem
762 2203 873 2245 tariffa,
891 2213 984 2246 quam

244 2258 463 2302 praesentibus
483 2268 542 2302 pro
567 2258 659 2301 piene
677 2262 706 2290 et
725 2257 915 2291 sufficienter
931 2268 984 2289 ex-

245 2313 355 2355 pressa
387 2321 423 2344 ac
447 2311 485 2344 (16
510 2311 606 2343 verbo
635 2310 673 2343 ad
705 2310 835 2342 verbum
861 2310 985 2342 ‘inserta

246 2364 357 2398 haberi
382 2364 538 2406 volumus,
564 2363 695 2396 uberius
721 2363 907 2397 continetur.

291 2418 305 2461 §
330 2417 358 2450 7.
384 2418 463 2451 Hinc
488 2423 533 2450 est
552 2417 635 2461 quod
653 2427 719 2457 nos,
737 2417 985 2460 praemissorum

247 2471 389 2505 omnium
411 2475 440 2506 61
464 2472 661 2514 singulorum
682 2470 814 2503 firmiori
835 2471 940 2504 robori
959 2476 988 2504 et

247 2525 417 2558 inviolabili
436 2525 654 2558 observantiae
672 2525 837 2558 consulere
857 2525 987 2569 cupien-

248 2583 305 2619 tes,
323 2579 458 2612 edictum
470 2579 712 2623 praeinserttu‘n,
726 2578 988 2623 subiunctai‘nque

1024 220 1125 253 eidem
1145 220 1278 254 tariss'am
1295 226 1324 255 et
1341 222 1554 257 ordinationes
1571 223 1763 265 huiusmodi,

1024 285 1095 307 cum
1122 275 1268 308 omnibus
1294 282 1323 309 et
1356 277 1487 321 singulis
1519 278 1549 310 in
1582 279 1626 311 eis
1658 289 1764 322 respe-

1024 327 1103 361 ctive
1138 329 1294 362 contentis
1327 334 1356 364 et
1388 330 1459 364 inde
1484 332 1645 375 sequutis,
1677 337 1764 365 motu

1024 381 1172 425 proprio,
1198 393 1233 416 ac
1259 394 1294 416 ex
1323 385 1407 416 certa
1433 385 1562 417 scientia
1587 391 1617 418 61
1641 387 1764 419 matura

1023 434 1248 469 deliberatione
1272 437 1410 477 nostris,
1439 437 1540 482 deque
1573 439 1764 483 apostolicae

1024 489 1185 531 potestatis
1201 489 1406 533 plenitudine,
1421 494 1529 524 tenore
1541 493 1763 536 praesentium,

1023 541 1248 575 confirmamus
1273 548 1303 575 61
1327 544 1550 587 approbamus,
1565 545 1680 589 illaque
1698 552 1764 579 rata

1023 601 1053 629 et
1077 602 1166 640 grata
1190 597 1352 639 babemus,
1379 609 1414 631 ac
1439 598 1525 632 iussu
1549 605 1659 633 nostro
1685 611 1764 633 ema-

1022 660 1112 683 nasse
1136 650 1333 683 declaramus
1359 657 1387 684 et
1412 657 1616 694 attestamur,
1641 664 1763 687 necnon

1023 703 1083 736 illis
1108 705 1254 737 omnibus
1287 710 1316 737 et
1352 704 1484 748 singulis
1521 706 1709 740 inviolabilis
1735 713 1763 740 61

1023 757 1251 801 irrefragabilis
1275 759 1465 802 apostolicae
1490 759 1647 793 firmitatis
1665 761 1764 794 robur

1022 816 1052 843 et
1077 811 1248 844 efficaciam
1281 811 1503 855 adiungimus,
1539 823 1710 857 omnesque
1735 821 1764 847 et

1022 863 1163 907 singulos
1188 865 1264 898 iuris
1289 870 1319 897 et
1343 865 1435 907 sacti,
1468 876 1504 898 ac
1530 867 1762 899 solemnitatum

1022 929 1305 963 quarumcumque,
1336 924 1397 951 tam
1427 930 1462 952 ex
1489 920 1566 952 iuris
1587 922 1763 954 communis

1023 977 1052 1004 et
1069 972 1329 1006 constitutionum
1348 972 1593 1016 apostolicarum
1612 975 1764 1017 praescri-

1021 1032 1085 1070 pto,
1111 1037 1203 1071 quam
1230 1027 1304 1060 alias
1328 1027 1628 1072 quomodocumque
1646 1034 1674 1061 61
1692 1040 1764 1072 qua·

1022 1079 1231 1124 litercumque
1257 1080 1349 1113 etiam
1369 1080 1406 1113 de
1423 1081 1608 1114 necessitate
1630 1082 1660 1114 in
1678 1082 1762 1114 simi-

1022 1132 1103 1165 libus
1135 1134 1425 1176 observandarum‚
1458 1134 1575 1167 aliosve
1605 1135 1763 1178 quoslibet

1021 1187 1221 1229 quantumvis
1247 1197 1378 1230 magnos
1403 1197 1438 1220 ac
1463 1187 1610 1220 formales
1636 1193 1665 1220 et
1690 1188 1763 1220 sub-

1021 1240 1179 1273 stantiales
1215 1240 1440 1284 individuaque
1466 1241 1625 1275 mentione
1651 1242 1764 1285 dignos

1021 1293 1169 1335 desectus,
1195 1294 1218 1327 si
1244 1295 1296 1338 qui
1323 1295 1354 1327 in
1372 1295 1553 1338 praemissis
1575 1296 1622 1328 vel
1651 1307 1762 1329 eorum

1020 1347 1126 1392 aliquo
1140 1348 1381 1392 quomodolibet
1397 1348 1632 1391 intervenerint,
1654 1355 1707 1382 aut
1720 1350 1764 1382 in-

1021 1401 1193 1434 tervenisse
1217 1401 1290 1442 dici,
1316 1402 1454 1443 censeri,
1478 1402 1639 1446 praetendi
1666 1408 1696 1435 61
1721 1403 1763 1435 111-

1021 1454 1118 1497 telligi
1145 1458 1282 1498 possent,
1311 1455 1494 1499 plenissime
1525 1455 1709 1499 supplemus
1734 1462 1763 1489 et

1021 1518 1180 1550 sanamus,
1206 1518 1242 1541 ac
1266 1509 1391 1552 penitus
1416 1514 1445 1542 et
1470 1509 1600 1542 omnino
1624 1509 1762 1542 tollimus

1021 1565 1049 1595 et
1070 1561 1242 1595 abolemus.

1065 1615 1079 1658 ἓ
1098 1615 1126 1649 8.
1145 1615 1354 1648 Decernentes
1374 1615 1500 1649 easdem
1518 1622 1700 1660 praesentes
1717 1617 1762 1652 lit-

1021 1674 1113 1709 teras,
1138 1674 1168 1701 61
1193 1669 1223 1701 in
1249 1669 1293 1702 eis
1318 1674 1463 1702 contenta
1484 1675 1513 1702 61
1535 1670 1652 1703 inserta
1672 1681 1763 1714 quae-

1021 1733 1166 1766 cumque,
1188 1733 1310 1756 necnon
1328 1723 1463 1756 tarilsam
1484 1728 1514 1756 61
1530 1723 1761 1758 ordinationem

1021 1777 1200 1810 huiusmodi
1215 1777 1253 1809 ab
1268 1777 1417 1810 omnibus
1436 1782 1466 1810 et
1483 1777 1614 1820 singulis
1632 1777 1669 1810 ad
1683 1789 1762 1822 quos

1020 1840 1102 1863 nunc
1115 1841 1242 1874 quoquo
1258 1830 1352 1864 modo
1370 1835 1490 1874 spectat
1507 1835 1536 1863 et
1554 1831 1705 1874 spectabit
1731 1832 1762 1864 in

1020 1884 1172 1924 futurum,
1183 1883 1411 1928 cuiuscumque
1425 1887 1532 1924 status,
1542 1883 1669 1926 gradus,
1679 1884 1763 1917 ordi-

1020 1938 1078 1978 nis,
1099 1933 1260 1981 dignitatis
1281 1943 1310 1970 et
1334 1938 1599 1981 praeeminentiae
1624 1939 1761 1979 suerint,

1020 1991 1141 2024 etiamsi
1168 1991 1378 2024 cardinalatus
1403 1991 1525 2024 honore
1551 1992 1706 2034 fulgeant,
1733 1997 1762 2025 et

1021 2044 1113 2086 legati
1143 2043 1181 2076 de
1212 2044 1309 2077 latere
1333 2049 1486 2088 potestate
1518 2050 1548 2077 61
1575 2045 1761 2078 auctoritate

1019 2098 1199 2140 fungantur,
1225 2107 1350 2141 semper
1375 2101 1404 2131 et
1428 2102 1581 2141 perpetuo
1602 2098 1762 2131 inviolabi-

1020 2151 1089 2183 liter
1114 2156 1143 2184 et
1168 2151 1353 2184 inconcusse
1379 2151 1540 2184 observari
1562 2151 1679 2184 debere
1709 2162 1761 2185 nc-

1018 2215 1079 2248 que
1097 2205 1179 2248 ipsas
1204 2209 1385 2248 praesentes
1409 2205 1539 2246 litteras,
1557 2205 1649 2238 etiam
1668 2216 1704 2238 ex
1724 2216 1761 2239 60

1018 2258 1102 2301 quod
1127 2257 1258 2301 quilibet
1284 2258 1314 2290 in
1340 2258 1522 2302 praemissis
1540 2259 1691 2291 iuteresse
1712 2259 1763 2291 lia-

1020 2312 1128 2344 bentes
1152 2322 1206 2344 scu
1232 2311 1349 2344 habere
1364 2312 1603 2355 quomodolibet
1621 2318 1763 2356 praeten-

1020 2365 1181 2397 tendentes
1199 2364 1258 2397 illis
1276 2375 1338 2398 non
1357 2366 1582 2409 consenserint,
1600 2371 1653 2398 aut
1671 2366 1707 2398 ad
1727 2377 1762 2399 ca

1022 2418 1119 2452 vocati
1145 2424 1174 2451 et
1198 2418 1306 2458 auditi,
1324 2429 1510 2463 causaeque,
1535 2426 1666 2463 propter
1686 2431 1762 2463 quas

1021 2473 1105 2515 ipsae
1130 2476 1309 2515 praesentes
1328 2478 1524 2514 emanarunt,
1543 2473 1695 2506 adductae
1710 2479 1762 2506 aut

1022 2524 1197 2559 verificatae
1223 2528 1253 2558 ct
1278 2525 1462 2558 iustiticatae
1480 2536 1542 2559 non
1561 2526 1686 2567 suerint,
1708 2538 1762 2559 seu

1022 2589 1057 2612 ex
1083 2579 1142 2612 alia
1167 2579 1305 2622 qualibet
1328 2581 1528 2623 quantumvis
1554 2581 1651 2621 iusta,
1684 2582 1762 2625 legi-

1669 166 1732 200 579
1779 176 1829 202 An.
1846 176 1874 202 c.
1897 176 1964 204 1660

1805 1627 1924 1648 (2111010166.
