2243 3205
305 193 344 221 An
371 196 398 222 c.
422 196 489 223 ⁴660
535 187 598 220 69⁶2

336 1903 478 1930 supplicatio.

504 244 728 287 redemptionis
760 245 971 288 captivorum,
1005 246 1240 289 congregationi

505 297 730 329 venerabilium
757 297 887 330 fratrum
909 304 1089 332 nostrorum
1108 300 1136 331 S.
1156 300 1188 331 n.
1207 299 1239 331 Ε.

505 350 708 382 cardinalium
735 351 868 393 negotiis
901 357 930 384 et
960 352 1241 385 consultationibus

505 402 727 446 episcoporum
764 409 794 436 et
820 404 1012 447 regularium
1044 404 1241 448 praepositae

504 456 656 498 exposito,
673 456 767 499 quod,
786 456 856 490 licet
873 457 974 490 eidem
994 458 1101 491 Ordini
1119 457 1243 500 amplis-

504 508 582 540 sima
615 510 857 543 communicatio
889 511 1150 554 privilegiorum,
1171 510 1241 553 qui-

503 560 562 593 bus
595 561 646 593 alii
672 562 802 595 Ordines
835 563 1046 596 mendicantes
1078 563 1241 602 fruuntur,

503 626 521 647 a
546 615 642 648 felicis
668 617 894 650 recordationis
922 618 1023 650 Leone
1044 618 1078 658 X,
1107 627 1142 649 ae
1169 616 1239 649 Cle-

505 672 608 700 mente
634 668 694 709 Vll,
723 674 753 701 et
781 669 865 702 Sixto
894 670 916 701 V
942 669 1089 702 Romanis
1114 668 1242 701 Pontifi-

505 719 592 753 cibus
620 721 914 764 praedecessoribus
947 722 1062 754 nostris
1096 731 1243 754 concessa

504 775 719 817 reperiretur,
749 780 779 807 et
804 775 884 807 inter
909 775 967 807 alia
992 774 1156 818 privilegia
1180 775 1243 807 hu-

505 827 638 860 iusmodi
669 829 786 861 eisdem
813 828 982 861 Ordinibus
1016 828 1136 860 indulta
1165 833 1245 860 esset

505 881 633 914 facultas
651 882 785 924 eligendi
801 883 917 915 iudices
931 887 1177 923 conservatoreS,
1192 882 1243 925 qui

504 934 573 967 iura
593 945 702 968 eorum
733 940 887 977 tueantur,
911 946 1027 978 eosque
1056 935 1094 967 ab
1122 935 1245 967 iniuriis

506 991 535 1020 et
555 987 709 1020 violentiis
730 988 907 1029 defendant,
925 993 1244 1031 conservatorumque

505 1040 686 1073 huiusmodi
722 1041 833 1074 electio
864 1042 983 1074 veniret
1014 1041 1072 1075 sub
1097 1052 1242 1074 commu-

505 1093 661 1127 nicatione
694 1094 943 1138 privilegiorum,
969 1095 1049 1127 sicut
1077 1105 1246 1137 congrega-

506 1147 549 1179 tio
574 1147 713 1180 eiusdem
735 1147 763 1181 S.
787 1149 820 1181 R.
840 1149 871 1181 Ε.
896 1148 1101 1181 cardinalium
1117 1148 1244 1181 Concilii

505 1201 677 1233 Tridentini
718 1201 924 1245 interpretum
957 1201 1008 1234 die
1042 1212 1086 1234 xu
1120 1202 1244 1234 decem-

506 1254 571 1286 bris
584 1264 688 1288 MDCLV
707 1254 820 1287 dicitur
833 1255 1025 1295 declarasse,
1042 1255 1245 1288 nihilominus

506 1307 713 1350 primodietus
741 1308 842 1348 Ordo,
873 1308 998 1352 quando
1031 1319 1062 1341 se
1095 1308 1246 1341 offerebat

507 1361 630 1393 occasio
655 1366 707 1393 aut
731 1361 900 1394 necessitas
924 1361 1101 1405 praedictos
1127 1361 1245 1394 iudices

508 1420 744 1447 conservatores
768 1415 920 1456 eligendi,
945 1415 1046 1447 varias
1070 1414 1246 1458 patiebatur

509 1467 688 1508 molestias,
719 1468 872 1511 pluraque
897 1468 1069 1510 cogebatur
1093 1467 1246 1501 sustinere

508 1521 691 1563 gravamina
715 1531 773 1564 pro
804 1520 988 1553 stabilienda
1019 1520 1178 1564 praedicta
1202 1521 1246 1553 sa-

507 1574 621 1606 cultate
635 1574 752 1606 iudices
766 1579 1002 1607 conservatores
1016 1574 1161 1616 eligendi,
1175 1585 1246 1607 cum

508 1637 622 1669 magno
646 1627 841 1670 praeiudicio
867 1627 965 1670 ipsius
982 1627 1116 1667 Ordinis,
1134 1633 1164 1660 et
1180 1638 1247 1671 gra-

509 1679 636 1712 vissimo
661 1680 849 1713 detrimento
883 1681 949 1712 eius
974 1680 1089 1712 iurium
1105 1707 1112 1721 ,
1144 1691 1180 1713 ac
1204 1681 1246 1724 pii

507 1733 612 1776 operis
637 1733 862 1776 redemptionis
882 1733 1088 1777 captivorum,
1110 1734 1193 1777 quod
1211 1745 1246 1767 ex

507 1787 637 1830 proprio
666 1797 702 1819 ac
737 1787 863 1830 speciali
899 1793 1010 1830 quarto
1051 1788 1245 1831 solemnique

507 1845 580 1873 voto
595 1839 790 1872 administrat
811 1846 840 1872 et
864 1840 1047 1884 profitetur;

552 1892 567 1935 ξ
592 1892 620 1924 t.
646 1893 683 1925 Et
706 1897 875 1937 propterea
899 1893 1074 1936 supplicato
1098 1894 1248 1937 primodi-

509 1949 575 1977 ctae
601 1945 806 1978 cardinalium
837 1946 1092 1989 congregationi,
1123 1952 1157 1979 ut
1191 1947 1242 1980 de-

509 1998 643 2030 clararet
668 2004 841 2032 memorato
867 1999 974 2032 Ordini
1006 2000 1036 2031 B.
1066 2000 1180 2032 Mariae
1208 1999 1246 2032 de

508 2051 650 2084 Mercede
674 2051 900 2095 redemptionis
917 2053 1122 2096 captivorum,
1138 2053 1246 2095 vigore

508 2104 800 2138 communicationis
835 2105 1075 2148 privilegiorum
1101 2105 1245 2149 supradi-

508 2162 642 2198 ctorum,
657 2162 839 2201 competere
857 2158 1033 2191 facultatem
1053 2159 1188 2201 eligendi
1204 2159 1247 2192 iu-

508 2211 593 2244 dices
617 2216 853 2244 conservatores
874 2211 904 2243 in
930 2212 1052 2244 casibus
1072 2222 1089 2244 a
1107 2212 1174 2245 iure
1190 2223 1246 2256 per

507 2264 658 2308 speciales
682 2264 919 2297 constitutiones
950 2265 1138 2308 apostolicas
1173 2276 1245 2308 per—

507 2318 620 2358 missis,
641 2323 702 2350 tam
728 2328 785 2361 pro
811 2319 962 2361 personis,
989 2319 1084 2351 rebus
1099 2324 1129 2352 et
1153 2319 1245 2352 bonis

507 2370 605 2414 ipsius
629 2371 762 2413 Ordinis,
783 2382 875 2415 quam
902 2382 962 2415 pro
986 2372 1124 2415 praefato
1149 2382 1245 2416 opere

507 2424 730 2468 redemptionis
755 2424 968 2468 captivorum,
994 2424 1078 2457 iuxta
1102 2430 1243 2458 tenorem

508 2477 764 2511 constitutionum
790 2478 975 2511 recolendae
998 2478 1167 2511 memoriae
1184 2478 1246 2512 Cle-

508 2530 620 2562 mentis
644 2531 744 2574 Papae
768 2531 833 2564 VIII
851 2537 881 2564 et
900 2531 1043 2574 Gregorii
1074 2531 1172 2575 Papae
1196 2532 1244 2564 XV

508 2583 784 2626 praedecessorum
812 2585 931 2628 pariter
959 2590 1140 2619 nostrorum
1174 2595 1245 2619 nec-

1091 198 1267 222 BULLARIUM
1290 197 1443 221 ROMANUM

2027 198 2075 223 Αηζ
2091 198 2118 227 C.
2139 200 2200 230 1680

1276 256 1338 278 non
1363 245 1584 278 declarationis
1615 245 1715 278 dictae
1740 245 2011 289 congregationis,

1276 298 1432 330 emanavit
1452 298 1489 330 ab
1515 297 1623 330 eadem
1649 298 1892 340 congregatione
1917 298 2014 331 cardi-

1276 351 1392 383 nalium
1410 351 1543 394 negotiis
1578 357 1607 384 et
1634 351 1914 385 consultationibus
1938 352 2015 395 epis-

1277 415 1427 448 coporum
1447 410 1476 437 et.
1500 404 1693 447 regularium
1716 404 1894 448 praeposita
1911 405 2015 438 decre-

1278 462 1342 489 tum
1370 457 1487 490 tenoris
1511 457 1564 501 qui
1588 457 1738 501 sequitur,
1764 457 1927 490 videlicet-

1322 509 1336 553 ξ
1352 509 1380 542 ⁶2.
1401 522 1413 542 e
1425 510 1518 543 Sacra
1535 511 1738 553 congregatio
1756 510 2015 543 eminentissimo-
2054 523 2200 547 nectem-uu-

1279 573 1347 595 rum
1370 563 1399 595 S.
1421 564 1454 595 P..
1473 563 1505 596 E.
1524 563 1729 596 cardinalium
1745 563 1877 606 negotiis
1891 569 1920 596 et
1939 574 2013 597 con·
2028 554 2199 598 &rga-eouerw-

1278 616 1497 649 stillationibus
1522 616 1742 660 episcoporum
1769 621 1798 650 et
1821 617 2014 660 regularium

1279 669 1465 712 praeposita,
1483 670 1606 702 attentis
1630 670 1763 703 narratis
1788 675 1818 702 et
1841 670 2015 704 communi-

1279 723 1400 756 catione
1424 723 1661 767 privilegiorum
1687 723 1878 765 huiusmodi,
1895 723 2016 756 censuit

1279 775 1344 808 cius
1370 776 1477 818 vigore
1498 777 1655 820 praefatae
1679 776 1824 819 religioni
1849 776 1881 809 B.
1902 776 2015 810 Mariae

1279 829 1316 861 de
1330 829 1470 862 Mercede
1484 829 1709 873 redemptionis
1723 831 1919 873 captivorum
1934 840 2016 864 com-

1279 885 1386 924 petere
1411 882 1457 914 ius
1485 882 1642 925 eligendi,
1675 883 1804 915 servatis
1833 882 2015 925 servandis,

1279 934 1336 966 sibi
1363 941 1616 968 conservatorem
1632 963 1639 976 ‚
1663 939 1757 979 prout
1781 935 1807 968 ei
1837 941 2015 980 competere

1280 988 1453 1031 praesentis
1477 988 1591 1021 decreti
1617 993 1725 1022 tenore
1749 989 1886 1021 declarat
1910 994 1939 1022 et
1963 989 2016 1022 de-

1280 1041 1387 1082 cernit,
1413 1041 1578 1074 contrariis
1603 1041 1853 1085 quibuscumque
1876 1052 1939 1075 non
1964 1042 2017 1075 ob-

1280 1094 1448 1135 stantibus,
1474 1105 1509 1127 ac
1533 1105 1627 1138 super
1662 1095 1845 1138 praemissis
1877 1094 2016 1139 expediri

1280 1147 1386 1190 Breve,
1412 1148 1436 1180 si
1461 1148 1658 1181 sanctissimo
1682 1148 1810 1182 domino
1830 1154 1939 1182 nostro
1954 1148 2018 1192 pla-

1280 1200 1389 1233 cuerit.
1652 1215 1656 1218 ⁴

1325 1254 1440 1286 Romae
1465 1264 1483 1287 x
1507 1254 1695 1298 septembris
1719 1263 1834 1287 MDeLx.

1653 1307 1690 1340 M.
1709 1307 1792 1340 card.
1810 1307 1979 1348 Giua'rrus,

1323 1360 1337 1403 ἓ
1361 1359 1390 1392 3.
1416 1359 1489 1393 Cum
1515 1365 1629 1401 autem,
1654 1361 1734 1394 sicut
1756 1360 1858 1394 dictus
1874 1361 2016 1394 Francis·
2031 1369 2201 1400 pecretnmpm-

1280 1424 1333 1446 cus
1357 1413 1447 1446 nobis
1471 1424 1572 1458 nuper
1597 1415 1709 1459 exponi
1727 1415 1809 1456 fecit,
1826 1415 1893 1459 ipse
1909 1415 2017 1449 decre·
2031 1399 2210 1444 gssssffglu‘ssofflfffg

1280 1471 1345 1499 tum
1372 1467 1560 1509 huiusmodi,
1584 1479 1641 1512 pro
1661 1468 1794 1501 firmiori
1812 1468 1894 1502 illius
1917 1469 2017 1502 subsi-

1280 1520 1401 1561 stentia,
1415 1521 1607 1564 apostolicae
1625 1521 1872 1554 confirmationis
1892 1526 2018 1555 nostrae

1281 1573 1396 1606 robore
1421 1574 1610 1607 communiri
1632 1585 1832 1618 summopere
1845 1574 2017 1608 desideret:

1280 1637 1348 1667 nos,
1375 1626 1476 1670 ipsum
1502 1627 1703 1661 Franciscum
1728 1628 1915 1672 specialibus
1939 1629 2020 1662 favo-

1281 1679 1367 1711 ribus
1392 1685 1420 1712 et
1445 1680 1554 1723 gratiis
1588 1681 1736 1724 prosequi
1774 1682 1925 1724 volentes,
1950 1687 1980 1714 et
2001 1691 2019 1714 a

1281 1732 1443 1775 quibusvis
1468 1734 1819 1777 excommunicationis,
1844 1735 2020 1778 suspensio-

1280 1785 1328 1817 nis
1344 1790 1374 1818 et
1391 1785 1558 1827 interdicti,
1572 1786 1703 1830 aliisque
1717 1787 1936 1820 ecclesiasticis
1954 1797 2018 1820 sen-

1281 1838 1394 1879 tentiis,
1419 1839 1560 1872 censuris
1586 1843 1615 1873 et
1639 1839 1760 1883 poenis,
1777 1850 1794 1872 a
1815 1839 1884 1873 iure
1903 1840 1950 1873 vel
1977 1839 2015 1872 ab

1280 1891 1418 1932 homine,
1443 1892 1550 1935 quavis
1575 1892 1739 1926 occasione
1755 1893 1801 1926 vel
1827 1894 1920 1927 causa
1937 1893 2016 1933 latis,

1281 1945 1304 1977 si
1330 1946 1444 1989 quibus
1469 1946 1706 1990 quomodolibet
1727 1947 1891 1981 innodatus
1905 1946 2015 1989 existit,

1280 1998 1317 2030 ad
1345 1998 1489 2032 effectum
1514 2000 1728 2043 praesentium
1753 2000 1912 2033 dumtaxat
1936 2010 2013 2033 con-

1280 2051 1487 2094 sequendum,
1513 2052 1625 2084 barum
1651 2053 1731 2085 serie
1756 2052 1950 2086 absolventes
1986 2057 2015 2085 et

1279 2105 1457 2138 absolutum
1482 2106 1550 2139 fore
1574 2112 1735 2139 censentes
1750 2134 1757 2148 ,
1783 2105 2017 2150 supplicationi-

1280 2157 1337 2191 bus
1361 2158 1428 2191 eius
1451 2159 1578 2192 nomine
1602 2160 1694 2193 nobis
1719 2170 1813 2204 super
1837 2160 1897 2193 hoc
1913 2158 2016 2192 humi-

1280 2211 1350 2244 liter
1373 2212 1526 2255 porrectis
1559 2213 1718 2254 inclinati,
1742 2213 1903 2246 decretum
1928 2222 2018 2256 prae-

1280 2265 1443 2306 insertum,
1468 2266 1653 2299 auctoritate
1684 2266 1878 2310 apostolica,
1908 2270 2016 2299 tenore

1279 2319 1501 2361 praesentium,
1512 2319 1735 2353 confirmamus
1749 2325 1779 2353 et
1791 2320 2015 2364 approbamus,

1280 2370 1402 2414 illisque
1427 2372 1615 2405 inviolabilis
1646 2373 1835 2416 apostolicae
1859 2371 2015 2406 firmitatis

1279 2423 1378 2457 robur
1401 2424 1579 2464 adiicimus3
1600 2426 1684 2458 salva
1709 2430 1812 2458 tamen
1837 2435 1962 2469 semper
1982 2423 2014 2456 in

1278 2478 1459 2520 praemissis
1483 2479 1668 2512 auctoritate
1692 2479 1830 2512 eiusdem
1847 2487 2015 2521 congrega-

1280 2531 1372 2564 tionis
1397 2532 1614 2565 cardinalium.

1324 2584 1338 2627 ἓ
1354 2584 1382 2616 4.
1400 2585 1607 2618 Decernentes
1625 2584 1747 2617 easdem
1773 2588 1952 2628 praesentes
1967 2582 2014 2616 lit·
2027 2570 2197 2626 p0fflif¹⁵¹¹¹⁸⁸⁸⁹'
