2243 3205
11 220 56 246 An.
81 216 107 243 C.
126 215 192 242 1660

34 436 143 459 Confirmat
154 435 188 455 de·

9 467 94 486 eretum.

36 964 194 988 Genti-avenion—

13 993 64 1014 tinm
77 996 166 1019 poenae.

38 2136 160 2166 ,vetretum
178 2136 205 2157 ir-

0 2169 1 2190 1
28 2164 96 2184 riuus.

804 213 989 239 ALEXANDER
1014 214 1057 237 vn
1081 214 1128 237 PP.

200 260 369 295 novissime
394 261 583 303 remisimus,
607 262 723 306 quique
747 267 853 306 partes
873 271 942 294 sae-

200 314 271 358 pius
293 313 491 355 audiverunt,
509 320 538 348 et
556 326 622 348 rem
641 320 757 348 attente
774 320 804 347 et
822 320 944 347 mature

201 367 426 407 discusserunt,
450 368 591 410 consilio,
617 369 789 412 apostolica
809 368 944 401 auctori-

202 425 273 462 tate,
297 424 404 454 tenore
427 419 651 464 praesentium,
670 421 875 461 declaramus,
889 426 946 453 sta-

204 473 320 506 tuimus
355 477 385 508 et
421 474 642 515 decernimus,
675 480 709 507 ut
740 474 770 507 in
803 475 943 507 futurum

204 525 300 559 oblati
326 536 382 559 seu
406 527 577 560 servientes
603 527 634 559 in
660 527 844 560 memoratis
877 538 946 571 pro-

204 579 313 612 vinciis
339 580 421 613 tertii
446 579 570 613 Ordinis
602 581 699 613 sancti
731 580 889 613 Francisci
915 580 946 612 in

204 642 304 674 regno
330 631 447 665 Galliae
472 633 676 665 consistentes
701 633 881 665 nullatenus
903 644 947 665 re-

205 684 362 729 cipiantur
376 690 405 717 et
421 685 459 717 ad
476 685 706 729 professionem
731 686 946 726 admittantur,

206 738 266 771 nisi
285 749 356 771 cum
373 738 510 771 biennali
528 739 681 772 novitiatu
698 744 728 772 et
744 745 857 784 quarto
876 745 947 773 voto

206 791 244 824 de
269 802 332 825 non
357 792 537 835 quaerenda
573 803 627 825 seu
663 792 863 837 procuranda
887 793 947 825 alia

206 845 245 878 ab
270 845 451 878 huiusmodi
487 846 666 880 oblatorum
691 852 721 879 et
746 846 947 880 servientium

208 898 396 939 conditione,
413 898 451 931 ad
471 899 702 943 praescriptum
728 899 869 932 eiusdem
895 899 950 932 Or-

207 951 289 985 dinis
326 952 607 993 constitutionum;
645 963 680 986 ac
717 953 848 996 proinde
890 953 948 985 sub

207 1005 319 1050 poenis
343 1005 527 1048 privationis
552 1005 636 1038 vocis
660 1005 778 1038 activae
802 1010 832 1038 et
856 1006 950 1049 passi-

208 1068 264 1091 vae
288 1067 411 1091 necnon
432 1058 621 1099 officiorum,
637 1064 666 1091 et
678 1063 848 1102 perpetuae
867 1058 951 1090 inha-

209 1110 340 1144 bilitatis
366 1111 403 1143 ad
428 1121 464 1144 ea
488 1116 518 1144 et
542 1111 601 1144 alia
626 1121 843 1155 quaecumque
868 1111 950 1144 obti-

208 1163 320 1205 nenda,
345 1164 495 1208 praedicti
517 1164 641 1198 Ordinis
662 1164 892 1208 superioribus,
910 1165 951 1196 os-

208 1216 365 1250 ficialihus
390 1223 419 1250 et
443 1218 511 1250 aliis
532 1217 795 1261 quibuscumque,
813 1217 850 1249 ad
872 1228 951 1260 quos

209 1277 329 1316 spectat
360 1283 415 1305 seu
447 1278 588 1316 spectare
613 1271 875 1316 quandocumque
900 1282 952 1315 po-

209 1326 283 1359 terit
306 1325 338 1358 in
362 1326 502 1358 futurum
518 1353 525 1366 ,
550 1331 644 1371 atque
678 1326 770 1358 etiam
801 1325 951 1358 nullitatis

211 1378 465 1413 et'invaliditatis
486 1390 575 1412 secus
601 1385 762 1422 gestorum
787 1384 816 1412 et
840 1389 951 1421 geren-

211 1432 335 1474 dorum,
361 1433 546 1467 auctoritate
577 1438 606 1466 et
639 1438 747 1466 tenore
784 1433 952 1477 praedictis

210 1486 424 1530 praecipimus
461 1490 490 1520 et
525 1486 751 1530 prohibemus,
789 1497 827 1519 ne
864 1485 954 1519 aliter

211 1550 307 1584 quam
333 1539 426 1573 modo
451 1545 480 1573 et
504 1540 606 1574 forma
631 1540 811 1584 praemissis
846 1540 954 1572 huius-

213 1593 299 1627 modi
324 1594 446 1627 oblatos
471 1604 525 1627 seu
551 1594 722 1627 servientes
740 1593 771 1626 in
792 1598 953 1637 posterum

212 1647 386 1692 recipiant,
410 1658 468 1681 neo
500 1647 668 1691 quicquam
699 1658 774 1690 erga
799 1647 844 1679 vel
871 1647 955 1680 cirea

214 1705 328 1734 statum
366 1706 396 1734 et
431 1700 643 1734 conditionem
677 1706 738 1732 tam
771 1700 954 1733 eorumdem

213 1753 394 1788 oblatorum
419 1764 475 1787 seu
500 1753 718 1794 servientium,
744 1747 836 1797 quam
863 1753 955 1786 etiam

214 1807 347 1840 fratrum
374 1807 537 1848 laicorum,
563 1807 627 1840 sive
649 1807 679 1839 in
708 1806 853 1851 capitulis
888 1817 958 1850 pro-

216 1861 417 1901 vincialibus,
443 1861 508 1894 sive
532 1866 629 1901 extra,
644 1866 753 1894 contra
778 1860 958 1904 praedicta—

217 1925 288 1948 rum
310 1915 566 1948 constitutionum
593 1920 623 1947 et
647 1914 860 1958 praesentium
882 1914 959 1947 litte-

217 1979 324 2002 rarum
342 1969 476 2002 sormam
494 1974 524 2002 et
541 1974 697 2009 tenorem,
714 1968 771 2001 sub
789 1969 849 2000 iam
869 1968 959 2001 dictis

218 2022 346 2066 poenis,
371 2027 525 2055 attentare
556 2033 611 2055 seu
644 2022 794 2056 innovare
826 2022 960 2054 audeant

219 2081 273 2109 aut
296 2081 509 2120 praesumant.

266 2128 324 2173 54.
342 2129 551 2162 Decernentes
572 2129 695 2161 easdem
717 2134 897 2172 praesentes
918 2128 962 2162 lit-

220 2185 302 2216 teras
326 2193 453 2226 semper
474 2182 599 2223 firmas,
625 2182 741 2214 validas
767 2187 797 2214 et
821 2182 962 2214 efficaces

222 2235 356 2268 existere
381 2241 411 2269 et
435 2236 513 2277 sore,
531 2246 566 2269 ac
582 2236 620 2268 ab
641 2235 711 2275 illis,
736 2235 774 2268 ad
799 2245 877 2279 quos
898 2245 963 2278 spe-

221 2292 282 2323 ctat
306 2294 335 2322 et
361 2299 420 2333 pro
434 2294 577 2333 tempore
592 2289 755 2332 spectabit,
781 2288 962 2332 plenissime

221 2342 406 2386 suffragari,
432 2348 461 2375 et
486 2342 523 2374 ab
550 2342 609 2375 illis
635 2341 809 2386 respective
834 2341 963 2374 inviola-

221 2395 326 2429 biliter
350 2396 536 2438 observari,
570 2395 677 2439 sicque
715 2395 744 2427 in
781 2394 963 2438 praemissis

220 2459 279 2494 per
297 2459 515 2494 quoscumque
537 2448 654 2481 iudices
680 2447 857 2481 ordinarios
872 2453 901 2480 ct
915 2448 963 2481 dc-

221 2502 352 2545 legatos,
376 2501 469 2534 etiam
488 2512 653 2534 causarum
674 2501 780 2544 palatii
798 2501 962 2544 apostolici

222 2555 390 2596 auditores,
416 2554 547 2587 iudicari
572 2560 602 2587 et
627 2554 749 2587 definiri
776 2554 900 2595 debere,
928 2565 963 2588 ac

224 2609 347 2644 irritum
380 2612 409 2643 ct
443 2608 554 2651 inane,
587 2607 611 2640 si
636 2618 726 2641 secus
751 2618 848 2652 super
874 2608 921 2641 liis
947 2619 963 2640 a

978 271 1137 304 quoquam
1162 263 1270 305 quavis
1295 264 1489 305 auctoritate,
1516 264 1650 297 scienter
1671 264 1717 296 vel

978 314 1170 357 ignoranter,
1196 316 1363 358 eontigerit
1387 317 1540 350 attentari.

1024 368 1038 411 g
1070 367 1098 400 5.
1128 368 1195 401 Non
1221 368 1415 401 obstantibus
1440 370 1617 412 praedictae
1642 380 1717 403 con-
1734 383 1916 403 cfflarmutaaa.

979 421 1171 464 gregationis
1196 421 1401 454 cardinalium
1427 423 1571 464 decretis,
1597 423 1719 456 litteris-

979 484 1039 517 que
1059 474 1240 517 apostolicis
1266 474 1428 518 hucusque
1442 475 1578 519 desuper
1598 486 1719 508 emana-

980 526 1027 567 tis,
1052 537 1088 559 ac
1112 527 1385 560 constitutionibus
1417 534 1446 560 et
1470 528 1719 562 ordinationibus

980 579 1170 622 apostolicis,
1187 590 1320 622 necnon,
1335 586 1487 624 quatenus
1502 592 1580 625 opus
1591 582 1639 623 sit,
1652 581 1719 625 qui-

980 631 1103 672 busvis,
1129 632 1222 664 etiam
1251 633 1450 673 iuramento,
1481 634 1720 667 confirmatione

981 685 1165 729 apostolica,
1185 686 1232 718 vel
1254 686 1362 728 quavis
1387 686 1534 719 firmitate
1555 687 1614 719 alia
1632 687 1721 720 robo-

982 738 1066 778 ratis,
1092 739 1213 772 statutis
1238 744 1268 771 et
1292 739 1592 782 consuetudinibus,
1617 739 1718 783 privi-

982 792 1071 834 legiis
1095 803 1231 836 quoque,
1258 792 1385 825 indultis
1410 798 1439 825 et
1463 793 1574 826 litteris
1598 798 1722 837 aposto-

982 845 1049 878 licis
1067 845 1098 877 in
1115 846 1307 879 contrarium
1329 846 1575 890 praemissorum
1595 857 1723 889 quomo-

983 899 1102 932 dolibet
1127 900 1294 940 concessis,
1324 899 1518 932 confirmatis
1542 905 1572 932 et
1594 900 1723 933 innova-

983 951 1039 992 tis,
1066 952 1180 995 quibus
1205 953 1351 986 omnibus
1380 959 1408 986 et
1429 953 1570 996 singulis,
1596 953 1723 986 illorum

985 1008 1108 1038 tenores
1129 1006 1346 1049 praesentibus
1380 1017 1438 1050 pro
1464 1006 1553 1049 plene
1578 1011 1608 1038 et
1632 1005 1724 1038 suffi—

984 1058 1102 1091 cienter
1127 1060 1282 1102 expressis
1300 1070 1335 1092 ac
1352 1059 1390 1092 de
1407 1059 1505 1092 verbo
1530 1060 1568 1092 ad
1593 1060 1722 1092 verbum

985 1112 1109 1144 insertis
1130 1112 1291 1153 habentes,
1317 1113 1376 1145 illis
1390 1114 1464 1145 alias
1486 1113 1516 1145 in
1534 1124 1591 1146 suo
1609 1113 1725 1146 robore

984 1166 1209 1209 permansuris,
1234 1167 1271 1199 ad
1297 1167 1543 1210 praemissorum
1568 1166 1725 1206 effectum,

986 1219 1043 1251 hac
1062 1219 1127 1252 vice
1142 1219 1312 1261 dumtaxat,
1338 1220 1515 1264 specialiter
1536 1225 1562 1252 et
1582 1231 1727 1264 expresse

985 1271 1192 1315 derogamus,
1210 1273 1386 1317 ceterisque
1409 1273 1575 1306 contrariis
1599 1274 1727 1317 quibus-

986 1336 1130 1370 cumque.

1030 1380 1142 1412 Datum
1170 1380 1309 1420 Romae,
1334 1380 1416 1424 apud
1441 1380 1469 1413 S.
1489 1380 1616 1412 Mariam
1638 1380 1729 1414 Maio-

987 1444 1064 1475 rem,
1078 1433 1135 1466 sub
1149 1434 1266 1467 annulo
1280 1433 1458 1474 Piscatoris,
1472 1433 1521 1466 die
1532 1444 1586 1466 xul
1597 1439 1729 1477 septem-

987 1487 1053 1520 bris
1078 1497 1193 1527 MDCLx,
1211 1487 1410 1531 pontificatus
1427 1487 1526 1520 nostri
1543 1498 1625 1520 anno
1644 1497 1683 1520 vl.

1024 1550 1081 1577 Dat.
1104 1550 1147 1577 die
1169 1551 1200 1577 13
1221 1550 1382 1585 septembris
1400 1550 1476 1584 1660,
1490 1549 1585 1584 pontis.
1605 1557 1675 1576 anuo
1692 1557 1728 1576 Vt.

1294 1720 1424 1753 CCCXH.

991 1810 1161 1844 Decretum
1185 1809 1236 1842 die
1252 1819 1302 1842 xlv
1321 1809 1502 1842 novembris
1519 1810 1602 1842 anni
1618 1819 1734 1843 nocmx

1036 1874 1072 1896 ac
1096 1864 1197 1896 Breve
1221 1863 1414 1896 sanctitatis
1439 1863 1523 1896 Suae
1546 1862 1598 1894 die
1623 1874 1639 1894 x
1667 1873 1735 1906 sep-

1039 1915 1178 1950 tembris¹
1193 1916 1273 1949 dicti
1287 1927 1349 1948 ann
1356 1917 1367 1948 i
1379 1916 1564 1959 expeditum
1578 1916 1663 1948 circa
1675 1920 1736 1949 sta-

1039 1969 1107 2003 tum
1121 1969 1303 2002 oblatorum
1327 1974 1355 2001 et
1379 1969 1586 2002 servientimn
1603 1969 1736 2012 provin-

1038 2023 1165 2055 ciarum
1189 2022 1220 2055 S.
1246 2022 1417 2055 Franciscz·
1448 2026 1476 2054 el
1508 2022 1555 2055 Ss.
1580 2021 1738 2054 Ludovici

1039 2080 1067 2109 et
1086 2075 1231 2109 Etzeariz'
1257 2075 1346 2107 tertii
1362 2073 1496 2108 Ordinis
1513 2074 1617 2107 sancti
1634 2074 1665 2108 F
1664 2085 1737 2107 ran-

1040 2129 1117 2162 cisci
1149 2129 1408 2172 conqreqalionis
1446 2128 1639 2162 Gallicanae
1673 2139 1737 2161 ser-

1040 2182 1146 2215 vanda
1171 2192 1248 2220 essex
1274 2192 1343 2213 cum
1371 2182 1413 2213 iss
1440 2185 1558 2221 tannen,
1579 2181 1649 2224 qui,
1666 2185 1738 2224 post

1041 2236 1141 2268 Breve
1157 2234 1510 2278 feliciarecordationis
1531 2234 1656 2267 Urbani
1672 2234 1738 2267 Pa-

1037 2299 1099 2332 pae
1132 2288 1216 2321 VIII
1248 2298 1321 2320 xxvl
1353 2288 1487 2330 ciiigyusli
1511 2297 1628 2321 muchl
1653 2297 1740 2320 ema—

1041 2345 1157 2375 natum
1184 2341 1219 2373 in
1243 2341 1327 2373 dicto
1347 2340 1469 2374 Ordine
1486 2342 1613 2384 recepti,
1635 2351 1672 2374 ex
1692 2342 1740 2374 ob-

1042 2394 1183 2427 latorum
1204 2394 1246 2426 ad
1265 2394 1425 2427 lctz'coritm
1442 2398 1559 2427 statum
1586 2395 1740 2429 hactenus

1042 2447 1080 2480 cle
1103 2448 1186 2491 facto
1220 2448 1443 2488 omisit-rimi,
1468 2458 1506 2481 ex
1541 2449 1740 2492 bem'ynitate

1042 2501 1217 2545 apostolica
1242 2500 1437 2544 dispensat?

1035 2573 1045 2598 t
1065 2571 1156 2599 Potius
1172 2571 1230 2606 lege
1248 2572 1406 2599 decembris
1421 2573 1459 2606 (u.
1477 2574 1525 2607 τ.).

1032 2617 1048 2643 ἶ).
1066 2616 1100 2643 Ex
1119 2616 1224 2651 llcgcst.
1243 2616 1268 2642 in
1285 2616 1386 2645 Secret.
1411 2617 1542 2645 llrcrium.

1623 205 1685 240 607
1732 215 1780 242 An.
1802 215 1831 242 c.
1851 216 1917 243 1660
