2202 3190
245 203 297 229 An.
316 202 425 230 c.1661

268 847 379 868 Confirmat
388 848 423 868 de-

241 876 330 894 cretum*

248 2149 252 2152 ῃ
263 2122 374 2144 Decretum
391 2123 419 2144 ir-

237 2151 308 2171 rizans.

477 193 540 227 7⁶24

445 251 587 284 ordinem
612 250 823 291 demandasti,
849 251 1010 293 sententia,
1037 252 1183 295 expedire

445 304 631 337 indicaveris
667 309 815 337 statutum
855 314 970 337 novum
1003 305 1202 343 huiusmodi,

444 357 603 399 abrogari,
623 363 652 389 et
670 358 832 400 antiquum
851 359 982 398 restitui,
999 369 1061 402 qno
1077 359 1182 402 dispo-

443 410 538 450 nitur,
564 410 655 443 cnm¹
688 411 833 443 nobilitas
858 412 1010 453 genitoris
1035 418 1064 445 et
1089 412 1179 455 geni-

443 462 530 495 tricis
555 463 715 496 dumtaxat
739 464 887 507 quodque
912 465 956 497 illi
982 465 1085 498 officia
1111 476 1179 497 ine-

443 516 572 548 cbaniea
593 527 654 549 non
669 518 1044 562 exercuerintprobetur,
1065 519 1182 562 absque

442 579 479 601 eo
505 569 588 612 qnod
614 570 695 602 idem
721 570 758 603 de
783 574 918 614 persona
942 583 1071 605 avorum
1102 583 1178 615 pro-

441 622 516 654 bare
541 623 579 656 sit
603 633 746 656 neccsse:
772 624 863 657 nobis
887 630 1054 668 propterca
1079 625 1181 657 bumi-

440 675 511 707 liter
535 676 705 719 supplicari
743 677 862 717 fecisti,
888 682 921 709 nt
945 677 975 709 in
1000 677 1181 720 praemissis

440 734 619 771 opportune
643 729 809 772 providere
824 735 852 762 et
867 730 992 764 utinsra
1017 731 1180 773 indulgere

440 780 479 812 de
496 781 688 824 benignitate
709 783 881 826 apostoliCa
899 783 1112 825 dignaremur.

484 834 498 877 g
518 834 547 866 3.
567 835 628 867 Nos
646 835 752 878 igitur,
771 836 941 868 maiestatis
960 842 1029 869 tuae
1046 837 1126 870 votis
1148 837 1178 869 in

438 888 620 931 praemissis
644 894 795 932 qnantum
822 900 892 922 cum
918 890 1052 923 Domino
1073 901 1179 934 possu-

438 951 508 973 mus
533 942 745 974 favorabiliter
769 952 908 975 annuere
933 943 1088 984 volentes,
1114 944 1175 976 liu-—

438 993 572 1026 iusmodi
588 995 867 1038 supplicationibus
888 996 1037 1037 inclinati,
1061 1007 1177 1030 novum

439 1053 588 1080 statutum
608 1059 702 1092 supra
720 1060 913 1092 expressum,
931 1050 961 1082 in
979 1051 1115 1094 capitulo
1129 1062 1179 1094 ge-

436 1101 535 1133 nerali
562 1111 644 1134 anno
669 1112 788 1135 MDCLIII
806 1103 965 1138 celebrato
983 1104 1110 1144 sactum,
1128 1115 1179 1137 au-

438 1154 582 1187 ctoritate
609 1157 791 1199 apostolica,
820 1162 929 1190 tenore
954 1158 1177 1200 praesentium,

437 1207 627 1250 abrogamus
661 1214 690 1241 et
725 1209 909 1251 abolemus,
934 1221 970 1243 ac
1002 1211 1176 1254 praefatum

437 1261 599 1304 antiquum
625 1262 726 1294 dictae
752 1263 880 1296 militiae
917 1268 1089 1303 statutum,
1115 1275 1177 1307 quo

437 1319 573 1355 cavetur,
587 1321 620 1348 ut
636 1316 781 1349 nobilitas
798 1318 950 1360 genitoris
967 1322 996 1351 et
1016 1318 1178 1359 genitricis

437 1367 607 1408 dumtaxat,
632 1369 779 1412 quodque
804 1370 847 1401 illi
873 1371 976 1403 officia
996 1371 1177 1403 mechanica

436 1430 498 1453 non
519 1423 728 1463 exercuerint,
746 1423 784 1455 ad
802 1423 947 1456 effectum
969 1423 1178 1468 suscipiendi2

436 1473 576 1506 habitum
605 1476 736 1508 fratrum
763 1476 897 1509 militnm
922 1477 1062 1509 eiusdem
1089 1477 1176 1509 mili-

435 1526 529 1568 litiae,
554 1528 681 1571 probari
706 1528 826 1570 debeat,
845 1529 923 1562 itaut
943 1531 1035 1562 etiam
1054 1540 1178 1563 conces-

435 1580 538 1613 siones
562 1580 687 1614 habitus
713 1582 844 1625 praefati
869 1582 939 1623 illis,
954 1593 1090 1626 quorum
1107 1593 1178 1626 pro-

434 1633 586 1675 bationes,
612 1634 697 1667 iuxta
720 1646 839 1669 novum
865 1641 1014 1669 statutum
1032 1641 1066 1669 ut
1090 1646 1178 1679 prae-

434 1686 533 1719 fertur
563 1687 760 1731 abrogatum,
785 1690 902 1732 sactae,
928 1700 964 1722 ac
989 1690 1020 1722 in
1044 1690 1176 1723 consilio

435 1739 535 1773 dictae
560 1741 690 1774 militiae
714 1747 854 1775 retentae
871 1747 901 1775 et
917 1742 1090 1786 pendentes
1112 1742 1176 1775 exi-

435 1798 530 1834 stunt,
554 1804 675 1827 necnon
697 1795 767 1835 illis,
782 1795 835 1838 qui
849 1795 976 1828 habitus
993 1795 1175 1828 huiusmodi

435 1847 566 1889 gratiam
592 1858 609 1880 a
633 1853 662 1880 te
683 1848 744 1880 iam
772 1848 988 1889 obtinuerunt,
1012 1859 1070 1882 nec
1095 1859 1173 1892 pro-

434 1898 575 1933 bationes
600 1911 670 1934 snas
687 1901 838 1934 hactenus
855 1902 1005 1943 fecerunt,
1024 1901 1108 1934 iuxta
1125 1911 1176 1933 an-

435 1953 556 1996 tiquum
588 1958 735 1988 statutum
770 1955 951 1988 huiusmodi
974 1955 1044 1987 fieri
1069 1960 1099 1987 et
1123 1965 1175 1987 ex-

434 2007 536 2049 pediri
559 2008 688 2050 possint,
709 2009 894 2042 auctoritate
912 2013 941 2041 et
958 2013 1068 2042 tenore
1085 2019 1174 2052 prae-

434 2060 504 2093 satis
528 2061 723 2094 restituimus
748 2068 777 2094 et
801 2062 995 2096 innovamus.

480 2114 494 2156 ξ
522 2113 550 2145 4.
588 2114 797 2148 Dccernentes
833 2115 957 2148 easdem
992 2121 1173 2159 praesentes

435 2166 553 2199 litteras
579 2178 702 2210 semper
719 2168 835 2210 firmas,
854 2168 969 2201 validas
986 2174 1015 2201 et
1032 2170 1173 2203 efficaces

435 2219 566 2252 existere
590 2225 620 2252 et
644 2221 721 2261 fore,
745 2231 882 2265 suosque
906 2221 1063 2264 plenarios
1084 2226 1114 2256 et
1130 2222 1174 2254 in-

434 2275 539 2314 tegros
563 2273 691 2306 effectus
709 2274 813 2307 sortiri
831 2280 861 2307 et
878 2274 1030 2317 obtinere,
1051 2285 1087 2308 ac
1102 2275 1171 2314 illis,

434 2325 471 2357 ad
496 2336 574 2368 qnos
594 2332 712 2369 spectat
729 2333 758 2359 et
774 2338 832 2370 pro
849 2331 991 2371 tempore
1009 2328 1171 2371 spectabit,

433 2378 614 2421 plenissime
639 2380 806 2423 suffragari
822 2407 829 2421 ,
854 2386 883 2413 et
906 2381 945 2413 ab
971 2381 1031 2414 illis
1061 2391 1170 2425 respe-

434 2431 515 2465 ctive
540 2432 761 2467 inviolabiliter
794 2434 975 2476 observari,
1007 2435 1114 2478 sieque
1139 2435 1170 2467 in

471 2556 482 2582 1
500 2554 610 2582 Videtur
624 2555 731 2590 legend.
749 2558 824 2592 quod
839 2558 880 2585 vel
896 2559 928 2585 nt
942 2565 990 2593 pro
1004 2566 1068 2585 cnm
1080 2558 1167 2593 (R.T.).

469 2600 485 2627 2
499 2599 566 2628 Male
580 2600 643 2628 edit.
660 2601 738 2631 tttain.
754 2602 818 2638 legit
832 2602 1011 2637 suspiciendi
1026 2603 1065 2639 (n.
1082 2603 1131 2638 Τ.).

1028 202 1207 228 BULLARIUM
1230 202 1384 228 ROMANUM

1217 251 1398 294 praemissis
1422 261 1479 294 per
1503 262 1718 295 quoscumque
1739 252 1855 286 iudices
1874 254 1955 287 ordi-

1217 304 1321 337 narios
1347 308 1376 338 et
1399 304 1569 347 delegatos,
1594 305 1687 338 etiam
1712 316 1876 339 causarum
1900 317 1954 351 pa-

1217 357 1279 390 latii
1305 358 1467 401 apostolici
1492 357 1659 400 auditores,
1686 358 1816 391 iudicari
1841 364 1871 392 et
1894 360 1955 393 de-

1217 409 1299 442 finiri
1325 410 1450 452 debere,
1476 421 1511 444 ac
1536 411 1660 444 irritum
1686 416 1716 444 et
1740 411 1840 452 inane,
1865 412 1889 445 si
1910 422 1954 445 se-

1216 473 1270 495 cus
1294 474 1388 507 super
1412 464 1459 497 his
1484 474 1501 496 a
1526 475 1696 508 quoquam,
1713 465 1823 508 quavis
1848 470 1954 498 aucto-

1217 516 1315 558 ritate,
1341 518 1477 550 scienter
1497 518 1545 551 vel
1570 518 1762 561 ignoranter,
1788 518 1956 561 contigerit

1216 570 1372 602 attentari.

1259 624 1273 666 ἓ
1288 623 1316 655 5.
1335 625 1402 656 Non
1416 624 1612 657 obstantibus
1626 624 1815 668 praemissis,
1833 634 1868 657 ac
1884 634 1955 657 con·
1969 636 2078 659 commta
2088 638 2147 661 toltit.

1215 675 1428 709 stitutionibus
1445 682 1474 710 et
1494 677 1743 711 ordinationibus
1764 677 1953 720 apostolicis,

1214 739 1335 762 necnon
1360 730 1460 763 dictae
1486 731 1624 771 militiae,
1650 731 1743 764 etiam
1766 731 1952 773 iuramento,

1214 783 1453 816 confirmatione
1479 784 1660 827 apostolica,
1686 784 1733 816 vel
1763 783 1871 827 quavis
1905 780 1965 816 fir-⁶

1214 837 1319 870 mitate
1344 838 1402 870 alia
1428 837 1593 879 roboratis,
1612 837 1733 870 statutis
1765 843 1795 870 et
1823 848 1954 871 consue-

1214 889 1383 930 tudinibus,
1405 890 1633 930 stabilimentis,
1651 891 1758 923 usibus
1776 895 1806 923 et
1821 890 1951 933 naturis,

1213 943 1386 985 privilegiis
1400 954 1535 987 qnoque,
1547 944 1673 978 indultis
1687 948 1716 978 et
1732 944 1842 977 litteris
1866 955 1954 988 apos-

1213 995 1313 1028 tolicis
1334 996 1364 1028 in
1389 997 1581 1029 contrarium
1607 997 1852 1040 praemissorum
1878 1007 1952 1041 quo-

1212 1048 1383 1082 modolibet
1407 1050 1572 1090 concessis,
1601 1050 1793 1083 confirmatis
1818 1056 1847 1083 et
1864 1050 1954 1084 inno-

1212 1102 1304 1141 vatis;
1322 1103 1436 1146 quibus
1454 1104 1599 1136 omnibus
1620 1109 1649 1136 et
1666 1104 1807 1146 singulis,
1826 1104 1952 1137 illorum

1212 1159 1337 1188 tenores
1362 1157 1580 1200 praesentibus
1614 1168 1674 1200 pro
1698 1158 1788 1200 plene
1804 1162 1843 1190 et
1867 1157 1952 1190 suffi-

1212 1207 1330 1240 cienter
1355 1209 1512 1251 expressis
1545 1220 1579 1242 ac
1613 1210 1651 1242 de
1684 1210 1780 1243 verbo
1805 1210 1843 1242 ad
1875 1221 1949 1243 ver-

1212 1261 1285 1292 bnm
1316 1261 1440 1293 insertis
1473 1262 1630 1302 babentes,
1652 1263 1712 1295 illis
1738 1263 1812 1295 alias
1838 1263 1868 1295 in
1893 1274 1951 1297 suo

1211 1313 1326 1346 robore
1346 1316 1571 1357 permansuris,
1589 1316 1626 1347 ad
1641 1317 1889 1359 praemissorum
1908 1317 1950 1350 ef-

1211 1367 1336 1408 fectum,
1356 1368 1413 1400 liae
1438 1368 1504 1400 vice
1529 1368 1699 1409 dumtaxat,
1717 1369 1895 1412 specialiter
1920 1375 1951 1402 et

1211 1431 1358 1463 expresse
1372 1421 1578 1464 derogamus;
1594 1423 1769 1466 ceterisque
1784 1423 1950 1456 contrariis

1212 1474 1474 1518 quibuscumsple.

1255 1528 1366 1560 Datum
1392 1529 1529 1569 Romae,
1555 1529 1636 1572 apud
1662 1530 1691 1563 S.
1713 1530 1840 1563 Mariam
1858 1530 1950 1564 Maio-

1212 1591 1289 1621 rem,
1307 1582 1364 1613 snl]
1383 1582 1498 1615 annnlo
1512 1582 1748 1623 Piscatoris,die
1762 1593 1807 1616 vn
1827 1593 1951 1617 novem-

1212 1634 1277 1666 bris
1303 1644 1427 1676 inochl,
1443 1635 1644 1678 pontificatus
1665 1635 1763 1668 nostri
1789 1646 1870 1669 anno
1894 1646 1948 1669 vn.

1247 1696 1303 1722 Dat.
1320 1696 1363 1723 die
1378 1697 1394 1723 7
1410 1697 1564 1724 novembris
1582 1698 1660 1733 1661,
1677 1698 1772 1733 pontif.
1789 1707 1859 1726 anno
1876 1705 1922 1726 vn.

1508 1893 1648 1928 CCCLXI.

1209 2007 1385 2047 Statutum,
1408 2012 1444 2040 nt
1469 2007 1505 2040 in
1527 2007 1698 2052 provincid
1720 2009 1948 2052 Portuyalliae

1255 2061 1344 2094 tertii
1376 2060 1511 2094 Ordinis
1546 2062 1651 2094 sancti
1681 2062 1853 2095 Francisci
1887 2063 1947 2096 ob-

1251 2119 1393 2148 servetur
1422 2114 1584 2147 decretum
1615 2114 1796 2148 cardinalis
1824 2114 1947 2148 Veralli

1248 2168 1436 2212 protectoris
1463 2167 1597 2201 Ordinis
1617 2168 1778 2200 Minorum
1805 2168 1947 2201 eiusdem

1250 2222 1354 2254 sancti
1381 2220 1553 2254 Francisri
1577 2220 1614 2253 de
1640 2220 1860 2261 Observantz'ii,
1884 2231 1945 2264 quo

1251 2279 1390 2315 caretur,
1406 2279 1442 2307 nt
1459 2274 1633 2307 sententiae
1650 2275 1847 2317 privationis
1862 2274 1945 2307 vocis

1250 2329 1372 2361 activae
1388 2332 1416 2360 et
1434 2328 1592 2371 passivae,
1614 2338 1651 2360 ae
1675 2327 1906 2369 inhabilitatis⁷
1924 2337 1945 2360 a

1249 2381 1470 2424 superioribus
1496 2380 1631 2414 Ordinis
1657 2380 1751 2420 latae,
1775 2390 1840 2413 non
1861 2390 1944 2423 pro-

1248 2434 1438 2477 mutqentur
1462 2434 1494 2466 in
1515 2434 1584 2477 ipso
1605 2433 1767 2466 electionis
1791 2439 1876 2473 actu,
1897 2437 1945 2466 at-

1248 2499 1308 2531 que
1331 2488 1377 2520 sic
1397 2487 1625 2531 promulyatae
1656 2486 1778 2520 vocales
1809 2483 1945 2519 minime

1247 2541 1394 2583 afficiant
1425 2541 1493 2574 nisi
1519 2551 1579 2585 per
1606 2550 1746 2574 mensem
1775 2543 1850 2574 ante
1871 2539 1940 2582 sue-

1245 2595 1315 2629 rint
1338 2595 1521 2630 intimatae.

1970 205 2020 233 An.
2036 206 2065 234 c.
2083 206 2147 237 ωσι
2191 186 2194 222 ³
