2185 3188
98 163 148 192 An.
169 162 199 192 C.
220 163 289 193 1655

123 385 235 417 Coafirmat
244 386 278 407 de·

102 415 270 434 terminationem

94 440 182 489 fflpituli
193 445 279 466 genera-

138 2259 261 2282 Praesentes

78 2285 192 2308 confirmat.

889 160 1078 185 ALEXANDER

1105 161 1150 184 vn
1174 161 1222 184 ΡΡ.

1741 153 1784 188 25
1830 163 1880 192 An.
1902 164 1930 192 C.
1954 162 2022 194 ¹⁶55

296 209 535 245 constitutiones
559 209 714 254 praefatas
735 208 797 242 voti
817 209 1038 252 praerogativa
1055 214 1057 251 ξ
1073 208 1172 241 dicari
1201 213 1232 242 et
1259 208 1384 243 definiri
1413 209 1547 252 debere,
1572 219 1609 244 ac
1637 210 1764 244 irritum
1792 217 1824 246 et
1847 225 1849 227 ¹

295 265 327 298 in
347 265 407 298 illis
428 265 580 308 gaudent,
597 265 758 298 dumtaxat
777 263 968 296 intervenire
985 263 1038 296 de·
1055 256 1056 278 ¹

294 318 398 352 beant.
1055 329 1056 369 i

338 372 353 415 ἓ
377 371 406 405 2.
431 371 507 405 Cum
522 374 638 412 autem,
661 370 741 403 sicut
758 368 866 402 eadem
885 368 1038 412 expositio
1055 406 1056 422 ἶ

294 425 515 468 subiungebat,
533 424 607 457 dicti
632 428 824 467 exponentes
849 421 1037 455 determina-

295 479 410 513 tionem
436 479 578 512 eiusdem
603 477 731 521 capituli
759 477 916 520 generalis
941 486 1056 526 superi

292 533 473 578 praemissis
503 537 688 573 eminatam,
707 542 764 574 pro
793 530 928 563 firmiori
954 530 1056 586 ἰΙΙίυε,λ

293 586 513 620 observatione
546 590 576 618 et
607 583 811 617 subsistentia
846 583 1055 633 apostolicae}

293 644 419 673 nostrae
443 638 692 673 confirmationis
712 637 828 671 robore
846 636 1035 669 communiri

292 703 494 737 summopere
523 691 718 725 desiderent:
743 701 811 731 nos,
836 690 964 723 eosdem
988 700 1054 750 ex-¹

290 753 443 792 ponentes
467 746 657 791 specialibus
685 745 844 778 favoribus
873 750 903 777 et
926 744 1053 798 gratiis}

289 799 438 845 prosequi
468 800 684 841 volentes,{et
715 809 826 832 eorum
859 798 1035 840 singulares

289 864 440 898 personas
465 864 482 887 a
506 853 670 898 quibusvis
688 852 1034 892 excommunicationis,
1051 844 1053 888 J

289 907 507 952 suspensionis
532 912 563 940 et
586 907 759 947 interdicti,
785 906 916 950 aliisque
940 905 1035 939 eccle-

289 961 422 995 siasticis
447 961 624 1003 sententiis,
645 960 787 993 censuris
811 965 842 993 et
866 960 991 1003 poenis,
1017 970 1034 992 a

287 1015 356 1049 iure
378 1016 426 1048 vel
446 1015 484 1048 ab
504 1014 643 1054 homine,
661 1014 771 1058 quavis
795 1014 961 1047 occasione
985 1013 1051 1058 vel,

289 1071 382 1103 causa
407 1068 491 1109 latis,
517 1068 542 1101 si
570 1068 684 1112 quibus
713 1067 952 1110 quomodolibet
979 1067 1029 1099 in·-

287 1122 420 1156 nodatae
437 1122 584 1164 existunt,
598 1121 637 1154 ad
655 1121 800 1155 effectum
818 1120 1031 1165 praesentium

287 1176 447 1210 dumtaxat
464 1175 730 1219 consequendum,
747 1176 862 1208 harum
883 1175 964 1208 serie
981 1174 1032 1207 ab-

287 1231 442 1264 solventes
457 1234 487 1264 et
502 1230 660 1263 absolutas
681 1230 748 1263 sore
769 1235 941 1272 censentes,
962 1240 1049 1273 sup-5

286 1284 506 1328 plicationibus
531 1294 640 1317 eorum
665 1284 793 1317 nomine
817 1283 909 1317 nobis
934 1273 1049 1327 superj>

287 1337 348 1371 hoc
371 1337 535 1370 humiliter
558 1337 713 1381 porrectis
734 1337 892 1378 inclinati,
911 1337 1030 1381 praesa-

288 1395 350 1423 tam
375 1390 669 1424 determinationem
693 1390 768 1424 dicti
791 1391 953 1424 novissimi
979 1401 1029 1424 ca-

287 1444 379 1488 pituli
397 1445 562 1487 generalIS,
580 1455 639 1488 per
656 1455 751 1488 quam
769 1445 937 1478 electiones
953 1456 1029 1489 pro-

288 1503 469 1532 curatorum
494 1498 675 1531 huiusmodi
695 1499 884 1531 infuturum
910 1500 1029 1543 suppri-

287 1557 433 1592 muntur,
464 1551 507 1584 ita
530 1556 564 1584 ut
595 1552 640 1584 illi
665 1551 703 1584 de
721 1558 826 1585 cetero
850 1553 1028 1586 nullatenus

285 1604 359 1646 eligi
383 1605 514 1648 possint,
536 1605 589 1638 sed
610 1605 642 1637 in
664 1606 808 1649 capitulis
829 1607 1045 1648 generalibus*

284 1656 424 1691 eiusdem
450 1658 705 1701 congregationis
730 1669 788 1702 pro
814 1664 956 1703 tempore
980 1671 1028 1693 ce-

283 1710 442 1743 lebrandis
467 1711 563 1744 ceteri
594 1712 733 1754 vocales,
763 1713 815 1755 qui
842 1724 879 1745 cx
904 1708 1045 1747 consti-⁵

282 1764 453 1798 tutionibus
476 1764 655 1809 praedictae
683 1767 938 1809 congregationis
963 1769 1044 1801 votii

279 1818 500 1863 praerogativa
531 1819 564 1851 in
596 1819 656 1852 illis
685 1820 839 1862 gandent,
864 1820 1042 1855 dumtaxat

280 1872 471 1906 intervenire
484 1873 626 1914 debeant,
640 1875 813 1917 apostolica
827 1876 1023 1917 auctoritate,

279 1930 388 1959 tenore
419 1927 642 1970 praesentium,
669 1928 894 1960 confirmamus
919 1934 949 1961 ct
973 1919 1041 1973 ap-,l

277 1980 460 2025 probamus,
486 1981 593 2025 illique
619 1982 806 2015 inviolabilis
830 1984 1040 2026 apostolicae.

278 2034 435 2067 firmitatis
464 2034 563 2068 robur
591 2035 772 2077 adiicimns,
797 2047 833 2069 ac
857 2047 966 2071 omnes
991 2031 1039 2070 et*

278 2087 419 2130 singulos
451 2088 528 2121 iuris
562 2094 592 2121 et
624 2090 696 2122 sacti
725 2090 884 2131 desectus,
913 2091 937 2123 si
966 2092 1038 2135 quii

278 2141 413 2185 desuper
441 2142 677 2186 quomodolibet
706 2143 913 2186 interverint,
945 2156 1037 2194 sup-¹

277 2196 410 2240 plemns.
1035 2208 1036 2242 ξ

322 2250 337 2293 5
353 2248 382 2282 3.
401 2249 609 2284 Decernentcs
627 2255 805 2295 praesentes
825 2252 944 2285 litteras
965 2253 1018 2286 sir·
1034 2278 1035 2283 ,

276 2314 353 2344 mas,
379 2304 496 2337 validas
520 2310 549 2337 et
574 2306 715 2339 efficaces
740 2307 875 2340 existere
892 2313 922 2341 ct
940 2301 1035 2354 sore„¹

276 2367 312 2390 ac
337 2357 375 2390 ab
400 2358 566 2401 omnibus,
592 2360 630 2392 ad
658 2371 737 2403 quos
762 2365 879 2404 spectat
903 2367 933 2395 et
957 2374 1016 2407 pro

275 2416 418 2456 tempore
450 2414 622 2457 spectabit,
652 2415 874 2450 inviolabiliter
906 2418 1033 2452 obser-2

275 2465 358 2506 vari,
383 2466 489 2510 sicque
510 2467 541 2499 in
561 2469 740 2511 praemissis
766 2482 822 2514 per
847 2483 1032 2517 quoscum—3

274 2529 335 2564 que
356 2520 473 2554 iudices
493 2521 669 2554 ordinarios
686 2529 716 2555 et,
732 2524 901 2568 delegatos,
920 2527 1013 2559 etiam
1031 2553 1032 2556 η

274 2583 438 2608 causarum
464 2575 569 2618 palatii
595 2577 759 2619 apostolici
784 2579 954 2621 auditores,
972 2581 1033 2621 iti-1

376 2636 453 2666 Bull.
469 2636 552 2666 Rom.
569 2654 599 2657 -<-
621 2638 679 2668 Vol.
700 2639 774 2669 XVI.
922 2642 937 2669 4

1073 263 1175 302 inane,
1192 262 1218 295 si
1236 273 1325 295 secus
1341 274 1437 307 super
1453 264 1502 297 his
1519 274 1536 297 a
1555 275 1731 309 quoquam,
1748 275 1822 310 qua-

1073 316 1118 348 vis
1148 316 1352 357 auctoritate,
1378 317 1514 351 scienter
1537 319 1588 351 vel
1617 318 1819 363 ignoranter,

1073 369 1243 411 contigerit
1267 370 1422 402 attentari.

1117 422 1173 466 ξύμ
1189 423 1258 456 Non
1275 423 1472 457 obstantibus
1491 425 1686 468 praemissis,
1700 437 1735 460 ac
1750 437 1821 461 con-

1072 476 1286 510 stitutionibus
1311 487 1346 510 ac
1362 477 1615 513 ordinationibus
1628 481 1820 525 apostolicis,

1071 541 1194 564 necnon
1211 531 1312 564 dictae
1329 532 1584 574 congregationis
1608 533 1739 578 eiusque
1757 545 1821 569 mo-

1071 584 1299 626 nasteriorum,
1321 585 1415 617 etiam
1440 585 1628 627 iuramento,
1649 588 1819 622 confirma-

1072 638 1156 671 tione
1180 638 1368 682 apostolica‚
1388 639 1436 672 rel
1456 639 1566 683 quavis
1585 640 1735 674 firmitate
1757 642 1819 676 alia

1053 697 1055 724 ζ
1070 691 1240 732 roboratis,
1259 692 1381 726 statutis
1399 697 1429 725 et
1446 693 1738 735 consuetudinibus,
1755 695 1818 739 pri-

1071 745 1192 788 vilegiis
1209 756 1344 790 quoque,
1363 746 1490 780 indultis
1509 752 1538 779 et
1555 747 1668 780 litteris
1688 754 1816 792 aposto-

1069 799 1137 832 licis
1155 799 1186 831 in
1204 800 1398 833 contrarium
1416 800 1666 844 praemissorum
1688 812 1817 845 quomo-

1069 852 1188 885 dolibet
1205 854 1373 896 concessis,
1391 854 1586 887 confirmatis
1603 859 1633 889 et
1650 855 1815 897 innovatis;

1068 906 1183 949 quibus
1208 907 1356 940 omnibus
1381 913 1412 941 et
1435 908 1589 951 singulis,
1614 908 1742 942 illorum
1769 914 1815 943 te-

1067 970 1161 992 nores
1178 961 1396 1004 praescntibus
1420 972 1480 1006 pro
1504 962 1596 1005 plene
1613 966 1644 996 et
1660 962 1815 996 sufficien-

1050 1017 1115 1046 ¹ter
1153 1015 1310 1058 expressis
1344 1026 1380 1048 ac
1412 1015 1451 1048 de
1481 1015 1577 1049 verbo
1609 1015 1648 1048 ad
1680 1016 1813 1051 verbum

1048 1063 1050 1095 ἶ
1067 1067 1192 1100 insertis
1209 1068 1371 1110 habentes,
1389 1069 1450 1102 illis
1470 1069 1545 1102 alias
1567 1069 1599 1102 in
1619 1079 1676 1103 suo
1696 1070 1812 1104 robore

1048 1123 1294 1165 ‘pei-mansuris,
1319 1123 1357 1156 ad
1382 1123 1630 1167 praemissorum
1655 1123 1810 1167 effectum,

1066 1175 1125 1208 liae
1141 1177 1209 1209 vice
1226 1176 1397 1219 dumtaxat,
1415 1177 1593 1221 specialiter
1613 1182 1643 1210 et
1663 1187 1812 1221 expresse

1065 1229 1270 1272 derogamus3
1291 1231 1468 1275 ceterisque
1492 1231 1660 1265 contrariis
1683 1232 1811 1276 quibus-

1065 1294 1209 1327 cumque.

1108 1337 1219 1371 Datum
1246 1339 1373 1381 Romae,
1398 1339 1482 1384 apud
1507 1339 1535 1373 S.
1561 1339 1692 1373 Mariam
1716 1339 1810 1374 Maio-

1064 1402 1142 1433 rem,
1164 1393 1222 1426 sub
1242 1394 1358 1427 annulo
1380 1394 1559 1435 Piscatoris,
1575 1394 1626 1428 die
1644 1405 1713 1429 xvn
1730 1394 1809 1428 iunii

1063 1448 1390 1492 iunch,pontificatus
1411 1448 1511 1483 nostri
1529 1458 1611 1482 anno
1628 1459 1648 1482 1.

1098 1511 1158 1538 Dat.
1177 1511 1219 1539 die
1237 1512 1268 1538 17
1283 1511 1351 1539 iunii
1369 1511 1446 1547 1655,
1463 1512 1560 1548 pontif.
1577 1520 1647 1540 anno
1662 1518 1681 1540 1.

1398 1655 1471 1689 XIV.

1099 1734 1311 1777 Confirmatio
1328 1740 1526 1770 statutorum
1545 1738 1772 1772 universitatis

1200 1790 1282 1822 artis
1300 1790 1476 1832 aurificum
1493 1791 1531 1824 cle
1550 1791 1633 1825 Urbe
1645 1791 1664 1824 ¹.

1253 1870 1419 1897 Alexander
1439 1870 1518 1904 Papa
1538 1871 1606 1906 VII,

1200 1914 1236 1941 ad
1257 1914 1390 1942 futuram
1410 1915 1455 1942 rei
1476 1916 1659 1944 memoriam.

1101 1985 1223 2029 Exponi
1243 1986 1336 2019 nobis
1349 1997 1451 2031 nuper
1464 1987 1608 2021 fecerunt
1622 1988 1727 2023 dilecti
1746 1990 1803 2025 filii

1056 2039 1169 2072 Paulus
1195 2040 1381 2083 Caugianus‚
1407 2042 1515 2074 consul
1541 2047 1571 2075 et
1596 2044 1801 2086 camerarius,

1054 2103 1090 2126 ac
1114 2093 1261 2127 Nicolaus
1280 2094 1319 2127 de
1343 2095 1491 2137 Mai-tino,
1517 2096 1718 2130 Marchionus
1742 2098 1798 2131 Al-

1054 2147 1145 2181 binus
1171 2154 1201 2181 et
1226 2148 1436 2193 Hieronymus
1456 2149 1564 2191 Saxas,
1590 2151 1745 2194 consules,
1763 2162 1800 2185 ac

1053 2202 1104 2234 alii
1129 2202 1278 2235 officiales
1293 2207 1322 2237 ct
1335 2203 1474 2247 deputati
1492 2204 1704 2239 universitatis
1721 2206 1798 2239 artis

1052 2256 1219 2289 aurilicum
1247 2256 1285 2289 de
1310 2257 1416 2298 Urbe,
1441 2257 1525 2301 quod
1550 2258 1608 2302 ipsi
1635 2259 1742 2292 omnia
1767 2265 1798 2293 et

1052 2309 1175 2353 singula
1195 2315 1319 2352 statuta,
1335 2311 1410 2344 alias
1427 2322 1486 2356 pro
1504 2312 1587 2345 facili
1607 2311 1709 2346 dictae
1726 2313 1798 2347 uni-

1084 2408 1098 2434 ’1
1121 2408 1229 2435 Artium
1256 2409 1379 2435 consules
1406 2417 1499 2436 earum
1524 2412 1624 2437 statuta
1649 2409 1796 2440 observare

1049 2452 1148 2479 debere
1165 2453 1338 2489 praescripsit
1356 2454 1418 2481 Pius
1433 2455 1468 2480 lV
1484 2455 1511 2481 in
1531 2456 1589 2482 eius
1611 2456 1701 2483 Const.
1719 2464 1796 2490 Lxxi,

1049 2498 1114 2531 §72
1130 2502 1194 2524 tom.
1208 2506 1254 2528 vii.
1272 2507 1331 2532 pag.
1344 2499 1410 2531 ‘2223
1428 2507 1479 2525 non
1497 2504 1609 2534 possunt
1624 2509 1797 2530 reassumere

1030 2567 1031 2571 ,
1049 2552 1144 2570 causas
1165 2544 1321 2570 mercedum
1347 2548 1373 2570 ct
1393 2544 1590 2572 miserabilium
1615 2554 1794 2581 personarum

1049 2598 1063 2618 a
1077 2589 1226 2617 maioribus
1241 2589 1457 2625 magistratibus,
1474 2590 1541 2618 ibid.
1561 2590 1574 2627 ἓ
1590 2591 1634 2619 73.

1858 440 1975 462 contrarn·
1985 440 2020 462 do·

1836 469 1904 494 rogat.

1845 1996 1980 2024 supplicatio
