2243 3205
57 192 105 218 An.
121 190 150 217 C.
171 189 235 216 1661

70 281 74 285 .
89 253 169 285 Divisio
190 257 238 278 pro-

56 285 145 302 vinciae.

79 1317 203 1344 Sequuntur
213 1324 244 1340 or-

60 1344 190 1368 diuationeS.

850 193 1034 217 ALExANDER
1060 193 1104 215 vn
1129 194 1176 216 1³1³.

297 237 312 281 ἓ
336 237 365 271 2.
392 238 474 271 Motu
495 239 638 283 proprio,
657 245 686 272 et
703 250 739 272 ex
759 241 844 272 certa
864 241 993 273 scientia

253 296 282 323 et
307 293 430 324 matura
466 292 691 326 deliberatione
722 293 860 333 nostris,
893 293 994 337 deque

253 345 443 388 apostolicae
468 347 629 389 potestatis
654 348 859 390 plenitudine,
885 353 994 380 tenore

252 399 476 441 praesentium,
499 400 664 432 statuimus
689 406 718 433 et
742 400 941 433 decernimus
962 406 995 433 ut

252 451 412 494 praedicta
443 453 653 496 Congregatio
684 454 872 487 elericorum
899 464 993 496 regu-

253 504 366 537 larium
382 505 420 538 de
434 505 604 538 Somascha
617 507 715 539 divisa
741 507 779 541 sit
803 508 834 539 in
849 513 911 541 tres
927 518 997 550 pro-

252 558 382 598 vincias,
399 558 543 591 videlicet
561 559 778 601 Lonibardiae,
794 561 993 593 venetiarum

254 617 283 643 et
316 612 487 644 Romanam
517 617 710 656 nuncupatas
725 613 742 646 ¹.
769 614 806 646 Et
834 614 995 657 provincia

254 665 382 709 quidem
400 666 607 699 Lombardiae
621 667 779 700 contineat
798 668 903 700 omnia
917 668 995 708 loca,

254 729 334 762 quae
360 719 389 750 in
415 725 495 751 statu
521 719 743 753 Mediolanensi
769 726 799 752 et
823 721 997 753 ditionibus

255 772 468 805 adiacentibus
482 772 669 805 dilectorum
688 773 826 806 tiliorum
845 775 996 807 nobilium

256 825 395 859 virorum
429 825 545 859 dueum
578 826 769 868 Sabandiae,
794 828 936 861 Mantuae
969 833 998 861 et

256 879 396 920 Parmae,
413 890 449 912 ac
466 879 597 912 dominii
616 880 839 921 Helvetiorum,
861 881 999 925 possidet

257 932 303 965 vel
327 933 500 976 possidebit
525 933 607 966 dicta
631 933 852 977 Congregati03
876 934 998 978 provin⁴

256 985 304 1018 cia
318 997 392 1019 vero
410 987 524 1019 Veneta
542 987 772 1030 complectatur
794 988 899 1021 onmia
919 989 998 1029 loca,

256 1050 337 1083 quae
372 1040 573 1073 continentur
605 1051 659 1073 seu
696 1041 943 1074 continebuntur
968 1042 999 1073 in

257 1093 398 1128 dominio
423 1094 624 1137 Reipublicae
642 1094 831 1127 Venetorum
858 1100 888 1127 et
911 1095 998 1138 prin-

257 1147 362 1191 cipatu
385 1148 590 1187 Tridentino;
618 1148 781 1191 provincia
805 1153 908 1180 autem
941 1149 1001 1181 llo-

258 1212 351 1234 mana
375 1201 623 1246 comprehendat
660 1202 729 1235 loca
764 1202 869 1234 omnia
900 1202 1001 1245 posita

259 1255 306 1287 vel
332 1255 476 1299 ponenda
502 1255 533 1287 in
553 1255 680 1299 reliquis
698 1255 802 1288 ltaliae
820 1255 1000 1288 ditionibus.

258 1309 358 1343 Porro
383 1309 540 1353 quaelibet
565 1319 600 1342 ex
626 1309 674 1341 his
701 1309 872 1353 provinciis
898 1310 1000 1342 locum

259 1373 356 1395 unum
375 1362 570 1406 probationis
592 1362 703 1396 lrabeat
720 1372 920 1395 communem
940 1373 1003 1396 om-

259 1416 352 1449 nibus
387 1416 590 1456 nationibus,
616 1427 651 1449 ex
689 1416 803 1459 quibus
838 1417 1003 1460 provincia

261 1469 418 1510 coalescit,
435 1479 507 1502 cum
524 1469 734 1512 professoriis,
752 1479 831 1512 quae
849 1469 1004 1502 sufficiant

260 1533 320 1566 pro
344 1522 529 1555 educatione
554 1522 724 1554 iuventutis
747 1523 916 1566 professae.

305 1575 320 1619 g
343 1575 373 1608 3.
399 1575 444 1608 Ad
469 1575 556 1617 haec⁷
577 1575 734 1619 quaelibet
758 1576 921 1619 provincia
946 1575 1002 1608 lia-

260 1629 332 1662 beat
356 1629 595 1673 quatuordecim
622 1629 745 1662 vocales
763 1629 888 1672 capituli
914 1640 1004 1672 gene-

261 1683 357 1723 ralis,
390 1688 429 1724 et,
455 1683 479 1715 si
514 1683 618 1726 aliqua
643 1693 676 1714 ex
703 1682 751 1714 his
782 1682 820 1715 de
845 1683 1003 1726 praesenti

261 1736 368 1780 plures
393 1736 507 1776 habet,
533 1736 585 1779 qui
612 1736 701 1768 electi
728 1741 819 1777 sunt,
851 1736 1005 1768 retineant

262 1789 311 1823 ius
336 1789 542 1833 acquisitum;
568 1795 708 1822 ceterum
734 1799 796 1822 non
822 1789 1005 1821 deveniatur

262 1843 302 1876 ad
326 1844 511 1877 electionem
525 1853 679 1876 novorum
700 1844 854 1876 vocalium
874 1854 930 1886 pro
951 1843 1006 1875 lm-

264 1896 398 1930 iusmodi
434 1896 620 1940 provincia,
644 1896 703 1929 nisi
736 1902 900 1940 postquam
939 1896 1005 1928 cius

264 1950 388 1983 vocales
411 1950 490 1982 infra
515 1950 753 1993 quatuordecim
772 1950 902 1990 fuer-inu
924 1949 1007 1983 simi-

264 2003 336 2037 liter
350 2004 507 2048 quaelibet
525 2003 689 2047 provincia
707 2004 807 2037 mittat
825 2009 887 2036 tres
905 2004 1006 2036 socios

264 2067 320 2091 seu
343 2057 495 2091 discretos
520 2057 557 2089 ad
583 2057 754 2101 capitulum
781 2058 936 2100 gencrale.

310 2111 325 2154 ξ
349 2110 380 2143 4.
409 2111 583 2155 Praepositi
605 2121 678 2144 vero
696 2111 852 2154 generalis
872 2110 1007 2153 dignitas

265 2175 322 2209 per
347 2170 475 2198 turnum
501 2164 593 2197 detur
608 2175 670 2198 non
689 2165 814 2208 quidem
833 2165 1006 2206 nationum,

266 2218 321 2252 sed
354 2219 587 2263 praedictarum
620 2219 877 2262 provinciarum,
903 2224 933 2251 et
958 2219 1008 2252 bic

268 2278 379 2307 turnus
415 2273 543 2317 incipiat
577 2283 659 2306 anno
695 2273 839 2316 proxime
877 2278 1009 2305 venturo

268 2336 397 2360 MDCan
421 2337 438 2359 a
462 2326 624 2370 provincia
645 2327 793 2366 Romana,
812 2337 828 2358 a
853 2336 913 2369 qua
931 2331 1010 2358 tran-

269 2385 334 2414 seat
358 2380 395 2413 ad
426 2381 596 2420 Venetam3
628 2379 796 2423 dignitates
833 2385 936 2412 autem
975 2389 1010 2412 ex

268 2434 384 2478 quibus
408 2439 528 2467 constat
552 2433 784 2475 definitorium,
811 2444 881 2466 cum
903 2443 1011 2466 omnes

270 2487 331 2520 sint
364 2497 496 2520 numero
528 2486 696 2527 tredecim,
727 2486 899 2530 aequaliter
926 2485 1011 2519 divi-

1674 184 1739 216 747

1030 245 1101 273 tuor
1126 251 1161 273 ex
1188 241 1248 273 illis
1272 241 1401 281 habeat3
1440 241 1492 273 illa
1529 251 1612 283 vero,
1638 241 1686 273 eui
1714 252 1771 284 per

1030 299 1158 326 turnum
1184 295 1382 338 praepositus
1411 296 1566 338 generalis·
1596 295 1771 337 continget,

1029 347 1178 391 quinque.

1075 401 1089 443 ξ
1114 401 1144 434 5.
1174 401 1348 442 Praeterea,
1379 402 1432 434 ubi
1458 412 1540 435 nunc
1567 402 1646 434 inter
1671 401 1773 443 digni-

1029 459 1107 486 tates
1143 454 1312 488 defmitorii
1348 461 1419 487 sunt
1455 455 1516 488 duo
1549 455 1718 488 consiliarii
1744 460 1773 486 et

1031 513 1166 551 quatuor
1192 508 1384 549 definitores,
1410 515 1443 541 ut
1463 509 1563 552 aptius
1578 508 1690 541 divisio
1708 508 1772 549 fiat,

1031 561 1188 604 eligantur
1209 568 1271 594 tres
1296 562 1488 604 definitores,
1515 562 1591 594 itaut
1616 562 1773 605 quaelibet

1031 615 1193 658 provincia
1228 626 1318 647 suum
1356 615 1469 647 habeat
1495 615 1710 648 consiliarium
1745 619 1774 647 et

1032 679 1123 701 suum
1148 669 1358 702 definitorem.

1077 722 1091 764 ξ
1116 721 1144 753 u.
1170 722 1341 765 Dignitates
1367 728 1470 755 autem
1497 722 1665 766 praepositi
1684 732 1776 764 gene-

1034 775 1117 815 ratis,
1143 775 1250 808 vicarii
1277 776 1433 818 generalis
1446 780 1475 809 et
1493 775 1708 819 procuratoris
1727 786 1776 817 ge-

1033 829 1148 861 neralis
1174 829 1232 862 boc
1258 830 1368 862 ordine
1398 830 1638 871 distribuantur,
1658 835 1689 861 ut
1708 829 1774 861 cui-

1034 882 1108 915 libet
1132 883 1313 926 prm-inciae
1338 894 1395 927 per
1417 888 1543 916 turnum
1571 894 1694 925 semper
1716 892 1776 914 una

1034 947 1069 967 ex
1096 935 1144 967 his
1169 936 1356 968 conferatur.
1397 936 1586 969 Procurator
1619 946 1692 967 vero
1718 945 1774 977 ge-

1035 989 1149 1021 neralis
1183 990 1306 1022 functus
1338 990 1441 1023 officio
1475 990 1512 1023 sit
1538 990 1605 1033 ipso
1632 990 1699 1021 iure
1722 999 1778 1032 per

1035 1043 1228 1087 subsequens
1266 1044 1433 1076 triennium
1473 1043 1671 1076 consiliarius
1705 1054 1778 1075 suae

1036 1096 1236 1139 provinciae,
1263 1097 1321 1128 nisi
1347 1097 1481 1139 eligatur
1506 1096 1703 1140 praepositus
1729 1107 1779 1138 ge-

1036 1149 1162 1188 neralis,
1188 1155 1239 1181 aut
1266 1150 1403 1183 vicarius
1429 1150 1595 1193 generalis,
1621 1155 1671 1182 aut
1699 1160 1775 1192 pro—

1037 1203 1188 1235 vincialis.

1081 1256 1095 1299 ξ
1121 1257 1148 1289 7.
1175 1256 1274 1289 Porro
1299 1267 1392 1289 nemo
1418 1257 1515 1300 possit
1539 1267 1606 1289 esse
1631 1256 1777 1299 superior

1038 1309 1067 1341 in
1093 1309 1197 1352 aliqua
1224 1310 1407 1352 provincia,
1434 1310 1485 1353 qui
1520 1310 1602 1342 filius
1628 1309 1694 1341 eius
1718 1319 1780 1341 non

1037 1363 1085 1395 sit.
1110 1363 1147 1395 Et
1172 1363 1310 1406 quidem,
1329 1363 1380 1406 qui
1400 1363 1459 1395 iam
1486 1363 1616 1406 professi
1635 1368 1716 1403 sunt,
1739 1362 1779 1394 in-

1038 1416 1218 1458 telligantur
1254 1427 1321 1449 esse
1347 1416 1401 1448 filii
1427 1417 1494 1449 eius
1530 1416 1711 1459 provinciae
1751 1415 1779 1446 in

1037 1481 1097 1513 qua
1122 1470 1184 1502 nati
1211 1474 1293 1509 sunt,
1319 1470 1372 1503 sed
1397 1470 1449 1514 qui
1477 1470 1506 1502 in
1528 1476 1689 1513 posterum
1709 1480 1779 1513 pio

1039 1523 1203 1556 sessionem
1230 1523 1392 1564 emittent,
1419 1523 1484 1556 eius
1520 1523 1700 1567 provinciae
1725 1523 1780 1554 filii

1038 1582 1224 1609 censeantur
1249 1580 1277 1610 et
1302 1576 1363 1610 sint
1385 1577 1413 1608 in
1440 1587 1500 1619 qua
1525 1576 1562 1609 ad
1594 1577 1780 1619 religionem

1038 1630 1251 1670 admittentur,
1269 1635 1298 1662 ct
1316 1630 1346 1662 in
1364 1641 1424 1673 qua
1445 1630 1673 1674 professionem
1696 1630 1781 1662 emit-

1038 1689 1110 1717 tent.
1135 1684 1272 1722 Quilibet
1298 1689 1399 1716 tamen
1425 1684 1490 1716 sine
1517 1684 1580 1716 ullo
1598 1683 1780 1716 discrimine

1039 1737 1181 1770 subditus
1207 1748 1274 1769 esse
1296 1738 1393 1781 possit
1419 1738 1448 1770 in
1474 1738 1612 1781 qualibet
1645 1737 1781 1770 cuiusvis

1039 1790 1218 1833 provinciae
1240 1790 1351 1830 domo,
1373 1791 1457 1822 salva
1483 1790 1549 1823 eius
1575 1790 1757 1833 capacitate.

1085 1843 1152 1887 58.
1174 1844 1271 1876 Nemo
1303 1854 1428 1887 quoquc
1461 1844 1524 1877 ullo
1558 1843 1651 1876 modo
1685 1844 1781 1886 possit

1040 1908 1107 1930 esse
1139 1897 1284 1940 superior
1317 1897 1348 1929 in
1379 1897 1487 1930 eadem
1518 1897 1613 1930 domo
1643 1897 1700 1929 nisi
1727 1907 1783 1940 per

1042 1950 1221 1990 triennium,
1246 1961 1308 1994 quo
1334 1951 1442 1994 elapso
1468 1951 1602 1983 alterum
1624 1950 1781 1992 integrum

1043 2003 1210 2036 triennium
1251 2003 1331 2035 elabi
1366 2003 1497 2043 debeat,
1531 2003 1714 2046 priusquam
1745 2002 1783 2034 ad

1042 2056 1182 2089 eiusdem
1201 2056 1314 2090 domus
1333 2057 1472 2100 regimen
1491 2057 1548 2089 sub
1566 2056 1675 2100 quovis
1695 2056 1783 2088 titulo

1042 2111 1106 2143 sive
1132 2110 1306 2154 superioris
1337 2111 1401 2143 sive
1431 2111 1539 2143 vicarii
1568 2110 1782 2143 admoveatur.

1041 2164 1097 2203 Qui
1132 2175 1205 2197 vcro
1236 2164 1266 2196 in
1299 2164 1446 2207 proximo
1474 2164 1612 2208 capitulo
1645 2163 1783 2206 generali

1043 2218 1113 2250 anni
1129 2228 1258 2251 ›tDCLxu
1278 2217 1476 2261 reperientur
1492 2217 1629 2260 aliquam
1655 2217 1784 2250 domum

1043 2272 1235 2314 gubernasse
1261 2283 1317 2314 per
1332 2271 1512 2311 triennium,
1527 2276 1578 2303 aut
1598 2271 1688 2312 ultra,
1711 2281 1784 2314 quo-

1045 2325 1089 2357 vis
1121 2324 1247 2357 demum
1282 2324 1371 2356 titulo
1401 2324 1582 2367 superiores.
1608 2324 1743 2364 fueriiit,
1769 2336 1786 2356 a

1046 2377 1223 2421 praedictae
1247 2377 1360 2410 domus
1386 2377 1537 2419 regimine
1555 2383 1784 2410 removeantur.

1089 2431 1103 2473 ξ
1127 2430 1156 2463 9.
1182 2430 1326 2463 Ceterum
1348 2435 1453 2473 patres
1482 2429 1651 2463 defiuitorii
1673 2430 1786 2462 ceteris

1045 2484 1298 2528 quibuscumque
1318 2482 1517 2527 praecedant,
1543 2488 1582 2523 et,
1608 2483 1631 2515 si
1658 2483 1784 2527 quando

270 2539 406 2580 dantur,
436 2539 513 2573 itaut
547 2539 705 2584 quaelibet
742 2538 904 2583 provincia
940 2548 1014 2582 qua·
1046 2537 1205 2580 contingat
1243 2547 1296 2570 eos
1331 2536 1472 2569 subditos
1511 2547 1578 2569 esse
1616 2537 1645 2569 in
1681 2537 1786 2580 aliqua

308 2603 319 2628 1
342 2601 442 2629 Forsan
462 2602 676 2636 nuncupandas
695 2602 732 2635 (n.
750 2602 797 2634 zu).

1046 2590 1150 2630 domo,
1177 2589 1357 2623 immediate
1374 2595 1442 2633 post
1461 2589 1657 2633 superiorein
1676 2589 1786 2622 (lomus

1786 193 1834 217 Aa.
1854 194 1880 219 t).
1908 194 1968 220 ieet
