2185 3188
50 195 96 223 An.
119 192 147 220 C.
165 192 231 220 ¹656

69 1076 73 1080 .
83 1048 192 1069 Decretum
210 1047 236 1068 ir-

59 1078 127 1097 ritnns.

92 1897 198 1920 Contraria
213 1904 245 1920 re-

68 1924 118 1947 tte'it.

836 189 1020 213 ALEXANDER
1047 190 1089 212 VH
1114 190 1159 212 PP.

243 243 272 272 et
292 239 454 278 facultatis,
474 248 509 271 ac
534 239 564 271 in
590 238 736 271 omnibus
755 243 784 270 et
805 247 860 280 per
878 236 984 269 omnia
1019 236 1048 269 in
1067 238 1259 270 contrarium
1290 239 1535 282 praemissorum
1566 236 1760 281 quomodoli-

243 296 337 336 prout
369 294 399 324 et
424 291 692 334 quemadmodum
726 290 808 322 idem
845 289 985 322 Andreas

243 343 411 388 episcopus
423 354 536 377 munus
548 343 655 377 vicarii
670 342 863 383 huiusmodi,
879 342 986 384 vigore

243 396 475 429 constitutionis
493 401 522 428 et
543 396 755 440 deputationis
780 395 818 427 de
836 394 902 427 eius
921 404 988 437 per-

243 450 320 481 sona
346 458 401 492 per
436 448 580 481 eumdem
612 449 758 480 loannem
786 446 986 479 Franciseum

246 502 374 534 Paulum
394 501 583 535 cardinalem
603 502 780 546 praesulem
801 505 832 534 ut
850 500 987 544 praeser-

246 560 296 587 tur
317 554 431 588 factae¹
454 555 609 595 exercuit,
631 566 685 587 seu
703 564 851 587 exercere
878 553 989 596 potuit,

246 607 366 640 etiamsi
386 608 457 640 talia
473 614 588 648 essent,
606 618 686 651 quae
704 607 804 650 magis
821 606 988 650 specialem

248 665 277 693 et
302 659 493 692 individuam
519 660 718 704 requirerent
741 659 944 699 mentionem,
962 664 990 691 et

248 712 377 757 perinde
395 724 430 746 ac
451 713 477 746 si
502 713 683 747 constitutio
703 718 733 745 et
753 712 913 757 deputatio
938 713 991 744 liu-

248 765 383 799 iusmodi
409 765 447 798 ab
473 766 539 810 ipso
564 767 679 800 Ioanne
704 765 871 799 Francisco
896 765 991 798 Paulo

250 818 406 852 cardinale
430 820 575 863 praesule
604 819 643 852 ab
668 819 755 852 initio
781 819 819 851 de
845 821 896 852 tua
922 829 992 862 per·

250 873 327 905 sona
346 872 423 906 saeta
441 872 575 916 fuisset),
594 878 691 915 motu,
709 872 852 913 scientia,
873 872 992 905 delibe-

251 926 392 966 ratione,
416 926 579 970 potestatis
604 927 798 970 plenitudine
830 932 859 959 et
884 931 992 959 tenore

252 979 392 1024 paribus,
417 979 636 1014 substituimus
662 985 692 1015 et
716 980 936 1023 subrogamus.

296 1033 354 1076 §le
368 1033 577 1066 Decernentes
597 1039 778 1077 praesentes
799 1033 920 1065 litteras
944 1033 994 1065 sir-

253 1097 329 1127 mas,
353 1087 470 1120 validas
494 1092 524 1120 et
549 1087 690 1120 efficaces
716 1088 848 1120 existere
866 1092 893 1120 et
918 1087 993 1127 sore,

252 1139 372 1183 tibique
400 1139 582 1183 plenissime
610 1139 795 1183 suffragari,
828 1140 937 1183 sicque
966 1145 991 1172 et

252 1203 315 1226 non
339 1192 430 1225 aliter
451 1193 482 1225 in
500 1192 682 1236 praemissis
703 1203 760 1237 per
777 1203 994 1237 quoscumque

253 1246 372 1279 iudices
390 1245 568 1279 ordinarios
586 1251 613 1278 et
631 1245 801 1289 delegatos,
816 1246 908 1280 etiam
927 1257 996 1278 cau-

255 1310 361 1333 sarum
387 1300 494 1344 palatii
514 1300 677 1343 apostolici
704 1299 874 1339 auditores,
893 1311 928 1333 ac
944 1311 996 1333 no-

254 1358 336 1387 stros
360 1359 390 1386 et
415 1353 503 1387 Sedis
527 1354 725 1397 Apostolicae
753 1354 884 1387 nuncios
899 1381 906 1394 ,
924 1363 996 1387 nec-

255 1417 316 1440 non
335 1407 474 1440 eiusdem
493 1407 522 1440 S.
544 1408 577 1440 R.
596 1407 628 1439 Ε.
647 1407 831 1450 cardinales,
850 1408 942 1441 etiam
960 1408 997 1441 de

256 1462 354 1494 latere
380 1462 508 1504 legatos,
533 1467 562 1494 et
587 1471 803 1505 quoscumque
821 1462 898 1495 alios
926 1472 998 1505 qua-

256 1515 302 1547 vis
334 1515 520 1548 auctoritate
550 1515 716 1557 fungentes
752 1521 782 1547 et
814 1516 998 1555 sauciares,

256 1568 379 1601 sublata
404 1569 448 1601 eis
474 1574 502 1601 et
528 1579 638 1601 eorum
664 1569 791 1601 cuilibet
813 1568 921 1612 quavis
949 1569 1000 1601 ali-

258 1627 304 1654 ter
329 1621 487 1655 iudicandi
509 1627 539 1654 et
556 1621 782 1665 interpretandi
809 1622 954 1654 facultate
972 1627 999 1654 et

257 1675 453 1717 auctoritate,
479 1675 609 1708 iudicari
628 1681 658 1707 et
675 1675 798 1708 deliniri
821 1675 945 1716 debere,
965 1686 1000 1708 ac

258 1728 382 1762 irritum
408 1734 438 1761 et
473 1728 564 1761 inane
582 1755 589 1769 ‚
620 1729 644 1761 si
671 1739 762 1761 secus
787 1739 883 1772 super
914 1729 959 1761 liis
984 1740 1000 1762 a

257 1792 428 1827 quoquam,
448 1782 557 1825 quavis
576 1782 772 1823 auctoritate,
793 1783 927 1815 scienter
955 1783 1000 1815 vel

258 1836 452 1880 ignoranter,
474 1836 642 1879 contigerit
666 1837 822 1869 attentari.

303 1891 320 1934 ἕ
350 1890 379 1924 5.
412 1890 479 1923 Non
511 1889 707 1924 obstantibus
741 1891 941 1934 apostolicis,
967 1903 1001 1923 ac

261 1944 292 1977 in
310 1943 542 1977 universalibus
568 1943 879 1987 provincialibusque
899 1949 930 1976 et
955 1954 1002 1988 sy-

261 1997 426 2032 nodalibus
451 1997 591 2031 conciliis
617 1997 718 2038 editis,
736 1998 937 2040 generalibus
957 1998 1001 2030 rel

261 2051 461 2096 specialibus,
486 2050 762 2085 constitutionibus
787 2057 815 2084 et
837 2051 1003 2085 ordinatio—

262 2104 366 2145 nibus,
387 2113 520 2144 necnon,
544 2110 698 2148 quatenus
722 2114 800 2148 opus
824 2105 880 2145 sit,
896 2106 1002 2137 nostra

263 2163 293 2191 et
313 2157 519 2191 cancellariae
535 2158 725 2202 apostolicae
749 2158 859 2200 regula
886 2158 924 2190 tle
941 2168 1004 2190 non

262 2211 403 2244 tollendo
428 2211 495 2243 iure
520 2211 674 2254 quaesito,
697 2221 732 2244 ac
756 2211 935 2254 praedictae
960 2221 1005 2244 ec-

264 2264 376 2298 clesiae
392 2264 585 2304 parisiensis,
597 2270 626 2297 ct
641 2265 801 2308 quibusvis
815 2265 894 2305 aliis,
912 2265 1005 2298 etiam

263 2318 450 2359 iuramento,
475 2318 712 2351 confirmatione
740 2318 932 2361 apostolica,
961 2318 1005 2350 rel

264 2371 373 2415 quavis
403 2371 551 2403 firmitate
580 2371 639 2403 alia
666 2371 842 2414 roboratis,
861 2372 1004 2412 statutis,

266 2423 555 2464 consuetudinibus,
581 2424 751 2467 privilegiis
784 2434 930 2467 quoque,
962 2425 1004 2457 in-

266 2477 359 2510 dultis
387 2480 417 2510 et
445 2476 554 2509 litteris
575 2477 754 2519 apostolicis
783 2477 884 2510 dictae
908 2478 1006 2511 eccle-

266 2530 339 2572 siae,
359 2530 503 2573 illiusque
529 2530 676 2573 praesuli,
697 2535 727 2563 et
751 2531 913 2574 quibusvis
938 2523 1025 2571 aliis}

302 2592 315 2618 1
333 2591 403 2619 Male
419 2591 482 2619 edit.
501 2591 578 2621 Malu.
596 2591 661 2628 legit
674 2593 753 2628 sucta
769 2593 807 2629 (n.
826 2599 873 2619 t

1020 290 1070 323 bet
1095 290 1272 331 concessis,
1299 291 1492 324 confirmatis
1527 296 1556 324 et
1586 290 1760 329 innovatis,

1020 343 1133 386 quibus
1146 343 1292 375 omnibus
1316 349 1343 376 et
1367 344 1508 386 singulis,
1532 344 1656 376 illorum
1680 348 1762 376 teno-

1022 406 1071 428 res
1097 396 1316 439 praesentibus
1347 407 1406 439 pro
1439 398 1528 439 plene
1554 402 1583 428 et
1609 395 1762 428 sufficien-

1023 452 1069 481 ter
1091 448 1247 492 expressis
1269 459 1304 481 ae
1323 449 1359 481 de
1386 450 1483 482 verbo
1503 450 1540 481 ad
1563 449 1691 481 verbum
1723 449 1763 480 in-

1023 501 1115 533 sertis
1141 501 1299 541 babentes,
1322 501 1382 533 illis
1406 502 1481 534 alias
1511 503 1539 534 in
1571 512 1627 534 suo
1649 501 1762 534 robore

1023 554 1248 598 permansuris,
1270 553 1307 586 ad
1335 554 1580 597 praemissorum
1607 555 1763 596 effectum,

1025 607 1081 639 hac
1101 607 1167 639 vice
1183 606 1355 645 dumtaxat,
1377 607 1555 650 specialiter
1572 612 1601 639 et
1618 617 1765 651 expresse

1024 659 1229 702 derogamus3
1251 660 1425 703 ceterisque
1451 660 1617 692 contrariis
1641 660 1767 703 quibus-

1025 723 1170 757 cumque.

1070 767 1181 799 Datum
1207 767 1335 807 Romae,
1361 766 1445 810 apud
1470 766 1500 799 S.
1519 766 1646 798 Mariam
1673 766 1766 799 Maio-

1027 831 1103 860 rem,
1121 820 1180 852 sub
1197 820 1313 852 annulo
1335 819 1516 859 Piscator-is,
1531 818 1581 851 die
1605 828 1681 851 xxvt
1700 819 1765 851 iulii

1028 883 1155 912 unnim,
1173 873 1374 916 pontificatus
1391 872 1491 905 nostri
1510 882 1593 904 anno
1615 881 1645 904 u.

1063 936 1123 963 Dat.
1145 935 1188 962 die
1208 935 1242 962 ‘26
1263 935 1318 962 iulii
1340 936 1420 968 1656,
1439 935 1533 971 pontif.
1556 943 1600 962 an.
1622 941 1651 961 tt.

1331 1078 1458 1112 CXXlll.

1030 1159 1203 1193 Imlullttm
1222 1163 1257 1192 ut
1279 1159 1383 1192 clerus
1405 1159 1503 1191 etiam
1524 1158 1687 1201 reyularis
1713 1157 1772 1190 He?-

1073 1213 1269 1256 spaniarum
1286 1213 1402 1255 festum
1416 1211 1602 1245 Patr-ocimi·
1616 1211 1654 1244 B.
1675 1210 1715 1243 M.
1738 1210 1770 1242 V.

1073 1267 1253 1310 quotannis
1278 1265 1437 1298 celebrare
1460 1265 1590 1308 possit¹.

1226 1348 1389 1374 Alexander
1415 1346 1493 1380 Papa
1512 1346 1576 1379 vu,

1157 1392 1192 1419 ad
1209 1395 1385 1426 perpetuam
1401 1391 1446 1418 rei
1466 1390 1648 1418 memoriam.

1078 1465 1241 1498 Praeclara
1258 1462 1510 1497 christianissimi
1530 1462 1559 1495 in
1573 1462 1697 1496 Christo
1715 1462 1770 1495 filii

1033 1518 1132 1551 nostri
1159 1517 1294 1561 Philippi
1320 1516 1540 1560 Hispaniarum
1568 1516 1651 1558 regis
1671 1516 1774 1549 catho-

1036 1572 1084 1605 lici
1112 1572 1141 1604 in
1162 1571 1260 1604 Deum
1286 1570 1394 1614 pietas,
1412 1580 1447 1602 ac
1464 1580 1538 1612 erga
1560 1569 1773 1603 Beatissimam

1037 1625 1194 1667 Virginem
1214 1624 1266 1657 Ilei
1288 1623 1478 1657 Genitrieem
1497 1622 1624 1655 Mariam
1651 1622 1775 1655 devotio

1035 1679 1204 1721 singularis
1235 1678 1264 1710 in
1290 1687 1347 1710 nos
1373 1682 1401 1709 et
1427 1675 1637 1719 Apostolicam
1663 1675 1774 1709 sedem

1036 1731 1107 1764 fidei
1126 1731 1303 1771 coniuncta,
1329 1735 1540 1774 promeretur,
1559 1734 1592 1761 ut
1615 1729 1681 1761 cius
1698 1730 1776 1762 rotis

1036 1785 1073 1817 ad
1098 1784 1274 1827 augendam
1299 1783 1396 1827 ipsius
1415 1782 1615 1815 Beatissimae
1641 1782 1776 1824 l'irginis

1036 1838 1269 1871 venerationem
1297 1836 1515 1875 tendentibus,
1541 1841 1691 1879 quantum
1721 1846 1777 1868 no-

1037 1892 1083 1924 bis
1108 1901 1143 1924 ex
1170 1891 1232 1924 alto
1258 1890 1455 1931 conceditur,
1483 1889 1696 1922 favorabiliter
1721 1900 1776 1922 an-

1037 1955 1178 1978 nuamus.

1081 2000 1096 2042 {5
1123 1998 1149 2030 1.
1170 1998 1246 2031 Cum
1274 1998 1386 2041 itaque,
1405 1998 1485 2030 sicut
1510 1997 1591 2029 idem
1618 1997 1778 2041 Philippus

1038 2062 1090 2085 rex
1122 2051 1212 2084 nobis
1244 2050 1357 2094 exponi
1389 2050 1480 2090 fecit,
1507 2050 1572 2093 ipse
1603 2050 1640 2082 ad
1663 2050 1779 2093 gratias

1038 2104 1139 2138 eidem
1172 2103 1292 2146 Virgini
1324 2103 1375 2136 Dei
1402 2102 1551 2136 Genitrici
1585 2102 1698 2135 Mariae
1721 2113 1780 2146 pro

1039 2158 1185 2202 plurimis
1205 2157 1376 2198 beneficiis,
1394 2167 1473 2200 quae
1487 2157 1525 2189 ab
1548 2156 1599 2188 illa
1624 2156 1781 2200 accepisse

1039 2222 1097 2255 pro
1122 2211 1236 2244 affectu
1260 2211 1439 2254 profitetur,
1464 2210 1600 2252 agendas
1625 2219 1721 2242 unum
1744 2209 1782 2242 se—

1040 2271 1121 2298 stum
1145 2265 1335 2309 particulare
1354 2263 1520 2297 Patrocinii
1540 2263 1650 2296 Bcatae
1667 2262 1781 2295 Mariae

1041 2318 1177 2361 Virginis
1201 2318 1448 2361 nuncupandum
1469 2317 1497 2349 in
1512 2316 1659 2349 omnibus
1676 2316 1783 2360 Hispa-

1040 2372 1110 2404 niae
1137 2371 1241 2413 regnis
1272 2371 1375 2414 aliqua
1406 2370 1456 2402 die
1481 2369 1638 2402 dominica
1665 2369 1781 2402 mensis

1040 2425 1220 2458 novembris
1249 2424 1337 2456 annis
1363 2423 1495 2465 sing-ulis
1520 2423 1672 2456 celebrari
1695 2433 1781 2456 sum-

1041 2487 1170 2522 mopere
1195 2476 1370 2510 desideret:

1086 2531 1100 2569 ξ
1124 2530 1153 2562 ⁹2.
1176 2531 1248 2565 Nos.
1267 2530 1349 2572 piam
1375 2529 1513 2562 eiusdem
1542 2529 1675 2573 Philippi
1699 2530 1781 2570 rog-is

1023 2584 1026 2625 l
1079 2597 1088 2619 ι
1113 2593 1148 2619 ux
1173 2593 1278 2627 aegest.
1302 2593 1326 2619 m
1347 2593 1447 2619 secret.
1471 2592 1545 2619 tsi—ev.

1664 179 1728 212 199
1777 189 1822 213 An.
1847 189 1871 213 tl.
1893 188 1958 214 use

1817 1474 1838 1493 s't
1845 1473 1957 1493 anemium.

1821 2004 1962 2030 Siipjvlicatio.

1820 2534 1920 2555 littlullum
1932 2538 1980 2553 cun·

1798 2562 1860 2584 redit,
1876 2563 1896 2580 ut
1912 2561 1980 2580 cleru-
