2243 3205
19 177 70 204 An.
87 174 114 200 C.
138 173 205 200 1059

216 219 347 254 macello
361 219 474 253 d'altro
489 219 669 260 macellaro,
683 217 859 261 assegnarsi
874 216 958 249 detto

218 273 349 307 macello
375 274 525 318 riaperto,
551 284 569 306 o
594 273 674 305 altro
699 281 801 304 nuovo
828 269 958 302 macello

217 328 275 361 ebe
300 328 324 361 si
349 339 445 372 apra,
471 327 690 369 alvaccinaro
716 326 772 359 elie
797 325 890 357 n'era
915 334 960 356 rc-

218 388 297 415 stato
322 382 422 426 privo,
441 392 457 414 e
482 392 544 415 non
568 380 763 424 riaprendosi
789 379 873 412 detto
901 388 960 410 ma-

218 436 316 476 cello,
341 447 359 469 0
389 446 452 468 non
477 434 643 478 aprendosi
677 434 758 466 altro
783 443 904 472 nuovo,
931 431 960 464 in

218 489 368 532 riguardo
404 489 435 522 di
471 489 555 523 detto
589 487 869 531 meglioramento,
904 485 960 518 che

218 543 323 576 hanno
340 543 410 576 altri
433 541 591 575 macellari
608 541 638 574 di
661 540 807 573 macellar
824 539 878 583 pin
900 538 962 571 ani-

219 596 303 637 mali,
321 596 358 629 ed
383 596 516 629 affinclie
541 595 625 627 detto
651 594 816 626 vaccinam
838 603 899 625 non
918 593 962 624 sia

219 649 249 682 in
265 649 368 682 danno
383 660 438 693 per
454 649 483 681 la
508 649 652 681 clausura
666 647 695 679 di
715 647 800 679 detto
818 646 961 686 macello,

220 703 365 737 debbano
383 703 425 746 gli
442 702 512 735 altri
540 701 694 734 vaccinari
714 700 782 734 tutti
807 699 961 742 singolar-

220 761 323 791 mente
356 767 417 800 pro
451 756 526 788 ratri
552 765 702 797 assegnar
737 753 809 786 delli
841 753 961 786 macelli

220 810 303 843 avuti
320 815 402 842 tanta
417 808 558 854 quantita
575 807 605 840 di
620 807 725 851 quelli,
737 812 854 850 quanto
873 812 963 850 porta

221 863 251 896 la
275 862 415 907 quantita
439 862 487 894 del
514 861 655 901 macello,
681 860 738 893 elie
774 860 854 892 s’era
885 870 963 892 asse-

220 922 314 960 gnata
339 916 366 949 al
392 915 577 954 vaccinam,
604 914 661 947 clie
691 924 728 946 ne
763 919 843 946 resta
874 913 963 957 privo

221 981 280 1015 per
305 971 333 1003 la
358 970 504 1003 clausura
529 968 660 1012 seguita.

266 1024 289 1057 E
302 1024 360 1057 che
377 1033 513 1056 nessuno
531 1021 653 1055 ardisca
670 1021 699 1053 di
722 1031 890 1065 comprare
908 1031 965 1065 per

222 1076 386 1110 rivendere
411 1076 513 1120 prima
538 1075 595 1109 che
627 1085 690 1108 non
715 1074 759 1107 sia
785 1074 894 1107 concia
926 1074 964 1107 ad

222 1142 279 1165 uso
304 1131 334 1164 di
360 1130 515 1164 ealzolaro
540 1140 555 1163 e
581 1129 705 1170 sellaro,
724 1133 806 1161 sotto
831 1138 911 1172 pena
934 1127 964 1160 di

222 1184 310 1217 scudi
334 1183 414 1217 dieci
440 1194 497 1227 per
518 1182 724 1226 qualsivoglia
750 1181 832 1225 pelle
857 1181 894 1214 da
913 1192 966 1225 ap-

222 1237 349 1282 plicarsi
364 1247 453 1270 come
467 1247 579 1281 sopra,
598 1246 614 1269 e
639 1246 695 1280 per
721 1235 866 1278 maggior
883 1245 966 1268 com-

223 1291 415 1336 probazione
445 1290 494 1323 del
527 1294 673 1334 presente
698 1288 846 1329 decreto,
872 1299 904 1321 se
928 1299 967 1321 ne

224 1345 334 1379 ehieda
350 1355 367 1378 a
383 1345 497 1379 Nostro
517 1343 660 1388 Signore,
677 1353 693 1376 e
712 1354 727 1375 a
747 1342 797 1376 clii
823 1342 966 1385 bisogna,

225 1400 386 1433 conferma
406 1400 437 1432 in
460 1399 560 1432 forma
581 1397 738 1442 specifica,
759 1407 818 1430 con
837 1397 866 1429 la
885 1397 967 1429 clau—

225 1453 292 1486 sula
317 1452 456 1494 sublata,
475 1462 490 1484 e
515 1451 642 1485 decreto
664 1450 816 1490 irritante,
834 1449 967 1483 affinclie

226 1507 287 1540 mai
316 1507 370 1551 piu
394 1517 452 1550 per
469 1505 636 1539 l'avvenire
657 1505 680 1538 si
707 1515 799 1548 possa
824 1504 968 1537 dubitare

227 1571 285 1604 per
305 1561 396 1594 alcun
412 1566 517 1604 tempo
540 1559 620 1592 della
639 1559 753 1592 dovuta
774 1569 967 1592 osservanza,

271 1614 360 1654 Quali
373 1613 506 1647 essendo
522 1613 592 1646 stati
607 1612 645 1646 da
660 1623 708 1646 mc
729 1613 794 1645 letti
813 1612 872 1644 alla
885 1611 969 1646 detta

228 1666 486 1711 congregazione,
505 1666 618 1699 surono
644 1665 807 1710 approvati
832 1676 847 1698 c
873 1671 969 1698 accet-

228 1722 293 1763 tati,
309 1732 324 1754 e
342 1721 368 1755 si
386 1721 516 1754 dovesse
537 1730 701 1754 osservare
726 1724 843 1765 quanto
862 1720 892 1752 in
910 1719 969 1752 essi

230 1775 254 1808 si
281 1774 425 1808 contiene
444 1773 475 1806 in
500 1773 574 1816 ogni
600 1772 728 1816 miglior
754 1772 864 1813 modo,
889 1783 969 1813 ecc.;

229 1833 259 1864 et
271 1828 347 1862 alias
363 1828 467 1869 latius,
487 1832 581 1872 prout
602 1826 632 1859 in
653 1826 729 1860 actis
756 1826 828 1867 mei,
846 1831 914 1867 etc„
933 1826 970 1859 ad

229 1893 320 1927 quac,
338 1888 395 1915 etc:
415 1882 448 1914 In
477 1891 611 1925 quorum
644 1879 750 1921 fidem,
775 1885 833 1913 etc.
860 1880 969 1914 Datum

229 1938 287 1971 hac
304 1937 353 1970 die
374 1947 435 1971 xxv
456 1936 638 1970 novembris
655 1945 805 1969 iunchnt.

275 1991 318 2025 lta
343 1995 405 2023 est:
432 2000 491 2034 pro
515 1990 656 2023 Nlcomo
683 1990 844 2030 thmxo,
867 1989 972 2023 curiae

229 2045 371 2090 Capitolii
393 2055 428 2078 ac
445 2044 546 2077 dictae
564 2043 775 2077 universitatis
793 2043 942 2077 notarius.

274 2098 439 2131 Ilonmlus
460 2097 706 2137 MONTANELLUS,
727 2097 923 2138 substitutus,
942 2098 972 2130 in

230 2151 335 2194 fidem,
361 2156 419 2184 etc.
442 2164 454 2182 »

276 2205 291 2248 ἓ
314 2205 343 2238 2.
370 2204 446 2238 Cum
472 2208 589 2243 autem,
614 2203 695 2237 sicut
720 2203 828 2236 eadem
854 2202 973 2247 exposi-

232 2259 275 2292 tio
300 2257 519 2301 subiungebat,
537 2257 765 2291 declarationes
782 2267 837 2290 seu
851 2257 974 2290 ordina-

233 2312 334 2346 tiones
354 2311 568 2356 praeinsertae
586 2321 648 2344 non
666 2310 767 2344 solum
794 2310 971 2354 appositum

233 2365 362 2399 modurn
395 2364 578 2397 admittendi
609 2364 753 2397 homines
785 2363 822 2396 ad
855 2363 973 2397 exerci-

232 2420 310 2453 tium
324 2418 399 2452 artis
413 2418 591 2462 praedictae
602 2417 828 2461 praescribant,
843 2422 876 2449 ut
893 2417 944 2450 illa
958 2427 975 2449 a

232 2473 342 2517 peritis
368 2478 398 2505 et
422 2471 560 2515 expertis
581 2471 618 2504 ad
636 2470 794 2514 publicam
811 2470 973 2504 utilitatem

232 2529 428 2567 exerceatur,
443 2525 642 2569 plurimaque
661 2523 909 2556 inconvenientia
924 2534 975 2556 ex-

234 2580 411 2623 cludantur,
430 2590 508 2623 quae
528 2579 612 2613 nasci
631 2584 769 2623 possent,
785 2578 807 2611 si
828 2578 975 2622 imperiti,

812 169 890 192 ALEx
896 167 998 192 ANDER
1022 166 1066 190 vll
1092 166 1138 189 ΓΡ.

1637 152 1701 185 4229
1748 158 1932 186 An.c.1659

992 219 1021 248 et
1041 213 1093 258 qui
1108 218 1207 247 artem
1226 212 1406 246 huiusmodi
1427 222 1488 246 non
1513 210 1636 251 callent,
1650 209 1733 242 illius

993 267 1143 301 exercitio
1161 277 1192 300 se
1211 267 1406 310 ingererent;
1433 265 1487 299 sed
1512 265 1604 299 etiam
1624 274 1734 307 aequa-

993 321 1070 354 litati
1085 320 1316 354 distributionis
1333 320 1536 353 macellorum
1551 317 1736 363 provideant

993 380 1027 408 ut
1052 374 1224 418 unicuique
1258 384 1317 418 pro
1350 373 1443 406 modo
1474 373 1591 406 laboris
1619 371 1736 415 absque

993 428 1121 463 alterius
1145 427 1341 472 praeiudicio
1368 437 1487 459 merces
1512 425 1681 465 obveniat3

1039 481 1054 525 g
1078 480 1107 514 3.
1133 480 1230 515 Nobis
1257 485 1426 524 propterea
1450 479 1524 512 dicti
1545 483 1737 522 exponentes

993 534 1157 567 humiliter
1182 533 1357 578 supplicari
1384 533 1533 574 fecerunt,
1553 538 1585 564 ut
1611 531 1736 564 easdem

995 586 1222 621 declarationes
1238 597 1292 619 seu
1307 585 1522 619 ordinationes
1546 584 1738 629 apostolicae

996 640 1244 675 confirmationis
1262 645 1389 673 nostrae
1403 639 1517 672 robore
1542 638 1738 672 communire

995 695 1033 729 de
1057 694 1251 737 benignitate
1276 693 1451 738 apostolica
1475 692 1689 735 dignaremur.

1040 749 1055 793 ξ
1076 748 1105 781 4.
1131 748 1194 782 Nos
1216 747 1321 791 igitur,
1348 747 1432 791 ipsos
1458 751 1650 790 exponentes
1674 755 1739 789 spe·
1817 756 1937 777 Praeinser-

997 804 1128 837 cialibus
1146 802 1308 836 favoribus
1334 807 1364 834 et
1388 801 1498 845 gratiis
1516 799 1665 845 prosequi
1691 784 1939 832 vo-iissiiiifssissin'iii'ffi

997 857 1105 897 lentes,
1131 862 1295 890 eteorum
1327 855 1503 898 singulares
1538 863 1688 897 personas
1724 838 1811 885 anm

997 911 1160 955 quibusvis
1186 908 1536 949 excommunicationis,
1561 907 1740 951 suspensio-

998 966 1045 998 nis
1062 971 1091 998 et
1106 964 1275 1004 interdicti,
1293 963 1424 1006 aliisque
1438 961 1656 995 ecclesiasticis
1674 971 1743 993 sen-

998 1018 1112 1059 tentiis,
1138 1018 1280 1051 censuris
1305 1023 1335 1050 et
1359 1016 1479 1060 poenis,
1504 1026 1520 1048 a
1547 1016 1614 1048 iure
1641 1014 1684 1048 vel
1703 1015 1742 1047 ab

999 1072 1138 1112 homine,
1156 1071 1265 1115 quavis
1290 1070 1454 1104 occasione
1480 1069 1526 1102 vel
1552 1071 1644 1102 causa
1663 1069 1742 1111 latis⁷

999 1126 1023 1159 si
1035 1125 1148 1170 quibus
1160 1124 1399 1168 quomodolibet
1415 1122 1580 1156 innodatae
1596 1122 1743 1162 existunt,

1000 1179 1037 1212 ad
1063 1179 1209 1212 effectum
1236 1178 1448 1223 praesentium
1475 1177 1636 1209 dumtaxat
1661 1186 1738 1209 con-

1000 1232 1195 1277 sequendum
1210 1259 1218 1274 ,
1251 1232 1363 1265 harum
1389 1231 1470 1264 serie
1494 1230 1690 1264 absolventes
1715 1235 1744 1262 et

1000 1286 1160 1320 absolutas
1184 1286 1250 1320 sore
1276 1290 1449 1327 censentes,
1475 1284 1655 1318 huiusmodi
1675 1294 1745 1327 sup-

1000 1340 1222 1385 plicationibus
1248 1339 1411 1381 inclinati,
1436 1338 1664 1372 declarationes
1689 1348 1744 1371 seu

1000 1395 1216 1429 ordinationes
1241 1394 1463 1438 praeinsertas,
1489 1403 1506 1425 a
1531 1391 1677 1436 praefatis
1697 1402 1746 1424 ex<

1001 1449 1192 1495 ponentibus
1213 1448 1294 1482 sicut
1318 1446 1533 1492 praemittitur
1558 1446 1662 1486 factas,
1691 1456 1745 1477 au-

1002 1503 1147 1537 ctoritate
1171 1502 1364 1546 apostolica,
1391 1507 1500 1534 tenore
1525 1498 1747 1544 praesentium,

1002 1557 1227 1591 confirmamus
1251 1561 1281 1589 et
1304 1555 1530 1599 approbamuS,
1557 1553 1679 1596 illisque
1705 1552 1748 1584 in-

1002 1609 1157 1644 violabilis
1171 1609 1361 1654 apostolicae
1378 1607 1534 1641 firmitatis
1552 1606 1650 1640 robur
1668 1605 1746 1638 adii-

1003 1664 1114 1705 ciinus,
1139 1674 1174 1697 ac
1199 1673 1309 1697 omnes
1335 1668 1364 1696 ct
1389 1662 1530 1705 singulos
1549 1660 1626 1693 iuris
1651 1664 1681 1692 et
1703 1660 1747 1691 sa-

1004 1718 1043 1752 cti
1068 1718 1218 1758 desectus,
1243 1717 1268 1750 si
1285 1716 1339 1761 qui
1356 1716 1491 1760 desuper
1509 1713 1747 1759 quomodolibet

1004 1771 1239 1812 intervenerint,
1265 1770 1457 1814 supplemus.

1049 1827 1064 1870 g
1081 1826 1110 1859 5.
1129 1826 1338 1859 Decernentes
1357 1823 1481 1856 easdem
1505 1827 1686 1866 praesentes
1703 1821 1748 1854 lit·
1762 1827 1859 1873 ςΙιξιιῃςῑσ
1875 1828 1901 1874 51¹„
1905 1831 1947 1873 5¹³⁰?

1006 1886 1097 1920 teras,
1115 1888 1236 1912 necnon
1257 1876 1486 1911 declarationes
1505 1886 1560 1909 seu
1580 1874 1748 1909 ordinatio·
1762 1863 1807 1903 'siri
1826 1859 1937 1902 iia-nimis

1005 1943 1060 1966 nes
1072 1932 1294 1977 praelusertas‚
1310 1940 1436 1975 semper
1452 1929 1570 1971 sirmas,
1588 1928 1704 1962 validas
1718 1934 1748 1962 et

1005 1987 1147 2020 efficaces
1183 1985 1317 2019 existere
1343 1990 1373 2018 et
1397 1984 1474 2025 sore,
1505 1994 1541 2016 ac
1565 1982 1603 2016 ab
1624 1982 1685 2015 illis
1710 1982 1748 2015 ad

1006 2051 1085 2085 quos
1102 2045 1223 2084 spectat
1243 2045 1273 2072 ct
1297 2050 1355 2083 pro
1373 2044 1514 2082 tempore
1532 2036 1748 2082 quandocum-

1006 2105 1067 2138 que
1103 2093 1275 2138 spectabit,
1310 2091 1532 2125 inviolabilitcr
1568 2090 1749 2130 observari,

1006 2148 1114 2191 sicque
1145 2147 1176 2180 in
1211 2146 1413 2191 praemissis,
1444 2156 1502 2190 per
1533 2154 1750 2189 quoscumque

1006 2202 1125 2236 iudices
1161 2201 1338 2235 ordinarios
1377 2206 1408 2234 et
1442 2200 1622 2242 delegatos⁷
1657 2198 1749 2231 etiam

1007 2265 1173 2288 causarum
1198 2254 1304 2298 palatii
1329 2252 1493 2297 apostolici
1517 2252 1685 2293 auditores,
1705 2251 1750 2283 iu-

1006 2308 1103 2341 dicari
1129 2313 1159 2341 et
1183 2307 1306 2340 definiri
1336 2306 1472 2349 debere⁷
1505 2316 1540 2339 ac
1573 2305 1696 2338 irritum
1722 2309 1751 2337 et

1007 2362 1108 2403 inane,
1129 2361 1152 2394 si
1171 2371 1259 2394 secus
1277 2371 1371 2405 super
1387 2360 1435 2393 liis
1452 2370 1469 2392 a
1493 2369 1663 2403 quoquam,
1676 2369 1751 2402 qua-

1009 2415 1053 2447 vis
1084 2414 1291 2454 auctoritate,
1317 2413 1451 2446 scienter
1482 2413 1527 2445 vel
1558 2412 1750 2455 ignoranter,

1008 2468 1175 2512 contigerit
1193 2468 1348 2500 attentari.

1053 2523 1068 2565 ξ
1092 2522 1121 2554 st.
1153 2523 1220 2555 Non
1253 2520 1452 2554 obstantibus
1484 2519 1685 2564 praemissis,
1715 2530 1751 2553 ac
1780 2524 1949 2544 Cvtntwrissnen

1010 2576 1286 2612 constitutionibus
1307 2579 1334 2609 ot
1353 2574 1605 2608 ordinationibus
1624 2578 1751 2618 aposto·
1766 2552 1906 2572 mmmm*
