2243 3205
244 194 291 218 Λη.
313 192 341 219 e.
365 192 430 220 ¹659
476 180 539 215 488

283 254 426 280 Exequutores

243 283 337 308 deputat.

267 1425 381 1445 Contrariis
391 1424 426 1444 de-

245 1454 311 1476 rogan

485 238 548 282 §4-
574 237 726 277 Quocirca
760 236 993 270 venerabilibus
1029 237 1177 270 fratribus

440 291 647 326 Avenionensi
682 296 711 323 et
741 291 935 324 Narbonensi
960 291 1173 335 archicpisco-

439 345 488 390 pis
512 356 568 389 per
588 348 767 388 praesentes
793 344 1018 377 committimus
1043 349 1072 376 et
1094 354 1177 376 man-

440 398 572 437 damus,
605 402 758 440 quatenus
789 396 847 440 ipsi
884 392 931 429 vel
964 407 1073 430 eorum
1099 396 1177 428 alter

441 451 565 484 easdem
584 454 764 495 praesentes
780 461 816 484 ac
831 451 1040 495 praeinsertas
1057 450 1176 482 litteras

440 509 573 546 nostras,
599 509 669 544 etc.,
695 509 724 537 et
748 503 869 548 quoties
893 514 951 548 pro
976 508 1065 547 parte
1091 502 1178 535 cleri-

441 568 549 591 corum
576 557 761 590 secularium
787 556 887 590 dictae
908 555 1176 599 Congregationis‚

442 621 496 644 seu
522 610 653 644 alicuius
678 621 805 652 eorum,
830 610 1004 643 aliorumve
1031 609 1069 642 ad
1099 618 1177 652 quos

441 669 561 708 spectat
585 669 614 697 et
638 674 696 708 pro
716 669 858 707 tempore
875 662 1037 707 spectabit,
1062 660 1177 694 suerint

442 716 593 760 requisiti,
618 727 674 760 per
699 727 741 757 se,
759 716 806 749 vel
827 716 933 756 alium,
952 726 1005 748 seu
1024 714 1110 755 alios,
1132 724 1178 746 so·-

441 770 586 803 lemniter
610 769 814 814 publicantes,
842 769 964 812 illisque
982 768 1012 800 in
1029 767 1177 811 praemis-

441 824 483 857 sis
501 824 633 857 efficacis
651 823 838 857 defensionis
860 822 1016 867 praesidio
1036 822 1177 854 assisten-

442 883 508 918 tes,
544 877 656 910 saciant
688 877 872 910 auctoritate
900 877 1008 909 nostra
1039 875 1108 908 illos
1148 879 1178 906 et

441 940 550 964 eorum
575 930 714 974 singulos
749 930 887 974 ipsarum
912 928 1122 973 praesentium
1149 933 1178 960 et

441 983 707 1027 praeinsertarum
732 983 908 1015 litterarum
938 981 1050 1014 effectu
1075 991 1178 1024 respe-

442 1037 521 1069 ctive
545 1036 675 1080 pacifice
698 1036 759 1069 srui
784 1041 813 1068 et
838 1035 993 1078 gaudere;
1019 1044 1080 1067 non
1106 1044 1176 1077 per-

442 1089 599 1122 mittentes
624 1089 693 1122 illos
717 1099 734 1121 a
758 1099 915 1132 quoquam
935 1088 1070 1131 desuper
1094 1086 1179 1119 inde-

441 1142 504 1175 bite
529 1142 699 1182 molestari‚
723 1141 902 1185 perturbari
927 1140 974 1172 vel
1000 1139 1176 1183 inquietari;

442 1195 689 1230 contradictores
722 1194 878 1239 quoslibet
903 1199 932 1226 et
963 1193 1096 1226 rebelles
1121 1203 1178 1236 per

442 1248 609 1281 sententias
625 1253 654 1280 et
671 1257 828 1289 censuras,
843 1252 911 1286 etc.;
926 1246 1068 1279 invocato
1086 1245 1177 1278 etiam

441 1300 479 1333 ad
504 1301 585 1341 hoc,
610 1300 634 1333 si
660 1311 740 1345 opus
771 1299 883 1342 fuerit,
909 1298 1024 1332 auxilio
1056 1297 1177 1331 brachii

442 1354 600 1388 secularis.

486 1408 501 1452 g
525 1407 553 1441 5.
579 1408 645 1441 Non
672 1406 868 1440 obstantibus
892 1405 1086 1450 praemissis,
1111 1415 1179 1437 nec-

441 1471 503 1495 non
528 1460 713 1494 recolendae
746 1461 918 1493 memoriae
949 1459 1097 1492 Bonisacii
1122 1458 1178 1491 Pa-

441 1525 499 1559 pae
524 1514 588 1547 Vlll
605 1513 858 1558 praedecessoris
879 1513 976 1546 nostri
1002 1512 1040 1545 de
1057 1514 1129 1552 una,
1150 1516 1179 1544 et

442 1567 564 1601 concilii
598 1567 753 1610 generalis
778 1566 816 1599 de
840 1566 963 1599 duabus
985 1566 1084 1607 dietis,
1110 1570 1178 1607 etc„

442 1621 573 1666 aliisque
591 1620 865 1655 constitutionibus
883 1626 911 1653 et
930 1619 1180 1653 ordinationibus

442 1674 632 1720 apostolicis,
656 1679 725 1716 etc.‚
743 1674 918 1718 ceterisque
936 1669 1102 1707 contrariis
1115 1673 1180 1717 qui-

442 1729 646 1772 buscumque.

486 1783 596 1816 Datum
623 1783 756 1822 Romae,
783 1781 868 1826 apud
889 1782 918 1816 S.
940 1781 1068 1814 Mariam
1086 1780 1179 1814 Maio-

443 1846 522 1877 rem,
553 1836 612 1869 sub
633 1836 748 1869 annulo
774 1835 959 1877 piscatoris,
985 1835 1036 1868 die
1066 1844 1097 1868 xx
1127 1845 1181 1867 au-

444 1889 525 1932 gusti
546 1899 673 1930 mecm,
691 1889 891 1933 pontificatus
908 1888 1108 1921 nostri'anno
1133 1898 1162 1920 v.

480 1950 538 1978 Dat.
554 1950 598 1977 die
616 1951 643 1977 11
665 1950 770 1986 augusti
790 1950 866 1984 ¹659,
884 1949 980 1986 pontif.
999 1958 1068 1977 anno
1084 1956 1110 1976 v.

753 2119 872 2154 CCLIII.

447 2210 655 2253 Confirmatio
678 2209 795 2242 statuti
816 2208 1081 2253 Conqreqationis
1105 2208 1183 2242 Mis·

489 2264 589 2297 sionis
610 2264 647 2296 in
672 2263 804 2303 Gallia,
829 2273 891 2307 quo
922 2267 1068 2304 cavetur,
1096 2262 1183 2306 quod

490 2328 598 2350 omnes
632 2321 660 2350 et
690 2317 815 2361 sinyuli
838 2317 875 2349 in
898 2316 971 2360 ipsa
1003 2316 1183 2360 Conqreya-

493 2371 578 2404 tione
594 2374 735 2415 quatuor
747 2371 827 2404 votis
844 2369 1058 2414 simplicibus,
1071 2380 1184 2414 nempe

491 2424 662 2465 castitatis,
682 2424 887 2468 paupertatis
910 2427 938 2457 el
962 2423 1161 2456 obedientiae
1175 2451 1183 2465 ,

492 2487 529 2508 ac
563 2477 755 2509 stabilitatis
785 2477 928 2517 emissis,
961 2477 1100 2520 recepti,
1125 2477 1184 2520 qui

495 2529 577 2562 bona
590 2529 769 2563 immobilia
784 2530 834 2563 vel
851 2530 1004 2572 beneficia
1015 2530 1183 2574 simplicia

491 2581 665 2631 possident,
679 2587 735 2615 (iul
753 2582 785 2615 in
800 2583 951 2626 futurum
965 2582 1184 2626 possidebunt,

1023 189 1199 214 BULLAmUM
1225 188 1379 213 ROMANUM

1256 237 1327 269 licet
1351 236 1535 268 dominium
1554 235 1687 268 illorum
1706 236 1876 277 retineant,
1897 246 1945 269 eo-

1254 289 1402 321 rumdem
1436 293 1543 321 tamen
1577 299 1674 322 usum
1706 289 1844 322 liberum
1880 299 1945 322 non

1255 341 1427 381 habebunt,
1443 341 1495 374 secl
1519 341 1557 373 de
1579 341 1734 384 fructibus
1754 352 1825 374 cum
1846 342 1946 384 sacul-

1256 397 1318 426 late
1342 398 1369 426 et
1394 394 1559 426 arbitratu
1582 394 1758 437 superioris
1784 394 1820 426 in
1841 394 1897 437 pia
1918 405 1947 427 o-

1252 457 1332 490 pera
1355 446 1523 491 disponere
1545 445 1766 480 tenebuntur&

1403 536 1569 562 Alexander
1589 536 1668 568 Papa
1687 535 1748 569 VII,

1351 588 1388 616 ad
1407 588 1541 615 futuram
1561 587 1604 614 rei
1624 587 1806 615 memoriam.

1255 667 1270 711 ἓ
1294 667 1323 700 1.
1349 667 1431 700 Alias
1455 677 1512 700 nos
1536 666 1817 710 supplicationibus
1841 665 1946 699 dilecti

1211 720 1266 752 filii
1291 720 1421 753 Vicentii
1439 719 1476 752 de
1496 720 1580 759 Paul,
1593 718 1766 763 superioris
1790 718 1946 762 generalis

1960 188 2010 215 Αη.
2031 187 2059 215 C.
2074 188 2141 217 1659

1987 670 2072 691 Mutia.

1210 772 1468 815 Congregationis
1485 771 1648 812 sussionis,
1665 771 1755 804 nobis
1772 781 1868 815 super
1885 771 1946 805 hoc
1971 780 1975 783 ’

1211 826 1371 858 humiliter
1383 825 1537 869 porrectis
1551 824 1699 865 inclinati,
1714 824 1854 857 eamdem
1872 824 1948 858 Con-

1211 879 1428 922 gregationem
1465 878 1523 911 sub
1554 877 1647 910 certis
1673 877 1766 910 modo
1792 882 1822 910 et
1845 877 1947 910 forma

1211 937 1284 964 tunc
1310 931 1466 975 expressis
1491 930 1748 964 confirmavimus
1773 934 1944 976 et-appro-

1212 984 1363 1025 bavimus,
1386 995 1456 1018 cum
1472 983 1641 1017 emissione
1666 988 1810 1016 votorum
1828 982 1946 1027 simpli-

1212 1037 1294 1070 cium
1310 1037 1468 1078 castitatis,
1484 1036 1677 1081 paupertatis
1695 1039 1725 1069 et
1740 1035 1946 1078 obedientiae,

1211 1100 1332 1124 necnon
1357 1090 1532 1124 stabilitatis
1557 1090 1588 1122 in
1612 1089 1692 1122 dicta
1718 1088 1947 1132 Congregatio-

1212 1154 1251 1176 ne
1275 1143 1312 1176 ad
1338 1143 1482 1176 effectum
1502 1153 1534 1176 se
1552 1147 1617 1175 toto
1637 1142 1718 1175 vitae
1742 1146 1884 1186 tempore
1903 1151 1948 1174 sa-

1211 1197 1270 1230 luti
1295 1207 1468 1240 pauperum
1505 1196 1736 1229 rusticanorum
1768 1194 1947 1240 applicandi

1212 1255 1281 1295 post
1305 1249 1467 1282 biennium
1499 1248 1693 1293 probationis
1729 1247 1891 1288 facienda,
1916 1248 1948 1280 i'n

1212 1313 1346 1347 quorum
1373 1307 1477 1335 tamen
1498 1307 1641 1335 votorum
1664 1300 1830 1333 emissione
1855 1310 1948 1333 nemo

1213 1357 1385 1398 interesset,
1406 1355 1458 1399 qui
1484 1365 1519 1388 ea
1536 1358 1724 1398 acceptaret,
1741 1353 1805 1386 sive
1821 1353 1948 1387 nomine

1212 1409 1490 1452 Cong1'egationiS‚
1515 1408 1578 1441 sive
1603 1412 1711 1440 nostro
1736 1411 1765 1440 et
1788 1417 1846 1451 pro
1870 1411 1948 1440 tem-

1213 1473 1290 1507 pore
1314 1462 1473 1495 existentis
1490 1461 1621 1495 Romani
1639 1460 1798 1494 Pontificis
1812 1459 1949 1502 nomine,

1214 1522 1243 1550 et
1268 1521 1338 1549 vota
1362 1515 1406 1548 sie
1438 1520 1471 1548 ut
1502 1524 1596 1558 supra
1631 1514 1744 1547 emissa
1779 1512 1950 1546 dissolvere

1213 1574 1319 1614 posset
1343 1569 1427 1601 solus
1450 1568 1609 1601 Romanus
1643 1566 1781 1600 Pontifex
1796 1592 1804 1607 ,
1828 1575 1950 1599 necnon

1214 1627 1244 1656 et
1268 1621 1412 1666 superior
1430 1620 1586 1664 generalis
1610 1619 1710 1652 dictae
1730 1618 1950 1662 Congregatio-

1214 1677 1262 1710 nis
1286 1676 1317 1709 in
1341 1681 1411 1709 actu
1436 1674 1627 1708 dimissionis
1652 1685 1668 1706 e
1692 1673 1949 1717 Congregatione,

1215 1731 1292 1763 itaut
1315 1729 1423 1763 eadem
1448 1727 1656 1771 Congregatio
1681 1737 1743 1760 non
1769 1731 1950 1759 censeretur

1214 1787 1382 1828 propterea
1407 1782 1437 1815 in
1462 1791 1594 1814 numero
1618 1779 1768 1814 Ordinum
1790 1779 1952 1822 religioso-

1215 1847 1297 1879 rum,
1323 1836 1376 1869 sed
1393 1840 1473 1868 esset
1488 1834 1526 1867 de
1546 1843 1680 1878 corpore
1702 1832 1776 1866 cleri
1791 1831 1951 1872 secularis,

1216 1895 1245 1923 et
1269 1889 1343 1922 alias
1368 1893 1462 1933 prout
1486 1888 1517 1920 in
1540 1887 1656 1920 nostris
1681 1886 1711 1919 in
1737 1885 1829 1919 simili
1849 1885 1951 1919 forma

1217 1942 1322 1976 Brevis
1347 1941 1458 1975 litteris
1482 1941 1532 1974 die
1553 1950 1619 1974 xxu
1637 1938 1823 1984 septembris
1847 1947 1950 1973 MDch

1216 1995 1350 2039 desuper
1374 1993 1536 2038 expeditis,
1557 2003 1691 2037 quorum
1707 1997 1847 2025 tenorem
1865 2001 1953 2036 prae-

1216 2048 1355 2081 sentibus
1367 2058 1425 2092 pro
1445 2048 1538 2092 plene
1554 2051 1585 2080 et
1597 2046 1787 2080 sufficienter
1803 2055 1951 2090 expresso

1216 2101 1325 2134 haberi
1351 2101 1504 2142 volumus,
1522 2099 1651 2133 ube1ius
1675 2099 1861 2132 continetur.

1260 2155 1275 2198 5
1299 2154 1328 2187 ⁶2.
1353 2154 1428 2187 Cum
1453 2158 1568 2194 autem,
1594 2153 1674 2185 sicut
1697 2152 1798 2184 dictus
1822 2151 1951 2184 Vincen-

1217 2209 1276 2241 tius
1300 2207 1391 2241 nobis
1415 2217 1518 2251 nuper
1542 2206 1655 2250 exponi
1676 2205 1762 2246 fecit,
1787 2205 1870 2238 circa
1894 2204 1950 2238 ob-

1217 2261 1402 2295 servantiam
1428 2260 1500 2293 dicti
1526 2259 1588 2292 voti
1614 2258 1765 2303 simplicis
1788 2263 1952 2303 pauperta-

1218 2315 1255 2348 tis
1280 2315 1310 2347 in
1326 2313 1576 2357 Congregatione
1593 2312 1729 2357 praefata
1747 2312 1861 2345 multae
1875 2311 1952 2345 oriri

1216 2373 1343 2413 possent
1367 2367 1574 2407 difficultates,
1598 2376 1678 2410 quae
1703 2365 1799 2410 ipsam
1817 2365 1954 2408 Congre-

1217 2422 1374 2465 gationem
1399 2420 1570 2462 turbarent,
1588 2419 1646 2452 nisi
1667 2423 1844 2464 opportune
1860 2427 1953 2462 super

1217 2475 1277 2509 hoc
1302 2485 1318 2507 a
1349 2474 1440 2507 nobis
1475 2472 1693 2518 provideatur;
1726 2477 1756 2505 et
1786 2476 1952 2516 propterea

1257 2591 1263 2616 l
1286 2589 1320 2616 Ex
1337 2589 1444 2623 aegest.
1462 2588 1486 2615 in
1501 2588 1604 2616 Secret.
1621 2587 1700 2614 Brev.

1992 2159 2097 2181 statutum
2106 2158 2150 2179 eol·

1965 2186 2030 2207 latum
2057 2191 2070 2206 a
2099 2185 2148 2206 Vin-

1966 2218 1989 2234 e
1984 2213 2035 2234 utio
2048 2212 2075 2233 de
2089 2211 2149 2233 Paul

2176 2224 2178 2227 '
2201 2222 2207 2241 l
