2185 3188
53 155 103 182 An.
118 153 147 181 C.
168 152 233 180 1657

847 146 1030 171 ALExANnEn
1056 145 1099 169 vn
1125 146 1172 170 1³1².

249 197 408 232 cularibus
432 201 462 233 et
486 196 685 241 regularibus
715 195 967 240 quibuscumque
982 221 989 235 ,

251 258 311 285 tam
335 261 397 285 non
422 252 595 296 exemptis,
621 261 714 295 quam
751 247 990 294 quomodolibet

251 305 401 349 exemptis
415 311 444 338 et
458 305 657 349 quantumvis
671 301 989 348 p1‘ivilegiatiS,etiam

249 360 280 393 S.
294 359 328 392 R.
347 359 380 391 E.
401 358 623 400 cardinalibus,
642 367 764 391 necnon
782 355 880 390 saneti
898 355 991 388 Bene-

251 412 335 453 dicti,
349 412 446 445 sancti
460 411 635 454 Augustini,
648 409 913 450 Cisterciensium,
924 408 992 441 Clu-

251 465 462 504 niacensium,
488 463 840 502 Praemontratensium,
865 461 992 495 Carthu-

253 518 414 559 siensium,
428 517 724 557 Camaldulensium,
738 515 850 549 Montis
871 513 992 554 Oliveti,

254 572 347 605 Vallis
356 571 539 611 Umbrosae,
551 570 778 605 monachorum
790 568 992 602 cremitarum

253 625 283 658 S.
301 624 493 668 Hieronymi,
511 629 541 657 et
560 632 836 667 quorumcumque
858 621 992 654 aliorum

253 678 417 718 Ordinum,
442 687 564 711 necnon
588 675 790 716 Cassinensis,
806 675 881 708 alias
902 675 931 708 S.
949 674 995 706 lu-

255 731 363 772 stinae,
388 732 417 764 S.
444 731 613 764 salvatoris
633 735 662 763 et
686 728 903 762 Lateranensis
921 727 995 760 alia-

255 795 388 828 rumque
413 784 694 827 congregationum
710 810 717 823 ,
750 788 811 815 tam
837 781 993 822 virorum,

255 849 349 882 quam
376 838 556 877 mulierum,
577 837 671 870 etiam
697 834 938 869 Mendieantinm
960 844 995 867 ex

257 891 423 935 privilegio
447 897 478 924 et
508 890 583 923 alias
614 890 697 923 bona
734 888 909 922 immobilia
941 897 996 920 seu

257 950 360 978 certos
384 944 525 978 redditus
549 954 676 988 quoquo
694 943 788 976 modo
813 941 998 976 ecclesiasti—

259 1008 312 1032 cos
336 998 531 1038 habentium,
550 997 580 1030 in
601 996 741 1030 dominio
766 995 927 1040 praedicto
948 1005 997 1028 cc-

259 1051 380 1093 clesias,
394 1050 594 1091 monasteria,
608 1055 637 1083 et
650 1050 710 1083 alia
726 1048 879 1082 beneficia
897 1048 998 1081 eecle-

259 1105 383 1139 siastica
407 1104 632 1145 obtinentibus,
653 1103 828 1137 etti-uetus
853 1102 999 1135 ecclesia-

262 1170 340 1201 rum,
366 1159 630 1193 monasteriorum
648 1164 675 1191 et
694 1157 921 1191 beneficiorum
947 1156 1001 1189 liu-

262 1212 408 1253 iusmodi,
431 1222 553 1246 necnon
578 1212 745 1256 pensiones
769 1220 888 1244 annuas
905 1220 1001 1254 quan-

263 1271 465 1310 tumcumque
498 1270 678 1309 exemptam,
704 1271 731 1297 et
757 1264 815 1298 sub
840 1263 1002 1308 quibusvis

262 1319 525 1362 obligationibus,
551 1319 643 1352 etiam
671 1319 700 1351 in
726 1319 826 1351 forma
859 1327 1002 1350 camerae

263 1373 464 1416 apostolieae,
489 1378 518 1406 et
543 1373 719 1405 iuramento
744 1372 837 1405 etiam
863 1382 934 1404 cum
952 1381 1004 1403 su-

263 1426 424 1469 sceptione
448 1436 653 1458 censurarum
679 1431 708 1457 et
732 1425 770 1458 de
794 1434 857 1457 non
882 1428 1004 1457 contra-

265 1479 437 1519 veniendo,
461 1489 496 1512 ac
521 1478 613 1511 etiam
640 1478 769 1511 sortasse
794 1477 832 1510 de
857 1487 919 1510 non
945 1476 1003 1509 im-

265 1532 417 1576 petrando
452 1533 569 1576 gratias
601 1537 724 1565 nostras
759 1536 868 1565 contra
898 1541 952 1564 eos
977 1533 1006 1564 et

265 1585 422 1620 concessis
446 1596 509 1619 non
534 1586 660 1625 utendo,
692 1585 822 1626 vallatis,
847 1590 877 1618 et
901 1584 1005 1617 forsan

266 1639 334 1673 aliis
358 1640 451 1673 etiam
484 1639 716 1672 efficacioribus
746 1638 875 1672 cautelis
900 1641 929 1672 et
953 1637 1006 1670 de—

267 1693 359 1727 cretis
376 1704 411 1727 ac
435 1693 593 1735 clausulis,
612 1702 706 1736 super
725 1692 833 1725 iisdem
853 1690 1005 1725 fructibus

267 1752 297 1779 et
319 1746 542 1790 pensionibus,
567 1746 660 1779 etiam
694 1744 798 1778 medio
822 1744 1005 1778 cedularum

268 1801 392 1841 banchi,
409 1810 463 1833 seu
481 1800 511 1833 in
530 1800 632 1833 forma
651 1799 784 1843 depositi
806 1798 1006 1836 habentibus,

269 1859 298 1886 et
318 1854 400 1887 intra
424 1858 620 1897 praesentem
641 1863 758 1885 annum
777 1852 939 1893 habituris,
958 1863 1007 1885 cu-

270 1908 454 1951 iuscumque
480 1906 736 1950 praeminentiac,
753 1911 859 1948 status,
881 1905 1007 1949 gradus,

270 1961 389 1994 ordinis
421 1967 450 1993 et
483 1960 693 2000 conditionis,
726 1960 818 1992 etiam
846 1959 1008 2002 religionis

271 2015 316 2047 vel
342 2014 470 2047 militiae
496 2014 629 2046 existant
649 2013 777 2056 (quibus
800 2019 852 2046 aut
871 2023 1007 2056 quorum

271 2067 427 2111 aliquibus
457 2067 521 2100 ulla
557 2066 744 2110 privilegia,
770 2066 1008 2110 exemptiones,

273 2126 326 2154 aut
359 2121 498 2161 indulta,
523 2121 580 2153 sub
616 2130 813 2164 quacumque
839 2120 1008 2154 verborum

274 2174 374 2208 forma
395 2179 425 2206 et
442 2173 641 2217 expressione
659 2183 817 2214 concessa,
831 2173 933 2216 quoad
950 2173 1011 2206 hoc

274 2227 451 2260 nullatenus
474 2226 640 2269 suffragari
664 2237 754 2269 posse
773 2227 934 2266 volumus;
955 2227 1012 2259 sra-

277 2280 376 2313 tribus
393 2286 423 2313 et
447 2280 589 2323 personis
606 2279 680 2312 dicti
698 2280 860 2324 hospitalis
876 2280 905 2313 S.
924 2280 1011 2313 loan-

276 2334 324 2367 nis
349 2333 622 2378 llierosolymitani
648 2333 678 2366 in
703 2337 801 2367 totum
819 2339 849 2366 et
873 2334 1012 2376 omuino,

278 2387 389 2419 ceteris
427 2397 500 2419 vero
537 2386 743 2430 hospitalibus
768 2386 1012 2430 hospitalitatem

1674 134 1738 167 259

1023 204 1040 226 a
1063 194 1208 237 personis
1243 193 1394 227 Ordinum
1427 191 1667 227 Mendicantinm
1702 202 1765 224 non

1023 247 1083 280 nisi
1109 247 1260 280 medietas
1296 248 1362 281 eius
1396 247 1514 291 partis,
1539 256 1619 290 quac
1644 245 1765 278 ratione

1024 300 1155 335 subsidii
1180 301 1361 334 huiusmodi
1383 301 1421 334 ab
1439 301 1483 334 eis
1509 299 1657 334 solvenda
1674 303 1765 339 esset,

1025 355 1126 388 solum
1153 354 1310 397 exigatur)
1331 353 1645 398 proportionabiliter
1666 357 1695 387 et
1720 363 1767 385 ae-

1025 408 1159 452 qualiter
1181 407 1265 440 iuxta
1281 417 1390 440 verum
1409 407 1545 440 valorem
1571 406 1765 450 praedictum

1027 462 1107 494 inter
1144 460 1322 504 praedictas
1358 470 1509 504 personas
1541 459 1768 492 ecclesiasticas

1027 513 1200 548 secundum
1226 513 1389 557 aequalem
1414 524 1450 546 ae
1474 513 1642 547 discretam
1675 511 1769 556 parti-

1028 569 1156 610 tionem,
1182 579 1276 612 quam
1303 568 1341 601 ad
1359 578 1416 601 nos
1433 567 1668 612 quamprimum
1690 566 1769 599 mitti

1028 622 1231 658 mandamus,
1256 632 1314 666 per
1344 621 1540 655 venerabiles
1571 620 1683 653 fratres
1708 620 1767 653 Ca-

1029 676 1132 709 rolum
1146 675 1332 720 episcopum
1344 676 1537 708 Arersanum
1551 673 1698 706 nuncium
1715 683 1770 706 no-

1029 735 1129 763 strum
1154 734 1184 763 et
1207 728 1419 774 patriarcham
1445 727 1644 760 venetiarum
1670 726 1772 759 distri-

1029 783 1199 825 buendam,
1225 783 1309 816 acin
1329 783 1407 816 locis
1432 787 1462 814 et
1487 780 1638 821 terminis,
1656 780 1772 813 modisa

1030 847 1090 880 que
1114 842 1145 869 et
1169 836 1279 870 formis
1303 846 1359 880 per
1376 835 1461 880 ipsos
1478 834 1624 869 Carolum
1651 834 1773 877 episco-

1030 900 1105 934 pum
1129 890 1280 923 nuncium
1299 894 1329 922 et
1345 888 1569 932 patriarcham,
1588 897 1668 930 quos
1684 886 1775 920 eolle-

1032 949 1134 977 ctores
1146 943 1309 987 generales
1322 941 1452 975 subsidii
1467 940 1646 974 huiusmodi
1662 941 1774 973 barum

1032 997 1114 1030 serie
1139 995 1360 1029 constituimus
1377 1000 1408 1028 et
1424 994 1623 1038 deputamus,
1642 999 1776 1026 statuen-

1033 1051 1102 1093 dis,
1128 1049 1312 1083 ordinandis
1343 1054 1372 1081 et
1406 1047 1619 1085 declarandis,
1645 1047 1776 1081 omnino

1034 1103 1072 1136 de
1097 1102 1255 1147 praesenti
1280 1112 1362 1135 anno
1379 1101 1635 1146 persolvendum,
1661 1111 1695 1133 ac
1721 1111 1777 1144 per

1035 1167 1088 1190 cos
1105 1160 1135 1191 et
1152 1166 1262 1190 eorum
1280 1155 1536 1195 subcollectores,
1557 1155 1610 1198 qui
1629 1154 1688 1187 sint
1706 1164 1776 1197 per-

1035 1220 1130 1243 sonae
1159 1208 1389 1242 ecclesiasticae
1413 1208 1451 1240 ad
1476 1208 1535 1240 hoc
1562 1207 1600 1239 ab
1626 1207 1699 1250 ipsis
1728 1207 1779 1239 de-

1036 1262 1192 1306 putandae
1209 1261 1228 1303 ¹,
1254 1261 1510 1306 pereipiendum,
1536 1260 1724 1304 exigendum
1750 1266 1779 1292 et

1037 1316 1214 1357 levandum,
1240 1326 1276 1349 ae
1300 1315 1372 1348 duci
1397 1321 1427 1347 et
1447 1314 1587 1348 dominio
1613 1314 1779 1357 praedictis

1038 1382 1109 1405 cum
1139 1370 1253 1404 effectu
1286 1368 1552 1412 consignandum,
1579 1375 1611 1400 ut
1642 1368 1717 1400 illud
1750 1368 1779 1399 in

1038 1434 1191 1469 expensas
1222 1423 1416 1457 necessarias
1447 1427 1555 1455 contra
1580 1421 1680 1454 dictos
1705 1422 1780 1453 Tur-

1039 1488 1090 1511 cas
1115 1483 1144 1510 et
1164 1487 1227 1510 non
1253 1477 1283 1509 in
1308 1476 1386 1509 alios
1413 1486 1486 1508 usus
1516 1480 1702 1508 convertere
1734 1485 1779 1506 xa-

1040 1532 1132 1572 leant,
1150 1530 1322 1574 apostolica
1341 1529 1537 1568 auctoritate,
1565 1534 1671 1560 tenore
1693 1538 1779 1571 prae

1040 1584 1185 1625 sentium,
1211 1583 1417 1627 imponimus,
1444 1582 1689 1625 impositumque
1715 1582 1780 1614 fore

1040 1645 1069 1671 et
1090 1648 1157 1672 esse
1177 1637 1378 1671 decernimus
1403 1642 1433 1669 et
1457 1636 1664 1669 declaramus

1085 1694 1100 1737 ξ
1124 1692 1152 1726 3.
1179 1692 1241 1726 Nec
1267 1702 1330 1725 non
1355 1691 1472 1725 eisdem
1493 1690 1714 1723 collectoribus
1731 1700 1782 1732 gc-

1041 1746 1209 1786 neralibus,
1235 1750 1263 1778 et
1290 1745 1328 1777 ab
1353 1744 1397 1777 eis
1423 1743 1610 1787 deputandis
1631 1743 1782 1777 subcelle-

1041 1799 1182 1833 etoribus
1201 1798 1393 1837 huiusmodi,
1415 1808 1431 1830 a
1449 1797 1648 1841 patriarchis,
1666 1796 1784 1830 archie-

1042 1853 1200 1897 piscopis,
1239 1851 1417 1895 episcopis,
1455 1850 1783 1890 administratoribus,

1042 1906 1161 1946 electis,
1187 1904 1366 1944 abbatibus,
1392 1903 1677 1943 commendatariis,
1702 1904 1785 1947 prio-

1042 1961 1138 2003 ribus,
1163 1959 1438 2005 praeceptoribus,
1463 1959 1661 2002 praepositis,
1693 1969 1785 2002 prae-

1043 2016 1123 2056 latis,
1141 2015 1296 2059 capitulis,
1315 2014 1521 2048 conventibus
1539 2019 1566 2046 et
1585 2013 1653 2046 aliis
1679 2023 1786 2056 perso-

1043 2070 1092 2102 nis
1118 2068 1339 2103 ecclesiasticis
1361 2067 1529 2112 praedietis
1549 2068 1785 2111 (praeterquam

1044 2128 1078 2157 ut
1101 2133 1197 2167 supra
1221 2122 1393 2166 expressis)
1420 2125 1517 2155 ratam
1543 2121 1616 2154 dicti
1644 2121 1786 2161 subsidii,

1045 2187 1098 2210 eos
1119 2182 1149 2209 et
1173 2186 1283 2209 eorum
1309 2175 1492 2219 quemlibet,
1511 2180 1543 2207 ut
1564 2174 1786 2217 praemittitur,

1046 2234 1236 2272 tangentem,
1253 2228 1388 2272 petendi,
1404 2227 1548 2271 exigendi
1563 2233 1593 2260 ct
1608 2226 1786 2270 colligendi,

1046 2282 1153 2325 eisque
1177 2287 1207 2314 et
1232 2292 1342 2315 eorum
1368 2281 1510 2324 singulis,
1533 2286 1564 2312 ut
1590 2280 1675 2312 illam
1694 2280 1788 2313 modo

1048 2334 1223 2379 praemisso
1245 2335 1376 2375 solvant,
1394 2345 1450 2378 per
1467 2344 1593 2378 poenas,
1612 2332 1715 2376 quoad
1734 2344 1787 2376 pa-

1048 2388 1211 2429 triarchas,
1238 2387 1494 2431 archiepiscopos
1512 2392 1541 2418 et
1559 2386 1725 2429 episcopos
1745 2386 1789 2418 in-

278 2446 346 2473 actu
373 2441 569 2473 servantibus
598 2450 656 2484 pro
680 2442 716 2473 ea
742 2440 912 2483 quantitate
946 2446 1012 2473 tan·
1050 2441 1171 2475 terdieti
1197 2444 1226 2474 et
1252 2440 1466 2484 suspensionis
1497 2440 1655 2482 ingressus
1688 2440 1788 2472 ecele-

278 2500 355 2535 tum,
379 2504 472 2537 quam
499 2494 528 2526 in
546 2493 697 2526 servanda
719 2493 786 2538 ipsa
805 2494 1015 2538 hospitalitate

1084 2513 1097 2539 1
1117 2512 1162 2538 Vel
1179 2511 1354 2545 deputarat&
1373 2510 1441 2537 male
1459 2510 1501 2536 ed.
1519 2510 1597 2537 atain.
1621 2511 1684 2545 legit
1700 2511 1788 2545 clepa·

280 2554 448 2591 exponunt,
463 2548 624 2580 dumtaxat
637 2547 785 2590 exeeptis,
801 2554 826 2580 et
843 2547 1016 2580 dummodo
1051 2557 1151 2584 (andos
1176 2563 1208 2591 ⁴u.
1227 2557 1274 2590 τ.),

1785 144 1833 169 An.
1846 142 1874 168 C.
1900 144 1964 169 iti-57

1821 1700 1903 1720 Manum
1919 1699 1981 1717 colle·

1798 1726 1891 1746 claribus
1919 1731 1982 1751 titt-1:-

1798 1758 1888 1778 utrinqu?
1945 1757 1967 1776 pr
1976 1760 1981 1770 ι

1799 1782 1908 1799 videtin-w
1921 1785 1940 1803 pv
1953 1784 1982 1797 νὼ

1799 1807 1848 1826 «ltrjtt
1865 1807 1960 1825 subsidii.
