2263 3215
302 212 387 239 Antc.
411 212 478 240 1055

305 300 307 303 ι
327 273 388 293 Addit
401 276 483 299 :ipo-to-

304 306 352 329 rtae
374 301 483 320 (t‘ittlirtuib

300 328 362 346 nonu
383 332 430 347 vim.

337 1913 459 1935 emesenus

279 1938 360 1962 validas
388 1941 460 1962 decta-

524 204 566 237 ⁶20

545 261 560 304 ἓ
582 260 612 293 3.
635 261 709 294 Cum
727 264 841 298 autem,
858 258 937 292 sicut
953 258 1060 292 cadem
1082 260 1233 303 expositio

499 313 722 355 subiungebat,
747 312 896 355 praedicti
921 317 1111 355 exponentes
1136 324 1229 356 prae-

498 365 601 404 missa,
616 376 673 408 pro
693 364 825 397 firmiori
851 375 959 397 eorum
985 365 1185 398 subsistentia
1204 370 1229 397 et

498 419 663 459 validitate,
689 418 935 452 confirmationis
961 419 1153 461 apostolieae
1177 428 1230 461 pa-

496 472 629 504 trocinio
652 471 796 504 roborari
817 481 1017 514 summopere
1038 471 1230 503 dvsiderent:

495 534 561 564 nos,
576 524 701 557 eosdem
727 528 917 567 exponentes
942 523 1129 567 specialibus
1150 523 1229 555 savo-

493 577 580 609 ribus
604 582 633 609 ct
656 577 765 619 gratiis
789 577 936 620 prosequi
961 577 1109 616 volentes,
1129 581 1159 607 et
1182 586 1230 608 co-

493 640 562 662 rum
588 629 761 671 singulares
786 639 936 672 personas
961 640 977 661 a
1001 628 1163 672 quibusvis
1181 639 1229 661 ex-

493 682 794 723 communicationis,
817 682 1029 725 suspensionis
1050 687 1080 714 et
1100 681 1228 714 interdi-

492 735 542 777 cti,
567 735 698 779 aliisque
722 735 939 768 ecclesiasticis
963 735 1135 775 sententiis,
1159 745 1227 767 cen-

491 789 572 822 suris
597 794 626 822 et
649 789 777 832 poenis,
808 799 826 821 a
850 789 918 821 iure
943 789 990 821 vel
1015 789 1054 821 ab
1080 788 1225 830 homine,

491 842 598 885 quavis
623 842 785 875 occasione
809 842 857 874 vel
882 843 975 874 causa
999 842 1085 882 latis,
1112 842 1137 874 si
1162 842 1227 886 qui-

489 894 547 927 bus
571 895 805 938 quomodolibet
830 895 995 928 innodatae
1019 895 1163 935 existunt,
1187 895 1225 928 ad

489 947 634 980 effectum
668 948 880 992 praesentium
923 948 1084 980 dumtaxat
1114 958 1223 981 conse-

487 1000 657 1045 quendum,
674 1002 785 1034 harum
811 1001 891 1034 serie
910 1001 1106 1035 absolventes
1123 1006 1153 1034 et
1169 1001 1223 1034 ab·

487 1054 603 1087 solutas
635 1055 701 1088 sore
737 1060 917 1097 censentes,
943 1055 1223 1098 supplicationibus

486 1118 596 1141 eorum
621 1108 747 1141 nomine
766 1108 856 1142 nobis
872 1119 967 1152 super
984 1108 1044 1142 hoc
1061 1109 1222 1142 humiliter

486 1161 640 1204 porrectis
661 1162 810 1203 inclinati,
828 1172 936 1195 omnes
953 1167 983 1194 et
1007 1162 1147 1205 singulas
1163 1161 1222 1195 dis-

484 1214 738 1256 membrationes,
767 1216 909 1255 unioneS‚
936 1215 1219 1259 incorporationes,

484 1267 656 1301 erectiones
681 1273 710 1301 et
733 1268 793 1301 alia
818 1268 987 1312 praedicta,
1006 1278 1127 1301 necnon
1144 1269 1219 1301 deli-

482 1319 676 1354 berationem
697 1326 727 1354 et
750 1322 909 1354 decretum
927 1322 1132 1365 praeinserta,
1147 1333 1217 1355 cum

482 1373 628 1407 omnibus
656 1379 686 1407 et
718 1374 848 1417 singulis
878 1375 1114 1418 quomodolibet
1138 1386 1215 1409 eon-

481 1427 573 1459 tentis
598 1428 630 1459 in
654 1427 724 1468 illis,
749 1428 815 1460 sine
839 1428 1032 1471 praeiudicio
1058 1433 1161 1461 tamen
1183 1429 1218 1460 il-

481 1479 583 1513 lorum
601 1481 653 1524 qui
677 1480 759 1514 bona
785 1481 1011 1515 dismembrata
1034 1482 1216 1515 huiusmodi

479 1533 649 1576 possident,
677 1534 863 1578 respective,
887 1535 1060 1579 apostolica
1085 1536 1217 1569 auetori-

479 1591 551 1629 tate,
570 1592 678 1620 tenore
701 1589 923 1632 praesentium,
941 1589 1167 1622 confirmamus
1187 1593 1217 1623 et

478 1640 707 1684 approbamus,
729 1642 852 1685 illisque
876 1642 1063 1676 inviolabilis
1087 1648 1214 1687 aposto-

477 1693 555 1727 licae
572 1695 729 1728 firmitatis
747 1696 845 1729 robur
861 1696 1035 1737 adiicimus,
1052 1707 1088 1730 ac
1105 1707 1214 1730 omnes

477 1752 508 1780 et
531 1748 671 1791 singulos
691 1749 767 1782 iuris
795 1755 825 1783 et
841 1750 912 1784 sacti
937 1750 1085 1792 desectus,
1110 1752 1135 1784 si
1160 1752 1212 1796 qui

476 1800 610 1846 desuper
634 1803 870 1845 quomodolibet
894 1805 1136 1847 intervenerint,
1164 1807 1213 1838 ea-

475 1853 547 1887 dem
572 1856 755 1889 auctoritate
775 1857 966 1900 supplemus.

519 1907 534 1950 5
557 1907 587 1939 4.
612 1908 817 1942 Decernentes
833 1915 1012 1953 praesentes
1029 1910 1149 1943 litteras
1162 1910 1212 1942 fir-

475 1970 551 2000 mas,
572 1961 688 1994 validas
712 1967 741 1995 et
765 1963 905 1996 efficaces
922 1964 1055 1997 existere
1080 1968 1110 1998 et
1133 1964 1209 2005 sore,

474 2023 510 2046 ae
533 2013 572 2045 ab
596 2015 762 2055 omnibus,
788 2016 825 2048 ad
850 2028 927 2059 quos
957 2022 1076 2060 spectat
1099 2021 1130 2051 et
1152 2028 1210 2061 pro

474 2071 617 2109 tempore
630 2069 793 2111 spectabit,
805 2070 1024 2103 inviolabiliter
1037 2071 1208 2112 observari,

473 2119 596 2163 illisque
621 2122 792 2164 respective
825 2124 1008 2165 suffragari,
1040 2125 1147 2167 sicque
1178 2124 1209 2156 in

472 2173 654 2216 praemissis
684 2185 741 2217 per
772 2187 987 2220 quoscumque
1018 2177 1137 2210 iudices
1161 2188 1209 2211 or-

472 2225 610 2259 dinarios
642 2232 672 2259 et
701 2228 881 2271 delegatos,
914 2230 1005 2262 etiam
1042 2241 1206 2263 causarum

472 2279 577 2321 palatii
594 2281 756 2323 apostolici
776 2282 944 2323 auditores,
957 2294 992 2316 ae
1009 2285 1113 2317 omnia
1129 2284 1207 2317 eius·

472 2330 542 2363 dem
567 2332 728 2376 hospitalis
753 2335 930 2376 tribunalia,
954 2336 1085 2369 iudicari
1111 2343 1140 2370 et
1158 2338 1207 2370 de-

471 2383 554 2417 finiri
579 2385 756 2427 debere‚ac
773 2388 896 2421 irritum
924 2394 955 2422 et
982 2390 1083 2432 inane,
1110 2392 1134 2423 si
1163 2402 1206 2424 se-

472 2446 526 2469 eus
550 2447 645 2481 super
669 2439 717 2472 his
735 2451 752 2473 a
772 2452 942 2485 quoquam,
967 2444 1074 2486 quavis
1097 2449 1204 2477 aueto-

1082 211 1262 236 nULLAan
1286 210 1439 235 ROMANUM

1268 260 1316 299 sit,
1337 259 1443 292 nostra
1468 261 1497 290 et
1521 255 1725 289 cancellariae
1748 255 1937 300 apostolicae
1955 265 2003 290 re-

1267 313 1340 354 gnta
1365 312 1403 344 de
1428 309 1631 354 exprimendo
1652 320 1726 343 vero
1742 310 1848 343 valore
1864 310 1895 343 in
1911 309 2001 344 unio-

1267 364 1357 396 nibus
1378 368 1407 396 et
1425 361 1765 403 dismembrationihus,
1782 363 1905 407 illisque
1921 373 2003 397 com-

1268 416 1425 449 mittendis
1450 416 1489 448 ad
1513 422 1628 460 partes,
1659 416 1775 449 vocatis
1798 427 1933 460 quorum
1953 417 2001 450 in-

1267 473 1370 510 terest,
1386 480 1422 502 ac
1446 470 1662 503 Lateranensis
1686 469 1809 503 concilii
1833 469 2002 504 novissime

1265 522 1413 556 celebrati
1434 523 1566 556 uniones
1590 528 1777 567 perpetuas,
1803 522 1863 556 nisi
1893 523 1924 556 in
1948 533 2000 556 ca-

1264 576 1349 609 sibus
1377 587 1394 609 a
1413 576 1481 610 iure
1512 577 1678 620 expressis,
1702 576 1771 609 sieri
1795 576 2001 620 prohibentis,

1263 629 1393 672 aliisque
1418 629 1694 663 constitutionibus
1708 635 1738 662 et
1751 629 2000 662 ordinationibus

1262 681 1452 724 apostolicis,
1471 692 1593 715 necnon
1613 682 1768 715 dictorum
1789 681 1954 725 hospitalis
1969 686 2001 714 et

1263 734 1400 777 linguae,
1425 735 1519 767 etiam
1543 735 1735 777 iuramento,
1761 734 2000 769 confirmatione

1261 788 1443 831 apostolica,
1463 789 1510 821 vel
1531 788 1640 832 quavis
1657 788 1806 821 firmitate
1830 788 1889 821 alia
1909 787 2000 822 robo-

1261 841 1346 881 ratis,
1367 841 1490 874 statutis
1514 846 1545 874 et
1568 841 1863 882 consuetudinibus,
1886 841 2000 876 stabili-

1260 894 1383 934 mentis,
1400 894 1509 927 usibus
1534 899 1565 927 et
1588 895 1717 937 naturis,
1735 906 1771 928 ae
1794 894 1998 929 ordinationi-

1259 947 1317 980 bus
1335 948 1583 992 capitularibus,
1600 949 1775 992 privilegiis
1799 958 1934 993 quoque,
1955 948 1998 981 in-

1258 1000 1352 1034 dultis
1370 1007 1400 1034 et
1417 1001 1529 1035 litteris
1545 1002 1735 1046 apostolicis,
1752 1003 1784 1035 in
1803 1001 1996 1036 contrarium

1257 1055 1504 1097 praemissorum
1545 1056 1781 1099 quomodolibet
1819 1055 1995 1097 concessis,

1257 1108 1461 1149 confirmatis,
1486 1109 1667 1152 approbatis
1692 1114 1722 1142 et
1745 1108 1913 1149 innovatis;
1929 1108 1997 1152 qui-

1255 1160 1314 1194 bus
1335 1162 1481 1196 omnibus
1502 1168 1532 1196 et
1555 1163 1697 1206 singulis,
1715 1163 1842 1196 illorum
1869 1167 1995 1196 tenores

1255 1216 1473 1258 praesentibus
1501 1227 1560 1259 pro
1586 1216 1741 1260 expressis
1772 1227 1808 1249 ae
1831 1216 1870 1249 de
1897 1215 1994 1249 verbo

1255 1268 1292 1301 ad
1312 1269 1443 1302 verbum
1462 1269 1586 1303 insertis
1610 1270 1772 1311 habentes,
1789 1269 1850 1302 illis
1870 1269 1944 1302 alias
1961 1268 1994 1301 in

1253 1332 1310 1355 suo
1334 1323 1450 1356 robore
1473 1324 1699 1367 permansuris,
1723 1323 1782 1356 hac
1805 1323 1872 1356 vice
1895 1322 1990 1355 dum-

1254 1381 1335 1409 taxat
1359 1376 1537 1420 specialiter
1560 1382 1591 1410 et
1616 1387 1766 1421 expresse
1785 1376 1991 1420 derogamus;

1252 1430 1426 1474 ceterisque
1451 1430 1617 1463 contrariis
1641 1430 1902 1474 quibuscumque.

1295 1483 1407 1516 Datum
1431 1484 1566 1525 Romae,
1587 1483 1669 1528 apud
1693 1484 1722 1517 S.
1747 1483 1875 1516 Mariam
1899 1482 1991 1517 Maio-

1251 1547 1328 1578 rem,
1350 1538 1407 1571 sub
1428 1539 1545 1571 annulo
1577 1537 1764 1580 Piscatoris,
1785 1537 1835 1570 die
1865 1546 1886 1571 v
1913 1536 1990 1570 iunii

1250 1600 1365 1633 MDCLV,
1389 1592 1591 1635 pontificatus
1615 1591 1716 1625 nostri
1739 1600 1857 1625 annox.

1284 1655 1343 1682 Dat.
1365 1654 1408 1682 die
1428 1655 1445 1682 5
1464 1654 1530 1682 iunii
1548 1655 1633 1689 1645,
1654 1654 1750 1691 pontif.
1772 1661 1844 1683 anno
1861 1661 1881 1682 1.

1591 1797 1640 1831 ΙΧ.

1246 1876 1403 1910 Facullas
1427 1876 1665 1920 archiepiscopo
1689 1876 1908 1920 Striyoniensi
1930 1877 1985 1910 ab·

1290 1931 1435 1964 solvendi
1453 1931 1694 1971 Parllzemium,
1710 1931 1843 1964 electum
1863 1931 1983 1975 episco-

1286 1996 1366 2029 pum
1384 1985 1609 2018 Rutlzenorum
1626 1984 1792 2018 Muuchak
1809 1985 1887 2018 etin
1905 1984 1984 2017 aliis

1288 2038 1484 2081 Huuqarz'ae
1501 2038 1578 2070 locis
1592 2037 1789 2081 deflentium,
1807 2049 1828 2070 a
1841 2038 1985 2070 censuris

1288 2095 1316 2124 et
1340 2091 1603 2135 suspensionibus
1632 2101 1691 2134 per
1723 2102 1796 2124 eum
1820 2090 1984 2131 incursis,

1287 2145 1367 2187 quia
1394 2155 1415 2176 α
1447 2145 1550 2176 tribus
1582 2145 1737 2189 episcopis
1767 2143 1984 2178 schismaticis

1287 2201 1485 2230 consecratus
1508 2198 1609 2240 fuerit
1622 2196 1640 2230 ¹.

1241 2276 1411 2304 Venerabili
1426 2276 1513 2304 fratri
1529 2276 1755 2311 archiepiscopo
1771 2276 1980 2312 Striqonisnsi,

1435 2326 1600 2354 Alexander
1620 2326 1698 2360 Papa
1717 2326 1781 2354 vu.

1460 2383 1643 2410 venerahilis
1659 2383 1762 2417 frater,

1288 2429 1417 2455 salutem
1432 2430 1462 2455 et
1477 2428 1671 2462 apostolicam
1685 2428 1933 2457 benedictionem.

1283 2498 1298 2541 ἓ
1321 2498 1350 2530 1.
1376 2498 1452 2531 Cum
1476 2503 1509 2531 tu
1534 2498 1631 2531 felicis
1648 2499 1873 2533 reeordationis
1889 2498 1979 2532 Inno·
2019 2502 2121 2525 00000‘11‘
2141 2508 2176 2526 θ’·

2023 207 2073 236 Αιι.
2084 207 2112 237 C.
2131 209 2200 239 1655

472 2489 570 2531 ritate,
596 2491 729 2525 scienter
755 2494 803 2527 vel
829 2495 1011 2537 ignoranter
1037 2497 1204 2541 contigerit

470 2543 624 2576 attentari.

513 2596 528 2639 ἓ
552 2596 581 2630 5.
605 2596 674 2632 Non
701 2598 916 2643 obstantibus,
946 2608 1100 2646 quatenus
1123 2615 1204 2649 opus

1238 2553 1340 2585 centio
1360 2552 1444 2596 Papa
1467 2553 1493 2586 X
1516 2553 1752 2597 piwaedecessoii
1771 2558 1901 2595 nostio,
1928 2562 1979 2587 eo·
1992 2529 2176 2580 3555?ssssss

1273 2614 1285 2640 1
1306 2612 1345 2641 Ex
1364 2612 1473 2649 Regest.
1492 2613 1520 2641 in
1539 2613 1641 2643 secret.
1657 2614 1734 2643 Brev-

297 2583 408 2608 contnr'u
423 2591 454 2608 n-

275 2610 330 2639 emt,
