2243 3205
889 165 985 190 nvom
1009 165 1208 191 RUBRICARUM
1706 157 1770 193 845

283 216 470 252 CCCLXVII.
517 216 722 251 Confirmatio
754 217 863 252 statuti
896 228 913 250 a
947 228 1022 252 con-

370 270 555 314 gregatione
567 270 708 314 generali
723 269 849 303 Ordinis
864 271 1021 304 Minorum

371 325 473 358 sancti
504 323 662 357 Francisci
677 323 931 358 Recollectorum
951 335 1024 368 pro-

369 378 491 412 vinciae
517 378 740 422 Conceptionis
768 378 878 412 beatae
906 378 1022 411 Mariae

369 432 509 476 Virginis
529 432 563 465 in
582 431 691 473 Gallia,
711 442 796 465 anno
810 441 928 465 Mncxxl
945 431 1020 465 editi

368 486 575 519 conformiter
590 485 628 518 ad
648 485 891 529 explicationem
908 486 946 518 ab
960 485 1021 518 alia

367 538 615 582 congregatione
639 539 778 583 generali
805 538 855 572 die
880 549 941 572 xxv
966 539 1017 572 iu-

366 591 411 625 nii
432 593 574 636 proxime
599 587 760 636 praeteriti
785 593 1021 636 factam,super

366 646 589 690 praecedentia
614 646 698 680 inter
718 645 966 690 exprovinciales
990 651 1021 679 et

367 699 594 734 exdefinitores
622 700 787 744 generales
816 699 891 733 dicti
921 699 1016 733 Ordi-

366 752 426 792 nis,
453 752 527 786 742.

278 804 478 839 CCCLXVllI.
507 805 713 840 Confirmatio
739 806 856 840 decreti
883 806 1019 850 Congre-

366 859 503 903 gationis
532 860 683 900 Rituum,
717 870 781 904 quo
810 860 1014 904 indulgetur,

365 918 401 946 ut
431 913 463 946 in
494 914 641 947 universo
676 923 775 957 regno
801 913 924 947 Siciliae
949 913 1018 947 offi-

365 965 451 998 cium
476 965 507 999 S.
528 966 669 1009 Agathae
694 966 826 1010 virginis
852 972 883 999 et
907 972 1019 1010 marty-

365 1020 420 1061 ris,
440 1019 527 1063 quod
549 1021 589 1053 ab
613 1019 785 1054 universali
802 1020 941 1054 Ecclesia
958 1020 1017 1054 sub

364 1073 429 1107 ritu
456 1074 656 1118 semiduplici
684 1073 854 1115 recitatur,
885 1075 1017 1118 posthac

364 1127 429 1160 ritu
453 1127 572 1171 duplici
598 1127 724 1161 recitari
749 1128 861 1172 possit,
889 1127 962 1161 743.

275 1179 451 1214 CCCLXIX.
477 1181 576 1214 Breve
595 1180 840 1215 beatificationis
857 1180 1016 1214 Francisci

364 1232 404 1266 de
429 1232 516 1267 Sales
541 1234 682 1278 episcopi
708 1234 917 1275 Genevensis,
944 1233 1018 1268 744.

275 1285 433 1326 CCCLXX,
473 1288 534 1321 Pro
566 1287 719 1322 divisione
754 1288 1017 1332 Congregationis

363 1340 555 1374 clericorum
575 1341 772 1385 regularium
790 1343 828 1376 de
845 1341 1017 1375 Somascha

361 1393 395 1426 in
421 1399 484 1428 tres
508 1394 698 1438 provincias,
725 1393 799 1427 746.

274 1445 445 1482 CCCLXXI.
476 1446 516 1481 Ut
546 1448 723 1492 capitulum
756 1448 904 1491 generale
928 1448 1013 1482 Con-

362 1501 558 1545 gregationis
574 1502 779 1536 eremitarum
798 1502 1017 1536 Camaldulen-

361 1555 445 1589 sium
472 1555 510 1589 de
539 1555 750 1600 quadriennio
775 1555 808 1588 in
839 1555 1014 1600 quadrien-

361 1609 463 1649 nium,
478 1616 509 1644 et
527 1609 612 1643 dieta
636 1608 766 1643 biennio
787 1615 859 1652 post
880 1609 1015 1643 celebra-

361 1661 480 1695 tionem
492 1662 625 1706 capituli
639 1662 824 1696 huiusmodi
838 1663 1014 1707 respective

362 1714 472 1748 haberi
486 1720 516 1748 et
540 1715 692 1749 celebrari
718 1715 864 1757 debeant,
889 1716 963 1750 749.

271 1764 462 1803 CCCLXXII.
489 1766 529 1802 Ut
553 1774 695 1802 servetur
719 1769 815 1803 Breve
833 1769 1013 1803 Sanctitatis

360 1832 437 1855 suae
453 1831 548 1865 super
564 1822 710 1866 ingressu
735 1829 862 1866 patrum
888 1823 1014 1866 provin-

360 1874 428 1908 ciae
441 1875 601 1908 Turoniae
615 1875 739 1909 Ordinis
752 1875 782 1909 S.
797 1876 956 1910 Francisci
975 1877 1014 1911 de

360 1926 564 1961 Observantia
577 1929 608 1961 in
619 1928 849 1971 definitorium‚
859 1935 929 1972 etc„
939 1930 1013 1964 750.

272 1979 474 2016 CCCLXXIII.
504 1980 619 2015 Contra
641 1982 815 2015 nonnullos
840 1984 1013 2017 monachos

359 2031 578 2068 cistercienses
613 2036 645 2068 in
681 2035 781 2069 Gallia
810 2035 1011 2071 Abstinentes

359 2094 571 2132 nuncupatos,
585 2092 742 2123 tentantes
758 2088 963 2125 introducere
980 2088 1012 2123 in

359 2142 552 2176 monasteria
573 2141 800 2176 abstinentiam
817 2154 834 2176 a
851 2144 1012 2185 carnibus,

358 2203 494 2238 quarum
527 2206 599 2229 esus
627 2197 720 2230 certis
751 2195 864 2231 diebus
889 2208 906 2230 a
931 2197 1012 2231 Sede

358 2246 542 2292 Apostolica
556 2260 726 2283 concessus
744 2255 801 2291 est,
817 2256 848 2284 et
867 2250 1011 2285 nolentes

359 2300 491 2335 obedire
515 2301 797 2337 constitutionibus
831 2305 1012 2349 apostolicis

358 2354 500 2388 eiusdem
524 2355 665 2399 Ordinis,
692 2357 767 2390 7502.

270 2405 470 2443 CCCLXXIV.
497 2409 704 2445 Confirmatio
728 2411 846 2446 decreti
872 2422 1007 2456 congre-

359 2462 496 2507 gationis
515 2463 740 2509 episcoporum
761 2471 793 2499 et
816 2464 1011 2511 regularium

359 2516 442 2550 circa
473 2516 691 2552 reductionem
723 2519 850 2552 numeri
879 2520 1011 2553 fratrum

357 2579 636 2616 quorumcumque
652 2579 867 2608 conventuum
886 2572 1011 2617 provin-

1163 219 1230 252 ciae
1247 219 1279 252 S.
1298 219 1438 253 Thomae
1448 221 1590 265 Apostoli
1611 221 1736 256 Ordinis
1753 224 1815 256 fra-

1162 277 1249 305 trum
1277 273 1434 306 Minorum
1461 275 1559 308 sancti
1597 276 1755 309 Francisci
1781 276 1815 310 in

1164 324 1385 367 Pedemontio‚
1414 326 1486 360 755.

1075 375 1256 411 CCCLxxv.
1280 380 1425 414 Declarat
1442 381 1566 414 nullum
1585 383 1815 426 praeiudicium

1161 431 1256 465 fuisse
1274 433 1397 467 illatum
1415 435 1629 478 superioritati
1646 437 1747 470 vicarii
1766 449 1815 481 ge-

1161 485 1278 518 neralis
1303 486 1334 519 in
1360 488 1479 522 unione
1505 495 1677 523 conventus
1699 491 1814 523 Terrae

1162 536 1264 571 Rocca
1291 539 1325 571 dc·
1341 540 1435 583 Papa
1449 543 1615 575 conventui
1637 543 1666 576 S.
1688 543 1814 577 loannis

1161 590 1201 623 de
1219 591 1303 625 Urbe
1320 594 1378 626 sub
1397 595 1575 628 obedientia
1599 597 1813 639 procuratoris

1160 645 1318 686 generalis
1335 647 1469 680 fratrum
1485 648 1611 681 Ordinis
1628 650 1737 683 beatae
1754 651 1814 683 Ma-

1160 697 1225 731 riae
1246 698 1283 730 de
1304 699 1448 733 Mercede
1468 701 1696 752 redemptionis
1717 703 1814 748 capti-

1160 761 1285 792 vorum,
1312 752 1386 786 757.

1072 802 1274 838 CCCLXXVI.
1301 806 1442 840 Licentia
1471 808 1655 842 nationibus
1679 820 1812 854 congre·

1159 857 1294 901 gationis
1305 859 1514 894 Eremitarum
1524 861 1812 896 Camaldulensium

1160 913 1336 957 recipiendi
1364 920 1395 947 et
1419 915 1607 948 admittendi
1633 916 1673 950 ad
1697 916 1814 960 profes-

1161 967 1283 1001 sionem
1298 979 1370 1001 eum
1385 979 1611 1003 conversorum
1626 981 1811 1012 numerum,

1159 1032 1224 1065 quo
1245 1031 1325 1065 opus
1351 1024 1522 1066 respective
1547 1023 1727 1065 habuerint,
1746 1036 1811 1059 non

1158 1075 1304 1109 obstante
1337 1082 1457 1110 statuto
1489 1076 1591 1111 dietae
1626 1089 1684 1121 per
1715 1079 1811 1113 Breve

1157 1126 1341 1162 Sanctitatis
1361 1128 1443 1164 Suae
1467 1131 1668 1170 confirmato,
1689 1130 1764 1164 758.

1069 1179 1281 1215 CCCLXXVII.
1311 1182 1488 1226 Applicatio
1517 1183 1728 1218 ducentorum
1754 1184 1811 1218 du·

1159 1240 1304 1269 catorum
1329 1238 1493 1270 annuatim
1511 1249 1548 1272 ex
1565 1238 1721 1271 fructibus
1738 1249 1811 1282 qua-

1159 1287 1307 1321 rumdam
1340 1290 1573 1332 parochialium
1604 1290 1809 1324 ecclesiarum

1159 1341 1289 1374 militiae
1313 1342 1342 1375 S.
1364 1342 1483 1377 Mariae
1500 1343 1538 1377 de
1556 1344 1709 1378 Montesia
1729 1345 1811 1388 prio*

1157 1395 1239 1428 ratui
1254 1396 1419 1430 Valentino
1433 1398 1573 1431 eiusdem
1588 1398 1727 1439 militiae,
1737 1397 1809 1430 759.

1068 1445 1294 1483 CCCLXXVIII.
1308 1450 1476 1493 Deputatio
1491 1451 1731 1485 eminentissimi
1747 1462 1811 1484 car-

1156 1501 1270 1535 dinalis
1286 1502 1379 1536 Chisii
1398 1504 1429 1537 in
1447 1510 1660 1548 protectorem
1678 1506 1808 1538 fratrum

1156 1553 1283 1588 Ordinis
1307 1556 1511 1591 Minimorum
1528 1558 1626 1592 sancti
1648 1557 1807 1591 Francisci

1156 1607 1196 1641 de
1216 1608 1326 1649 Paula,
1354 1609 1428 1642 761.

1067 1658 1269 1695 CCCLXXIX.
1296 1662 1501 1697 Confirmatio
1521 1663 1736 1699 concessionis
1760 1661 1807 1698 iu-

1153 1716 1350 1750 risdictionis
1359 1716 1532 1750 criminalis
1545 1717 1577 1750 in
1591 1718 1724 1751 feudum
1740 1729 1808 1762 per-

1152 1775 1285 1813 petuum
1312 1769 1352 1802 ab
1381 1770 1619 1815 archiepiscopo
1647 1771 1803 1805 Tarraco-

1154 1822 1242 1856 nensi
1267 1822 1367 1856 factae
1392 1822 1532 1857 Fabritio
1565 1824 1649 1858 Pons
1686 1830 1717 1857 et
1744 1825 1806 1858 Ca—

1153 1876 1276 1917 stettui,
1300 1877 1432 1920 eiusque
1458 1878 1709 1918 successoribus,
1729 1877 1803 1912 762.

1064 1929 1248 1964 CCCLXXX.
1277 1930 1482 1964 Confirmatio
1507 1930 1624 1964 decreti
1643 1931 1675 1964 in
1693 1931 1805 1965 ultimo

1154 1984 1292 2027 capitulo
1332 1984 1471 2028 generali
1507 1984 1632 2017 Ordinis
1671 1984 1803 2019 fratrum

1154 2036 1256 2070 sancti
1272 2037 1360 2070 Pauli
1379 2037 1474 2081 primi
1491 2037 1642 2071 eremitae
1656 2038 1688 2071 in
1706 2048 1805 2081 regno

1153 2090 1366 2134 Portugalliae
1398 2091 1469 2124 facti
1487 2118 1494 2132 ‚
1523 2097 1556 2124 ut
1583 2092 1615 2124 in
1639 2097 1804 2135 posterum

1152 2149 1360 2178 amoveantur
1384 2144 1511 2177 discreti
1537 2146 1661 2178 vocales
1682 2154 1805 2178 nuncu-

1151 2198 1239 2242 pati,
1277 2197 1332 2241 qui
1369 2208 1427 2240 pro
1463 2197 1606 2241 quolibet
1645 2204 1805 2232 conventu

1152 2251 1294 2284 eiusdem
1320 2250 1447 2284 Ordinis
1476 2261 1665 2284 concurrere
1690 2256 1720 2285 et
1744 2262 1802 2285 vo-

1151 2315 1219 2338 cem
1233 2304 1264 2337 in
1278 2303 1418 2347 capitulo
1432 2304 1549 2338 habere
1563 2304 1717 2345 solebant,
1730 2304 1802 2338 763.

1062 2357 1262 2392 CCCLxxxt.
1280 2356 1522 2391 Conservatoria
1538 2356 1719 2390 Carthusiae
1735 2367 1806 2390 san-

1151 2410 1191 2444 cti
1216 2410 1377 2444 Laurentii
1396 2410 1434 2443 de
1450 2409 1569 2443 Padula
1586 2410 1804 2454 Caputaquen-

1149 2463 1191 2497 sis
1219 2463 1373 2497 dioecesis
1403 2462 1433 2495 in
1462 2463 1605 2506 personis
1635 2463 1802 2506 episcopo*

1150 2527 1221 2550 rum
1246 2516 1496 2560 Caputaquensis
1524 2521 1555 2550 et
1581 2514 1803 2555 Marsicensis‚

1151 2582 1188 2605 ac
1217 2572 1386 2606 revenendi
1412 2570 1510 2614 patris
1536 2569 1658 2604 domini
1693 2566 1801 2603 nuncii
