2243 3205
261 206 299 232 Αη
328 205 359 232 c,
378 204 445 232 1660
491 195 554 230 598

322 267 443 287 Subsidium

262 296 343 314 centum
388 294 443 313 unilt·-

261 325 367 341 scutorum
399 326 443 339 anti

261 348 361 373 assignat.

459 253 656 286 recusabunt.
693 254 776 285 Motu
802 253 904 296 itaque
930 253 1071 297 proprio,
1098 264 1133 285 ac
1158 264 1193 285 ex·

460 307 545 338 certa
564 306 691 338 scientia
712 309 740 339 ct
760 307 881 339 matura
899 306 1125 339 deliberatione
1142 316 1195 338 no-

460 358 549 400 stris⁷
575 358 677 402 deque
701 359 891 402 apostolicae
916 359 1076 402 potestatis
1100 358 1196 402 pleni-

461 410 577 451 tudine,
602 421 698 443 unum
720 411 895 444 subsidium
920 417 1043 445 eentum
1063 411 1194 443 millium

460 469 620 497 scutorum
647 464 714 496 auri
733 475 827 508 super
854 465 999 497 omnibus
1018 469 1047 498 et
1067 463 1197 506 singulis

461 517 635 557 fructibus,
661 517 834 550 redditibus
857 522 886 550 et
917 517 1120 561 proventibus
1150 526 1192 548 se·

461 570 597 603 cundum
616 580 723 603 verum
740 581 877 603 annuum
899 571 1035 603 valorem
1057 579 1199 613 praesen-

462 623 499 656 tis
534 623 604 655 anni
641 634 914 667 quarumcumque
950 622 1198 661 cathedralium,

462 676 554 708 etiam
592 677 904 720 metropolitanarum
941 681 970 710 et
1005 675 1198 719 patriarcha-

463 729 549 772 lium⁷
568 735 660 774 atque
685 731 817 763 aliarum
843 730 1057 770 ecelesiarum,
1086 739 1121 761 ac
1138 739 1201 761 mo-

462 784 683 825 nasteriorum,
701 784 898 827 prioratuum
919 787 948 816 et
972 782 1199 815 beneficiorum

463 837 746 870 ecclesiasticorum
773 837 960 869 secularium
979 846 1201 880 quorumcum-

463 900 534 933 que,
559 901 594 923 ac
618 890 831 934 hospitalium,
857 895 886 921 et.
910 890 1093 933 quorumvis
1117 889 1201 923 ordi-

463 952 538 974 num
564 948 594 975 et
618 943 799 975 militiarum
819 943 893 986 (non
912 949 1015 976 tamen
1037 942 1202 985 hospitalis

464 995 492 1028 S.
512 996 634 1028 Ioannis
661 996 952 1039 llierosolyniitani‚
978 996 1066 1028 cuius
1090 995 1201 1028 fratres

464 1058 522 1091 pro
558 1048 727 1081 munienda
761 1054 790 1081 et
824 1048 1017 1081 defendenda
1053 1048 1202 1081 adversus

465 1101 628 1144 improbos
653 1101 836 1134 eorumdem
865 1103 1037 1134 'furcarum
1074 1106 1202 1135 conatus

466 1153 567 1186 insuta
593 1155 735 1187 Melitana
761 1155 963 1197 gravissimos
988 1160 1130 1198 sumptus
1155 1166 1204 1187 su-

465 1206 533 1240 bire
553 1213 583 1239 et
607 1218 754 1250 magnum
780 1218 831 1240 aes
855 1208 989 1240 alienum
1016 1208 1203 1240 contrahere

466 1260 619 1304 oportuit)
652 1261 862 1303 regularium,
888 1272 958 1294 cum
985 1263 1060 1294 eura
1085 1267 1113 1294 et
1137 1261 1203 1294 sine

466 1315 554 1354 cura,
579 1314 609 1346 in
628 1313 711 1347 dicto
729 1314 869 1347 dominio
886 1314 1095 1355 existentium,
1116 1326 1132 1347 a
1157 1325 1204 1347 ve-

465 1368 657 1400 nerabilibus
686 1368 836 1400 fratribus
860 1369 1056 1411 patriarchis,
1086 1369 1203 1401 archic-

466 1421 602 1464 piscopis
620 1426 649 1453 etv
666 1420 832 1464 episcopis,
858 1426 886 1453 et
911 1421 1030 1454 dilectis
1055 1421 1126 1454 filiis
1146 1422 1204 1454 ele-

467 1475 534 1515 ctis,
561 1474 885 1514 administratoribus‚
918 1475 1203 1515 commendatariis,

466 1528 640 1568 abbatibus,
664 1527 834 1571 prIOribus,
860 1528 1059 1571 praepositis,
1084 1529 1205 1572 praela-

468 1582 516 1623 tis,
534 1582 687 1626 capitulis,
705 1582 920 1621 conventibus,
938 1583 1114 1625 ceterisque
1137 1593 1205 1626 per-

468 1635 551 1669 sonis
569 1636 787 1669 ecclesiasticis
804 1636 998 1668 secularibus
1024 1641 1054 1668 et
1080 1636 1204 1678 regula-

468 1689 554 1722 ribus
579 1689 851 1733 quibuscumque,
876 1694 938 1721 tam
963 1699 1026 1721 non
1051 1689 1205 1732 exemptis

467 1753 560 1787 quam
577 1742 813 1786 quomodolibet
829 1742 981 1786 exemptis
998 1747 1028 1775 et
1044 1746 1206 1786 quantum-

468 1797 513 1829 vis
534 1796 748 1840 privilegiatis,
774 1796 866 1828 etiam
893 1795 922 1828 S.
949 1796 982 1828 [l.
1008 1796 1040 1828 Ε.
1069 1796 1207 1828 cardina-

468 1849 561 1890 libus,
577 1860 700 1883 necnon
724 1849 753 1882 S.
773 1849 951 1889 Benedicti‚-
967 1848 995 1881 S.
1020 1849 1205 1892 Augustini,

469 1903 692 1943 Cisterciensis,
723 1902 946 1942 cluniacensis,
972 1903 1206 1935 praemonstra-

470 1955 575 1995 tensis,
593 1954 830 1994 Carthusiensis,
851 1954 1104 1996 Camaldulensis,
1126 1955 1207 1988 Mon-

470 2007 508 2039 tis
524 2007 644 2047 Oliveti,
670 2007 952 2049 Vallisumbrosae,
979 1999 1205 2040 monachorum

469 2060 678 2094 Eremitarum
704 2061 733 2093 S.
752 2061 944 2105 Hieronymi,
970 2067 999 2093 et
1024 2061 1207 2104 quorumvis

470 2113 603 2146 aliorum
629 2114 793 2154 Ordinum,
819 2124 940 2147 necnon
964 2114 1154 2147 Cassinensis
1179 2125 1207 2146 a-

470 2167 526 2200 lias
551 2168 581 2201 S.
607 2168 751 2210 Iustinae,
780 2168 808 2201 S.
834 2168 1002 2201 Salvatoris
1026 2174 1055 2201 ct
1085 2169 1208 2202 Latera-

470 2221 575 2254 nensis
602 2221 799 2265 aliarumque
827 2221 1119 2264 congregationum,
1145 2226 1206 2254 tam

471 2274 611 2307 virorum
637 2285 729 2317 quam
756 2274 945 2316 mulierum,
971 2275 1062 2307 etiam
1091 2275 1207 2308 Mendi-

471 2328 609 2360 cantium
634 2337 670 2360 ex
697 2327 863 2371 privilegio
888 2333 918 2360 ct
942 2328 1016 2360 alias
1040 2329 1123 2362 bona
1151 2328 1209 2361 im-

472 2381 600 2414 mobilia
625 2391 679 2414 scn
697 2386 799 2414 certos
818 2381 958 2414 redditus
971 2392 1097 2425 quoquo
1115 2372 1208 2415 modo

472 2435 700 2468 ecclesiasticos
716 2435 898 2468 habentium
915 2436 945 2467 in
963 2435 1102 2469 dominio
1122 2446 1209 2479 prae-

472 2487 566 2528 dicto,
591 2489 748 2529 ecclesias,
774 2489 964 2521 monasteria
989 2494 1018 2521 et
1043 2488 1102 2521 alia
1116 2488 1209 2522 benc-

473 2538 544 2573 ficia
564 2540 770 2574 ecclesiastica
791 2541 1014 2582 obtinentibus,
1036 2547 1065 2575 et
1088 2542 1208 2575 fructus

473 2594 687 2635 eeclesiarum,
712 2595 975 2628 monasteriorum
995 2601 1023 2627 et
1042 2595 1208 2628 beneficio-

1031 204 1210 230 BULLARTUM
1235 203 1389 228 ROMANUM

1976 202 2024 228 An.
2045 202 2075 229 C.
2096 203 2161 233 ¹660
2195 214 2199 249 'i

1229 263 1298 284 rum
1324 251 1514 291 huiusmodi,
1530 260 1650 283 necnon
1668 251 1832 294 pensiones
1849 260 1966 284 annuas
2198 245 2214 265 ³

1229 309 1517 348 quantumcumque
1531 308 1691 347 exemptas
1711 308 1740 336 et
1760 303 1817 336 sub
1838 303 1966 347 quibus-

1230 357 1274 390 vis
1300 357 1544 400 obligationibus
1569 356 1661 389 etiam
1687 357 1717 389 in
1742 356 1840 389 forma
1866 366 1965 389 came·
2199 388 2200 396 ,
2235 388 2238 396 ,

1231 420 1283 442 rae
1307 410 1496 453 apostolicae
1521 414 1550 444 ct
1574 410 1761 450 iuramento,
1786 408 1878 442 etiam
1896 419 1967 442 curn
2199 397 2214 445 Ῐ,
2235 411 2241 430 t

1231 463 1429 506 susceptione
1454 473 1657 496 censurarum
1683 467 1713 496 et
1737 461 1775 495 de
1799 471 1861 495 non
1887 471 1965 494 con·
2199 458 2217 481 ἶ·
2239 470 2241 498 .’

1231 516 1456 557 traveniendo,
1491 527 1526 549 ac
1559 516 1651 549 etiam
1687 516 1819 548 sortasse
1843 514 1880 547 de
1904 524 1968 548 non
2200 513 2201 517 ’
2240 507 2241 512 ’

1234 569 1430 612 impetrando
1465 569 1581 612 gratias
1617 574 1740 602 nostras
1774 572 1883 601 contra
1917 577 1970 601 eos

1233 627 1262 655 et
1281 623 1438 656 concessis
1457 633 1519 656 non
1541 623 1656 657 utendo
1674 622 1803 662 vallatis,
1820 626 1850 654 et
1865 621 1970 655 forsan

1233 676 1300 708 aliis
1325 677 1416 710 etiam
1443 676 1671 710 efficacioribus
1695 675 1825 709 cautelis
1856 680 1886 708 et
1916 674 1970 707 de·

1234 729 1327 762 cretis
1342 740 1378 762 ac
1401 730 1558 771 clausulis,
1576 740 1670 773 super
1686 729 1795 762 iisdem
1816 727 1970 762 fructibus

1234 788 1263 816 et
1287 783 1510 827 pensionibus,
1535 784 1626 816 etiam
1659 783 1763 816 medio
1788 780 1971 816 'cedularum

1234 836 1357 876 banchi,
1372 847 1426 869 seu
1444 836 1474 868 in
1493 837 1592 870 forma
1618 836 1761 880 depositi,
1779 835 1971 869 habentibus

1235 894 1264 922 et
1288 890 1369 922 intra
1390 895 1586 933 praesentem
1607 899 1722 922 annum
1740 888 1905 929 habituris,
1921 898 1972 921 cu-

1236 943 1421 988 iuscumque
1433 943 1708 987 praeeminentiae,
1723 947 1829 984 status,
1844 941 1970 984 gradus,

1235 996 1354 1029 ordinis
1379 1001 1408 1028 et
1432 996 1642 1039 conditionis,
1680 995 1772 1028 etiam
1809 994 1972 1038 religionis

1237 1050 1281 1082 vel
1307 1049 1436 1082 militiae
1462 1049 1603 1088 existant,
1628 1048 1744 1093 quibus
1768 1053 1820 1081 aut
1836 1057 1970 1092 quorum

1236 1102 1391 1146 aliquibus
1423 1103 1485 1134 ulla
1510 1102 1675 1146 privilegia
1700 1107 1730 1135 et
1756 1101 1972 1145 exemptiones

1236 1161 1288 1188 aut
1323 1156 1441 1189 indulta
1476 1156 1536 1189 sub
1573 1166 1770 1200 quacumque
1803 1154 1972 1188 verborum

1236 1209 1336 1242 forma
1353 1213 1383 1243 et
1403 1209 1604 1253 expressione
1630 1219 1778 1242 concessa
1794 1207 1897 1252 quoad
1912 1207 1973 1240 hoc

1237 1263 1412 1295 nullatenus
1436 1262 1601 1305 suffragari
1619 1273 1712 1306 posse
1736 1262 1880 1295 volumus
1897 1260 1973 1305 (fra-

1237 1316 1337 1349 tribus
1357 1321 1387 1348 et
1410 1316 1553 1360 personis
1570 1316 1643 1349 dicti
1661 1315 1826 1360 hospitalis
1843 1314 1872 1348 S.
1888 1315 1974 1348 Ioan-

1237 1371 1284 1403 nis
1308 1370 1581 1415 Ilie1*oso13·1nitani
1608 1371 1637 1402 in
1662 1375 1761 1404 totum
1779 1375 1809 1403 et
1833 1369 1974 1409 omnino,

1237 1424 1348 1456 ceteris
1381 1434 1455 1457 vero
1490 1423 1696 1467 hospitalibus
1729 1422 1973 1467 hospitalitatem

1237 1482 1307 1509 actu
1325 1476 1519 1509 servantibus
1533 1487 1592 1520 pro
1606 1478 1642 1509 ea
1658 1476 1828 1520 quantitate
1841 1479 1974 1518 tantum,

1238 1540 1330 1572 quam
1357 1530 1387 1562 in
1413 1530 1565 1562 servanda
1594 1529 1661 1573 ipsa
1693 1529 1902 1573 hospitalitate
1926 1539 1976 1561 ex-

1238 1589 1368 1626 ponunt,
1393 1583 1554 1616 dumtaxat
1578 1583 1724 1626 exceptis,
1750 1588 1779 1615 et
1803 1581 1976 1615 dummodo

1239 1647 1254 1668 a
1280 1636 1423 1680 personis
1448 1636 1598 1669 Ordinum
1628 1636 1868 1669 Mendicantium
1898 1645 1976 1668 non-

1238 1689 1297 1721 nisi
1323 1689 1472 1721 medietas
1497 1689 1562 1722 eius
1590 1689 1708 1732 partis,
1741 1699 1821 1732 quae
1855 1687 1976 1721 ratione

1239 1742 1368 1775 subsidii
1388 1742 1566 1775 huiusmodi
1587 1742 1625 1774 ab
1650 1742 1694 1775 eis
1719 1741 1866 1775 solvenda
1884 1745 1975 1783 esset,

1239 1796 1340 1829 solum
1365 1795 1532 1839 exigatur),
1556 1795 1867 1839 proportionabiliter
1883 1799 1978 1831 etae-

1239 1849 1372 1892 qualiter
1396 1849 1480 1882 iuxta
1498 1859 1605 1882 verum
1624 1849 1762 1882 valorem
1780 1848 1976 1892 praedictum

1241 1903 1320 1935 inter
1351 1902 1526 1946 praedictas
1556 1912 1706 1946 personas
1741 1901 1977 1942 ecclesiasticas,

1240 1955 1410 1988 secundum
1437 1955 1598 1998 aequalem
1624 1960 1651 1987 et
1681 1954 1848 1987 discretam
1874 1954 1974 1998 parti-

1241 2009 1366 2051 tionem,
1391 2019 1484 2052 quam
1510 2008 1547 2041 ad
1572 2018 1628 2041 nos
1645 2008 1879 2052 quamprimum
1897 2007 1978 2041 mitti

1241 2062 1436 2102 mandamus,
1453 2072 1509 2105 per
1539 2061 1733 2094 venerabiles
1755 2061 1866 2094 fratres
1885 2061 1976 2094 laco-

1240 2116 1314 2148 bum
1330 2115 1601 2159 archiepiscopum
1616 2114 1979 2155 Athenarum,nuncium

1240 2174 1394 2209 nostrum,
1420 2175 1449 2202 et
1465 2169 1676 2213 patriarcham
1697 2168 1896 2201 Venetiarum
1916 2167 1980 2201 dis-

1241 2222 1449 2262 tribuendam,
1467 2232 1502 2255 ac
1524 2222 1554 2254 in
1579 2222 1655 2254 locis
1680 2227 1710 2254 et
1734 2221 1885 2262 terminiS,
1911 2231 1979 2254 mo-

1241 2276 1352 2319 disque
1376 2281 1406 2308 et
1430 2275 1538 2308 formis
1562 2285 1619 2318 per
1641 2275 1727 2319 ipsos
1758 2274 1906 2308 Iacobum
1932 2285 1980 2308 ar-

1242 2329 1480 2372 chiepiscopum
1505 2328 1655 2361 nuncium
1686 2331 1717 2362 et
1746 2328 1978 2372 patriarcham,
2239 2321 2243 2373 i

1242 2393 1321 2426 quos
1341 2382 1526 2415 collectores
1550 2382 1712 2425 generales
1729 2381 1859 2414 subsidii
1875 2381 1981 2414 huius-
1993 2387 2173 2435 buiugioqffitffig
2204 2394 2206 2419 ;
2223 2379 2243 2431 j

1243 2436 1326 2469 modi
1347 2436 1458 2469 harum
1485 2435 1566 2468 serie
1591 2435 1808 2468 constituimus
1833 2439 1863 2468 et
1882 2435 1979 2479 depu-
1994 2430 2090 2467 derum?

1243 2494 1353 2529 tamus,
1379 2488 1585 2528 statuendam,
1610 2487 1815 2521 ordinandam
1836 2492 1866 2522 et
1881 2487 1980 2521 decla-

1243 2542 1382 2583 randam,
1407 2542 1535 2575 omnino
1559 2541 1597 2574 de
1620 2541 1778 2585 praesenti
1803 2550 1884 2574 anno
1908 2550 1979 2584 per-

1243 2595 1435 2636 solvendum,
1460 2606 1496 2628 ac
1521 2605 1648 2639 percos
1670 2600 1700 2628 ct
1725 2604 1832 2628 corum
1859 2593 1979 2627 subcol-
