2185 3188
29 181 77 210 An.
97 179 125 207 G.
143 177 211 206 165⁷

810 176 997 200 ALEXANDER
1023 176 1066 199 vn
1091 176 1137 199 Pr.

220 225 292 259 dato
316 224 481 268 accipiant,
495 234 572 258 neve
590 225 619 257 in
634 229 870 268 praenarratam
889 235 961 256 eau-
977 225 979 260 ἑ

221 287 286 310 sam
313 278 472 322 pecunias,
498 283 550 311 aut
574 278 702 322 quaevis
726 278 785 310 alia
810 277 892 310 bona
912 271 980 310 cu-l

221 331 316 365 iusvis
340 333 475 375 generis,
502 332 659 377 qualitatis
678 336 707 365 et
724 331 840 376 speciei
860 341 876 363 a
894 331 962 375 qui·
979 366 981 369 r

220 384 415 429 buscumque
439 387 582 430 personis
617 386 711 419 certis
742 385 789 419 vcl
814 384 962 426 incertis,

222 439 316 472 etiam
347 445 457 483 sponte
489 440 635 473 dantibus
671 440 729 472 sub
764 448 963 483 quocumque

221 496 383 535 praetextu
403 493 614 536 gratitudinis,
635 493 822 534 donationis,
837 492 964 526 solutio-

222 545 270 578 nis
302 546 421 587 debiti,
447 552 500 579 aut
531 546 754 585 restitutionis,
780 546 873 580 etiam
905 555 964 589 pro

223 599 422 633 exoneranda
447 599 649 641 conscientia,
674 605 727 632 aut
752 610 787 633 ex
809 599 870 633 alio
888 609 964 632 con-

224 656 335 694 tractu,
359 653 407 686 vel
433 654 544 698 quovis
568 653 711 697 quaesito
732 653 849 693 colore,
870 653 963 686 etiam

223 716 281 750 pro
307 707 517 751 eleemosyna,
541 717 580 740 ne
605 706 731 750 quidem
750 717 766 739 a
783 706 966 749 consangui-

223 760 299 802 neis,
314 760 361 792 vel
385 761 543 801 affinibus,
561 760 653 793 etiarn
678 761 708 793 in
733 760 837 804 primo
855 759 965 803 gradu,

224 818 277 845 aut
297 813 553 847 benefactoribus
572 814 766 854 monialium,
785 819 814 847 et
830 814 964 847 aliorum

224 866 459 910 praedictorum
485 868 577 901 etiam
604 867 728 902 occulto
757 867 894 908 nomine,
915 877 966 910 pe-

224 925 300 961 tant,
325 921 373 954 vel
398 921 563 965 accipiant,
588 932 690 965 neque
715 922 745 954 in
771 921 853 954 liunc
871 920 964 953 finem

225 973 359 1006 vendant
393 974 565 1007 industriae
604 975 744 1018 ipsarum
782 973 965 1007 monialium

225 1037 331 1071 opera,
356 1037 530 1071 eorumque
548 1028 684 1071 pretium
702 1027 733 1060 in
750 1032 895 1071 sumptus
913 1027 967 1060 hu-

226 1080 359 1114 iusmodi
374 1081 565 1125 impendant,
576 1086 629 1113 aut
641 1081 823 1125 quidquam,
834 1086 896 1113 tam
911 1080 968 1113 du-

226 1140 314 1168 rante
336 1134 451 1175 offieio‚
475 1145 568 1179 quam
598 1145 635 1168 eo
661 1139 779 1175 exacto,
806 1134 966 1176 ecclesiae,

227 1188 397 1229 sacristiae,
422 1194 474 1222 aut
499 1188 661 1233 quibusvis
686 1188 754 1221 aliis
778 1189 861 1222 dono
883 1188 966 1230 dent,

227 1241 280 1274 sed
297 1252 449 1286 expensae
467 1242 662 1276 necessariae
679 1241 717 1274 ab
737 1241 895 1274 abbatissa
913 1251 966 1273 seu

227 1295 395 1338 priorissa,
420 1297 456 1328 ea
487 1305 548 1338 qua
577 1295 687 1327 maiori
721 1300 871 1339 poterunt
896 1305 966 1328 curn

228 1348 440 1392 parsimonia,
466 1349 541 1381 siant.
565 1359 600 1381 ex
627 1348 796 1382 ordinariis
821 1353 851 1381 et
876 1348 969 1381 certis

229 1402 402 1436 redditibus
419 1408 538 1436 tantum
565 1404 610 1436 vel
639 1403 902 1436 monasteriorum
922 1402 968 1434 vel

229 1456 388 1489 sacristiae
418 1457 543 1490 illorum
562 1457 709 1500 propriis,
727 1456 751 1489 si
774 1456 885 1498 adsint,
904 1455 970 1488 nul-

230 1509 293 1541 lum
320 1519 394 1542 vero
418 1520 551 1553 prorsus
568 1520 620 1542 aes
639 1510 774 1542 alienum
801 1515 988 1553 propterea,

230 1562 443 1596 contrabatur.
462 1563 636 1605 Praeterea,
651 1563 760 1596 eadem
775 1563 970 1602 auctoritate,

230 1615 287 1648 sub
309 1616 419 1659 poenis
443 1616 620 1660 praedietis,
647 1617 859 1661 praecipimus
888 1616 969 1649 idem

229 1670 349 1702 servari
375 1680 447 1703 cum
472 1670 594 1714 puellae
612 1681 666 1703 seu
687 1670 835 1703 mulieres
853 1670 890 1703 ad
919 1670 972 1702 lia-

230 1721 328 1755 bitum
354 1723 532 1766 regularem
560 1729 589 1756 et
613 1728 757 1756 votorum
783 1723 990 1757 solemnium1v

230 1776 429 1809 emissionem
460 1788 515 1810 seu
550 1777 777 1821 professionem
805 1777 971 1811 admittan-

231 1835 303 1871 tur,
328 1835 361 1863 ut
386 1831 504 1864 seilicet
529 1831 635 1864 omnia
659 1831 725 1864 sine
751 1834 879 1875 pompa,
905 1832 971 1864 sinc

231 1889 368 1928 sumptu,
394 1890 423 1917 et
448 1885 564 1929 absque
594 1895 749 1925 cerarum,
774 1885 990 1929 aliorumque*

232 1937 491 1971 munuscolorum
518 1948 792 1982 quorumcumsptc
817 1938 971 1971 distribu-

232 1991 315 2024 tione
334 1991 417 2033 tiant,
435 1991 672 2035 comprehensis
693 1992 785 2024 etiam
804 1992 972 2026 esculentis

232 2051 262 2077 et.
286 2045 478 2088 poculentis;
503 2055 604 2088 neque
629 2046 793 2079 occasione
819 2045 969 2078 festivita-

233 2103 298 2130 tum
316 2099 514 2139 Sanctorum,
539 2104 589 2131 aut
617 2098 824 2142 susceptionis
848 2099 991 2131 habitus*

234 2156 263 2182 et
287 2151 490 2194 professionis
508 2151 699 2191 huiusmodi,
718 2152 763 2184 vel
788 2152 898 2195 quovis
911 2152 973 2185 alio
990 2161 991 2172 ¹

234 2204 304 2236 anni
331 2209 484 2248 tempore,
512 2204 685 2248 dispensari
713 2205 759 2237 vel
784 2205 867 2238 dono
894 2206 972 2238 mitti

234 2258 354 2301 possint
389 2258 503 2299 flores,
537 2258 741 2302 fructusque,
767 2259 831 2291 sive
864 2259 926 2291 veri
955 2260 971 2291 ii

235 2310 295 2343 sint
319 2317 349 2343 et
373 2312 539 2351 naturales,
564 2312 627 2344 sive
652 2312 752 2344 tictitii
778 2318 807 2344 et
832 2312 974 2344 artificia-

235 2365 289 2407 les,
314 2370 367 2398 aut
392 2365 572 2409 pharmaca,
597 2365 768 2408 placentae,
794 2365 872 2406 liba,
897 2367 973 2399 scri-

236 2418 340 2460 blitae,
365 2419 514 2459 crustula,
540 2419 689 2462 spirulac,
706 2425 735 2452 ct
752 2419 810 2451 alia
828 2419 858 2452 id
876 2430 975 2462 genus

237 2472 349 2514 edulia,
361 2472 511 2517 cupediae
525 2478 555 2505 et
566 2472 706 2513 bellaria,
721 2473 974 2517 quibuscumque,

238 2527 391 2571 personis,
416 2527 479 2560 sive
505 2526 712 2565 secularibus,
739 2527 802 2560 sive
828 2527 992 2571 θεοίοείη-4

238 2580 333 2621 Stieis,
350 2581 441 2613 etiam
461 2581 670 2622 regularibus,
689 2581 853 2624 utriusque
871 2592 973 2617 sexus,
991 2600 992 2621 ;

997 230 1058 256 tam
1084 224 1165 256 intra
1191 233 1284 269 quam
1310 230 1397 257 extra
1421 229 1509 268 septa
1535 224 1738 258 monasterio-

996 287 1066 310 rum
1092 276 1298 320 degentibus,
1324 289 1359 311 ac
1391 279 1483 311 etiam
1521 277 1737 322 superioribus

996 334 1026 364 et
1062 330 1210 374 praelatis
1243 332 1354 374 quovis
1390 331 1490 374 gradu
1524 337 1554 364 et
1586 331 1737 374 dignitate

997 384 1090 416 etiam
1117 383 1327 417 cardinalatus
1352 384 1557 427 fulgentibus,
1583 389 1739 427 protecto-

997 437 1096 477 ribus,
1121 436 1435 480 viceprotectoribus,
1460 437 1616 481 deputatis
1641 447 1740 481 prae—

998 491 1094 533 fectis,
1121 491 1355 532 visitatoribus,
1382 491 1590 531 confessariis,
1617 490 1740 524 factori-

999 544 1056 578 bus
1082 549 1109 577 et
1135 544 1322 578 officialibus
1347 544 1611 578 monasteriorum
1637 544 1742 577 huius-

1000 598 1105 638 modi,
1131 608 1332 642 quocumque
1356 598 1483 630 nominc
1508 604 1739 642 nuncupentur,

999 651 1131 695 aliisque
1156 651 1194 684 ab
1220 651 1280 684 illis
1304 662 1433 695 quoquo
1455 651 1549 684 modo
1566 651 1742 695 dependen-

1000 705 1091 738 tibus.
1118 705 1258 748 Denique
1284 705 1468 737 mandamus
1495 705 1604 737 missas
1629 706 1742 738 solem-

1000 769 1054 791 nes
1068 759 1098 791 in
1114 758 1254 791 ecclesiis
1269 758 1534 791 monasteriorum
1561 757 1742 791 huiusmodi

1000 812 1038 845 ab
1064 813 1190 845 illorum
1216 812 1427 851 confessariis,
1455 812 1502 844 vel
1529 811 1596 844 aliis
1615 812 1744 856 privatis

1000 867 1217 901 sacerdotibus
1231 866 1403 907 decantari,
1413 866 1558 899 tubarum
1576 876 1649 899 vero
1664 866 1744 899 clan-

1000 931 1093 964 gores
1118 926 1147 953 et
1171 925 1394 964 tympanorum
1420 919 1577 963 strepitus,
1602 930 1637 952 ac
1655 920 1745 953 tubo-

1001 985 1070 1006 rum
1095 973 1225 1017 pulvere
1248 973 1339 1017 pyrio
1364 973 1565 1017 oppletorum
1592 973 1746 1016 explosio-

1001 1038 1076 1068 nes,
1101 1027 1299 1070 missilesque
1324 1032 1353 1059 et
1389 1027 1482 1060 festos
1515 1027 1624 1070 ignes,
1661 1027 1746 1059 nulla

1001 1080 1132 1121 ratione,
1152 1080 1304 1124 nullaque
1324 1079 1488 1113 occasione
1516 1085 1587 1113 ante
1607 1080 1653 1113 vel
1672 1091 1747 1124 pro-

1002 1144 1063 1178 pe,
1101 1140 1153 1166 aut
1191 1134 1275 1166 circa
1307 1133 1455 1166 eeclesias
1491 1143 1525 1165 ae
1559 1133 1747 1167 monasteria

1002 1187 1162 1232 praedicta
1194 1186 1356 1230 permitti,
1383 1197 1484 1230 neque
1517 1187 1652 1220 tentoria
1684 1187 1747 1220 sive

1004 1241 1070 1273 vela
1095 1246 1167 1273 ante
1192 1240 1301 1273 ianuas
1325 1240 1508 1273 earumdem
1543 1239 1746 1273 ecclesiarum

1003 1294 1157 1338 expandi,
1182 1294 1235 1326 sed
1261 1299 1291 1326 et
1316 1303 1424 1326 omnes
1449 1293 1525 1325 alias
1550 1304 1612 1327 non
1638 1304 1746 1327 neces-

1003 1349 1100 1382 sarias
1119 1357 1269 1392 expensas
1294 1347 1424 1380 omnino
1445 1348 1591 1380 resecari.

1049 1403 1063 1446 ἓ
1088 1402 1117 1434 4,
1143 1401 1342 1434 Deelarantes
1368 1400 1558 1440 abbatissas,
1585 1411 1638 1434 seu
1664 1401 1749 1445 prio-

1004 1455 1120 1495 rissas,
1146 1455 1344 1494 sacristanas,
1371 1454 1583 1494 camerarius,
1609 1454 1747 1500 aliasque

1004 1510 1154 1543 officiales
1171 1514 1201 1541 et.
1214 1509 1365 1541 moniales
1380 1509 1644 1542 monasteriorum
1661 1520 1749 1553 prae-

987 1564 1150 1606 fatorum,
1177 1573 1256 1606 quae
1283 1563 1311 1594 in
1339 1566 1402 1596 toto
1424 1562 1470 1595 vel
1499 1563 1528 1594 in
1554 1568 1642 1606 parte
1664 1574 1749 1607 pratL

1005 1617 1144 1650 sentibus
1169 1617 1281 1649 litteris
1302 1621 1330 1650 et
1351 1616 1505 1649 contentis
1531 1616 1560 1648 in
1586 1617 1645 1649 illis
1670 1628 1748 1662 quo-

1005 1682 1068 1715 quo
1085 1671 1179 1704 modo
1201 1670 1375 1713 respective
1393 1670 1656 1711 contravenerim,
1678 1682 1750 1715 poe-

1005 1736 1060 1758 nas
1071 1727 1303 1769 praenarratas,
1318 1723 1456 1767 aliasque
1471 1724 1565 1756 etiam
1586 1725 1749 1767 graviores

1006 1778 1105 1812 nostri
1132 1783 1160 1810 et
1187 1777 1319 1810 Romani
1346 1777 1506 1810 Pontifieis
1523 1788 1581 1821 pro
1607 1783 1750 1822 tempore

1006 1832 1166 1865 existentis
1187 1831 1322 1872 arbitrii,
1347 1831 1478 1864 durante
1512 1841 1619 1864 earum
1646 1838 1751 1865 contu-

1007 1886 1117 1927 macia,
1137 1885 1204 1929 ipso
1222 1885 1303 1918 facto
1323 1885 1518 1917 incursuras:
1543 1885 1750 1926 absolutione,

1006 1939 1258 1977 condonatione,
1286 1939 1532 1982 reintegratione
1565 1944 1591 1971 et
1626 1939 1749 1983 dispen-

1007 1994 1125 2026 satione
1150 1993 1286 2036 desuper
1310 1992 1400 2024 nobis
1425 1996 1455 2025 et
1479 1993 1627 2025 Romanis
1652 1993 1752 2026 Ponti-

1007 2046 1120 2079 ficibus
1161 2045 1397 2079 successoribus
1435 2046 1551 2079 nostris
1591 2046 1753 2079 dumtaxat

1007 2102 1175 2133 reservata.
1196 2100 1341 2132 Ceterum
1360 2099 1383 2131 si
1405 2099 1594 2143 quandoque
1618 2099 1752 2132 abbatis-

1007 2163 1058 2186 sae
1076 2164 1129 2187 seu
1155 2153 1326 2197 priorissae
1350 2158 1379 2184 et
1403 2153 1554 2186 moniales
1574 2153 1751 2197 praedictae

1008 2207 1146 2250 rigorem
1162 2197 1340 2250 praesentis
1355 2206 1585 2239 constitutionis
1604 2207 1633 2238 in
1647 2207 1751 2250 aliquo

1009 2271 1081 2293 casu
1106 2260 1287 2303 particulari
1316 2259 1429 2292 remitti
1456 2264 1485 2293 et
1509 2259 1626 2303 aliquid
1648 2270 1682 2293 ex
1706 2271 1753 2292 ve-

991 2313 1072 2357 ¹titis
1097 2314 1127 2345 in
1154 2313 1203 2345 itta
1229 2313 1368 2356 permitti
1395 2313 1663 2355 desideraverint,
1689 2323 1751 2345 non

1010 2366 1216 2410 probibemus
1241 2367 1316 2410 quin
1343 2366 1370 2398 id
1393 2366 1551 2409 postulent
1567 2376 1583 2398 a
1608 2366 1698 2399 nobis
1723 2372 1753 2399 et

1009 2420 1247 2453 suecessoribus
1278 2420 1465 2463 praedietis,
1492 2420 1689 2453 concessuris
1722 2420 1752 2452 in

1009 2474 1134 2517 scriptis
1148 2474 1232 2518 quod
1251 2474 1280 2506 in
1300 2473 1432 2506 Domino
1452 2473 1679 2515 censuerimus,
1697 2484 1752 2506 seu

1010 2528 1051 2560 illi
1064 2527 1236 2571 respective
1251 2527 1431 2559 censuerint
1446 2526 1604 2570 expedire.
1618 2527 1752 2560 [lemtim

1010 2588 1039 2613 ut
1055 2582 1183 2613 eat—dem
1203 2587 1384 2624 praesentes
1402 2580 1524 2613 litterae
1541 2581 1664 2614 debitae
1682 2591 1753 2613 exe-

1637 166 1700 200 299
1746 175 1798 202 An.
1820 175 1849 203 c.
1868 176 1934 203 1657

1786 1408 1949 1429 contravenien-

1764 1437 1814 1456 tium
1830 1441 1919 1462 paenae.
