<?xml version="1.0" encoding="UTF-8"?>
<!DOCTYPE html PUBLIC "-//W3C//DTD XHTML 1.0 Transitional//EN"
    "http://www.w3.org/TR/xhtml1/DTD/xhtml1-transitional.dtd">
<html xmlns="http://www.w3.org/1999/xhtml" xml:lang="en" lang="en">
 <head>
  <title>
</title>
<meta http-equiv="Content-Type" content="text/html;charset=utf-8" />
  <meta name='ocr-system' content='tesseract 3.04.00' />
  <meta name='ocr-capabilities' content='ocr_page ocr_carea ocr_par ocr_line ocrx_word'/>
</head>
<body>
  <div class='ocr_page' id='page_1' title='image "./bullarumdiplomat16cath_0249.png"; bbox 0 0 2185 3188; ppageno 0'>
   <div class='ocr_carea' id='block_1_1' title="bbox 25 175 202 206">
    <p class='ocr_par' dir='ltr' id='par_1_1' title="bbox 25 175 202 206">
     <span class='ocr_line' id='line_1_1' title="bbox 25 175 202 206; baseline -0.023 0"><span class='ocrx_word' id='word_1_1' title='bbox 25 179 75 206; x_wconf 79' lang='lat' dir='ltr'>An.</span> <span class='ocrx_word' id='word_1_2' title='bbox 91 178 118 205; x_wconf 88' lang='lat' dir='ltr'>C.</span> <span class='ocrx_word' id='word_1_3' title='bbox 136 175 202 204; x_wconf 77' lang='lat'>1656</span> 
     </span>
    </p>
   </div>
   <div class='ocr_carea' id='block_1_2' title="bbox 812 173 1140 198">
    <p class='ocr_par' dir='ltr' id='par_1_2' title="bbox 812 173 1140 198">
     <span class='ocr_line' id='line_1_2' title="bbox 812 173 1140 198; baseline 0 -2"><span class='ocrx_word' id='word_1_4' title='bbox 812 174 998 198; x_wconf 63' lang='lat' dir='ltr'><strong>ALEXANDER</strong></span> <span class='ocrx_word' id='word_1_5' title='bbox 1023 173 1067 197; x_wconf 73' lang='lat' dir='ltr'>vu</span> <span class='ocrx_word' id='word_1_6' title='bbox 1094 174 1140 196; x_wconf 65' lang='grc' dir='ltr'>ΓΡ.</span> 
     </span>
    </p>
   </div>
   <div class='ocr_carea' id='block_1_3' title="bbox 219 221 988 2300">
    <p class='ocr_par' dir='ltr' id='par_1_3' title="bbox 219 221 988 2300">
     <span class='ocr_line' id='line_1_3' title="bbox 219 221 958 265; baseline -0.004 -10"><span class='ocrx_word' id='word_1_7' title='bbox 219 232 338 265; x_wconf 85' lang='lat' dir='ltr'>gemus.</span> <span class='ocrx_word' id='word_1_8' title='bbox 361 221 549 265; x_wconf 84' lang='lat' dir='ltr'>Eisdemque</span> <span class='ocrx_word' id='word_1_9' title='bbox 570 221 776 260; x_wconf 78' lang='lat' dir='ltr'>conclavistis‚</span> <span class='ocrx_word' id='word_1_10' title='bbox 802 226 958 253; x_wconf 88' lang='lat' dir='ltr'>eteorum</span> 
     </span>
     <span class='ocr_line' id='line_1_4' title="bbox 219 273 958 318; baseline -0.003 -11"><span class='ocrx_word' id='word_1_11' title='bbox 219 274 361 317; x_wconf 81' lang='lat' dir='ltr'>singulis,</span> <span class='ocrx_word' id='word_1_12' title='bbox 378 278 412 308; x_wconf 87' lang='lat' dir='ltr'>ut</span> <span class='ocrx_word' id='word_1_13' title='bbox 429 274 621 318; x_wconf 83' lang='lat' dir='ltr'>quicumque</span> <span class='ocrx_word' id='word_1_14' title='bbox 646 275 704 308; x_wconf 91' lang='lat' dir='ltr'>loci</span> <span class='ocrx_word' id='word_1_15' title='bbox 724 273 891 310; x_wconf 83' lang='lat' dir='ltr'>Ordinarii,</span> <span class='ocrx_word' id='word_1_16' title='bbox 911 274 958 306; x_wconf 75' lang='lat' dir='ltr'>vel</span> 
     </span>
     <span class='ocr_line' id='line_1_5' title="bbox 220 326 961 370; baseline -0.001 -11"><span class='ocrx_word' id='word_1_17' title='bbox 220 327 359 360; x_wconf 87' lang='lat' dir='ltr'>canonici</span> <span class='ocrx_word' id='word_1_18' title='bbox 387 327 702 370; x_wconf 86' lang='lat' dir='ltr'>metropolitanarum</span> <span class='ocrx_word' id='word_1_19' title='bbox 730 327 774 359; x_wconf 82' lang='lat' dir='ltr'>vel</span> <span class='ocrx_word' id='word_1_20' title='bbox 802 326 961 360; x_wconf 87' lang='lat' dir='ltr'>cathedra-</span> 
     </span>
     <span class='ocr_line' id='line_1_6' title="bbox 219 379 961 423; baseline -0.001 -10"><span class='ocrx_word' id='word_1_21' title='bbox 219 379 307 420; x_wconf 84' lang='lat' dir='ltr'>lium,</span> <span class='ocrx_word' id='word_1_22' title='bbox 328 390 382 413; x_wconf 86' lang='lat' dir='ltr'>scu</span> <span class='ocrx_word' id='word_1_23' title='bbox 407 380 540 413; x_wconf 90' lang='lat' dir='ltr'>duarum</span> <span class='ocrx_word' id='word_1_24' title='bbox 567 380 737 423; x_wconf 84' lang='lat' dir='ltr'>insignium</span> <span class='ocrx_word' id='word_1_25' title='bbox 761 380 853 413; x_wconf 89' lang='lat' dir='ltr'>Urbis</span> <span class='ocrx_word' id='word_1_26' title='bbox 871 380 961 412; x_wconf 89' lang='lat' dir='ltr'>colle-</span> 
     </span>
     <span class='ocr_line' id='line_1_7' title="bbox 220 433 960 477; baseline 0 -11"><span class='ocrx_word' id='word_1_27' title='bbox 220 433 374 476; x_wconf 82' lang='lat' dir='ltr'>giatarum</span> <span class='ocrx_word' id='word_1_28' title='bbox 396 434 611 474; x_wconf 85' lang='lat' dir='ltr'>ecclesiarum,</span> <span class='ocrx_word' id='word_1_29' title='bbox 630 439 682 466; x_wconf 92' lang='lat' dir='ltr'>aut.</span> <span class='ocrx_word' id='word_1_30' title='bbox 704 443 858 477; x_wconf 80' lang='lat' dir='ltr'>personae</span> <span class='ocrx_word' id='word_1_31' title='bbox 882 433 960 466; x_wconf 89' lang='lat' dir='ltr'>aliae</span> 
     </span>
     <span class='ocr_line' id='line_1_8' title="bbox 220 486 959 530; baseline 0 -11"><span class='ocrx_word' id='word_1_32' title='bbox 220 496 436 530; x_wconf 88' lang='lat' dir='ltr'>quaecumque</span> <span class='ocrx_word' id='word_1_33' title='bbox 481 487 708 520; x_wconf 85' lang='lat' dir='ltr'>ecclesiasticae</span> <span class='ocrx_word' id='word_1_34' title='bbox 752 486 959 528; x_wconf 71' lang='lat' dir='ltr'>constitutae,</span> 
     </span>
     <span class='ocr_line' id='line_1_9' title="bbox 222 539 959 584; baseline 0.001 -12"><span class='ocrx_word' id='word_1_35' title='bbox 222 545 282 572; x_wconf 89' lang='lat' dir='ltr'>tam</span> <span class='ocrx_word' id='word_1_36' title='bbox 308 539 338 572; x_wconf 86' lang='lat' dir='ltr'>in</span> <span class='ocrx_word' id='word_1_37' title='bbox 364 540 504 573; x_wconf 75' lang='lat' dir='ltr'>Romana</span> <span class='ocrx_word' id='word_1_38' title='bbox 529 540 617 573; x_wconf 74' lang='lat' dir='ltr'>curia</span> <span class='ocrx_word' id='word_1_39' title='bbox 650 550 744 584; x_wconf 89' lang='lat' dir='ltr'>quam</span> <span class='ocrx_word' id='word_1_40' title='bbox 776 545 862 573; x_wconf 81' lang='lat' dir='ltr'>extra</span> <span class='ocrx_word' id='word_1_41' title='bbox 892 550 959 573; x_wconf 88' lang='lat' dir='ltr'>eam</span> 
     </span>
     <span class='ocr_line' id='line_1_10' title="bbox 221 591 960 637; baseline 0.001 -12"><span class='ocrx_word' id='word_1_42' title='bbox 221 592 259 626; x_wconf 92' lang='lat' dir='ltr'>ad</span> <span class='ocrx_word' id='word_1_43' title='bbox 283 591 314 625; x_wconf 92' lang='lat' dir='ltr'>id</span> <span class='ocrx_word' id='word_1_44' title='bbox 338 603 395 637; x_wconf 85' lang='lat' dir='ltr'>per</span> <span class='ocrx_word' id='word_1_45' title='bbox 411 603 465 626; x_wconf 91' lang='lat' dir='ltr'>eos</span> <span class='ocrx_word' id='word_1_46' title='bbox 481 599 637 627; x_wconf 90' lang='lat' dir='ltr'>eteorum</span> <span class='ocrx_word' id='word_1_47' title='bbox 659 593 800 636; x_wconf 83' lang='lat' dir='ltr'>singulos</span> <span class='ocrx_word' id='word_1_48' title='bbox 824 593 960 636; x_wconf 79' lang='lat' dir='ltr'>eligendi</span> 
     </span>
     <span class='ocr_line' id='line_1_11' title="bbox 221 645 961 692; baseline 0.003 -13"><span class='ocrx_word' id='word_1_49' title='bbox 221 656 275 680; x_wconf 87' lang='lat' dir='ltr'>seu</span> <span class='ocrx_word' id='word_1_50' title='bbox 292 645 465 690; x_wconf 74' lang='lat' dir='ltr'>eligendae,</span> <span class='ocrx_word' id='word_1_51' title='bbox 486 657 701 691; x_wconf 89' lang='lat' dir='ltr'>quascumque</span> <span class='ocrx_word' id='word_1_52' title='bbox 720 648 888 692; x_wconf 78' lang='lat' dir='ltr'>pensiones</span> <span class='ocrx_word' id='word_1_53' title='bbox 910 658 961 680; x_wconf 85' lang='lat' dir='ltr'>an-</span> 
     </span>
     <span class='ocr_line' id='line_1_12' title="bbox 221 700 962 745; baseline 0.003 -13"><span class='ocrx_word' id='word_1_54' title='bbox 221 710 310 741; x_wconf 83' lang='lat' dir='ltr'>nuas,</span> <span class='ocrx_word' id='word_1_55' title='bbox 328 700 372 733; x_wconf 88' lang='lat' dir='ltr'>eis</span> <span class='ocrx_word' id='word_1_56' title='bbox 390 705 420 733; x_wconf 87' lang='lat' dir='ltr'>et</span> <span class='ocrx_word' id='word_1_57' title='bbox 436 710 546 734; x_wconf 87' lang='lat' dir='ltr'>eorum</span> <span class='ocrx_word' id='word_1_58' title='bbox 566 701 698 744; x_wconf 80' lang='lat' dir='ltr'>singulis</span> <span class='ocrx_word' id='word_1_59' title='bbox 715 711 811 745; x_wconf 88' lang='lat' dir='ltr'>super</span> <span class='ocrx_word' id='word_1_60' title='bbox 836 701 962 745; x_wconf 89' lang='lat' dir='ltr'>quibus-</span> 
     </span>
     <span class='ocr_line' id='line_1_13' title="bbox 222 753 958 798; baseline 0.001 -11"><span class='ocrx_word' id='word_1_61' title='bbox 222 763 355 797; x_wconf 89' lang='lat' dir='ltr'>cumque</span> <span class='ocrx_word' id='word_1_62' title='bbox 380 753 544 795; x_wconf 84' lang='lat' dir='ltr'>fructibus,</span> <span class='ocrx_word' id='word_1_63' title='bbox 570 754 743 788; x_wconf 81' lang='lat' dir='ltr'>redditibus</span> <span class='ocrx_word' id='word_1_64' title='bbox 767 759 797 788; x_wconf 91' lang='lat' dir='ltr'>et</span> <span class='ocrx_word' id='word_1_65' title='bbox 821 765 958 798; x_wconf 85' lang='lat' dir='ltr'>proven-</span> 
     </span>
     <span class='ocr_line' id='line_1_14' title="bbox 222 806 963 851; baseline 0.003 -12"><span class='ocrx_word' id='word_1_66' title='bbox 222 806 302 840; x_wconf 91' lang='lat' dir='ltr'>tibus</span> <span class='ocrx_word' id='word_1_67' title='bbox 327 817 601 851; x_wconf 85' lang='lat' dir='ltr'>quorumcumque</span> <span class='ocrx_word' id='word_1_68' title='bbox 619 806 846 842; x_wconf 84' lang='lat' dir='ltr'>beneficiorum</span> <span class='ocrx_word' id='word_1_69' title='bbox 867 809 963 841; x_wconf 87' lang='lat' dir='ltr'>eccle-</span> 
     </span>
     <span class='ocr_line' id='line_1_15' title="bbox 222 859 963 905; baseline 0.003 -12"><span class='ocrx_word' id='word_1_70' title='bbox 222 859 431 901; x_wconf 89' lang='lat' dir='ltr'>siasticorum,</span> <span class='ocrx_word' id='word_1_71' title='bbox 449 861 543 894; x_wconf 85' lang='lat' dir='ltr'>etiam</span> <span class='ocrx_word' id='word_1_72' title='bbox 561 871 619 905; x_wconf 91' lang='lat' dir='ltr'>per</span> <span class='ocrx_word' id='word_1_73' title='bbox 636 861 664 895; x_wconf 89' lang='lat' dir='ltr'>S.</span> <span class='ocrx_word' id='word_1_74' title='bbox 683 862 717 895; x_wconf 81' lang='lat' dir='ltr'>R.</span> <span class='ocrx_word' id='word_1_75' title='bbox 738 863 769 895; x_wconf 88' lang='grc' dir='ltr'>Ε.</span> <span class='ocrx_word' id='word_1_76' title='bbox 789 861 963 895; x_wconf 79' lang='lat' dir='ltr'>cardinales</span> 
     </span>
     <span class='ocr_line' id='line_1_16' title="bbox 222 913 963 958; baseline 0.001 -11"><span class='ocrx_word' id='word_1_77' title='bbox 222 913 433 955; x_wconf 88' lang='lat' dir='ltr'>obtentorum,</span> <span class='ocrx_word' id='word_1_78' title='bbox 444 919 472 947; x_wconf 90' lang='lat' dir='ltr'>et</span> <span class='ocrx_word' id='word_1_79' title='bbox 486 913 517 947; x_wconf 90' lang='lat' dir='ltr'>in</span> <span class='ocrx_word' id='word_1_80' title='bbox 530 920 692 958; x_wconf 91' lang='lat' dir='ltr'>posterum</span> <span class='ocrx_word' id='word_1_81' title='bbox 708 914 963 955; x_wconf 88' lang='lat' dir='ltr'>obtinendorum,</span> 
     </span>
     <span class='ocr_line' id='line_1_17' title="bbox 223 968 965 1009; baseline -0.001 -9"><span class='ocrx_word' id='word_1_82' title='bbox 223 977 292 1001; x_wconf 88' lang='lat' dir='ltr'>cum</span> <span class='ocrx_word' id='word_1_83' title='bbox 325 969 401 1001; x_wconf 70' lang='lat' dir='ltr'>cura</span> <span class='ocrx_word' id='word_1_84' title='bbox 433 973 463 1001; x_wconf 87' lang='lat' dir='ltr'>et</span> <span class='ocrx_word' id='word_1_85' title='bbox 494 968 562 1001; x_wconf 89' lang='lat' dir='ltr'>sine</span> <span class='ocrx_word' id='word_1_86' title='bbox 590 972 680 1009; x_wconf 76' lang='lat' dir='ltr'>cura,</span> <span class='ocrx_word' id='word_1_87' title='bbox 712 968 901 1002; x_wconf 81' lang='lat' dir='ltr'>secularium</span> <span class='ocrx_word' id='word_1_88' title='bbox 936 975 965 1002; x_wconf 88' lang='lat' dir='ltr'>et.</span> 
     </span>
     <span class='ocr_line' id='line_1_18' title="bbox 222 1020 965 1065; baseline 0.003 -12"><span class='ocrx_word' id='word_1_89' title='bbox 222 1021 406 1065; x_wconf 90' lang='lat' dir='ltr'>quorumvis</span> <span class='ocrx_word' id='word_1_90' title='bbox 431 1020 583 1055; x_wconf 89' lang='lat' dir='ltr'>Ordinum</span> <span class='ocrx_word' id='word_1_91' title='bbox 602 1022 807 1065; x_wconf 76' lang='lat' dir='ltr'>regularium,</span> <span class='ocrx_word' id='word_1_92' title='bbox 832 1033 886 1055; x_wconf 91' lang='lat' dir='ltr'>seu</span> <span class='ocrx_word' id='word_1_93' title='bbox 905 1023 965 1055; x_wconf 85' lang='lat' dir='ltr'>fru-</span> 
     </span>
     <span class='ocr_line' id='line_1_19' title="bbox 223 1074 963 1120; baseline 0 -12"><span class='ocrx_word' id='word_1_94' title='bbox 223 1079 312 1114; x_wconf 86' lang='lat' dir='ltr'>ctus,</span> <span class='ocrx_word' id='word_1_95' title='bbox 345 1074 486 1108; x_wconf 86' lang='lat' dir='ltr'>redditus</span> <span class='ocrx_word' id='word_1_96' title='bbox 517 1082 547 1108; x_wconf 87' lang='lat' dir='ltr'>et</span> <span class='ocrx_word' id='word_1_97' title='bbox 578 1080 750 1120; x_wconf 88' lang='lat' dir='ltr'>proventus</span> <span class='ocrx_word' id='word_1_98' title='bbox 784 1076 963 1109; x_wconf 88' lang='lat' dir='ltr'>huiusmodi</span> 
     </span>
     <span class='ocr_line' id='line_1_20' title="bbox 223 1128 964 1172; baseline 0.001 -10"><span class='ocrx_word' id='word_1_99' title='bbox 223 1128 463 1170; x_wconf 82' lang='lat' dir='ltr'>beneficiorum,</span> <span class='ocrx_word' id='word_1_100' title='bbox 477 1136 654 1164; x_wconf 76' lang='lat' dir='ltr'>reservatos</span> <span class='ocrx_word' id='word_1_101' title='bbox 667 1141 721 1164; x_wconf 91' lang='lat' dir='ltr'>seu</span> <span class='ocrx_word' id='word_1_102' title='bbox 735 1130 964 1172; x_wconf 78' lang='lat' dir='ltr'>reservandos¹,</span> 
     </span>
     <span class='ocr_line' id='line_1_21' title="bbox 224 1181 965 1227; baseline 0 -11"><span class='ocrx_word' id='word_1_103' title='bbox 224 1181 347 1216; x_wconf 76' lang='lat' dir='ltr'>etlamsi</span> <span class='ocrx_word' id='word_1_104' title='bbox 372 1183 466 1216; x_wconf 91' lang='lat' dir='ltr'>semel</span> <span class='ocrx_word' id='word_1_105' title='bbox 494 1183 540 1216; x_wconf 88' lang='lat' dir='ltr'>vel</span> <span class='ocrx_word' id='word_1_106' title='bbox 566 1183 686 1227; x_wconf 90' lang='lat' dir='ltr'>pluries</span> <span class='ocrx_word' id='word_1_107' title='bbox 717 1184 884 1217; x_wconf 76' lang='lat' dir='ltr'>translatae</span> <span class='ocrx_word' id='word_1_108' title='bbox 911 1195 965 1217; x_wconf 90' lang='lat' dir='ltr'>seu</span> 
     </span>
     <span class='ocr_line' id='line_1_22' title="bbox 224 1235 965 1281; baseline 0.004 -13"><span class='ocrx_word' id='word_1_109' title='bbox 224 1235 365 1269; x_wconf 83' lang='lat' dir='ltr'>translati</span> <span class='ocrx_word' id='word_1_110' title='bbox 391 1236 517 1277; x_wconf 82' lang='lat' dir='ltr'>fuerint,</span> <span class='ocrx_word' id='word_1_111' title='bbox 538 1248 637 1281; x_wconf 90' lang='lat' dir='ltr'>usque</span> <span class='ocrx_word' id='word_1_112' title='bbox 662 1237 699 1270; x_wconf 87' lang='lat' dir='ltr'>ad</span> <span class='ocrx_word' id='word_1_113' title='bbox 721 1247 877 1271; x_wconf 85' lang='lat' dir='ltr'>summam</span> <span class='ocrx_word' id='word_1_114' title='bbox 896 1249 965 1272; x_wconf 86' lang='lat' dir='ltr'>cen-</span> 
     </span>
     <span class='ocr_line' id='line_1_23' title="bbox 224 1290 964 1333; baseline 0.003 -10"><span class='ocrx_word' id='word_1_115' title='bbox 224 1295 289 1323; x_wconf 86' lang='lat' dir='ltr'>tum</span> <span class='ocrx_word' id='word_1_116' title='bbox 308 1290 496 1324; x_wconf 85' lang='lat' dir='ltr'>ducatorum</span> <span class='ocrx_word' id='word_1_117' title='bbox 515 1291 582 1324; x_wconf 89' lang='lat' dir='ltr'>auri</span> <span class='ocrx_word' id='word_1_118' title='bbox 602 1291 639 1325; x_wconf 94' lang='lat' dir='ltr'>de</span> <span class='ocrx_word' id='word_1_119' title='bbox 658 1294 783 1325; x_wconf 78' lang='lat' dir='ltr'>camera</span> <span class='ocrx_word' id='word_1_120' title='bbox 802 1292 964 1333; x_wconf 84' lang='lat' dir='ltr'>similium,</span> 
     </span>
     <span class='ocr_line' id='line_1_24' title="bbox 224 1344 965 1389; baseline 0.003 -12"><span class='ocrx_word' id='word_1_121' title='bbox 224 1344 254 1377; x_wconf 91' lang='lat' dir='ltr'>in</span> <span class='ocrx_word' id='word_1_122' title='bbox 281 1348 345 1377; x_wconf 89' lang='lat' dir='ltr'>toto</span> <span class='ocrx_word' id='word_1_123' title='bbox 367 1344 413 1377; x_wconf 89' lang='lat' dir='ltr'>vel</span> <span class='ocrx_word' id='word_1_124' title='bbox 439 1344 469 1377; x_wconf 93' lang='lat' dir='ltr'>in</span> <span class='ocrx_word' id='word_1_125' title='bbox 496 1351 594 1389; x_wconf 89' lang='lat' dir='ltr'>parte,</span> <span class='ocrx_word' id='word_1_126' title='bbox 621 1356 656 1379; x_wconf 86' lang='lat' dir='ltr'>ac</span> <span class='ocrx_word' id='word_1_127' title='bbox 681 1346 775 1379; x_wconf 82' lang='lat' dir='ltr'>etiam</span> <span class='ocrx_word' id='word_1_128' title='bbox 801 1346 831 1378; x_wconf 87' lang='lat' dir='ltr'>in</span> <span class='ocrx_word' id='word_1_129' title='bbox 855 1346 965 1379; x_wconf 91' lang='lat' dir='ltr'>mortis</span> 
     </span>
     <span class='ocr_line' id='line_1_25' title="bbox 225 1397 965 1444; baseline 0.004 -14"><span class='ocrx_word' id='word_1_130' title='bbox 225 1397 368 1439; x_wconf 87' lang='lat' dir='ltr'>articulo,</span> <span class='ocrx_word' id='word_1_131' title='bbox 393 1397 534 1432; x_wconf 75' lang='lat' dir='ltr'>cassare²</span> <span class='ocrx_word' id='word_1_132' title='bbox 559 1402 589 1433; x_wconf 87' lang='lat' dir='ltr'>et</span> <span class='ocrx_word' id='word_1_133' title='bbox 609 1399 809 1443; x_wconf 77' lang='lat' dir='ltr'>extinguere,</span> <span class='ocrx_word' id='word_1_134' title='bbox 830 1406 860 1433; x_wconf 89' lang='lat' dir='ltr'>et</span> <span class='ocrx_word' id='word_1_135' title='bbox 880 1406 965 1444; x_wconf 85' lang='lat' dir='ltr'>post-</span> 
     </span>
     <span class='ocr_line' id='line_1_26' title="bbox 225 1453 966 1496; baseline 0.005 -12"><span class='ocrx_word' id='word_1_136' title='bbox 225 1462 318 1496; x_wconf 88' lang='lat' dir='ltr'>quam</span> <span class='ocrx_word' id='word_1_137' title='bbox 344 1456 480 1485; x_wconf 87' lang='lat' dir='ltr'>cassatae</span> <span class='ocrx_word' id='word_1_138' title='bbox 506 1459 535 1485; x_wconf 92' lang='lat' dir='ltr'>et</span> <span class='ocrx_word' id='word_1_139' title='bbox 560 1453 712 1487; x_wconf 83' lang='lat' dir='ltr'>extinctae</span> <span class='ocrx_word' id='word_1_140' title='bbox 741 1454 866 1494; x_wconf 85' lang='lat' dir='ltr'>fuerint,</span> <span class='ocrx_word' id='word_1_141' title='bbox 891 1455 966 1488; x_wconf 84' lang='lat' dir='ltr'>alias</span> 
     </span>
     <span class='ocr_line' id='line_1_27' title="bbox 226 1506 965 1551; baseline 0.005 -13"><span class='ocrx_word' id='word_1_142' title='bbox 226 1506 343 1539; x_wconf 84' lang='lat' dir='ltr'>similes</span> <span class='ocrx_word' id='word_1_143' title='bbox 367 1506 534 1550; x_wconf 85' lang='lat' dir='ltr'>pensiones</span> <span class='ocrx_word' id='word_1_144' title='bbox 564 1517 704 1549; x_wconf 86' lang='lat' dir='ltr'>annuas,</span> <span class='ocrx_word' id='word_1_145' title='bbox 738 1518 793 1541; x_wconf 90' lang='lat' dir='ltr'>seu</span> <span class='ocrx_word' id='word_1_146' title='bbox 824 1508 965 1551; x_wconf 84' lang='lat' dir='ltr'>fructus,</span> 
     </span>
     <span class='ocr_line' id='line_1_28' title="bbox 226 1559 967 1606; baseline 0.003 -13"><span class='ocrx_word' id='word_1_147' title='bbox 226 1559 366 1593; x_wconf 89' lang='lat' dir='ltr'>redditus</span> <span class='ocrx_word' id='word_1_148' title='bbox 398 1565 427 1593; x_wconf 89' lang='lat' dir='ltr'>et</span> <span class='ocrx_word' id='word_1_149' title='bbox 452 1564 623 1604; x_wconf 86' lang='lat' dir='ltr'>proventus</span> <span class='ocrx_word' id='word_1_150' title='bbox 650 1561 843 1599; x_wconf 82' lang='lat' dir='ltr'>huiusmodi,</span> <span class='ocrx_word' id='word_1_151' title='bbox 869 1574 967 1606; x_wconf 83' lang='lat' dir='ltr'>usque</span> 
     </span>
     <span class='ocr_line' id='line_1_29' title="bbox 226 1613 968 1658; baseline 0.004 -13"><span class='ocrx_word' id='word_1_152' title='bbox 226 1613 263 1646; x_wconf 86' lang='lat' dir='ltr'>ad</span> <span class='ocrx_word' id='word_1_153' title='bbox 289 1623 444 1646; x_wconf 90' lang='lat' dir='ltr'>summam</span> <span class='ocrx_word' id='word_1_154' title='bbox 463 1613 666 1657; x_wconf 84' lang='lat' dir='ltr'>praedictam,</span> <span class='ocrx_word' id='word_1_155' title='bbox 685 1614 739 1647; x_wconf 89' lang='lat' dir='ltr'>uni</span> <span class='ocrx_word' id='word_1_156' title='bbox 758 1615 804 1647; x_wconf 75' lang='lat' dir='ltr'>vcl</span> <span class='ocrx_word' id='word_1_157' title='bbox 824 1616 968 1658; x_wconf 83' lang='lat' dir='ltr'>pluribus</span> 
     </span>
     <span class='ocr_line' id='line_1_30' title="bbox 225 1666 966 1710; baseline 0.003 -10"><span class='ocrx_word' id='word_1_158' title='bbox 225 1666 294 1700; x_wconf 89' lang='lat' dir='ltr'>aliis</span> <span class='ocrx_word' id='word_1_159' title='bbox 318 1667 462 1710; x_wconf 87' lang='lat' dir='ltr'>personis</span> <span class='ocrx_word' id='word_1_160' title='bbox 480 1667 710 1708; x_wconf 82' lang='lat' dir='ltr'>ecclesiasticis,</span> <span class='ocrx_word' id='word_1_161' title='bbox 729 1669 775 1701; x_wconf 73' lang='lat' dir='ltr'>vel</span> <span class='ocrx_word' id='word_1_162' title='bbox 794 1669 885 1701; x_wconf 81' lang='lat' dir='ltr'>etiam</span> <span class='ocrx_word' id='word_1_163' title='bbox 906 1671 966 1702; x_wconf 82' lang='lat' dir='ltr'>cle-</span> 
     </span>
     <span class='ocr_line' id='line_1_31' title="bbox 226 1720 966 1765; baseline 0 -11"><span class='ocrx_word' id='word_1_164' title='bbox 226 1720 313 1754; x_wconf 86' lang='lat' dir='ltr'>ricali</span> <span class='ocrx_word' id='word_1_165' title='bbox 346 1721 528 1754; x_wconf 80' lang='lat' dir='ltr'>charactere</span> <span class='ocrx_word' id='word_1_166' title='bbox 554 1726 626 1754; x_wconf 90' lang='lat' dir='ltr'>tunc</span> <span class='ocrx_word' id='word_1_167' title='bbox 653 1722 804 1765; x_wconf 88' lang='lat' dir='ltr'>temporis</span> <span class='ocrx_word' id='word_1_168' title='bbox 828 1723 966 1756; x_wconf 85' lang='lat' dir='ltr'>nondum</span> 
     </span>
     <span class='ocr_line' id='line_1_32' title="bbox 228 1774 969 1817; baseline 0.003 -10"><span class='ocrx_word' id='word_1_169' title='bbox 228 1774 400 1817; x_wconf 76' lang='lat' dir='ltr'>insignitis,</span> <span class='ocrx_word' id='word_1_170' title='bbox 432 1785 503 1807; x_wconf 89' lang='lat' dir='ltr'>cum</span> <span class='ocrx_word' id='word_1_171' title='bbox 530 1775 668 1807; x_wconf 76' lang='lat' dir='ltr'>clausula</span> <span class='ocrx_word' id='word_1_172' title='bbox 700 1781 803 1808; x_wconf 82' lang='lat' dir='ltr'>tamen</span> <span class='ocrx_word' id='word_1_173' title='bbox 830 1786 868 1808; x_wconf 73' lang='lat' dir='ltr'>ex</span> <span class='ocrx_word' id='word_1_174' title='bbox 894 1781 969 1809; x_wconf 79' lang='lat' dir='ltr'>lunc</span> 
     </span>
     <span class='ocr_line' id='line_1_33' title="bbox 224 1828 969 1872; baseline 0.003 -12"><span class='ocrx_word' id='word_1_175' title='bbox 224 1832 321 1872; x_wconf 79' lang='lat' dir='ltr'>prout</span> <span class='ocrx_word' id='word_1_176' title='bbox 342 1832 516 1872; x_wconf 82' lang='lat' dir='ltr'>postquam</span> <span class='ocrx_word' id='word_1_177' title='bbox 534 1828 618 1861; x_wconf 72' lang='lat' dir='ltr'>dicto</span> <span class='ocrx_word' id='word_1_178' title='bbox 636 1828 822 1862; x_wconf 70' lang='lat' dir='ltr'>charactere</span> <span class='ocrx_word' id='word_1_179' title='bbox 841 1830 903 1862; x_wconf 77' lang='lat' dir='ltr'>rite</span> <span class='ocrx_word' id='word_1_180' title='bbox 922 1830 969 1862; x_wconf 78' lang='lat' dir='ltr'>in-</span> 
     </span>
     <span class='ocr_line' id='line_1_34' title="bbox 227 1881 969 1925; baseline 0.003 -11"><span class='ocrx_word' id='word_1_181' title='bbox 227 1881 344 1925; x_wconf 74' lang='lat' dir='ltr'>siym&#39;ti</span> <span class='ocrx_word' id='word_1_182' title='bbox 360 1882 494 1924; x_wconf 81' lang='lat' dir='ltr'>suerint,</span> <span class='ocrx_word' id='word_1_183' title='bbox 508 1892 565 1925; x_wconf 91' lang='lat' dir='ltr'>per</span> <span class='ocrx_word' id='word_1_184' title='bbox 579 1882 706 1915; x_wconf 85' lang='lat' dir='ltr'>eosdem</span> <span class='ocrx_word' id='word_1_185' title='bbox 721 1882 926 1915; x_wconf 71' lang='lat' dir='ltr'>conclavistas</span> <span class='ocrx_word' id='word_1_186' title='bbox 940 1889 969 1916; x_wconf 85' lang='lat' dir='ltr'>et</span> 
     </span>
     <span class='ocr_line' id='line_1_35' title="bbox 229 1934 969 1979; baseline 0.005 -13"><span class='ocrx_word' id='word_1_187' title='bbox 229 1944 338 1968; x_wconf 86' lang='lat' dir='ltr'>eorum</span> <span class='ocrx_word' id='word_1_188' title='bbox 363 1935 504 1977; x_wconf 82' lang='lat' dir='ltr'>singulos</span> <span class='ocrx_word' id='word_1_189' title='bbox 529 1934 738 1975; x_wconf 81' lang='lat' dir='ltr'>nominandis,</span> <span class='ocrx_word' id='word_1_190' title='bbox 757 1935 850 1968; x_wconf 87' lang='lat' dir='ltr'>etiam</span> <span class='ocrx_word' id='word_1_191' title='bbox 877 1946 969 1979; x_wconf 80' lang='lat' dir='ltr'>quae-</span> 
     </span>
     <span class='ocr_line' id='line_1_36' title="bbox 230 1989 969 2033; baseline 0.001 -12"><span class='ocrx_word' id='word_1_192' title='bbox 230 1996 385 2032; x_wconf 85' lang='lat' dir='ltr'>cumque,</span> <span class='ocrx_word' id='word_1_193' title='bbox 422 1993 635 2032; x_wconf 84' lang='lat' dir='ltr'>quotcumque</span> <span class='ocrx_word' id='word_1_194' title='bbox 667 1995 693 2021; x_wconf 89' lang='lat' dir='ltr'>et</span> <span class='ocrx_word' id='word_1_195' title='bbox 727 1989 969 2033; x_wconf 82' lang='lat' dir='ltr'>qualiacumque</span> 
     </span>
     <span class='ocr_line' id='line_1_37' title="bbox 229 2041 970 2077; baseline 0.003 -3"><span class='ocrx_word' id='word_1_196' title='bbox 229 2041 380 2075; x_wconf 79' lang='lat' dir='ltr'>beneficia</span> <span class='ocrx_word' id='word_1_197' title='bbox 405 2041 615 2075; x_wconf 80' lang='lat' dir='ltr'>ecclesiastica</span> <span class='ocrx_word' id='word_1_198' title='bbox 635 2042 851 2076; x_wconf 82' lang='lat' dir='ltr'>obtinentibus</span> <span class='ocrx_word' id='word_1_199' title='bbox 874 2049 900 2075; x_wconf 90' lang='lat' dir='ltr'>et</span> <span class='ocrx_word' id='word_1_200' title='bbox 923 2054 970 2077; x_wconf 74' lang='lat' dir='ltr'>cx-</span> 
     </span>
     <span class='ocr_line' id='line_1_38' title="bbox 229 2095 970 2140; baseline 0.003 -12"><span class='ocrx_word' id='word_1_201' title='bbox 229 2095 436 2139; x_wconf 86' lang='lat' dir='ltr'>pectantibus,</span> <span class='ocrx_word' id='word_1_202' title='bbox 461 2096 536 2128; x_wconf 77' lang='lat' dir='ltr'>alias</span> <span class='ocrx_word' id='word_1_203' title='bbox 561 2102 664 2129; x_wconf 87' lang='lat' dir='ltr'>tamen</span> <span class='ocrx_word' id='word_1_204' title='bbox 692 2097 898 2140; x_wconf 85' lang='lat' dir='ltr'>pensionibus</span> <span class='ocrx_word' id='word_1_205' title='bbox 923 2108 970 2130; x_wconf 86' lang='lat' dir='ltr'>ca-</span> 
     </span>
     <span class='ocr_line' id='line_1_39' title="bbox 230 2148 988 2193; baseline 0.003 -12"><span class='ocrx_word' id='word_1_206' title='bbox 230 2148 387 2193; x_wconf 83' lang='lat' dir='ltr'>pacibus³,</span> <span class='ocrx_word' id='word_1_207' title='bbox 406 2149 549 2182; x_wconf 90' lang='lat' dir='ltr'>similiter</span> <span class='ocrx_word' id='word_1_208' title='bbox 566 2150 610 2182; x_wconf 90' lang='lat' dir='ltr'>eis</span> <span class='ocrx_word' id='word_1_209' title='bbox 627 2150 729 2193; x_wconf 91' lang='lat' dir='ltr'>quoad</span> <span class='ocrx_word' id='word_1_210' title='bbox 749 2150 896 2189; x_wconf 82' lang='lat' dir='ltr'>vixerint,</span> <span class='ocrx_word' id='word_1_211' title='bbox 923 2151 969 2183; x_wconf 72' lang='lat' dir='ltr'>vel</span> <span class='ocrx_word' id='word_1_212' title='bbox 986 2164 988 2174; x_wconf 89' lang='grc'><strong><em>·</em></strong></span> 
     </span>
     <span class='ocr_line' id='line_1_40' title="bbox 232 2203 970 2246; baseline 0.003 -11"><span class='ocrx_word' id='word_1_213' title='bbox 232 2212 340 2235; x_wconf 89' lang='lat' dir='ltr'>eorum</span> <span class='ocrx_word' id='word_1_214' title='bbox 375 2203 635 2246; x_wconf 81' lang='lat' dir='ltr'>procuratoribus</span> <span class='ocrx_word' id='word_1_215' title='bbox 660 2203 826 2246; x_wconf 79' lang='lat' dir='ltr'>legitimis,</span> <span class='ocrx_word' id='word_1_216' title='bbox 851 2204 970 2237; x_wconf 80' lang='lat' dir='ltr'>eisdem</span> 
     </span>
     <span class='ocr_line' id='line_1_41' title="bbox 232 2255 975 2300; baseline 0.004 -12"><span class='ocrx_word' id='word_1_217' title='bbox 232 2255 326 2289; x_wconf 87' lang='lat' dir='ltr'>modo</span> <span class='ocrx_word' id='word_1_218' title='bbox 344 2262 370 2288; x_wconf 86' lang='lat' dir='ltr'>et</span> <span class='ocrx_word' id='word_1_219' title='bbox 391 2256 490 2288; x_wconf 74' lang='lat' dir='ltr'>forma</span> <span class='ocrx_word' id='word_1_220' title='bbox 512 2256 625 2300; x_wconf 78' lang='lat' dir='ltr'>quibus</span> <span class='ocrx_word' id='word_1_221' title='bbox 640 2257 756 2290; x_wconf 85' lang='lat' dir='ltr'>eisdem</span> <span class='ocrx_word' id='word_1_222' title='bbox 773 2258 975 2297; x_wconf 76' lang='lat' dir='ltr'>conc-lavistis</span> 
     </span>
    </p>
   </div>
   <div class='ocr_carea' id='block_1_4' title="bbox 232 2360 990 2627">
    <p class='ocr_par' dir='ltr' id='par_1_4' title="bbox 232 2360 990 2485">
     <span class='ocr_line' id='line_1_42' title="bbox 270 2360 989 2400; baseline 0.003 -11"><span class='ocrx_word' id='word_1_223' title='bbox 270 2364 278 2389; x_wconf 86' lang='grc'>1</span> <span class='ocrx_word' id='word_1_224' title='bbox 304 2361 410 2390; x_wconf 83' lang='lat' dir='ltr'>Plenius</span> <span class='ocrx_word' id='word_1_225' title='bbox 426 2362 523 2398; x_wconf 78' lang='lat' dir='ltr'>legitur</span> <span class='ocrx_word' id='word_1_226' title='bbox 538 2371 619 2398; x_wconf 75' lang='lat' dir='ltr'>supra</span> <span class='ocrx_word' id='word_1_227' title='bbox 634 2363 684 2390; x_wconf 83' lang='lat' dir='ltr'>loc.</span> <span class='ocrx_word' id='word_1_228' title='bbox 704 2364 797 2399; x_wconf 76' lang='lat' dir='ltr'>pai-all.</span> <span class='ocrx_word' id='word_1_229' title='bbox 816 2372 877 2400; x_wconf 78' lang='lat' dir='ltr'>pag.</span> <span class='ocrx_word' id='word_1_230' title='bbox 890 2365 941 2391; x_wconf 60' lang='lat'>206</span> <span class='ocrx_word' id='word_1_231' title='bbox 958 2365 972 2391; x_wconf 87' lang='lat' dir='ltr'>b</span> <span class='ocrx_word' id='word_1_232' title='bbox 988 2360 989 2373; x_wconf 65' lang='lat'>¹</span> 
     </span>
     <span class='ocr_line' id='line_1_43' title="bbox 232 2409 990 2441; baseline 0.004 -8"><span class='ocrx_word' id='word_1_233' title='bbox 232 2409 391 2434; x_wconf 74' lang='lat' dir='ltr'>reservatas</span> <span class='ocrx_word' id='word_1_234' title='bbox 413 2415 459 2434; x_wconf 74' lang='lat' dir='ltr'>sete</span> <span class='ocrx_word' id='word_1_235' title='bbox 484 2410 650 2441; x_wconf 70' lang='lat' dir='ltr'>reservatos,</span> <span class='ocrx_word' id='word_1_236' title='bbox 669 2416 698 2434; x_wconf 77' lang='lat' dir='ltr'>ac</span> <span class='ocrx_word' id='word_1_237' title='bbox 716 2409 905 2436; x_wconf 72' lang='lat' dir='ltr'>reservandas</span> <span class='ocrx_word' id='word_1_238' title='bbox 924 2418 990 2441; x_wconf 65' lang='lat' dir='ltr'>seu,</span> 
     </span>
     <span class='ocr_line' id='line_1_44' title="bbox 233 2450 534 2485; baseline -0.003 -7"><span class='ocrx_word' id='word_1_239' title='bbox 233 2451 419 2479; x_wconf 74' lang='lat' dir='ltr'>reservandos</span> <span class='ocrx_word' id='word_1_240' title='bbox 435 2451 471 2485; x_wconf 75' lang='lat' dir='ltr'>(a.</span> <span class='ocrx_word' id='word_1_241' title='bbox 489 2450 534 2477; x_wconf 73' lang='grc' dir='ltr'>τ.’,</span> 
     </span>
    </p>

    <p class='ocr_par' dir='ltr' id='par_1_5' title="bbox 268 2494 970 2532">
     <span class='ocr_line' id='line_1_45' title="bbox 268 2494 970 2532; baseline 0.004 -11"><span class='ocrx_word' id='word_1_242' title='bbox 268 2496 284 2522; x_wconf 72' lang='lat'><strong>2</strong></span> <span class='ocrx_word' id='word_1_243' title='bbox 304 2495 352 2522; x_wconf 84' lang='lat' dir='ltr'>Ed.</span> <span class='ocrx_word' id='word_1_244' title='bbox 368 2494 447 2522; x_wconf 67' lang='grc' dir='ltr'><strong>Μαίη.</strong></span> <span class='ocrx_word' id='word_1_245' title='bbox 466 2495 529 2530; x_wconf 80' lang='lat' dir='ltr'>legit</span> <span class='ocrx_word' id='word_1_246' title='bbox 544 2503 652 2523; x_wconf 75' lang='lat' dir='ltr'>cessure</span> <span class='ocrx_word' id='word_1_247' title='bbox 669 2504 715 2531; x_wconf 87' lang='lat' dir='ltr'>pro</span> <span class='ocrx_word' id='word_1_248' title='bbox 737 2505 849 2524; x_wconf 67' lang='grc' dir='ltr'>υαεεανε</span> <span class='ocrx_word' id='word_1_249' title='bbox 868 2498 905 2532; x_wconf 78' lang='lat' dir='ltr'>(a.</span> <span class='ocrx_word' id='word_1_250' title='bbox 923 2499 970 2532; x_wconf 67' lang='lat' dir='ltr'>r).</span> 
     </span>
    </p>

    <p class='ocr_par' dir='ltr' id='par_1_6' title="bbox 236 2539 972 2627">
     <span class='ocr_line' id='line_1_46' title="bbox 269 2539 972 2576; baseline 0 -9"><span class='ocrx_word' id='word_1_251' title='bbox 269 2542 284 2567; x_wconf 80' lang='lat'>3</span> <span class='ocrx_word' id='word_1_252' title='bbox 300 2540 368 2575; x_wconf 80' lang='lat' dir='ltr'>Lege</span> <span class='ocrx_word' id='word_1_253' title='bbox 384 2540 472 2576; x_wconf 87' lang='lat' dir='ltr'>potius</span> <span class='ocrx_word' id='word_1_254' title='bbox 487 2539 563 2567; x_wconf 66' lang='lat' dir='ltr'>alitis</span> <span class='ocrx_word' id='word_1_255' title='bbox 579 2543 673 2566; x_wconf 80' lang='lat' dir='ltr'>tamen</span> <span class='ocrx_word' id='word_1_256' title='bbox 689 2541 858 2575; x_wconf 75' lang='lat' dir='ltr'>pensionum</span> <span class='ocrx_word' id='word_1_257' title='bbox 875 2543 972 2569; x_wconf 70' lang='lat' dir='ltr'>huius-</span> 
     </span>
     <span class='ocr_line' id='line_1_47' title="bbox 236 2584 597 2627; baseline -0.003 -15"><span class='ocrx_word' id='word_1_258' title='bbox 236 2584 313 2612; x_wconf 70' lang='lat' dir='ltr'>modi·</span> <span class='ocrx_word' id='word_1_259' title='bbox 329 2585 482 2627; x_wconf 68' lang='lat' dir='ltr'>capacibus</span> <span class='ocrx_word' id='word_1_260' title='bbox 496 2587 532 2621; x_wconf 73' lang='lat' dir='ltr'>(a.</span> <span class='ocrx_word' id='word_1_261' title='bbox 551 2590 597 2618; x_wconf 83' lang='grc' dir='ltr'><em>τ.).</em></span> 
     </span>
    </p>
   </div>
   <div class='ocr_carea' id='block_1_5' title="bbox 976 237 992 2621">
    <p class='ocr_par' dir='ltr' id='par_1_7' title="bbox 976 237 992 2621">
     <span class='ocr_line' id='line_1_48' title="bbox 976 237 992 2621; baseline 0 0"><span class='ocrx_word' id='word_1_262' title='bbox 976 237 992 2621; x_wconf 95' lang='lat' dir='ltr'> </span> 
     </span>
    </p>
   </div>
   <div class='ocr_carea' id='block_1_6' title="bbox 993 219 1748 2298">
    <p class='ocr_par' dir='ltr' id='par_1_8' title="bbox 993 219 1748 2298">
     <span class='ocr_line' id='line_1_49' title="bbox 994 219 1734 262; baseline -0.001 -9"><span class='ocrx_word' id='word_1_263' title='bbox 994 224 1170 254; x_wconf 76' lang='lat' dir='ltr'>reservatae</span> <span class='ocrx_word' id='word_1_264' title='bbox 1184 231 1238 254; x_wconf 85' lang='lat' dir='ltr'>seu</span> <span class='ocrx_word' id='word_1_265' title='bbox 1253 222 1402 255; x_wconf 67' lang='lat' dir='ltr'>reservati</span> <span class='ocrx_word' id='word_1_266' title='bbox 1416 222 1539 262; x_wconf 83' lang='lat' dir='ltr'>fuerint,</span> <span class='ocrx_word' id='word_1_267' title='bbox 1555 221 1649 254; x_wconf 87' lang='lat' dir='ltr'>etiam</span> <span class='ocrx_word' id='word_1_268' title='bbox 1663 219 1734 253; x_wconf 86' lang='lat' dir='ltr'>abs-</span> 
     </span>
     <span class='ocr_line' id='line_1_50' title="bbox 993 273 1734 317; baseline 0 -11"><span class='ocrx_word' id='word_1_269' title='bbox 993 284 1054 317; x_wconf 88' lang='lat' dir='ltr'>que</span> <span class='ocrx_word' id='word_1_270' title='bbox 1071 273 1224 307; x_wconf 85' lang='lat' dir='ltr'>beneficia</span> <span class='ocrx_word' id='word_1_271' title='bbox 1252 274 1319 317; x_wconf 76' lang='lat' dir='ltr'>ipsa</span> <span class='ocrx_word' id='word_1_272' title='bbox 1341 275 1548 307; x_wconf 85' lang='lat' dir='ltr'>obtinentium</span> <span class='ocrx_word' id='word_1_273' title='bbox 1568 283 1734 314; x_wconf 82' lang='lat' dir='ltr'>consensu,</span> 
     </span>
     <span class='ocr_line' id='line_1_51' title="bbox 995 327 1733 372; baseline 0 -13"><span class='ocrx_word' id='word_1_274' title='bbox 995 327 1115 370; x_wconf 80' lang='lat' dir='ltr'>integre</span> <span class='ocrx_word' id='word_1_275' title='bbox 1133 328 1383 371; x_wconf 43' lang='lat' dir='ltr'>pei-solvendas&amp;</span> <span class='ocrx_word' id='word_1_276' title='bbox 1405 339 1440 361; x_wconf 90' lang='lat' dir='ltr'>ac</span> <span class='ocrx_word' id='word_1_277' title='bbox 1458 339 1514 372; x_wconf 82' lang='lat' dir='ltr'>per</span> <span class='ocrx_word' id='word_1_278' title='bbox 1533 338 1585 361; x_wconf 76' lang='lat' dir='ltr'>eos</span> <span class='ocrx_word' id='word_1_279' title='bbox 1604 327 1733 372; x_wconf 73' lang='lat' dir='ltr'>propria</span> 
     </span>
     <span class='ocr_line' id='line_1_52' title="bbox 994 380 1735 424; baseline 0.001 -12"><span class='ocrx_word' id='word_1_280' title='bbox 994 380 1180 413; x_wconf 86' lang='lat' dir='ltr'>auctoritate</span> <span class='ocrx_word' id='word_1_281' title='bbox 1205 381 1435 424; x_wconf 85' lang='lat' dir='ltr'>percipiendas,</span> <span class='ocrx_word' id='word_1_282' title='bbox 1461 381 1630 424; x_wconf 75' lang='lat' dir='ltr'>exigendas</span> <span class='ocrx_word' id='word_1_283' title='bbox 1646 386 1673 413; x_wconf 91' lang='lat' dir='ltr'>et</span> <span class='ocrx_word' id='word_1_284' title='bbox 1696 381 1735 413; x_wconf 89' lang='lat' dir='ltr'>le-</span> 
     </span>
     <span class='ocr_line' id='line_1_53' title="bbox 995 433 1736 476; baseline 0.003 -10"><span class='ocrx_word' id='word_1_285' title='bbox 995 433 1128 466; x_wconf 69' lang='lat' dir='ltr'>vandas²</span> <span class='ocrx_word' id='word_1_286' title='bbox 1146 444 1320 475; x_wconf 74' lang='lat' dir='ltr'>reservare,</span> <span class='ocrx_word' id='word_1_287' title='bbox 1338 435 1544 476; x_wconf 81' lang='lat' dir='ltr'>constituere,</span> <span class='ocrx_word' id='word_1_288' title='bbox 1562 435 1736 468; x_wconf 80' lang='lat' dir='ltr'>concedere</span> 
     </span>
     <span class='ocr_line' id='line_1_54' title="bbox 995 488 1735 532; baseline 0.003 -13"><span class='ocrx_word' id='word_1_289' title='bbox 995 491 1023 520; x_wconf 88' lang='lat' dir='ltr'>et</span> <span class='ocrx_word' id='word_1_290' title='bbox 1048 488 1207 531; x_wconf 79' lang='lat' dir='ltr'>assignare</span> <span class='ocrx_word' id='word_1_291' title='bbox 1234 488 1366 528; x_wconf 85' lang='lat' dir='ltr'>valeant,</span> <span class='ocrx_word' id='word_1_292' title='bbox 1386 488 1582 532; x_wconf 79' lang='lat' dir='ltr'>praefatique</span> <span class='ocrx_word' id='word_1_293' title='bbox 1603 489 1735 521; x_wconf 86' lang='lat' dir='ltr'>transla-</span> 
     </span>
     <span class='ocr_line' id='line_1_55' title="bbox 995 540 1737 585; baseline 0.001 -13"><span class='ocrx_word' id='word_1_294' title='bbox 995 540 1065 573; x_wconf 88' lang='lat' dir='ltr'>tarii</span> <span class='ocrx_word' id='word_1_295' title='bbox 1080 541 1109 573; x_wconf 95' lang='lat' dir='ltr'>in</span> <span class='ocrx_word' id='word_1_296' title='bbox 1124 541 1213 584; x_wconf 85' lang='lat' dir='ltr'>quasi</span> <span class='ocrx_word' id='word_1_297' title='bbox 1235 541 1432 585; x_wconf 84' lang='lat' dir='ltr'>possessione</span> <span class='ocrx_word' id='word_1_298' title='bbox 1457 541 1556 573; x_wconf 85' lang='lat' dir='ltr'>dictas</span> <span class='ocrx_word' id='word_1_299' title='bbox 1570 541 1737 584; x_wconf 78' lang='lat' dir='ltr'>pensiones</span> 
     </span>
     <span class='ocr_line' id='line_1_56' title="bbox 995 593 1738 638; baseline 0.001 -12"><span class='ocrx_word' id='word_1_300' title='bbox 995 594 1151 637; x_wconf 74' lang='lat' dir='ltr'>exigendi,</span> <span class='ocrx_word' id='word_1_301' title='bbox 1170 595 1199 626; x_wconf 92' lang='lat' dir='ltr'>in</span> <span class='ocrx_word' id='word_1_302' title='bbox 1217 604 1277 638; x_wconf 90' lang='lat' dir='ltr'>qua</span> <span class='ocrx_word' id='word_1_303' title='bbox 1292 595 1350 638; x_wconf 87' lang='lat' dir='ltr'>ipsi</span> <span class='ocrx_word' id='word_1_304' title='bbox 1369 593 1577 628; x_wconf 84' lang='lat' dir='ltr'>conclavistae</span> <span class='ocrx_word' id='word_1_305' title='bbox 1594 599 1738 638; x_wconf 86' lang='lat' dir='ltr'>tempore</span> 
     </span>
     <span class='ocr_line' id='line_1_57' title="bbox 995 647 1738 692; baseline 0 -12"><span class='ocrx_word' id='word_1_306' title='bbox 995 647 1208 681; x_wconf 84' lang='lat' dir='ltr'>translationis</span> <span class='ocrx_word' id='word_1_307' title='bbox 1233 659 1289 692; x_wconf 81' lang='lat' dir='ltr'>per</span> <span class='ocrx_word' id='word_1_308' title='bbox 1314 658 1367 681; x_wconf 89' lang='lat' dir='ltr'>eos</span> <span class='ocrx_word' id='word_1_309' title='bbox 1392 647 1606 691; x_wconf 81' lang='lat' dir='ltr'>praesentium</span> <span class='ocrx_word' id='word_1_310' title='bbox 1629 647 1738 690; x_wconf 80' lang='lat' dir='ltr'>vigore</span> 
     </span>
     <span class='ocr_line' id='line_1_58' title="bbox 996 700 1739 744; baseline -0.001 -10"><span class='ocrx_word' id='word_1_311' title='bbox 996 701 1155 734; x_wconf 82' lang='lat' dir='ltr'>faciendae</span> <span class='ocrx_word' id='word_1_312' title='bbox 1180 702 1373 741; x_wconf 81' lang='lat' dir='ltr'>existebant,</span> <span class='ocrx_word' id='word_1_313' title='bbox 1400 702 1431 734; x_wconf 92' lang='lat' dir='ltr'>in</span> <span class='ocrx_word' id='word_1_314' title='bbox 1456 700 1603 734; x_wconf 87' lang='lat' dir='ltr'>omnibus</span> <span class='ocrx_word' id='word_1_315' title='bbox 1629 706 1658 733; x_wconf 82' lang='lat' dir='ltr'>et</span> <span class='ocrx_word' id='word_1_316' title='bbox 1682 711 1739 744; x_wconf 88' lang='lat' dir='ltr'>per</span> 
     </span>
     <span class='ocr_line' id='line_1_59' title="bbox 996 754 1737 798; baseline -0.001 -11"><span class='ocrx_word' id='word_1_317' title='bbox 996 754 1102 787; x_wconf 89' lang='lat' dir='ltr'>omnia</span> <span class='ocrx_word' id='word_1_318' title='bbox 1127 754 1287 798; x_wconf 81' lang='lat' dir='ltr'>subrogati</span> <span class='ocrx_word' id='word_1_319' title='bbox 1315 766 1381 788; x_wconf 84' lang='lat' dir='ltr'>esse</span> <span class='ocrx_word' id='word_1_320' title='bbox 1407 759 1615 794; x_wconf 86' lang='lat' dir='ltr'>censeantur,</span> <span class='ocrx_word' id='word_1_321' title='bbox 1645 754 1737 787; x_wconf 87' lang='lat' dir='ltr'>etiam</span> 
     </span>
     <span class='ocr_line' id='line_1_60' title="bbox 997 807 1739 853; baseline -0.001 -12"><span class='ocrx_word' id='word_1_322' title='bbox 997 808 1199 842; x_wconf 84' lang='lat' dir='ltr'>concedimus</span> <span class='ocrx_word' id='word_1_323' title='bbox 1212 808 1331 853; x_wconf 90' lang='lat' dir='ltr'>pariter</span> <span class='ocrx_word' id='word_1_324' title='bbox 1344 814 1374 841; x_wconf 93' lang='lat' dir='ltr'>et</span> <span class='ocrx_word' id='word_1_325' title='bbox 1388 809 1603 851; x_wconf 83' lang='lat' dir='ltr'>indulgemus;</span> <span class='ocrx_word' id='word_1_326' title='bbox 1618 807 1739 841; x_wconf 87' lang='lat' dir='ltr'>etiamsi</span> 
     </span>
     <span class='ocr_line' id='line_1_61' title="bbox 997 861 1740 906; baseline -0.001 -11"><span class='ocrx_word' id='word_1_327' title='bbox 997 862 1131 895; x_wconf 90' lang='lat' dir='ltr'>similem</span> <span class='ocrx_word' id='word_1_328' title='bbox 1143 862 1276 905; x_wconf 81' lang='lat' dir='ltr'>gratiam</span> <span class='ocrx_word' id='word_1_329' title='bbox 1288 873 1303 895; x_wconf 83' lang='lat' dir='ltr'>a</span> <span class='ocrx_word' id='word_1_330' title='bbox 1314 861 1612 906; x_wconf 80' lang='lat' dir='ltr'>praedecessoribus</span> <span class='ocrx_word' id='word_1_331' title='bbox 1624 861 1740 895; x_wconf 88' lang='lat' dir='ltr'>nostris</span> 
     </span>
     <span class='ocr_line' id='line_1_62' title="bbox 997 913 1741 958; baseline 0 -11"><span class='ocrx_word' id='word_1_332' title='bbox 997 915 1072 947; x_wconf 77' lang='lat' dir='ltr'>alias</span> <span class='ocrx_word' id='word_1_333' title='bbox 1097 915 1202 948; x_wconf 81' lang='lat' dir='ltr'>forsan</span> <span class='ocrx_word' id='word_1_334' title='bbox 1227 915 1430 957; x_wconf 88' lang='lat' dir='ltr'>obtinuerint,</span> <span class='ocrx_word' id='word_1_335' title='bbox 1456 926 1512 948; x_wconf 89' lang='lat' dir='ltr'>seu</span> <span class='ocrx_word' id='word_1_336' title='bbox 1537 913 1669 958; x_wconf 86' lang='lat' dir='ltr'>quilibet</span> <span class='ocrx_word' id='word_1_337' title='bbox 1693 924 1741 948; x_wconf 92' lang='lat' dir='ltr'>eo-</span> 
     </span>
     <span class='ocr_line' id='line_1_63' title="bbox 999 968 1741 1012; baseline -0.001 -11"><span class='ocrx_word' id='word_1_338' title='bbox 999 979 1068 1001; x_wconf 89' lang='lat' dir='ltr'>rum</span> <span class='ocrx_word' id='word_1_339' title='bbox 1095 968 1277 1010; x_wconf 87' lang='lat' dir='ltr'>obtinuerit,</span> <span class='ocrx_word' id='word_1_340' title='bbox 1304 974 1366 1002; x_wconf 90' lang='lat' dir='ltr'>tam</span> <span class='ocrx_word' id='word_1_341' title='bbox 1393 969 1501 1012; x_wconf 78' lang='lat' dir='ltr'>vigore</span> <span class='ocrx_word' id='word_1_342' title='bbox 1523 968 1656 1002; x_wconf 90' lang='lat' dir='ltr'>aliorum</span> <span class='ocrx_word' id='word_1_343' title='bbox 1676 968 1741 1012; x_wconf 92' lang='lat' dir='ltr'>pri-</span> 
     </span>
     <span class='ocr_line' id='line_1_64' title="bbox 999 1022 1743 1067; baseline 0.001 -14"><span class='ocrx_word' id='word_1_344' title='bbox 999 1022 1186 1065; x_wconf 80' lang='lat' dir='ltr'>vilegiorum</span> <span class='ocrx_word' id='word_1_345' title='bbox 1206 1023 1480 1063; x_wconf 86' lang='lat' dir='ltr'>conclavistarum,</span> <span class='ocrx_word' id='word_1_346' title='bbox 1498 1032 1593 1066; x_wconf 89' lang='lat' dir='ltr'>quam</span> <span class='ocrx_word' id='word_1_347' title='bbox 1612 1032 1649 1054; x_wconf 82' lang='lat' dir='ltr'>ex</span> <span class='ocrx_word' id='word_1_348' title='bbox 1667 1032 1743 1067; x_wconf 89' lang='lat' dir='ltr'>quo-</span> 
     </span>
     <span class='ocr_line' id='line_1_65' title="bbox 999 1076 1741 1120; baseline -0.001 -11"><span class='ocrx_word' id='word_1_349' title='bbox 999 1087 1134 1120; x_wconf 89' lang='lat' dir='ltr'>cumque</span> <span class='ocrx_word' id='word_1_350' title='bbox 1148 1076 1208 1110; x_wconf 90' lang='lat' dir='ltr'>alio</span> <span class='ocrx_word' id='word_1_351' title='bbox 1227 1077 1348 1110; x_wconf 91' lang='lat' dir='ltr'>indulto</span> <span class='ocrx_word' id='word_1_352' title='bbox 1366 1082 1396 1110; x_wconf 91' lang='lat' dir='ltr'>et</span> <span class='ocrx_word' id='word_1_353' title='bbox 1412 1076 1591 1120; x_wconf 85' lang='lat' dir='ltr'>privilegio,</span> <span class='ocrx_word' id='word_1_354' title='bbox 1605 1086 1741 1120; x_wconf 85' lang='lat' dir='ltr'>quorum</span> 
     </span>
     <span class='ocr_line' id='line_1_66' title="bbox 999 1129 1742 1173; baseline -0.001 -11"><span class='ocrx_word' id='word_1_355' title='bbox 999 1129 1144 1163; x_wconf 79' lang='lat' dir='ltr'>effectum</span> <span class='ocrx_word' id='word_1_356' title='bbox 1163 1141 1219 1173; x_wconf 88' lang='lat' dir='ltr'>per</span> <span class='ocrx_word' id='word_1_357' title='bbox 1234 1130 1316 1163; x_wconf 86' lang='lat' dir='ltr'>hanc</span> <span class='ocrx_word' id='word_1_358' title='bbox 1341 1140 1452 1164; x_wconf 80' lang='lat' dir='ltr'>novam</span> <span class='ocrx_word' id='word_1_359' title='bbox 1479 1129 1611 1173; x_wconf 82' lang='lat' dir='ltr'>gratiam</span> <span class='ocrx_word' id='word_1_360' title='bbox 1627 1134 1657 1161; x_wconf 89' lang='lat' dir='ltr'>et</span> <span class='ocrx_word' id='word_1_361' title='bbox 1673 1139 1742 1162; x_wconf 90' lang='lat' dir='ltr'>con-</span> 
     </span>
     <span class='ocr_line' id='line_1_67' title="bbox 1000 1183 1743 1227; baseline -0.001 -11"><span class='ocrx_word' id='word_1_362' title='bbox 1000 1183 1173 1217; x_wconf 82' lang='lat' dir='ltr'>cessionem</span> <span class='ocrx_word' id='word_1_363' title='bbox 1193 1183 1338 1227; x_wconf 82' lang='lat' dir='ltr'>impediri</span> <span class='ocrx_word' id='word_1_364' title='bbox 1357 1183 1517 1223; x_wconf 87' lang='lat' dir='ltr'>nolumus,</span> <span class='ocrx_word' id='word_1_365' title='bbox 1534 1183 1588 1216; x_wconf 89' lang='lat' dir='ltr'>sed</span> <span class='ocrx_word' id='word_1_366' title='bbox 1606 1183 1743 1216; x_wconf 88' lang='lat' dir='ltr'>cumula-</span> 
     </span>
     <span class='ocr_line' id='line_1_68' title="bbox 1001 1237 1742 1277; baseline -0.001 -7"><span class='ocrx_word' id='word_1_367' title='bbox 1001 1238 1062 1271; x_wconf 77' lang='lat' dir='ltr'>tive</span> <span class='ocrx_word' id='word_1_368' title='bbox 1073 1248 1252 1271; x_wconf 79' lang='lat' dir='ltr'>concessam</span> <span class='ocrx_word' id='word_1_369' title='bbox 1266 1238 1311 1270; x_wconf 85' lang='lat' dir='ltr'>vel</span> <span class='ocrx_word' id='word_1_370' title='bbox 1328 1247 1493 1270; x_wconf 89' lang='lat' dir='ltr'>concessas</span> <span class='ocrx_word' id='word_1_371' title='bbox 1508 1247 1575 1270; x_wconf 88' lang='lat' dir='ltr'>esse</span> <span class='ocrx_word' id='word_1_372' title='bbox 1587 1237 1742 1277; x_wconf 86' lang='lat' dir='ltr'>volumus,</span> 
     </span>
     <span class='ocr_line' id='line_1_69' title="bbox 999 1290 1744 1335; baseline -0.001 -11"><span class='ocrx_word' id='word_1_373' title='bbox 999 1291 1075 1324; x_wconf 90' lang='lat' dir='ltr'>itaut</span> <span class='ocrx_word' id='word_1_374' title='bbox 1107 1291 1238 1335; x_wconf 88' lang='lat' dir='ltr'>quilibet</span> <span class='ocrx_word' id='word_1_375' title='bbox 1272 1301 1382 1324; x_wconf 89' lang='lat' dir='ltr'>eorum</span> <span class='ocrx_word' id='word_1_376' title='bbox 1413 1290 1603 1324; x_wconf 87' lang='lat' dir='ltr'>cumulative</span> <span class='ocrx_word' id='word_1_377' title='bbox 1628 1295 1657 1324; x_wconf 82' lang='lat' dir='ltr'>et</span> <span class='ocrx_word' id='word_1_378' title='bbox 1681 1301 1744 1323; x_wconf 89' lang='lat' dir='ltr'>am-</span> 
     </span>
     <span class='ocr_line' id='line_1_70' title="bbox 1000 1343 1744 1388; baseline 0 -11"><span class='ocrx_word' id='word_1_379' title='bbox 1000 1345 1124 1388; x_wconf 82' lang='lat' dir='ltr'>pliative</span> <span class='ocrx_word' id='word_1_380' title='bbox 1133 1344 1301 1388; x_wconf 82' lang='lat' dir='ltr'>praedictis</span> <span class='ocrx_word' id='word_1_381' title='bbox 1312 1344 1514 1378; x_wconf 88' lang='lat' dir='ltr'>facultatibus</span> <span class='ocrx_word' id='word_1_382' title='bbox 1525 1343 1744 1388; x_wconf 87' lang='lat' dir='ltr'>praesentibus</span> 
     </span>
     <span class='ocr_line' id='line_1_71' title="bbox 1001 1398 1745 1442; baseline -0.001 -11"><span class='ocrx_word' id='word_1_383' title='bbox 1001 1404 1030 1431; x_wconf 86' lang='lat' dir='ltr'>ct</span> <span class='ocrx_word' id='word_1_384' title='bbox 1050 1399 1227 1442; x_wconf 85' lang='lat' dir='ltr'>praeteritis</span> <span class='ocrx_word' id='word_1_385' title='bbox 1247 1398 1422 1442; x_wconf 70' lang='lat' dir='ltr'>privilegiis</span> <span class='ocrx_word' id='word_1_386' title='bbox 1440 1398 1498 1430; x_wconf 88' lang='lat' dir='ltr'>hac</span> <span class='ocrx_word' id='word_1_387' title='bbox 1516 1398 1546 1430; x_wconf 90' lang='lat' dir='ltr'>in</span> <span class='ocrx_word' id='word_1_388' title='bbox 1565 1408 1599 1430; x_wconf 89' lang='lat' dir='ltr'>re</span> <span class='ocrx_word' id='word_1_389' title='bbox 1619 1407 1745 1431; x_wconf 85' lang='lat' dir='ltr'>conces-</span> 
     </span>
     <span class='ocr_line' id='line_1_72' title="bbox 1001 1451 1744 1496; baseline -0.003 -11"><span class='ocrx_word' id='word_1_390' title='bbox 1001 1452 1042 1485; x_wconf 89' lang='lat' dir='ltr'>sis</span> <span class='ocrx_word' id='word_1_391' title='bbox 1060 1453 1114 1493; x_wconf 89' lang='lat' dir='ltr'>uti,</span> <span class='ocrx_word' id='word_1_392' title='bbox 1136 1453 1197 1485; x_wconf 92' lang='lat' dir='ltr'>frui</span> <span class='ocrx_word' id='word_1_393' title='bbox 1218 1458 1247 1485; x_wconf 88' lang='lat' dir='ltr'>et</span> <span class='ocrx_word' id='word_1_394' title='bbox 1270 1452 1363 1496; x_wconf 91' lang='lat' dir='ltr'>potiri</span> <span class='ocrx_word' id='word_1_395' title='bbox 1382 1452 1517 1496; x_wconf 72' lang='lat' dir='ltr'>possint,</span> <span class='ocrx_word' id='word_1_396' title='bbox 1539 1451 1744 1485; x_wconf 86' lang='lat' dir='ltr'>decernentes</span> 
     </span>
     <span class='ocr_line' id='line_1_73' title="bbox 1002 1505 1744 1549; baseline -0.001 -10"><span class='ocrx_word' id='word_1_397' title='bbox 1002 1506 1083 1549; x_wconf 87' lang='lat' dir='ltr'>ipsas</span> <span class='ocrx_word' id='word_1_398' title='bbox 1109 1506 1329 1540; x_wconf 76' lang='lat' dir='ltr'>translationes</span> <span class='ocrx_word' id='word_1_399' title='bbox 1351 1512 1380 1539; x_wconf 86' lang='lat' dir='ltr'>et</span> <span class='ocrx_word' id='word_1_400' title='bbox 1401 1516 1497 1539; x_wconf 83' lang='lat' dir='ltr'>noras</span> <span class='ocrx_word' id='word_1_401' title='bbox 1516 1505 1744 1539; x_wconf 83' lang='lat' dir='ltr'>reservationes</span> 
     </span>
     <span class='ocr_line' id='line_1_74' title="bbox 1001 1559 1743 1603; baseline -0.001 -11"><span class='ocrx_word' id='word_1_402' title='bbox 1001 1566 1030 1592; x_wconf 88' lang='lat' dir='ltr'>et</span> <span class='ocrx_word' id='word_1_403' title='bbox 1046 1560 1274 1602; x_wconf 81' lang='lat' dir='ltr'>assignationes</span> <span class='ocrx_word' id='word_1_404' title='bbox 1287 1559 1486 1603; x_wconf 82' lang='lat' dir='ltr'>pensionum,</span> <span class='ocrx_word' id='word_1_405' title='bbox 1504 1570 1560 1592; x_wconf 88' lang='lat' dir='ltr'>seu</span> <span class='ocrx_word' id='word_1_406' title='bbox 1574 1559 1743 1599; x_wconf 87' lang='lat' dir='ltr'>fructuum,</span> 
     </span>
     <span class='ocr_line' id='line_1_75' title="bbox 1003 1613 1745 1657; baseline 0 -11"><span class='ocrx_word' id='word_1_407' title='bbox 1003 1613 1181 1646; x_wconf 86' lang='lat' dir='ltr'>reddituum</span> <span class='ocrx_word' id='word_1_408' title='bbox 1207 1619 1235 1646; x_wconf 83' lang='lat' dir='ltr'>et</span> <span class='ocrx_word' id='word_1_409' title='bbox 1262 1618 1472 1657; x_wconf 78' lang='lat' dir='ltr'>proventuum</span> <span class='ocrx_word' id='word_1_410' title='bbox 1494 1613 1686 1654; x_wconf 86' lang='lat' dir='ltr'>huiusmodi,</span> <span class='ocrx_word' id='word_1_411' title='bbox 1712 1619 1745 1646; x_wconf 93' lang='lat' dir='ltr'>ut</span> 
     </span>
     <span class='ocr_line' id='line_1_76' title="bbox 1003 1667 1746 1711; baseline 0.001 -12"><span class='ocrx_word' id='word_1_412' title='bbox 1003 1667 1191 1710; x_wconf 84' lang='lat' dir='ltr'>praefertur,</span> <span class='ocrx_word' id='word_1_413' title='bbox 1218 1667 1383 1708; x_wconf 83' lang='lat' dir='ltr'>faciendas,</span> <span class='ocrx_word' id='word_1_414' title='bbox 1402 1678 1438 1699; x_wconf 83' lang='lat' dir='ltr'>ex</span> <span class='ocrx_word' id='word_1_415' title='bbox 1457 1677 1539 1699; x_wconf 88' lang='lat' dir='ltr'>nunc</span> <span class='ocrx_word' id='word_1_416' title='bbox 1552 1673 1647 1710; x_wconf 90' lang='lat' dir='ltr'>prout</span> <span class='ocrx_word' id='word_1_417' title='bbox 1664 1672 1746 1711; x_wconf 85' lang='lat' dir='ltr'>post-</span> 
     </span>
     <span class='ocr_line' id='line_1_77' title="bbox 1002 1720 1745 1764; baseline 0.001 -12"><span class='ocrx_word' id='word_1_418' title='bbox 1002 1731 1095 1764; x_wconf 80' lang='lat' dir='ltr'>quam</span> <span class='ocrx_word' id='word_1_419' title='bbox 1121 1722 1218 1754; x_wconf 82' lang='lat' dir='ltr'>factae</span> <span class='ocrx_word' id='word_1_420' title='bbox 1243 1721 1369 1757; x_wconf 71' lang='lat' dir='ltr'>fuerint,</span> <span class='ocrx_word' id='word_1_421' title='bbox 1396 1722 1520 1764; x_wconf 87' lang='lat' dir='ltr'>plenam</span> <span class='ocrx_word' id='word_1_422' title='bbox 1547 1721 1671 1754; x_wconf 88' lang='lat' dir='ltr'>roboris</span> <span class='ocrx_word' id='word_1_423' title='bbox 1693 1720 1745 1753; x_wconf 86' lang='lat' dir='ltr'>stt·-</span> 
     </span>
     <span class='ocr_line' id='line_1_78' title="bbox 1003 1774 1746 1818; baseline 0.001 -12"><span class='ocrx_word' id='word_1_424' title='bbox 1003 1774 1142 1806; x_wconf 86' lang='lat' dir='ltr'>mitatem</span> <span class='ocrx_word' id='word_1_425' title='bbox 1157 1774 1309 1813; x_wconf 82' lang='lat' dir='ltr'>obtinere,</span> <span class='ocrx_word' id='word_1_426' title='bbox 1320 1775 1467 1818; x_wconf 89' lang='lat' dir='ltr'>ipsosque</span> <span class='ocrx_word' id='word_1_427' title='bbox 1481 1774 1746 1817; x_wconf 80' lang='lat' dir='ltr'>beneficia‚s11per</span> 
     </span>
     <span class='ocr_line' id='line_1_79' title="bbox 1002 1827 1746 1871; baseline 0 -12"><span class='ocrx_word' id='word_1_428' title='bbox 1002 1837 1138 1870; x_wconf 87' lang='lat' dir='ltr'>quornm</span> <span class='ocrx_word' id='word_1_429' title='bbox 1165 1827 1328 1867; x_wconf 85' lang='lat' dir='ltr'>fructibus,</span> <span class='ocrx_word' id='word_1_430' title='bbox 1355 1827 1530 1860; x_wconf 90' lang='lat' dir='ltr'>redditibus</span> <span class='ocrx_word' id='word_1_431' title='bbox 1544 1832 1573 1860; x_wconf 90' lang='lat' dir='ltr'>et</span> <span class='ocrx_word' id='word_1_432' title='bbox 1587 1827 1746 1871; x_wconf 86' lang='lat' dir='ltr'>proventi-</span> 
     </span>
     <span class='ocr_line' id='line_1_80' title="bbox 1003 1880 1746 1920; baseline 0 -8"><span class='ocrx_word' id='word_1_433' title='bbox 1003 1880 1060 1913; x_wconf 90' lang='lat' dir='ltr'>bus</span> <span class='ocrx_word' id='word_1_434' title='bbox 1082 1886 1259 1913; x_wconf 73' lang='lat' dir='ltr'>reservatae</span> <span class='ocrx_word' id='word_1_435' title='bbox 1278 1881 1402 1920; x_wconf 87' lang='lat' dir='ltr'>fuerint,</span> <span class='ocrx_word' id='word_1_436' title='bbox 1420 1880 1597 1913; x_wconf 87' lang='lat' dir='ltr'>obtinentes</span> <span class='ocrx_word' id='word_1_437' title='bbox 1615 1880 1652 1913; x_wconf 87' lang='lat' dir='ltr'>ad</span> <span class='ocrx_word' id='word_1_438' title='bbox 1678 1880 1746 1912; x_wconf 77' lang='lat' dir='ltr'>illas</span> 
     </span>
     <span class='ocr_line' id='line_1_81' title="bbox 1004 1934 1747 1978; baseline 0.004 -14"><span class='ocrx_word' id='word_1_439' title='bbox 1004 1934 1227 1978; x_wconf 74' lang='lat' dir='ltr'>persolvendas</span> <span class='ocrx_word' id='word_1_440' title='bbox 1251 1934 1420 1968; x_wconf 78' lang='lat' dir='ltr'>efficaciter</span> <span class='ocrx_word' id='word_1_441' title='bbox 1437 1935 1593 1977; x_wconf 78' lang='lat' dir='ltr'>obligatos</span> <span class='ocrx_word' id='word_1_442' title='bbox 1610 1935 1685 1968; x_wconf 88' lang='lat' dir='ltr'>fore.</span> <span class='ocrx_word' id='word_1_443' title='bbox 1703 1936 1747 1967; x_wconf 79' lang='lat' dir='ltr'>Ae</span> 
     </span>
     <span class='ocr_line' id='line_1_82' title="bbox 1003 1987 1746 2031; baseline -0.001 -10"><span class='ocrx_word' id='word_1_444' title='bbox 1003 1989 1096 2021; x_wconf 73' lang='lat' dir='ltr'>cum³</span> <span class='ocrx_word' id='word_1_445' title='bbox 1118 1988 1235 2020; x_wconf 88' lang='lat' dir='ltr'>eisdem</span> <span class='ocrx_word' id='word_1_446' title='bbox 1262 1988 1474 2029; x_wconf 80' lang='lat' dir='ltr'>conc-lavistis,</span> <span class='ocrx_word' id='word_1_447' title='bbox 1499 1987 1599 2031; x_wconf 87' lang='lat' dir='ltr'>quod,</span> <span class='ocrx_word' id='word_1_448' title='bbox 1625 1988 1746 2020; x_wconf 86' lang='lat' dir='ltr'>ratione</span> 
     </span>
     <span class='ocr_line' id='line_1_83' title="bbox 1003 2040 1746 2086; baseline -0.001 -12"><span class='ocrx_word' id='word_1_449' title='bbox 1003 2052 1278 2086; x_wconf 85' lang='lat' dir='ltr'>quarumcumque</span> <span class='ocrx_word' id='word_1_450' title='bbox 1303 2041 1489 2085; x_wconf 84' lang='lat' dir='ltr'>pensionum</span> <span class='ocrx_word' id='word_1_451' title='bbox 1512 2051 1687 2074; x_wconf 89' lang='lat' dir='ltr'>annuarum</span> <span class='ocrx_word' id='word_1_452' title='bbox 1703 2040 1746 2074; x_wconf 78' lang='lat' dir='ltr'>eis</span> 
     </span>
     <span class='ocr_line' id='line_1_84' title="bbox 1004 2094 1748 2138; baseline -0.003 -10"><span class='ocrx_word' id='word_1_453' title='bbox 1004 2100 1033 2128; x_wconf 84' lang='lat' dir='ltr'>et</span> <span class='ocrx_word' id='word_1_454' title='bbox 1065 2105 1175 2128; x_wconf 83' lang='lat' dir='ltr'>eorum</span> <span class='ocrx_word' id='word_1_455' title='bbox 1210 2095 1337 2127; x_wconf 86' lang='lat' dir='ltr'>cuilibet</span> <span class='ocrx_word' id='word_1_456' title='bbox 1370 2105 1465 2138; x_wconf 87' lang='lat' dir='ltr'>super</span> <span class='ocrx_word' id='word_1_457' title='bbox 1493 2094 1748 2138; x_wconf 86' lang='lat' dir='ltr'>quibuscumque</span> 
     </span>
     <span class='ocr_line' id='line_1_85' title="bbox 1004 2148 1747 2184; baseline -0.001 -3"><span class='ocrx_word' id='word_1_458' title='bbox 1004 2149 1165 2182; x_wconf 77' lang='lat' dir='ltr'>beneficiis</span> <span class='ocrx_word' id='word_1_459' title='bbox 1191 2148 1432 2184; x_wconf 78' lang='lat' dir='ltr'>ecclesiasticis,</span> <span class='ocrx_word' id='word_1_460' title='bbox 1466 2148 1558 2181; x_wconf 82' lang='lat' dir='ltr'>etiam</span> <span class='ocrx_word' id='word_1_461' title='bbox 1585 2149 1614 2180; x_wconf 91' lang='lat' dir='ltr'>in</span> <span class='ocrx_word' id='word_1_462' title='bbox 1641 2148 1747 2181; x_wconf 90' lang='lat' dir='ltr'>cathe-</span> 
     </span>
     <span class='ocr_line' id='line_1_86' title="bbox 1004 2201 1747 2243; baseline -0.001 -9"><span class='ocrx_word' id='word_1_463' title='bbox 1004 2202 1144 2234; x_wconf 89' lang='lat' dir='ltr'>dralibus</span> <span class='ocrx_word' id='word_1_464' title='bbox 1161 2207 1189 2234; x_wconf 91' lang='lat' dir='ltr'>et</span> <span class='ocrx_word' id='word_1_465' title='bbox 1206 2202 1274 2234; x_wconf 87' lang='lat' dir='ltr'>aliis</span> <span class='ocrx_word' id='word_1_466' title='bbox 1299 2201 1440 2235; x_wconf 88' lang='lat' dir='ltr'>ecclesiis</span> <span class='ocrx_word' id='word_1_467' title='bbox 1464 2211 1518 2234; x_wconf 87' lang='lat' dir='ltr'>seu</span> <span class='ocrx_word' id='word_1_468' title='bbox 1538 2201 1747 2243; x_wconf 85' lang='lat' dir='ltr'>monasteriis,</span> 
     </span>
     <span class='ocr_line' id='line_1_87' title="bbox 1005 2254 1747 2298; baseline -0.001 -11"><span class='ocrx_word' id='word_1_469' title='bbox 1005 2255 1097 2287; x_wconf 88' lang='lat' dir='ltr'>etiam</span> <span class='ocrx_word' id='word_1_470' title='bbox 1123 2266 1139 2287; x_wconf 90' lang='lat' dir='ltr'>a</span> <span class='ocrx_word' id='word_1_471' title='bbox 1164 2255 1333 2298; x_wconf 88' lang='lat' dir='ltr'>praedictis</span> <span class='ocrx_word' id='word_1_472' title='bbox 1358 2255 1386 2288; x_wconf 81' lang='lat' dir='ltr'>S.</span> <span class='ocrx_word' id='word_1_473' title='bbox 1413 2255 1447 2288; x_wconf 84' lang='lat' dir='ltr'>R.</span> <span class='ocrx_word' id='word_1_474' title='bbox 1467 2255 1498 2287; x_wconf 88' lang='lat' dir='ltr'>E.</span> <span class='ocrx_word' id='word_1_475' title='bbox 1525 2254 1747 2294; x_wconf 85' lang='lat' dir='ltr'>cardinalibus,</span> 
     </span>
    </p>
   </div>
   <div class='ocr_carea' id='block_1_7' title="bbox 988 2307 1748 2351">
    <p class='ocr_par' dir='ltr' id='par_1_9' title="bbox 988 2307 1748 2351">
     <span class='ocr_line' id='line_1_88' title="bbox 988 2307 1748 2351; baseline -0.001 -10"><span class='ocrx_word' id='word_1_476' title='bbox 988 2314 1031 2341; x_wconf 65' lang='lat' dir='ltr'>=et</span> <span class='ocrx_word' id='word_1_477' title='bbox 1070 2314 1099 2341; x_wconf 89' lang='lat' dir='ltr'>ut</span> <span class='ocrx_word' id='word_1_478' title='bbox 1135 2309 1333 2351; x_wconf 86' lang='lat' dir='ltr'>praefertur,</span> <span class='ocrx_word' id='word_1_479' title='bbox 1366 2308 1566 2347; x_wconf 87' lang='lat' dir='ltr'>obtinendis,</span> <span class='ocrx_word' id='word_1_480' title='bbox 1597 2307 1643 2340; x_wconf 85' lang='lat' dir='ltr'>vel</span> <span class='ocrx_word' id='word_1_481' title='bbox 1673 2307 1748 2340; x_wconf 81' lang='lat' dir='ltr'>alias</span> 
     </span>
    </p>
   </div>
   <div class='ocr_carea' id='block_1_8' title="bbox 1006 2361 1748 2406">
    <p class='ocr_par' dir='ltr' id='par_1_10' title="bbox 1006 2361 1748 2406">
     <span class='ocr_line' id='line_1_89' title="bbox 1006 2361 1748 2406; baseline -0.003 -10"><span class='ocrx_word' id='word_1_482' title='bbox 1006 2362 1242 2406; x_wconf 81' lang='lat' dir='ltr'>quomodolibet</span> <span class='ocrx_word' id='word_1_483' title='bbox 1255 2362 1452 2406; x_wconf 85' lang='lat' dir='ltr'>qualificatis,</span> <span class='ocrx_word' id='word_1_484' title='bbox 1470 2371 1531 2394; x_wconf 91' lang='lat' dir='ltr'>non</span> <span class='ocrx_word' id='word_1_485' title='bbox 1551 2367 1654 2394; x_wconf 88' lang='lat' dir='ltr'>tamen</span> <span class='ocrx_word' id='word_1_486' title='bbox 1667 2361 1748 2394; x_wconf 88' lang='lat' dir='ltr'>ultra</span> 
     </span>
    </p>
   </div>
   <div class='ocr_carea' id='block_1_9' title="bbox 1046 2450 1748 2486">
    <p class='ocr_par' dir='ltr' id='par_1_11' title="bbox 1046 2450 1748 2486">
     <span class='ocr_line' id='line_1_90' title="bbox 1046 2450 1748 2486; baseline 0 -9"><span class='ocrx_word' id='word_1_487' title='bbox 1046 2454 1051 2477; x_wconf 91' lang='lat' dir='ltr'>t</span> <span class='ocrx_word' id='word_1_488' title='bbox 1068 2452 1133 2486; x_wconf 80' lang='lat' dir='ltr'>Sup.</span> <span class='ocrx_word' id='word_1_489' title='bbox 1148 2460 1172 2486; x_wconf 89' lang='lat' dir='ltr'>p.</span> <span class='ocrx_word' id='word_1_490' title='bbox 1186 2450 1237 2477; x_wconf 69' lang='lat'>206</span> <span class='ocrx_word' id='word_1_491' title='bbox 1249 2451 1263 2476; x_wconf 84' lang='lat' dir='ltr'>b</span> <span class='ocrx_word' id='word_1_492' title='bbox 1275 2450 1384 2477; x_wconf 85' lang='lat' dir='ltr'>additur</span> <span class='ocrx_word' id='word_1_493' title='bbox 1394 2450 1748 2485; x_wconf 73' lang='lat' dir='ltr'>scupersolvendos(n.T.).</span> 
     </span>
    </p>
   </div>
   <div class='ocr_carea' id='block_1_10' title="bbox 1007 2496 1751 2569">
    <p class='ocr_par' dir='ltr' id='par_1_12' title="bbox 1007 2496 1751 2569">
     <span class='ocr_line' id='line_1_91' title="bbox 1042 2496 1751 2531; baseline -0.001 -7"><span class='ocrx_word' id='word_1_494' title='bbox 1042 2498 1057 2523; x_wconf 75' lang='lat'>&#39;2</span> <span class='ocrx_word' id='word_1_495' title='bbox 1069 2496 1137 2524; x_wconf 85' lang='lat' dir='ltr'>lbid.</span> <span class='ocrx_word' id='word_1_496' title='bbox 1151 2496 1259 2523; x_wconf 87' lang='lat' dir='ltr'>additur</span> <span class='ocrx_word' id='word_1_497' title='bbox 1270 2505 1302 2523; x_wconf 85' lang='lat' dir='ltr'>ac</span> <span class='ocrx_word' id='word_1_498' title='bbox 1316 2497 1526 2531; x_wconf 49' lang='lat' dir='ltr'>percipiendo&amp;</span> <span class='ocrx_word' id='word_1_499' title='bbox 1536 2497 1700 2531; x_wconf 61' lang='lat' dir='ltr'>eaeiyendos,</span> <span class='ocrx_word' id='word_1_500' title='bbox 1715 2498 1751 2523; x_wconf 74' lang='lat' dir='ltr'>le-</span> 
     </span>
     <span class='ocr_line' id='line_1_92' title="bbox 1007 2542 1227 2569; baseline -0.005 -2"><span class='ocrx_word' id='word_1_501' title='bbox 1007 2542 1115 2569; x_wconf 69' lang='lat' dir='ltr'>vcimtos</span> <span class='ocrx_word' id='word_1_502' title='bbox 1133 2544 1166 2566; x_wconf 36' lang='lat' dir='ltr'>&#39;ni</span> <span class='ocrx_word' id='word_1_503' title='bbox 1180 2542 1227 2567; x_wconf 79' lang='grc' dir='ltr'>τ.“.</span> 
     </span>
    </p>
   </div>
   <div class='ocr_carea' id='block_1_11' title="bbox 1044 2585 1544 2620">
    <p class='ocr_par' dir='ltr' id='par_1_13' title="bbox 1044 2585 1544 2620">
     <span class='ocr_line' id='line_1_93' title="bbox 1044 2585 1544 2620; baseline 0 -8"><span class='ocrx_word' id='word_1_504' title='bbox 1044 2587 1059 2612; x_wconf 79' lang='lat' dir='ltr'>:l</span> <span class='ocrx_word' id='word_1_505' title='bbox 1076 2586 1213 2613; x_wconf 78' lang='lat' dir='ltr'>Particula</span> <span class='ocrx_word' id='word_1_506' title='bbox 1229 2594 1293 2613; x_wconf 81' lang='lat' dir='ltr'>cum</span> <span class='ocrx_word' id='word_1_507' title='bbox 1310 2585 1424 2613; x_wconf 77' lang='lat' dir='ltr'>delenda</span> <span class='ocrx_word' id='word_1_508' title='bbox 1440 2592 1479 2619; x_wconf 63' lang='lat' dir='ltr'>tn.</span> <span class='ocrx_word' id='word_1_509' title='bbox 1499 2587 1544 2620; x_wconf 86' lang='lat' dir='ltr'>r.).</span> 
     </span>
    </p>
   </div>
   <div class='ocr_carea' id='block_1_12' title="bbox 1636 163 1931 198">
    <p class='ocr_par' dir='ltr' id='par_1_14' title="bbox 1636 163 1931 198">
     <span class='ocr_line' id='line_1_94' title="bbox 1636 163 1931 198; baseline 0.007 -3"><span class='ocrx_word' id='word_1_510' title='bbox 1636 163 1701 196; x_wconf 62' lang='lat'>915</span> <span class='ocrx_word' id='word_1_511' title='bbox 1747 173 1782 198; x_wconf 66' lang='lat' dir='ltr'>An</span> <span class='ocrx_word' id='word_1_512' title='bbox 1817 171 1842 196; x_wconf 80' lang='lat' dir='ltr'>c.</span> <span class='ocrx_word' id='word_1_513' title='bbox 1866 171 1931 197; x_wconf 66' lang='lat' dir='ltr'>sese</span> 
     </span>
    </p>
   </div>
  </div>
 </body>
</html>
