2243 3205
52 221 100 249 An.
115 219 143 247 C.
166 218 232 246 1657

51 283 160 310 proventus

50 310 125 331 fructus
134 312 228 333 quorum·

49 340 136 361 eumque
151 334 228 358 legato·

50 368 92 384 rum
104 360 226 387 impertitur.

96 1130 225 1151 facultatem

47 1157 166 1179 absolvendi
205 1160 225 1177 et

46 1183 188 1210 dispensandi,
204 1186 225 1204 et

46 1210 86 1231 atta
107 1210 224 1231 huiusmodi

47 1238 144 1258 coneedit.

117 2037 221 2060 Confessi>-

46 2063 66 2083 et
99 2065 222 2090 poenitenti-

45 2088 82 2111 bus
119 2092 221 2112 remissio-

45 2121 88 2137 nem
125 2121 222 2144 peccato-

45 2147 86 2163 mm
108 2146 128 2164 et
155 2145 222 2166 indut-

45 2171 130 2215 tcentiam
147 2173 221 2199 elai-gi⁴

53 2200 83 2218 ur.

847 217 1033 242 ALEXANDER
1058 217 1102 241 vu
1127 218 1174 241 Pe.

210 282 230 300 et
243 264 350 305 nium,
376 269 406 298 et
430 264 554 298 interim
580 265 711 298 durante
743 267 794 298 tua
818 265 985 308 legatione,
1001 268 1002 284 ¹
1020 266 1091 305 rint,
1125 270 1154 298 et
1192 275 1251 308 pro
1276 264 1347 298 fidei
1373 265 1544 298 catholicae
1580 274 1615 297 ac
1640 269 1763 297 sanctae

1001 312 1003 325 l

244 329 340 352 onera
359 319 536 359 missarum,
554 319 670 363 quibus
695 319 838 353 satisfieri
855 329 919 352 non
935 329 986 362 po—

243 377 318 413 test,
343 383 401 416 pro
426 372 486 405 tuis
511 373 642 406 arbitrio
674 379 704 406 et
735 372 922 417 prudentio,
948 372 1002 414 ad¹

242 426 414 458 triennium
436 431 464 460 et
494 427 618 459 interim
642 427 774 459 durante
801 419 1002 459 necessitate

242 479 414 521 dumtaxat,
441 481 603 523 reducere,
621 491 742 514 necnon
764 482 895 521 fructus,
916 480 1003 520 red-¹

242 532 324 565 ditus
350 538 377 565 et
403 539 574 577 proi-entus
599 544 874 577 quorumcumque
905 521 1003 576 lega-1³

242 591 345 618 torum
371 586 407 618 ad
433 592 535 619 certos
561 587 607 619 rel
640 588 776 620 incertos
807 598 882 620 usus
919 587 1003 639 pios3y

242 639 424 672 relictorum
461 639 490 671 in
524 640 754 683 reparationem
780 640 984 673 eeclesiarum

242 697 270 725 et
296 692 398 725 cultus
423 692 519 725 divini
545 694 684 733 servitio,
702 693 738 726 ad
762 694 929 726 triennium
957 698 1002 727 etl

241 745 366 779 interim
380 746 513 779 durante
531 748 726 787 necessitate,
741 748 789 781 cui
809 748 898 781 aliter
914 759 984 791 pro·
1000 767 1001 773 =

241 799 339 832 videri
365 810 427 832 non
452 800 568 843 possit,
594 800 807 844 applicare‚et
831 801 868 833 ad
901 801 983 834 hunc

241 852 386 886 effectum
413 864 628 898 quascumque
660 855 753 887 ctIam
780 855 905 888 ultimas
931 866 1002 890 vom

241 906 374 939 luntates
400 913 596 940 commutare
617 908 762 941 similiter
787 909 899 949 valeas,
919 909 1001 952 ple-3

239 969 311 992 nam
330 966 359 992 et
376 961 511 1004 amplam
531 961 717 1003 facultatem,
736 962 910 1006 apostolica
929 973 983 994 au-

240 1012 393 1055 ctoritate,
415 1019 523 1046 tenore.
551 1015 733 1047 earumdem
759 1016 1001 1059 praesentiunLg

240 1067 442 1100 concedimus
459 1073 485 1099 et
506 1068 715 1111 impertimur.

284 1120 362 1163 glo.
378 1120 520 1161 Demum,
542 1127 573 1154 ut
594 1122 785 1163 absolvendi,
806 1123 1000 1166 dispensan-¹

239 1172 269 1205 di
295 1179 324 1205 et
349 1174 417 1214 alia,
444 1180 476 1207 ut
502 1186 598 1218 supra
624 1186 806 1219 expressum
833 1182 888 1218 est,
913 1182 1000 1209 con-t

239 1227 368 1259 cedendi
388 1233 415 1260 et
442 1228 554 1271 agendi
577 1229 753 1262 facultatem
777 1240 792 1262 a
819 1229 909 1263 nobis
928 1229 1000 1277 tibi,

239 1279 351 1313 harum
377 1281 457 1314 serie
476 1292 656 1315 concessam
675 1282 833 1327 aliquibus
859 1294 999 1316 venera-¹

239 1333 354 1367 bilibus
380 1335 530 1368 fratribus
555 1335 722 1380 episcopis,
747 1347 802 1369 seu
827 1337 983 1381 archiepi-

239 1388 362 1431 scopis,
387 1394 438 1421 aut
465 1388 532 1421 aliis
557 1390 704 1433 praelatis
735 1390 909 1430 catholicis,
936 1391 980 1423 vel

239 1441 341 1474 doctis
355 1447 384 1474 ct
398 1442 506 1486 probis
531 1443 746 1476 sacerdotibus
771 1454 877 1477 sacrae
895 1444 982 1477 theo-

240 1494 340 1538 logiae
367 1501 417 1528 aut
452 1496 617 1540 utriusque
650 1497 726 1529 iuris
759 1498 805 1530 vel
831 1498 981 1531 decreto-

239 1559 309 1581 rum
328 1548 522 1588 doctoribus,
549 1561 602 1582 sen
629 1550 804 1591 licentiatis,
823 1556 875 1583 aut
894 1551 980 1584 verbi

239 1600 333 1633 divini
346 1602 626 1645 praedicatoribus,
640 1603 865 1638 sufficientibus
878 1610 980 1637 tamen
997 1599 998 1652 i

239 1660 268 1686 et
294 1654 422 1697 idoneis,
440 1667 511 1689 cum
537 1656 630 1689 simili
653 1657 698 1690 vel
724 1657 857 1690 limitata
878 1662 980 1702 potes-

238 1712 309 1749 tate,
327 1709 606 1752 quemadmodum,
625 1712 720 1744 semel
743 1716 772 1743 et
798 1711 925 1755 pluries,
945 1723 980 1745 ac

237 1760 301 1801 ubi,
329 1762 451 1806 quoties
477 1768 505 1795 et
530 1763 656 1806 quando
682 1763 736 1796 tibi
756 1764 854 1796 visum
876 1764 979 1805 fucrit,

239 1816 486 1857 communicare,
508 1816 641 1861 illosque
668 1817 704 1849 ad
731 1818 902 1861 praemissa
925 1818 997 1858 seu}

236 1878 346 1902 eorum
373 1869 476 1912 aliqua
502 1870 708 1913 subdelegare
733 1871 831 1904 libere
849 1877 878 1904 et
896 1863 997 1907 licite?

235 1923 336 1966 possis
361 1929 390 1955 et
422 1923 546 1964 valeas,
580 1924 782 1958 concedimus
815 1931 843 1958 et
877 1925 997 1970 indul-g

236 1985 356 2018 gemus.

281 2031 295 2073 ἓ
321 2031 371 2063 11.
393 2032 565 2071 Postremo,
580 2032 670 2064 saluti
691 2032 868 2065 animarum
895 2033 977 2066 cliri-
995 2036 996 2068 l

236 2084 417 2117 stitidelium
444 2086 473 2117 in
495 2095 605 2128 regno,
624 2085 738 2119 ducatu
756 2096 791 2119 ac
808 2087 978 2130 provinciis
994 2087 996 2130 J

236 2147 291 2171 seu
316 2138 537 2182 palatinatibus
565 2139 745 2172 huiusmodi
783 2137 996 2177 commoran-{

237 2191 313 2223 tium
331 2202 389 2235 pro
406 2193 536 2235 paterna
555 2194 661 2226 nostra
683 2193 712 2225 in
742 2193 810 2226 illos
827 2194 978 2227 charitate
995 2182 996 2190 ἵ

235 2245 399 2278 consulere
425 2246 573 2286 volentes,
599 2246 664 2287 tibi,
690 2248 837 2280 omnibus
863 2252 891 2281 et
915 2247 996 2292 sin-j

235 2298 316 2341 gulis
330 2298 494 2342 utriusque
508 2309 599 2332 sexus
617 2300 873 2333 christifidelibus
893 2311 996 2346 prae-3

234 2352 335 2392 dictis,
356 2353 408 2395 qui
434 2352 488 2386 tibi
511 2353 556 2385 vcl
575 2353 777 2386 confessariis
798 2354 852 2386 abs
874 2360 902 2387 te
923 2353 995 2396 seu}

233 2404 271 2437 ab
289 2405 462 2438 Ordinariis
488 2405 630 2439 locorum
650 2407 830 2450 approbatis
850 2412 977 2450 peccata

233 2469 288 2491 sua
313 2459 444 2491 confessi
470 2459 637 2499 sum-incer
671 2470 790 2492 sacrani
816 2461 840 2492 si
867 2449 995 2503 potue-f

233 2512 295 2544 rint
308 2512 535 2544 Eucliaristiatn
549 2513 750 2556 sumpserim,
760 2518 789 2545 et
803 2514 974 2546 seeundum
993 2501 994 2522 ἶ

232 2565 460 2599 ordinationem
494 2576 551 2609 per
584 2571 612 2597 te
642 2566 778 2610 desuper
804 2566 993 2600 saciendaml

235 2620 358 2662 aliquod
382 2620 529 2651 ieiunium
566 2624 616 2653 aut
642 2621 763 2663 pietatis
796 2632 873 2664 opus
900 2618 994 2655 fece-l

1668 205 1731 239 309

1020 318 1124 351 Matris
1160 318 1317 351 Ecclesiae
1355 318 1562 360 exaltatione,
1595 318 1763 351 haeresum

1020 372 1236 415 extirpatione,
1247 372 1424 415 principum
1437 372 1682 405 christianorum
1694 381 1764 404 con-

1020 426 1149 464 cordia,
1175 436 1209 458 ae
1235 425 1453 469 praesentibus
1490 426 1577 468 regni
1611 425 1762 469 praedicti

1020 478 1267 518 necessitatibus,
1286 478 1430 521 illiusque
1451 479 1677 518 incolumitate,
1697 478 1763 521 pias

1020 532 1057 565 ad
1085 533 1181 565 Deum
1202 542 1312 576 preces
1336 531 1514 571 effuderint,
1536 532 1630 564 semel
1656 531 1763 575 plena-

1020 586 1098 618 riam
1125 585 1266 619 omnium
1294 590 1494 628 peccatorum
1513 595 1641 617 suorum
1664 584 1763 617 indul-

1020 639 1156 682 gentiam
1184 644 1209 671 et
1237 638 1455 671 remissionem
1479 638 1508 669 in
1534 638 1664 670 sormam
1688 637 1764 670 iubi-

1021 692 1077 725 laei
1095 691 1280 725 auctoritate
1298 693 1404 724 nostrat
1423 691 1613 723 concedendi
1636 691 1762 724 faculta-

1021 751 1082 778 tem
1108 745 1277 778 tribuimus
1298 750 1327 777 et
1352 745 1561 788 impertimur.

1064 800 1078 842 ξ
1104 799 1154 831 12.
1181 799 1226 839 Εῑ,
1252 804 1284 831 ut
1310 798 1534 838 absolutiones,
1560 798 1762 841 dispensatio-

1019 863 1083 893 nes,
1102 853 1331 893 concessiones,
1346 853 1465 895 gratiae
1483 856 1512 886 et
1524 852 1645 884 litterae
1663 862 1719 896 per
1734 857 1761 884 te

1019 906 1126 949 vigore
1145 906 1356 950 praesentium
1378 905 1606 943 concedendae,
1631 905 1760 938 sublatis

1000 981 1001 985 =
1018 959 1195 999 obstaculis,
1210 970 1299 992 suum
1315 959 1485 991 sortiantur
1499 959 1654 1000 effectum,
1669 970 1761 1003 quas-

1018 1023 1153 1056 cumque
1185 1022 1344 1056 personas,
1369 1012 1407 1044 ad
1427 1012 1572 1045 effectum
1604 1012 1762 1046 dumtaxat

998 1060 1000 1087 3
1018 1066 1158 1099 omnium
1171 1072 1200 1099 et
1217 1067 1415 1109 singulorum
1430 1067 1675 1110 praemissorum
1692 1077 1761 1099 con-

999 1130 1000 1134 *
1018 1120 1222 1163 sequendum,
1239 1120 1277 1152 ab
1297 1119 1443 1152 omnibus
1463 1125 1490 1152 et
1509 1119 1760 1163 quibuscumque

1017 1173 1362 1214 excommunicationis,
1383 1173 1596 1217 suspensionis
1621 1180 1650 1206 et
1669 1173 1760 1205 inter-

1017 1226 1100 1269 dicti,
1115 1227 1246 1270 aliisque
1264 1227 1482 1260 ecclesiasticis
1501 1226 1670 1267 sententiis,
1692 1237 1760 1259 cen-

998 1279 1099 1313 ''suris
1125 1285 1152 1312 et
1178 1280 1308 1323 poenis,
1334 1290 1350 1312 a
1376 1280 1444 1312 iure
1469 1280 1516 1312 vel
1542 1280 1579 1312 ab
1609 1280 1758 1319 bomine,

1017 1333 1125 1377 quavis
1150 1333 1314 1366 occasione
1341 1333 1387 1366 vel
1412 1334 1505 1366 causa
1527 1333 1616 1375 latis,
1642 1333 1666 1365 si
1692 1333 1759 1376 qui-

1016 1387 1073 1419 bus
1088 1386 1326 1431 quomodolibet
1347 1387 1512 1420 innodatae
1528 1386 1652 1428 suerint,
1671 1387 1759 1419 dum-

998 1452 999 1464 *
1017 1442 1110 1475 modo
1131 1441 1160 1473 in
1180 1441 1223 1473 eis
1248 1451 1304 1484 per
1320 1450 1436 1473 annum
1455 1450 1516 1474 non
1536 1440 1758 1481 insorduerint,

1015 1495 1195 1528 absolvendi
1221 1500 1250 1526 et
1274 1494 1431 1528 absolutas
1451 1495 1516 1527 t'ore
1541 1494 1697 1537 censendi⁷
1718 1495 1759 1526 iu-

1015 1549 1098 1582 dices
1124 1549 1313 1589 assistentes,
1339 1548 1572 1582 commissarios
1597 1552 1626 1581 et
1650 1558 1758 1580 execu-

1016 1609 1099 1636 tores
1120 1614 1176 1647 pro
1198 1603 1430 1647 praedictorum
1450 1608 1479 1634 et
1500 1602 1674 1634 litterarum
1695 1607 1758 1634 tua-

997 1656 998 1665 *
1015 1668 1083 1690 rum
1103 1657 1286 1690 executione
1305 1663 1333 1689 ct
1351 1655 1569 1689 observatione
1583 1655 1757 1698 delegandi,

996 1704 1049 1746 iac
1074 1713 1179 1746 omnia
1208 1719 1238 1745 ct
1270 1721 1488 1756 quaecumque
1521 1711 1580 1743 alia
1606 1711 1635 1743 in
1660 1721 1754 1754 prae-

996 1763 1117 1799 'missis
1135 1772 1163 1799 et
1185 1767 1268 1799 circa
1285 1777 1319 1799 ea
1344 1765 1519 1799 necessaria
1549 1775 1602 1797 seu
1628 1774 1757 1808 quomo-

1014 1820 1133 1853 dolibet
1166 1825 1343 1863 opportuna
1379 1817 1536 1857 faciendi,
1568 1816 1756 1850 decernendi

1014 1878 1041 1905 et
1068 1873 1253 1916 exequendi,
1268 1872 1358 1905 etiam
1386 1882 1442 1915 per
1468 1871 1574 1909 alium,
1600 1881 1653 1903 seu
1668 1870 1756 1909 alios,

1014 1926 1198 1959 auctoritate
1242 1925 1414 1970 apostolica
1451 1924 1620 1969 praedicta,
1648 1929 1754 1956 tenore

995 1976 1236 2023 praesentium,
1260 1979 1386 2022 plenam
1413 1977 1558 2010 similiter
1575 1981 1603 2010 et
1624 1977 1755 2009 liberam

1014 2034 1191 2066 facultatem
1217 2039 1246 2066 et
1271 2033 1488 2066 auctoritatem
1507 2031 1709 2065 concedimus
1727 2036 1755 2063 et

1014 2087 1222 2131 impertimur.

1058 2141 1073 2182 ἓ
1105 2140 1151 2172 13.
1168 2140 1377 2172 Decernentes
1395 2144 1423 2171 te
1441 2138 1587 2171 omnibus
1605 2138 1755 2170 facultati-

1013 2193 1070 2225 bus
1089 2192 1267 2236 praedictis,
1285 2192 1377 2225 etiam
1396 2202 1467 2225 cum
1488 2191 1754 2233 derogationibus,

1013 2257 1047 2279 ac
1078 2246 1275 2279 irritantibus
1304 2246 1434 2289 aliisque
1459 2245 1593 2277 decretis
1618 2250 1647 2277 et
1672 2244 1754 2276 clau-

1013 2300 1088 2332 sulis
1116 2299 1300 2332 necessariis
1327 2305 1356 2332 et
1380 2299 1576 2342 opportunis,
1594 2308 1629 2330 ac
1655 2297 1683 2329 in
1710 2297 1755 2329 lit-

1014 2353 1087 2385 teris
1109 2353 1289 2396 apostolicis
1307 2352 1435 2386 concedi
1455 2357 1483 2384 et
1502 2351 1624 2384 extendi
1644 2351 1753 2390 solitis,

1013 2406 1110 2438 libere
1128 2412 1157 2438 et
1178 2406 1260 2439 licite
1278 2405 1321 2437 uti
1342 2415 1446 2449 posse,
1467 2416 1503 2437 ac
1529 2404 1559 2436 in
1583 2404 1754 2437 absolutio-

1012 2459 1126 2497 nibus,
1151 2459 1457 2503 dispensationibus,
1489 2457 1754 2498 concessionibus,

1011 2513 1119 2557 gratiis
1145 2517 1174 2547 et
1198 2513 1266 2545 aliis
1291 2512 1548 2556 dispositionibus
1574 2523 1629 2555 per
1655 2517 1682 2544 te
1704 2523 1753 2544 au-

1010 2567 1152 2599 ctoritate
1178 2565 1390 2610 praesentium
1419 2565 1566 2597 faciendis
1592 2565 1647 2598 soli
1676 2576 1751 2597 nar-

1010 2622 1124 2653 ratirae
1142 2626 1210 2653 tuae
1229 2626 1257 2652 et
1284 2621 1375 2652 etiam
1403 2620 1476 2652 solis
1494 2621 1750 2653 concessionibus

1778 215 1830 241 An.
1851 214 1878 241 C.
1898 215 1963 242 1657

1793 810 1806 828 A
1819 810 1913 829 censuris
1924 810 1959 829 ab·

1778 836 1843 855 solvit
1860 839 1880 856 et
1897 842 1961 861 qnae·

1777 867 1868 887 euinque
1880 869 1917 887 pro
1929 864 1960 882 lit-

1778 891 1868 909 terarum
1878 895 1961 909 suarum

1778 918 1918 941 exequutione
1933 916 1962 936 sa-

1777 945 1826 962 cul.

1798 2148 1908 2168 Decretum
1929 2154 1954 2168 ir-

1771 2177 1835 2194 ritui>
