2243 3205
285 209 333 236 An.
351 209 381 236 C.
400 209 467 236 ¹660

329 854 439 873 Oratorem
454 857 467 873 a

283 880 377 925 {pt-suris
398 879 467 901 absol-

299 1859 412 1880 confirmat
419 1865 466 1885 pru·

283 1888 306 1907 ut
316 1886 335 1906 iu
349 1886 441 1906 rubrica.

287 2492 395 2514 Contraria
407 2492 468 2513 tollit.

511 200 574 233 632

482 257 549 290 licis
574 255 800 289 recordationis
833 255 976 289 Urbanus
1000 256 1065 290 VIII
1091 256 1217 300 praede-

482 320 588 343 cessor
621 315 727 343 noster
761 319 817 353 per
848 310 998 352 quasdam
1033 321 1105 344 suas
1136 320 1217 343 anno

482 362 707 396 lncarnationis
732 362 910 395 Dominicae
935 373 1073 397 iuncxxiv
1088 390 1096 404 ‚
1116 362 1216 406 pridie

481 424 580 447 nonas
604 414 789 455 decembris,
821 415 879 447 sub
905 415 1034 458 plumbo
1059 415 1217 459 expeditas

482 473 512 500 ct
536 467 602 500 eius
632 472 719 500 motu
750 467 880 511 proprio
917 474 1074 502 emanatas
1098 468 1217 501 litteras

483 519 689 561 confirmavit,
706 520 737 552 in
762 520 874 563 quibus
899 520 1076 553 ordinatum
1101 520 1167 562 fuit,
1186 526 1219 553 ut

482 571 608 616 quidam
628 572 741 605 fratres
765 572 838 605 dicti
863 572 996 614 Ordinis,
1014 577 1043 607 et
1060 573 1218 615 signanter

482 624 612 658 dilectus
645 625 762 669 pariter
786 625 868 658 filius
892 626 1024 659 Ioannes
1048 637 1065 658 a
1090 625 1217 669 Regina,

483 676 535 710 ex¹
560 679 735 711 memorata
759 678 877 712 familia
901 679 939 712 de
964 679 1069 713 Grillis
1094 678 1219 712 descen-

482 730 567 771 dens,
585 735 615 763 et
629 730 660 763 in
680 731 840 775 praedicta
857 733 939 764 terra
956 731 1093 774 Reginae
1117 736 1217 773 natus,

482 783 513 816 in
530 783 638 817 eodem
664 784 797 827 collegio
814 785 928 818 locales
945 784 1089 828 perpetui
1106 788 1217 818 essent.

525 836 541 880 ἓ
564 835 593 869 ΕΖ.
618 837 693 870 Cum
719 842 834 878 autem,
851 837 930 870 sicut
945 836 1051 870 eadem
1066 837 1218 880 expositio

481 889 700 933 subiungebat,
714 900 776 934 quo
791 890 952 934 dispositio
963 889 1036 923 dicti
1051 890 1217 932 testatoris,

480 952 602 976 necnon
626 943 802 987 praedictae
827 943 943 976 Urbani
967 943 1217 987 praedecessoris

480 995 602 1029 litterae
626 996 748 1029 firmius
774 1002 803 1029 et
828 996 1036 1030 inviolabilius
1054 996 1092 1029 de
1112 1002 1217 1030 cetero

481 1049 696 1091 observentur,
714 1050 787 1083 dicti
812 1056 1004 1094 exponentes
1028 1055 1215 1093 opportune,

480 1107 515 1134 ut
538 1102 639 1143 infra,
664 1113 681 1135 a
712 1102 803 1136 nobis
829 1102 988 1146 provideri
1017 1113 1217 1146 summopere

480 1155 673 1189 desiderent:
699 1166 765 1197 nos,
786 1156 952 1199 specialem
970 1155 1046 1199 ipsis
1064 1166 1217 1200 exponen-

482 1208 566 1242 tibus
589 1209 722 1252 gratiam
747 1210 850 1242 faeere
876 1209 1024 1250 volentes,
1052 1213 1082 1243 et
1106 1220 1215 1242 eorum

481 1261 655 1304 singulares
686 1273 836 1307 personas
860 1273 877 1295 a
901 1262 1060 1306 quibusvis
1084 1272 1216 1295 excom-

481 1315 720 1358 municationis,
749 1315 961 1359 suspensionis
986 1320 1015 1347 et
1039 1315 1216 1356 interdicti,

480 1369 612 1412 aliisque
636 1369 853 1402 ecclesiasticis
877 1369 1046 1411 sententiis,
1076 1369 1216 1402 censuris

481 1427 511 1455 et
535 1423 656 1466 poenis,
681 1433 698 1455 a
723 1423 790 1455 iure
816 1423 861 1455 vel
887 1422 924 1455 ab
949 1422 1088 1462 homine,
1109 1422 1217 1465 quavis

481 1476 644 1509 occasione
659 1476 705 1509 vel
720 1476 813 1509 causa
827 1476 906 1518 latis,
925 1476 950 1508 si
964 1476 1077 1519 quibus
1090 1486 1218 1519 quomo-

480 1529 597 1563 delibet
630 1529 795 1563 innodatae
827 1529 982 1570 existunt,
1008 1529 1045 1562 ad
1071 1528 1215 1562 effectum

479 1583 688 1627 praesentium
707 1584 866 1616 dumtaxat
883 1583 1149 1627 consequendum,
1167 1583 1218 1615 ha-

480 1648 551 1670 rum
583 1638 664 1670 serie
695 1638 890 1671 absolventes
914 1642 944 1670 et
968 1637 1126 1670 absolutas
1151 1637 1217 1670 sore

480 1696 663 1732 censentes,
693 1690 972 1735 supplicationibus
1008 1701 1117 1723 eorum
1154 1701 1213 1724 no-

482 1744 565 1777 mine
588 1744 678 1777 nobis
698 1755 793 1789 super
809 1744 869 1777 hoc
885 1744 1046 1777 humiliter
1063 1744 1217 1788 porrectis

480 1797 629 1837 inclinati,

524 1852 540 1895 ἓ
563 1851 592 1885 3.
618 1851 858 1896 Dispositionem
884 1851 958 1885 dicti
978 1850 1100 1884 Ioannis
1126 1855 1216 1885 testa-

481 1905 567 1948 toris,
587 1916 604 1938 a
622 1911 796 1939 memorato
814 1906 940 1940 Urbano
964 1905 1216 1949 praedecessore,

481 1958 559 1992 sicut
595 1959 791 2002 praefertur,
826 1958 1042 1991 confirmatam
1061 1985 1068 1999 ,
1095 1968 1216 1992 necnon

480 2011 656 2054 praedictas
674 2011 812 2044 eiusdem
836 2011 949 2044 Urbani
966 2010 1216 2055 praedecessoris

482 2064 616 2105 litteras,
641 2064 679 2097 ab
704 2065 786 2105 iilis,
814 2065 851 2097 ad
883 2075 962 2108 quos
986 2068 1104 2108 spectat
1128 2069 1158 2098 et
1186 2065 1216 2097 in

481 2117 621 2150 futurum
646 2117 908 2161 quandocumque
932 2117 1095 2161 spectabit,
1120 2117 1216 2151 invio-

481 2170 615 2204 labiliter
640 2170 811 2211 observari,
832 2170 888 2203 sub
913 2170 1214 2203 excommunicatio-

481 2223 529 2257 nis
555 2223 682 2257 maioris
714 2234 749 2256 ac
785 2223 967 2267 privationis
991 2223 1074 2256 vocis
1099 2223 1217 2256 activae

481 2283 511 2311 et
534 2277 676 2322 passivae
699 2277 808 2321 poenis
834 2287 890 2320 per
911 2280 1164 2310 eontraventores
1181 2288 1217 2311 co

482 2330 549 2374 ipso
573 2330 691 2374 absque
715 2330 778 2363 ulla
795 2330 855 2362 alia
881 2329 1091 2363 declaratione
1115 2329 1218 2363 incur-

483 2384 597 2427 rendis,
614 2384 798 2418 auctoritate
814 2384 995 2428 apostolica,
1009 2389 1117 2416 tenore
1130 2394 1218 2428 prae-

483 2436 628 2477 sentium,
651 2436 835 2469 mandamus
855 2442 885 2469 et
908 2436 1128 2480 praecipimus.

529 2490 592 2533 §la
624 2491 691 2523 Non
721 2490 915 2525 obstantibus
945 2490 1218 2524 constitutionibus

523 2605 531 2633 1
551 2604 617 2632 Male
633 2604 698 2632 edit.
714 2605 791 2632 ttlaiu.
810 2605 892 2632 habet
906 2608 931 2632 et
951 2613 998 2640 pro
1014 2614 1049 2633 ea:
1066 2607 1101 2641 (R.
1118 2606 1164 2639 T.).

1061 208 1238 233 BULLARIUM
1265 207 1417 232 ROMANUM

1252 260 1281 289 et
1315 255 1566 288 ordinationibus
1606 255 1785 299 apostolicis
1802 283 1809 297 ,
1843 265 1965 290 necnon
1979 283 1987 297 ‚

1252 313 1405 352 quatenus
1430 320 1509 353 opus
1534 309 1582 350 sit,
1607 309 1839 353 praedictorum
1864 309 1987 352 collegii

1253 366 1281 394 et
1306 361 1438 403 Ordinis,
1460 362 1567 395 aliisve
1594 362 1764 406 quibusvis,
1787 361 1878 394 etiam
1904 361 1987 394 iura-

1254 419 1367 455 mento,
1388 415 1625 448 confirmatione
1649 415 1830 458 apostolica,
1847 414 1894 447 vel
1914 425 1989 457 qua-

1254 468 1297 500 vis
1314 467 1461 501 firmitate
1478 468 1537 500 alia
1555 468 1721 509 roboratis,
1739 467 1859 501 statutis
1874 472 1903 500 et
1916 477 1989 500 con-

1253 520 1476 562 suetudinibus,
1494 520 1669 564 ceterisque
1686 519 1852 553 contrariis
1865 519 1989 563 quibus-

1254 583 1397 616 cumque.

1297 626 1407 658 Datum
1433 626 1559 669 Romae,
1584 626 1666 670 apud
1690 626 1719 660 S.
1744 625 1871 659 Mariam
1895 624 1990 659 Maio-

1254 690 1331 720 rem,
1347 679 1404 712 sub
1422 680 1536 713 annulo
1557 679 1734 721 piscatoris,
1746 679 1797 711 die
1814 689 1845 712 v1
1861 688 1990 712 novem-

1253 732 1317 765 bris
1341 742 1453 775 Mnch‚
1473 732 1673 776 pontificatus
1693 731 1793 765 nostri
1821 741 1902 765 anno
1924 741 1965 764 vi.

1288 793 1346 821 Dat.
1364 794 1407 821 die
1424 794 1439 821 6
1455 793 1609 821 novembris
1627 793 1703 826 1660,
1725 793 1820 828 pontif.
1842 800 1910 820 anno
1925 798 1961 820 vl.

1553 935 1683 969 CCCXX.

1251 1016 1422 1049 Restitutio
1437 1014 1674 1048 iurisdictionis
1687 1014 1830 1057 episcopo
1845 1013 1990 1048 Comensi

1295 1068 1332 1100 in
1355 1068 1550 1111 capitulum,
1572 1067 1748 1110 dignitates
1768 1070 1797 1099 et
1821 1065 1989 1098 canonicos

1297 1121 1471 1160 Comenses,
1492 1129 1665 1163 eorumque
1688 1118 1936 1162 consanyuineos
1961 1121 1990 1151 et

1295 1173 1479 1217 familiares
1492 1172 1510 1206 ¹.

1444 1252 1614 1279 Alexander
1633 1252 1712 1285 Papa
1731 1251 1794 1284 vn,

1373 1298 1408 1324 ad
1423 1299 1601 1330 perpetuam
1620 1296 1664 1323 rei
1684 1295 1863 1323 memoriam.

1295 1368 1310 1412 ἓ
1335 1368 1363 1401 1.
1388 1367 1507 1411 Exponi
1532 1366 1623 1400 nobis
1641 1377 1740 1410 nuper
1764 1366 1836 1399 secit
1861 1376 1987 1400 venera-

1251 1421 1322 1454 bilis
1338 1422 1433 1454 frater
1456 1420 1622 1464 episcopus
1635 1420 1803 1460 Comensis,
1818 1419 1900 1463 quod
1914 1419 1988 1453 alias

1252 1474 1348 1507 felicis
1378 1473 1605 1507 reeordationis
1633 1473 1832 1506 Innocentius
1857 1473 1940 1517 Papa
1963 1473 1989 1506 X

1250 1527 1476 1572 praedecessor
1492 1532 1608 1569 noster,
1625 1537 1681 1570 per
1699 1526 1848 1570 quasdam
1865 1536 1936 1560 suas
1957 1525 1989 1559 in

1251 1581 1351 1614 forma
1369 1581 1475 1614 Brevis
1495 1581 1613 1613 litteras
1631 1581 1679 1613 die
1696 1590 1763 1613 xv11
1780 1580 1845 1613 iulii
1862 1589 1989 1613 nnchv

1252 1634 1410 1678 expeditas
1424 1660 1431 1674 ‚
1448 1633 1578 1667 dilectos
1602 1633 1683 1666 tilios
1709 1633 1877 1677 capitulum
1896 1636 1925 1667 et
1942 1643 1989 1666 ca-

1251 1689 1380 1722 nonicos
1417 1688 1566 1721 ecclesiae
1604 1687 1762 1721 Comensis
1776 1714 1783 1728 ‚
1816 1697 1988 1731 eorumque

1252 1742 1511 1785 consanguineos,
1528 1742 1660 1774 famulos
1678 1746 1708 1774 et
1724 1741 1903 1782 familiares,
1924 1746 1986 1773 tam

1252 1796 1282 1828 in
1300 1795 1453 1836 civilibus,
1468 1806 1562 1838 quam
1579 1795 1609 1827 in
1623 1794 1837 1827 criminalibus
1864 1799 1893 1827 et
1913 1794 1987 1827 mix-

1251 1849 1289 1882 tis
1321 1859 1356 1882 ac
1381 1848 1615 1882 beneficialibus
1640 1852 1669 1882 et
1692 1848 1760 1881 aliis
1785 1847 1986 1891 quibuscum-

1251 1913 1310 1945 que
1328 1902 1429 1935 causis
1446 1902 1543 1935 active
1557 1907 1586 1934 et
1602 1901 1722 1946 passive
1739 1912 1756 1934 a
1773 1901 1987 1934 iurisdictione

1250 1955 1324 1988 dicti
1357 1955 1494 2000 episcopi
1529 1955 1689 1988 Comensis
1724 1954 1858 1995 exemit,
1894 1953 1984 1987 illos-

1251 2019 1311 2053 que
1336 2008 1503 2041 venerabili
1538 2008 1625 2041 sratri
1661 2008 1808 2052 episcopo
1841 2007 1982 2052 Papiensi

1250 2062 1391 2095 subiecit.

1295 2116 1309 2159 ἓ
1332 2115 1360 2148 02.
1385 2116 1461 2149 Cum
1486 2120 1589 2148 autem
1611 2114 1689 2149 sicut
1705 2114 1812 2147 eadem
1834 2114 1984 2158 expositio

1251 2168 1468 2211 subiungebat,
1493 2168 1614 2201 litterae
1638 2167 1815 2211 praedictae
1839 2167 1869 2200 in
1891 2167 1984 2200 maxi-

1252 2232 1337 2254 mum
1358 2231 1419 2254 non
1445 2226 1562 2254 tantum
1588 2221 1736 2265 praedicti
1761 2220 1900 2264 episcopi
1921 2220 1981 2254 Co-

1252 2275 1376 2316 mensis,
1401 2274 1454 2308 sed
1479 2274 1570 2308 etiam
1596 2274 1728 2307 civitatis
1752 2279 1781 2307 et
1804 2273 1912 2318 populi
1927 2273 1982 2307 Co-

1252 2328 1376 2369 mensis,
1389 2338 1511 2361 necnon
1530 2328 1741 2371 parochorum
1757 2326 1984 2371 praeiudicium

1252 2382 1395 2422 tendant,
1412 2381 1502 2414 nobis
1527 2386 1692 2425 propterea
1717 2380 1798 2413 idem
1820 2380 1984 2424 episcopus

1250 2434 1408 2469 Comensis
1426 2434 1586 2467 humiliter
1599 2433 1766 2478 supplicari
1782 2433 1863 2475 fecit,
1877 2437 1910 2466 ut
1925 2432 1983 2466 sibi

1252 2489 1282 2521 in
1306 2487 1486 2532 praemissis
1510 2492 1686 2530 opportune
1710 2486 1885 2530 providere,
1903 2490 1932 2519 et
1951 2490 1984 2518 ut

1289 2606 1296 2630 1
1322 2604 1357 2630 Ex
1380 2604 1484 2639 Regest.
1507 2603 1533 2630 in
1553 2603 1654 2631 Secret.
1676 2601 1751 2630 Brev-

2005 209 2051 235 Αη.
2068 209 2097 235 C.
2118 210 2180 237 1660
2209 221 2214 235 i

2029 1379 2140 1406 Expositio.

2025 2120 2161 2147 Supplicatio.
