2263 3215
317 235 353 258 An
386 234 403 258 c
437 233 502 259 ιιι56
549 225 610 257 228
1089 235 1266 261 BULLAntUM
1294 236 1446 260 nomn-un
2033 236 2083 263 An.
2104 236 2214 268 atem

512 281 586 313 tuti¹
609 282 776 324 provenire
796 282 950 325 convenit,
972 289 1004 316 ut
1031 293 1250 326 personarum,
1267 286 1268 290 ’
1285 285 1409 317 soi-ibus
1441 284 1577 322 nostris,
1610 283 1693 316 dicto
1722 283 1856 326 colleg-io
1881 293 1916 316 ac
1941 283 2024 316 illius

511 344 587 376 quas
612 334 744 366 eximiae
769 344 843 377 erga
870 335 971 378 ipsum
990 341 1020 368 et
1041 336 1150 369 Sedent
1170 337 1250 380 Apo·
1284 337 1415 370 notariis
1451 336 1629 369 huiusmodi
1663 342 1724 368 tam
1758 336 1894 379 antiquis
1930 346 2024 379 quam

510 387 650 419 stolii-am
678 387 749 420 fidei
775 392 1001 432 gratorumque
1023 389 1248 434 obsequiorum
1266 400 1268 432 i
1285 390 1382 429 novis,
1397 389 1453 421 sub
1468 389 1719 432 quibuscumque
1745 389 1914 421 verborum
1934 394 2023 421 teno-

512 440 622 472 merita
647 440 819 483 plurimum
845 442 1087 482 commendant,
1113 452 1250 475 commo·
1266 434 1268 474 i
1284 443 1369 474 ribus
1394 447 1423 474 et
1448 442 1567 482 formis,
1586 447 1617 475 ut
1633 442 1855 485 praemittitur,
1873 451 2022 474 concessa

510 493 556 525 dis
581 497 610 526 et
633 493 752 526 bonore
777 498 955 537 opportune
980 496 1172 528 consulatur.
1265 480 1469 534 {fflummodo
1495 500 1595 527 tamen
1622 495 1683 527 sint
1700 495 1729 527 in
1746 506 1813 534 usu,
1828 506 1863 528 ac
1878 500 2022 528 revocata

381 562 470 585 isaii,-
554 547 568 589 ἓ
593 546 621 579 ⁶2.
650 546 792 580 Volentes
814 547 916 591 itaque
931 548 1097 591 collegium
1123 548 1249 581 dilecto·
1265 542 1267 580 i
1283 554 1312 579 ct
1336 548 1416 579 sacri
1441 547 1569 581 Concilii
1595 547 1767 580 Tridentini
1793 548 1926 580 decretis
1951 558 2022 581 con-

310 590 492 645 }ss'g',,⁴21¹,2'3f0nfsiji
511 609 579 631 rum
605 599 742 632 filiorum
768 606 948 633 nostrorum
975 606 1004 634 et
1028 601 1128 634 dictae
1160 601 1248 634 Sedis
1265 599 1267 630 i
1284 602 1377 633 traria
1414 611 1475 634 non
1509 601 1680 644 existant),
1705 601 1886 634 earumdem
1913 607 2021 635 tenore

310 648 395 664 ΓΙΟΓυΙΠ.

510 653 705 685 uotariorum
724 654 760 686 de
785 665 918 687 numero
944 654 1196 698 participantium
1218 655 1247 698 (a

510 705 640 738 diversis
658 706 952 749 praedecessoribus
966 708 1081 739 nostris
1100 708 1247 740 Romanis

510 759 723 800 Pontificibus,
741 765 770 792 et
787 761 955 803 praecipue
978 760 1074 793 felicis
1101 760 1244 793 recorda-
1264 760 1266 775 ³

511 812 602 845 tionis
626 813 711 846 Sixto
726 813 759 851 V,
773 823 829 856 per
846 824 917 846 suas
935 813 992 845 sub
1010 813 1139 857 plumbo
1156 814 1247 846 nonis

510 866 658 899 februarii
694 877 775 900 anno
809 867 1033 900 lncarnationis
1067 867 1247 900 Dominicae

508 929 692 960 mccxxxw,
716 926 746 952 et
771 920 896 953 Urbano
921 921 1007 961 Vlll,
1039 930 1095 964 per
1119 930 1190 952 suas
1216 920 1244 952 in

508 972 599 1004 simili
638 973 738 1005 forma
774 973 880 1005 Brevis
916 973 966 1005 die
1005 983 1023 1005 v
1059 973 1264 1016 septembris,

507 1034 646 1059 uncxmx
671 1026 844 1069 respective
870 1026 1028 1070 expeditas
1053 1026 1172 1059 litteras
1198 1037 1245 1058 va-

508 1079 560 1112 riis
587 1079 771 1122 privilegiis,
792 1080 966 1112 honoribus
980 1085 1009 1112 et
1027 1080 1145 1122 gratiis,
1160 1091 1245 1123 prae-

506 1132 683 1164 eminentiis
719 1138 749 1165 et
785 1133 1012 1176 praerogativis
1047 1133 1244 1177 decoratum)

505 1185 649 1228 specialis
674 1186 778 1218 favore
803 1186 921 1228 gratiae
948 1187 1105 1230 prosequi,
1131 1192 1161 1219 et
1185 1197 1241 1220 eo-

504 1239 647 1271 rumdem
673 1239 868 1273 notariorum
894 1240 1069 1282 singulares
1094 1251 1244 1284 personas

504 1302 519 1323 a
545 1292 708 1335 quibusvis
736 1293 1091 1333 excommunicationis,
1116 1304 1244 1337 suspen-

504 1346 600 1378 sionis
626 1351 655 1378 et
677 1346 843 1387 interdicti,
869 1347 1000 1390 aliisque
1025 1347 1243 1381 ecclesiasticis

504 1399 676 1438 sententiis,
702 1400 843 1433 censuris
863 1407 892 1432 et
917 1401 1036 1443 poenis,
1061 1411 1077 1432 a
1103 1400 1171 1433 iure
1196 1401 1242 1433 vel

504 1452 542 1484 ab
567 1452 716 1490 homine,
749 1453 858 1496 quavis
885 1454 1051 1486 occasione
1077 1454 1121 1486 vel
1150 1456 1242 1487 causa

504 1506 590 1547 latis,
616 1506 641 1538 si
666 1507 780 1549 quibus
811 1507 1047 1550 quomodolibet
1079 1507 1242 1541 innodatae

502 1559 648 1599 existunt,
680 1559 717 1591 ad
746 1559 890 1593 effectum
916 1561 1126 1603 praesentiunt
1153 1561 1242 1593 dum-

504 1616 584 1645 taxat
605 1613 879 1656 consequendum,
905 1613 1016 1646 harum
1043 1614 1122 1646 serie
1144 1614 1242 1646 absol-

504 1669 608 1698 ventes
633 1671 662 1698 ct
686 1666 844 1699 absolutas
868 1667 934 1699 fore
963 1673 1144 1707 censentes,
1172 1678 1242 1710 sup-

501 1718 723 1761 plicationibus
743 1729 852 1751 eorum
879 1719 1005 1752 nomine
1030 1719 1119 1752 nobis
1147 1731 1242 1763 supet·

502 1772 561 1805 hoc
580 1772 743 1804 humiliter
759 1773 914 1816 porrectis
940 1772 1094 1811 inclinati,
1120 1783 1241 1806 necnon

502 1836 775 1869 quorumcumque
792 1826 1030 1869 privilegiorum
1056 1832 1085 1859 et
1110 1827 1242 1860 indulto-

503 1889 583 1919 rum,
601 1879 703 1911 eidem
724 1879 859 1922 collegio
873 1879 1023 1913 hactenus
1041 1880 1098 1912 sub
1116 1880 1241 1923 quibus—

502 1932 547 1964 vis
577 1932 746 1965 verborum
780 1933 1037 1976 expressionibus
1072 1939 1102 1966 et
1133 1933 1241 1966 formis

502 1995 740 2026 concessorum,
764 1987 1039 2031 praefatarumque
1064 1988 1238 2020 litterarum

502 2043 625 2071 tenores
650 2045 679 2071 et
703 2039 791 2072 datas
815 2039 907 2071 etiam
935 2039 1074 2073 veriores
1098 2050 1241 2083 praesen-

502 2091 584 2124 tibus
609 2103 666 2135 pro
691 2093 783 2136 plene
808 2098 837 2125 et
862 2092 1054 2125 sufficienter
1083 2093 1240 2136 expressis

502 2145 671 2186 babentes,
703 2146 808 2179 omnia
839 2151 868 2178 et
900 2145 1022 2189 singula
1054 2145 1238 2190 privilegia,

500 2199 627 2241 gratias,
652 2199 874 2243 exemptiones,
899 2199 1070 2239 libertates,
1097 2200 1240 2232 immuni-

501 2257 598 2293 tates,
624 2253 761 2293 favores,
786 2253 964 2294 facultates,
998 2253 1238 2294 concessiones,

499 2307 722 2345 emolumenta,
735 2307 1007 2350 praeeminentias,
1022 2307 1238 2347 simulationes,

498 2360 754 2402 praerogativas,
779 2360 903 2392 decreta
919 2387 926 2400 ‚
957 2360 1185 2394 declarationes
1209 2366 1239 2393 et

499 2413 618 2445 indulta
643 2424 870 2457 quaecumque,
896 2420 956 2446 tam
982 2425 1000 2446 a
1023 2414 1108 2447 Sixto
1131 2419 1160 2446 et
1181 2414 1238 2447 Ui·-

498 2466 581 2499 bano
606 2467 791 2510 praedictis,
817 2476 909 2510 quam
941 2467 980 2499 ab
1009 2467 1077 2500 aliis
1102 2467 1234 2511 quibus-

499 2530 633 2563 cumque
658 2521 805 2553 Romanis
832 2520 1034 2553 Pontificibus
1059 2520 1238 2564 praedeces-

537 2593 546 2618 t
566 2591 674 2626 Aliquid
690 2592 766 2618 deest
781 2600 812 2618 ex
837 2600 878 2626 gr.
894 2600 966 2619 cura
980 2593 1021 2620 vel
1040 2591 1237 2619 sollicitudine

501 2636 539 2662 vel
557 2637 739 2670 providentia
755 2641 801 2663 aut
815 2636 902 2663 siniilc
918 2640 954 2669 (tt.
972 2637 1019 2669 T.).

1283 655 1492 698 praesentium
1508 660 1660 698 perpetuo
1678 655 1892 698 approbamus
1906 660 1936 688 et
1951 665 2022 688 con-

1264 714 1266 743 t
1283 708 1455 741 firmamus.

1327 761 1340 803 g
1364 759 1394 793 3.
1422 761 1584 794 Praeterea
1614 771 1709 793 aurea
1739 766 1931 804 argentaque
1956 771 2019 794 nu-

1264 807 1265 818 *
1283 812 1436 852 misniam,
1455 823 1516 846 non
1538 819 1655 845 tantum
1674 813 1724 846 die
1742 813 1954 846 coronationis
1971 823 2020 846 cu-

1283 865 1405 898 iuslibet
1441 865 1571 899 Romani
1613 866 1792 906 Pontiticis,
1833 865 1886 899 sed
1925 867 2018 899 etiam

1281 919 1448 962 quotannis
1464 918 1513 951 die
1528 919 1604 952 sesto
1623 920 1784 952 beatorum
1802 919 2017 963 apostolorum

1282 971 1361 1005 Petri
1387 977 1416 1004 et
1442 972 1536 1012 Pauli,
1555 977 1645 1015 prout
1671 972 1793 1006 dilectis
1810 973 1927 1016 pariter
1946 971 2019 1006 filiis

1280 1036 1422 1058 camerae
1439 1032 1566 1059 nostrae
1584 1027 1773 1070 apostolicae
1791 1027 1915 1060 clericis
1932 1037 2019 1070 prae-

1261 1085 1263 1088 ⁴
1280 1078 1452 1111 sidentibus
1472 1078 1618 1112 distribui
1639 1083 1668 1112 et
1691 1079 1757 1112 dari
1779 1078 1885 1121 solet¹,
1904 1079 2019 1113 dnode-

1279 1131 1340 1164 cim
1357 1132 1519 1165 memorati
1539 1132 1661 1175 collegii
1680 1132 1821 1172 notariis,
1842 1137 1873 1165 et
1890 1133 2017 1166 illorum

1279 1184 1419 1227 singulis,
1443 1185 1470 1217 in
1496 1185 1620 1228 signum
1647 1185 1777 1219 honoris
1797 1186 1942 1219 similiter
1958 1186 2017 1219 dis-

1279 1238 1372 1271 tribui
1398 1243 1428 1272 et
1453 1239 1519 1271 dari
1545 1239 1754 1283 praecipimus
1774 1244 1803 1271 et
1821 1239 2016 1272 mandamus.

1322 1292 1336 1335 ἓ
1361 1292 1390 1324 Ιι.
1410 1293 1617 1326 Decernentes
1639 1293 1719 1336 ipsas
1737 1299 1917 1336 praesentes
1940 1293 2018 1327 litte—

1279 1355 1328 1378 ras
1353 1356 1479 1389 semper
1511 1346 1636 1386 sirmas,
1669 1346 1786 1378 validas
1815 1351 1844 1379 et
1875 1346 2018 1380 efficaces

1277 1398 1411 1431 existere
1441 1404 1470 1431 et
1502 1399 1578 1439 fore,
1612 1410 1647 1432 ac
1678 1399 1840 1443 praedicto
1872 1399 2016 1443 collegio,

1277 1452 1406 1495 eiusque
1432 1453 1576 1496 personis
1609 1463 1667 1495 pro
1700 1457 1843 1497 tempore
1867 1452 2013 1497 quando—

1277 1515 1411 1548 cumque
1447 1505 1651 1538 existentibus
1684 1505 1867 1549 plenissime
1898 1505 2013 1539 suffra-

1258 1577 1259 1580 =
1276 1559 1354 1601 gari,
1365 1559 1471 1602 sicque
1486 1559 1516 1591 in
1531 1559 1712 1602 praemissis
1726 1569 1783 1603 per
1799 1568 2017 1604 quoscumque

1258 1618 1260 1630 ¹
1277 1612 1394 1645 iudices
1418 1612 1595 1645 ordinarios
1609 1618 1639 1645 et
1652 1612 1821 1655 delegatos,
1837 1613 1931 1646 etiam
1946 1623 2017 1646 cau-

1276 1676 1381 1698 sarum
1399 1666 1503 1709 palatii
1518 1666 1682 1709 apostolici
1696 1666 1866 1707 auditores,
1886 1666 2016 1700 iudicari

1276 1725 1305 1752 et
1330 1719 1453 1752 deliniri
1479 1719 1604 1760 debere,
1621 1730 1656 1753 ac
1677 1720 1801 1753 irritum
1822 1724 1852 1754 el.
1872 1720 1973 1763 inane,
1991 1720 2016 1753 si

1276 1784 1364 1806 secus
1389 1783 1483 1816 super
1509 1774 1555 1805 bis
1579 1784 1596 1805 a
1620 1785 1798 1817 quoquam,
1829 1774 1938 1818 quavis
1962 1784 2016 1807 au-

1276 1827 1430 1867 ctoritate,
1455 1826 1590 1860 scienter
1612 1828 1656 1859 vel
1683 1827 1882 1870 ignoranter,
1909 1827 2012 1861 conti-

1275 1880 1357 1924 gerit
1381 1881 1535 1914 attentari.

1319 1934 1333 1977 g
1358 1933 1386 1966 5.
1419 1934 1486 1966 Non
1510 1933 1706 1968 obstantibus
1738 1934 2014 1968 constitutionibus

1275 1992 1304 2019 et
1328 1986 1578 2020 ordinationibus
1598 1987 1788 2031 apostolicis,
1813 1998 1849 2021 ac
1868 1987 2014 2021 omnibus

1275 2045 1304 2072 et
1337 2040 1468 2083 singulis
1500 2051 1579 2083 quae
1613 2041 1642 2072 in
1672 2040 1859 2084 supradictis
1883 2040 1958 2074 Sixti
1984 2045 2014 2074 et

1275 2093 1390 2126 Urbani
1416 2093 1695 2136 praedecessorum
1721 2093 1833 2127 litteris
1864 2103 2013 2128 concessa

1274 2152 1345 2179 sunt
1368 2156 1430 2179 non
1464 2146 1607 2187 obstare,
1641 2147 1816 2191 ceterisque
1847 2147 2013 2180 contrariis

1274 2200 1535 2244 quibuscumque.

1317 2253 1428 2285 Datum
1455 2254 1583 2294 Romae,
1614 2253 1697 2297 apud
1722 2253 1750 2286 S.
1777 2253 1903 2287 Mariam
1922 2253 2013 2288 Maio-

1274 2317 1350 2348 rem,
1365 2306 1422 2339 sub
1439 2307 1555 2339 annulo
1567 2306 1744 2347 Piscatoris,
1759 2306 1809 2339 die
1827 2317 1855 2339 1v
1874 2311 2012 2350 septem—

1274 2360 1338 2392 bris
1364 2369 1490 2399 unetvt,
1516 2360 1714 2403 pontificatus
1739 2360 1837 2393 nostri
1860 2371 1941 2394 anno
1961 2369 1992 2393 n.

1308 2423 1367 2449 Dat.
1385 2423 1428 2450 die
1445 2424 1459 2449 <l
1476 2423 1638 2458 septembris
1655 2423 1732 2457 1⁶56,
1750 2423 1842 2458 pontif.
1861 2431 1932 2451 anno
1947 2430 1975 2450 it.

1308 2530 1317 2554 1
1337 2528 1432 2564 Aptius
1448 2528 1508 2563 tege
1523 2529 1613 2556 solent
1630 2530 1666 2564 (n.
1679 2529 1726 2563 τ.).

2089 771 2212 796 Numimatn

2036 803 2101 819 uui-esi
2115 802 2136 820 οι
2145 805 2212 827 arnon·
2260 812 2262 814 v

2035 827 2069 846 tea
2079 826 2164 848 notariis
2172 827 2212 849 σοι.
2256 842 2257 846 ,

2034 851 2084 878 legii
2099 852 2143 873 itari
2155 858 2210 880 prn-

2035 878 2085 904 eipit
2093 884 2118 901 ae
2126 879 2214 903 mandat.

2045 1327 2048 1331 ἡ
2061 1300 2170 1324 Decretum
2183 1303 2208 1325 ts·

2033 1330 2070 1348 rita
2075 1334 2104 1350 ns.

2051 1938 2163 1962 Contrarit·
2169 1938 2201 1961 Δο-
2244 1945 2251 1966 q

2029 1968 2095 1992 rogat.
