<?xml version="1.0" encoding="UTF-8"?>
<!DOCTYPE html PUBLIC "-//W3C//DTD XHTML 1.0 Transitional//EN"
    "http://www.w3.org/TR/xhtml1/DTD/xhtml1-transitional.dtd">
<html xmlns="http://www.w3.org/1999/xhtml" xml:lang="en" lang="en">
 <head>
  <title>
</title>
<meta http-equiv="Content-Type" content="text/html;charset=utf-8" />
  <meta name='ocr-system' content='tesseract 3.04.00' />
  <meta name='ocr-capabilities' content='ocr_page ocr_carea ocr_par ocr_line ocrx_word'/>
</head>
<body>
  <div class='ocr_page' id='page_1' title='image "./bullarumdiplomat16cath_0401.png"; bbox 0 0 2243 3205; ppageno 0'>
   <div class='ocr_carea' id='block_1_1' title="bbox 13 227 948 1658">
    <p class='ocr_par' dir='ltr' id='par_1_1' title="bbox 13 227 943 583">
     <span class='ocr_line' id='line_1_1' title="bbox 13 227 189 258; baseline -0.028 0"><span class='ocrx_word' id='word_1_1' title='bbox 13 231 59 258; x_wconf 71' lang='lat' dir='ltr'>An.</span> <span class='ocrx_word' id='word_1_2' title='bbox 73 228 101 255; x_wconf 86' lang='lat' dir='ltr'>C.</span> <span class='ocrx_word' id='word_1_3' title='bbox 123 227 189 254; x_wconf 83' lang='lat'>¹658</span> 
     </span>
     <span class='ocr_line' id='line_1_2' title="bbox 202 274 941 318; baseline 0 -11"><span class='ocrx_word' id='word_1_4' title='bbox 202 274 283 307; x_wconf 91' lang='lat' dir='ltr'>tibus</span> <span class='ocrx_word' id='word_1_5' title='bbox 299 283 358 318; x_wconf 87' lang='lat' dir='ltr'>pro</span> <span class='ocrx_word' id='word_1_6' title='bbox 375 274 467 318; x_wconf 80' lang='lat' dir='ltr'>plene</span> <span class='ocrx_word' id='word_1_7' title='bbox 484 278 514 308; x_wconf 85' lang='lat' dir='ltr'>et</span> <span class='ocrx_word' id='word_1_8' title='bbox 531 274 722 308; x_wconf 88' lang='lat' dir='ltr'>sufficienter</span> <span class='ocrx_word' id='word_1_9' title='bbox 740 275 894 318; x_wconf 80' lang='lat' dir='ltr'>expressis</span> <span class='ocrx_word' id='word_1_10' title='bbox 911 278 941 307; x_wconf 87' lang='lat' dir='ltr'>et</span> 
     </span>
     <span class='ocr_line' id='line_1_3' title="bbox 202 326 941 370; baseline -0.001 -10"><span class='ocrx_word' id='word_1_11' title='bbox 202 326 240 360; x_wconf 86' lang='lat' dir='ltr'>ad</span> <span class='ocrx_word' id='word_1_12' title='bbox 264 326 396 360; x_wconf 85' lang='lat' dir='ltr'>verbum</span> <span class='ocrx_word' id='word_1_13' title='bbox 422 327 545 362; x_wconf 86' lang='lat' dir='ltr'>insertis</span> <span class='ocrx_word' id='word_1_14' title='bbox 577 328 747 370; x_wconf 87' lang='lat' dir='ltr'>habentes,</span> <span class='ocrx_word' id='word_1_15' title='bbox 778 328 838 360; x_wconf 90' lang='lat' dir='ltr'>illis</span> <span class='ocrx_word' id='word_1_16' title='bbox 866 327 941 360; x_wconf 77' lang='lat' dir='ltr'>alias</span> 
     </span>
     <span class='ocr_line' id='line_1_4' title="bbox 201 379 940 425; baseline 0 -13"><span class='ocrx_word' id='word_1_17' title='bbox 201 379 232 412; x_wconf 95' lang='lat' dir='ltr'>in</span> <span class='ocrx_word' id='word_1_18' title='bbox 249 389 306 413; x_wconf 91' lang='lat' dir='ltr'>suo</span> <span class='ocrx_word' id='word_1_19' title='bbox 331 380 448 414; x_wconf 80' lang='lat' dir='ltr'>robore</span> <span class='ocrx_word' id='word_1_20' title='bbox 475 381 701 425; x_wconf 80' lang='lat' dir='ltr'>permansuris,</span> <span class='ocrx_word' id='word_1_21' title='bbox 724 380 762 414; x_wconf 88' lang='lat' dir='ltr'>ad</span> <span class='ocrx_word' id='word_1_22' title='bbox 788 380 940 424; x_wconf 86' lang='lat' dir='ltr'>praemis-</span> 
     </span>
     <span class='ocr_line' id='line_1_5' title="bbox 203 433 942 478; baseline 0 -12"><span class='ocrx_word' id='word_1_23' title='bbox 203 443 310 466; x_wconf 88' lang='lat' dir='ltr'>sorum</span> <span class='ocrx_word' id='word_1_24' title='bbox 332 433 500 477; x_wconf 81' lang='lat' dir='ltr'>effectum,</span> <span class='ocrx_word' id='word_1_25' title='bbox 526 434 702 478; x_wconf 75' lang='lat' dir='ltr'>specialiter</span> <span class='ocrx_word' id='word_1_26' title='bbox 731 438 760 468; x_wconf 89' lang='lat' dir='ltr'>et</span> <span class='ocrx_word' id='word_1_27' title='bbox 795 443 942 478; x_wconf 77' lang='lat' dir='ltr'>expresse</span> 
     </span>
     <span class='ocr_line' id='line_1_6' title="bbox 202 485 943 532; baseline 0.003 -14"><span class='ocrx_word' id='word_1_28' title='bbox 202 485 407 529; x_wconf 80' lang='lat' dir='ltr'>derogamus;</span> <span class='ocrx_word' id='word_1_29' title='bbox 425 487 600 532; x_wconf 87' lang='lat' dir='ltr'>ceterisque</span> <span class='ocrx_word' id='word_1_30' title='bbox 624 488 790 521; x_wconf 74' lang='lat' dir='ltr'>contrariis</span> <span class='ocrx_word' id='word_1_31' title='bbox 814 487 943 532; x_wconf 88' lang='lat' dir='ltr'>quibus-</span> 
     </span>
     <span class='ocr_line' id='line_1_7' title="bbox 202 550 348 583; baseline 0.007 -11"><span class='ocrx_word' id='word_1_32' title='bbox 202 550 348 583; x_wconf 86' lang='lat' dir='ltr'>cumque.</span> 
     </span>
    </p>

    <p class='ocr_par' dir='ltr' id='par_1_2' title="bbox 202 593 946 1486">
     <span class='ocr_line' id='line_1_8' title="bbox 246 593 944 636; baseline 0.001 -10"><span class='ocrx_word' id='word_1_33' title='bbox 246 593 261 636; x_wconf 61' lang='lat' dir='ltr'><strong>g</strong></span> <span class='ocrx_word' id='word_1_34' title='bbox 285 593 314 626; x_wconf 81' lang='lat'>5.</span> <span class='ocrx_word' id='word_1_35' title='bbox 341 594 490 627; x_wconf 88' lang='lat' dir='ltr'>Volumus</span> <span class='ocrx_word' id='word_1_36' title='bbox 514 599 629 636; x_wconf 90' lang='lat' dir='ltr'>autem,</span> <span class='ocrx_word' id='word_1_37' title='bbox 654 601 683 628; x_wconf 92' lang='lat' dir='ltr'>et</span> <span class='ocrx_word' id='word_1_38' title='bbox 707 595 815 628; x_wconf 79' lang='lat' dir='ltr'>eadem</span> <span class='ocrx_word' id='word_1_39' title='bbox 841 599 944 627; x_wconf 91' lang='lat' dir='ltr'>aucto-</span> 
     </span>
     <span class='ocr_line' id='line_1_9' title="bbox 203 646 944 692; baseline 0.003 -14"><span class='ocrx_word' id='word_1_40' title='bbox 203 646 347 680; x_wconf 85' lang='lat' dir='ltr'>ctoritate</span> <span class='ocrx_word' id='word_1_41' title='bbox 371 647 580 689; x_wconf 89' lang='lat' dir='ltr'>decernimus,</span> <span class='ocrx_word' id='word_1_42' title='bbox 601 653 635 681; x_wconf 84' lang='lat' dir='ltr'>ut</span> <span class='ocrx_word' id='word_1_43' title='bbox 659 653 840 692; x_wconf 79' lang='lat' dir='ltr'>praesentes</span> <span class='ocrx_word' id='word_1_44' title='bbox 866 648 944 680; x_wconf 90' lang='lat' dir='ltr'>litte-</span> 
     </span>
     <span class='ocr_line' id='line_1_10' title="bbox 202 700 943 745; baseline 0.004 -14"><span class='ocrx_word' id='word_1_45' title='bbox 202 709 266 739; x_wconf 87' lang='lat' dir='ltr'>rae,</span> <span class='ocrx_word' id='word_1_46' title='bbox 287 710 343 733; x_wconf 90' lang='lat' dir='ltr'>seu</span> <span class='ocrx_word' id='word_1_47' title='bbox 359 700 484 733; x_wconf 88' lang='lat' dir='ltr'>illarum</span> <span class='ocrx_word' id='word_1_48' title='bbox 499 702 650 745; x_wconf 82' lang='lat' dir='ltr'>exempla,</span> <span class='ocrx_word' id='word_1_49' title='bbox 668 702 759 734; x_wconf 90' lang='lat' dir='ltr'>etiam</span> <span class='ocrx_word' id='word_1_50' title='bbox 779 702 943 745; x_wconf 84' lang='lat' dir='ltr'>impressa,</span> 
     </span>
     <span class='ocr_line' id='line_1_11' title="bbox 204 753 943 798; baseline 0.001 -12"><span class='ocrx_word' id='word_1_51' title='bbox 204 753 235 786; x_wconf 90' lang='lat' dir='ltr'>in</span> <span class='ocrx_word' id='word_1_52' title='bbox 260 753 319 787; x_wconf 85' lang='lat' dir='ltr'>hac</span> <span class='ocrx_word' id='word_1_53' title='bbox 343 754 426 787; x_wconf 76' lang='lat' dir='ltr'>alma</span> <span class='ocrx_word' id='word_1_54' title='bbox 451 754 534 787; x_wconf 85' lang='lat' dir='ltr'>Urbe</span> <span class='ocrx_word' id='word_1_55' title='bbox 558 756 667 788; x_wconf 74' lang='lat' dir='ltr'>nostra</span> <span class='ocrx_word' id='word_1_56' title='bbox 693 755 860 798; x_wconf 83' lang='lat' dir='ltr'>affigantur</span> <span class='ocrx_word' id='word_1_57' title='bbox 887 764 943 798; x_wconf 88' lang='lat' dir='ltr'>per</span> 
     </span>
     <span class='ocr_line' id='line_1_12' title="bbox 202 805 944 850; baseline 0.003 -12"><span class='ocrx_word' id='word_1_58' title='bbox 202 805 339 850; x_wconf 82' lang='lat' dir='ltr'>aliquem</span> <span class='ocrx_word' id='word_1_59' title='bbox 364 818 401 840; x_wconf 84' lang='lat' dir='ltr'>ex</span> <span class='ocrx_word' id='word_1_60' title='bbox 427 808 609 841; x_wconf 81' lang='lat' dir='ltr'>cursoribus</span> <span class='ocrx_word' id='word_1_61' title='bbox 638 808 754 842; x_wconf 89' lang='lat' dir='ltr'>nostris</span> <span class='ocrx_word' id='word_1_62' title='bbox 778 808 816 841; x_wconf 88' lang='lat' dir='ltr'>ad</span> <span class='ocrx_word' id='word_1_63' title='bbox 841 809 944 841; x_wconf 87' lang='lat' dir='ltr'>valvas</span> 
     </span>
     <span class='ocr_line' id='line_1_13' title="bbox 202 859 944 906; baseline 0.003 -14"><span class='ocrx_word' id='word_1_64' title='bbox 202 859 349 893; x_wconf 78' lang='lat' dir='ltr'>basilicae</span> <span class='ocrx_word' id='word_1_65' title='bbox 374 860 527 905; x_wconf 91' lang='lat' dir='ltr'>Principis</span> <span class='ocrx_word' id='word_1_66' title='bbox 552 862 793 906; x_wconf 79' lang='lat' dir='ltr'>Apostolorum,</span> <span class='ocrx_word' id='word_1_67' title='bbox 816 862 863 894; x_wconf 91' lang='lat' dir='ltr'>vel</span> <span class='ocrx_word' id='word_1_68' title='bbox 888 872 944 905; x_wconf 87' lang='lat' dir='ltr'>per</span> 
     </span>
     <span class='ocr_line' id='line_1_14' title="bbox 203 915 943 958; baseline 0.004 -13"><span class='ocrx_word' id='word_1_69' title='bbox 203 923 435 958; x_wconf 85' lang='lat' dir='ltr'>quemcumque</span> <span class='ocrx_word' id='word_1_70' title='bbox 466 915 562 948; x_wconf 86' lang='lat' dir='ltr'>alium</span> <span class='ocrx_word' id='word_1_71' title='bbox 595 915 626 948; x_wconf 91' lang='lat' dir='ltr'>in</span> <span class='ocrx_word' id='word_1_72' title='bbox 651 916 776 949; x_wconf 88' lang='lat' dir='ltr'>civitate</span> <span class='ocrx_word' id='word_1_73' title='bbox 800 916 943 957; x_wconf 78' lang='lat' dir='ltr'>Astensi,</span> 
     </span>
     <span class='ocr_line' id='line_1_15' title="bbox 203 968 944 1012; baseline 0 -11"><span class='ocrx_word' id='word_1_74' title='bbox 203 978 283 1012; x_wconf 85' lang='lat' dir='ltr'>quae</span> <span class='ocrx_word' id='word_1_75' title='bbox 308 968 353 1001; x_wconf 88' lang='lat' dir='ltr'>sic</span> <span class='ocrx_word' id='word_1_76' title='bbox 377 968 469 1001; x_wconf 80' lang='lat' dir='ltr'>affixa</span> <span class='ocrx_word' id='word_1_77' title='bbox 486 969 529 1001; x_wconf 86' lang='lat' dir='ltr'>ita</span> <span class='ocrx_word' id='word_1_78' title='bbox 545 980 654 1003; x_wconf 89' lang='lat' dir='ltr'>omnes</span> <span class='ocrx_word' id='word_1_79' title='bbox 679 973 800 1004; x_wconf 88' lang='lat' dir='ltr'>arctent</span> <span class='ocrx_word' id='word_1_80' title='bbox 824 974 854 1001; x_wconf 86' lang='lat' dir='ltr'>et</span> <span class='ocrx_word' id='word_1_81' title='bbox 878 969 944 1002; x_wconf 82' lang='lat' dir='ltr'>affi-</span> 
     </span>
     <span class='ocr_line' id='line_1_16' title="bbox 204 1022 941 1067; baseline 0.001 -12"><span class='ocrx_word' id='word_1_82' title='bbox 204 1022 298 1062; x_wconf 86' lang='lat' dir='ltr'>ciant,</span> <span class='ocrx_word' id='word_1_83' title='bbox 327 1032 362 1056; x_wconf 89' lang='lat' dir='ltr'>ac</span> <span class='ocrx_word' id='word_1_84' title='bbox 386 1022 411 1055; x_wconf 92' lang='lat' dir='ltr'>si</span> <span class='ocrx_word' id='word_1_85' title='bbox 436 1022 607 1066; x_wconf 88' lang='lat' dir='ltr'>unicuique</span> <span class='ocrx_word' id='word_1_86' title='bbox 632 1024 842 1067; x_wconf 80' lang='lat' dir='ltr'>personaliter</span> <span class='ocrx_word' id='word_1_87' title='bbox 866 1023 941 1055; x_wconf 90' lang='lat' dir='ltr'>inti-</span> 
     </span>
     <span class='ocr_line' id='line_1_17' title="bbox 205 1075 946 1120; baseline 0 -11"><span class='ocrx_word' id='word_1_88' title='bbox 205 1081 305 1109; x_wconf 85' lang='lat' dir='ltr'>matae</span> <span class='ocrx_word' id='word_1_89' title='bbox 326 1075 471 1116; x_wconf 82' lang='lat' dir='ltr'>fuissent;</span> <span class='ocrx_word' id='word_1_90' title='bbox 489 1075 637 1120; x_wconf 88' lang='lat' dir='ltr'>quodque</span> <span class='ocrx_word' id='word_1_91' title='bbox 654 1076 836 1109; x_wconf 87' lang='lat' dir='ltr'>earumdem</span> <span class='ocrx_word' id='word_1_92' title='bbox 856 1087 946 1120; x_wconf 88' lang='lat' dir='ltr'>prae-</span> 
     </span>
     <span class='ocr_line' id='line_1_18' title="bbox 205 1128 944 1173; baseline 0.001 -12"><span class='ocrx_word' id='word_1_93' title='bbox 205 1128 339 1162; x_wconf 88' lang='lat' dir='ltr'>sentium</span> <span class='ocrx_word' id='word_1_94' title='bbox 371 1129 599 1173; x_wconf 81' lang='lat' dir='ltr'>transumptis,</span> <span class='ocrx_word' id='word_1_95' title='bbox 631 1129 723 1162; x_wconf 86' lang='lat' dir='ltr'>etiam</span> <span class='ocrx_word' id='word_1_96' title='bbox 761 1129 944 1173; x_wconf 71' lang='lat' dir='ltr'>impressis,</span> 
     </span>
     <span class='ocr_line' id='line_1_19' title="bbox 206 1182 945 1227; baseline 0 -12"><span class='ocrx_word' id='word_1_97' title='bbox 206 1192 301 1216; x_wconf 87' lang='lat' dir='ltr'>manu</span> <span class='ocrx_word' id='word_1_98' title='bbox 320 1182 451 1216; x_wconf 89' lang='lat' dir='ltr'>alicuius</span> <span class='ocrx_word' id='word_1_99' title='bbox 472 1182 585 1216; x_wconf 87' lang='lat' dir='ltr'>notarii</span> <span class='ocrx_word' id='word_1_100' title='bbox 609 1183 728 1227; x_wconf 89' lang='lat' dir='ltr'>publici</span> <span class='ocrx_word' id='word_1_101' title='bbox 749 1183 945 1226; x_wconf 57' lang='lat' dir='ltr'>subscriptis</span> 
     </span>
     <span class='ocr_line' id='line_1_20' title="bbox 205 1237 946 1281; baseline -0.001 -11"><span class='ocrx_word' id='word_1_102' title='bbox 205 1241 235 1270; x_wconf 85' lang='lat' dir='ltr'>et</span> <span class='ocrx_word' id='word_1_103' title='bbox 259 1237 362 1281; x_wconf 81' lang='lat' dir='ltr'>sigillo</span> <span class='ocrx_word' id='word_1_104' title='bbox 390 1247 544 1281; x_wconf 82' lang='lat' dir='ltr'>personae</span> <span class='ocrx_word' id='word_1_105' title='bbox 568 1237 599 1270; x_wconf 91' lang='lat' dir='ltr'>in</span> <span class='ocrx_word' id='word_1_106' title='bbox 624 1237 776 1280; x_wconf 79' lang='lat' dir='ltr'>dignitate</span> <span class='ocrx_word' id='word_1_107' title='bbox 800 1237 946 1270; x_wconf 86' lang='lat' dir='ltr'>ecclesia-</span> 
     </span>
     <span class='ocr_line' id='line_1_21' title="bbox 205 1289 946 1334; baseline -0.001 -11"><span class='ocrx_word' id='word_1_108' title='bbox 205 1289 282 1324; x_wconf 65' lang='lat' dir='ltr'>stica</span> <span class='ocrx_word' id='word_1_109' title='bbox 307 1290 494 1324; x_wconf 82' lang='lat' dir='ltr'>constitutae</span> <span class='ocrx_word' id='word_1_110' title='bbox 519 1290 656 1331; x_wconf 87' lang='lat' dir='ltr'>munitis,</span> <span class='ocrx_word' id='word_1_111' title='bbox 682 1290 790 1324; x_wconf 88' lang='lat' dir='ltr'>eadem</span> <span class='ocrx_word' id='word_1_112' title='bbox 815 1301 946 1334; x_wconf 88' lang='lat' dir='ltr'>prorsus</span> 
     </span>
     <span class='ocr_line' id='line_1_22' title="bbox 206 1344 946 1388; baseline 0 -11"><span class='ocrx_word' id='word_1_113' title='bbox 206 1344 283 1377; x_wconf 85' lang='lat' dir='ltr'>fides</span> <span class='ocrx_word' id='word_1_114' title='bbox 308 1344 338 1377; x_wconf 91' lang='lat' dir='ltr'>in</span> <span class='ocrx_word' id='word_1_115' title='bbox 364 1344 480 1378; x_wconf 89' lang='lat' dir='ltr'>iudicio</span> <span class='ocrx_word' id='word_1_116' title='bbox 509 1349 538 1377; x_wconf 91' lang='lat' dir='ltr'>et</span> <span class='ocrx_word' id='word_1_117' title='bbox 562 1349 647 1378; x_wconf 81' lang='lat' dir='ltr'>extra</span> <span class='ocrx_word' id='word_1_118' title='bbox 674 1344 837 1387; x_wconf 79' lang='lat' dir='ltr'>habeatur,</span> <span class='ocrx_word' id='word_1_119' title='bbox 867 1355 946 1388; x_wconf 85' lang='lat' dir='ltr'>quae</span> 
     </span>
     <span class='ocr_line' id='line_1_23' title="bbox 206 1398 946 1442; baseline -0.001 -11"><span class='ocrx_word' id='word_1_120' title='bbox 206 1398 424 1442; x_wconf 86' lang='lat' dir='ltr'>praesentibus</span> <span class='ocrx_word' id='word_1_121' title='bbox 449 1398 628 1439; x_wconf 84' lang='lat' dir='ltr'>baberetur,</span> <span class='ocrx_word' id='word_1_122' title='bbox 650 1399 673 1432; x_wconf 90' lang='lat' dir='ltr'>si</span> <span class='ocrx_word' id='word_1_123' title='bbox 699 1399 801 1431; x_wconf 78' lang='lat' dir='ltr'>forent</span> <span class='ocrx_word' id='word_1_124' title='bbox 825 1398 946 1431; x_wconf 79' lang='lat' dir='ltr'>exhibi-</span> 
     </span>
     <span class='ocr_line' id='line_1_24' title="bbox 206 1452 503 1486; baseline 0 -1"><span class='ocrx_word' id='word_1_125' title='bbox 206 1458 255 1485; x_wconf 85' lang='lat' dir='ltr'>tae</span> <span class='ocrx_word' id='word_1_126' title='bbox 279 1452 326 1486; x_wconf 90' lang='lat' dir='ltr'>vel</span> <span class='ocrx_word' id='word_1_127' title='bbox 352 1457 503 1486; x_wconf 86' lang='lat' dir='ltr'>ostensae.</span> 
     </span>
    </p>

    <p class='ocr_par' dir='ltr' id='par_1_3' title="bbox 207 1505 948 1658">
     <span class='ocr_line' id='line_1_25' title="bbox 250 1505 948 1550; baseline -0.001 -11"><span class='ocrx_word' id='word_1_128' title='bbox 250 1506 361 1539; x_wconf 81' lang='lat' dir='ltr'>Datum</span> <span class='ocrx_word' id='word_1_129' title='bbox 390 1507 517 1547; x_wconf 83' lang='lat' dir='ltr'>Romae,</span> <span class='ocrx_word' id='word_1_130' title='bbox 542 1506 625 1550; x_wconf 90' lang='lat' dir='ltr'>apud</span> <span class='ocrx_word' id='word_1_131' title='bbox 655 1507 684 1540; x_wconf 78' lang='lat' dir='ltr'>S.</span> <span class='ocrx_word' id='word_1_132' title='bbox 712 1505 837 1539; x_wconf 80' lang='lat' dir='ltr'>Mariani</span> <span class='ocrx_word' id='word_1_133' title='bbox 858 1505 948 1538; x_wconf 74' lang='lat' dir='ltr'>Maio-</span> 
     </span>
     <span class='ocr_line' id='line_1_26' title="bbox 207 1560 947 1602; baseline -0.003 -9"><span class='ocrx_word' id='word_1_134' title='bbox 207 1570 284 1601; x_wconf 85' lang='lat' dir='ltr'>rem,</span> <span class='ocrx_word' id='word_1_135' title='bbox 305 1560 364 1593; x_wconf 87' lang='lat' dir='ltr'>sub</span> <span class='ocrx_word' id='word_1_136' title='bbox 399 1560 514 1593; x_wconf 90' lang='lat' dir='ltr'>annulo</span> <span class='ocrx_word' id='word_1_137' title='bbox 533 1560 711 1600; x_wconf 75' lang='lat' dir='ltr'>piscatoris,</span> <span class='ocrx_word' id='word_1_138' title='bbox 729 1560 779 1592; x_wconf 88' lang='lat' dir='ltr'>die</span> <span class='ocrx_word' id='word_1_139' title='bbox 793 1570 832 1593; x_wconf 81' lang='lat' dir='ltr'>xx</span> <span class='ocrx_word' id='word_1_140' title='bbox 852 1570 947 1602; x_wconf 80' lang='lat' dir='ltr'>augu-</span> 
     </span>
     <span class='ocr_line' id='line_1_27' title="bbox 207 1613 946 1658; baseline -0.003 -11"><span class='ocrx_word' id='word_1_141' title='bbox 207 1614 245 1647; x_wconf 84' lang='lat' dir='ltr'>sti</span> <span class='ocrx_word' id='word_1_142' title='bbox 270 1623 431 1656; x_wconf 65' lang='lat' dir='ltr'>Mncrvin,</span> <span class='ocrx_word' id='word_1_143' title='bbox 457 1614 658 1658; x_wconf 83' lang='lat' dir='ltr'>pontificatus</span> <span class='ocrx_word' id='word_1_144' title='bbox 683 1613 781 1647; x_wconf 84' lang='lat' dir='ltr'>nostri</span> <span class='ocrx_word' id='word_1_145' title='bbox 802 1623 884 1646; x_wconf 88' lang='lat' dir='ltr'>anno</span> <span class='ocrx_word' id='word_1_146' title='bbox 905 1623 946 1646; x_wconf 78' lang='lat' dir='ltr'>iv.</span> 
     </span>
    </p>
   </div>
   <div class='ocr_carea' id='block_1_2' title="bbox 13 609 187 658">
    <p class='ocr_par' dir='ltr' id='par_1_4' title="bbox 13 609 187 658">
     <span class='ocr_line' id='line_1_28' title="bbox 45 609 187 634; baseline -0.021 -4"><span class='ocrx_word' id='word_1_147' title='bbox 45 609 187 634; x_wconf 61' lang='lat' dir='ltr'>Transumpto·</span> 
     </span>
     <span class='ocr_line' id='line_1_29' title="bbox 13 635 123 658; baseline -0.027 0"><span class='ocrx_word' id='word_1_148' title='bbox 13 641 54 658; x_wconf 82' lang='lat' dir='ltr'>mm</span> <span class='ocrx_word' id='word_1_149' title='bbox 67 635 123 656; x_wconf 82' lang='lat' dir='ltr'>tides.</span> 
     </span>
    </p>
   </div>
   <div class='ocr_carea' id='block_1_3' title="bbox 243 1676 898 1711">
    <p class='ocr_par' dir='ltr' id='par_1_5' title="bbox 243 1676 898 1711">
     <span class='ocr_line' id='line_1_30' title="bbox 243 1676 898 1711; baseline -0.002 -8"><span class='ocrx_word' id='word_1_150' title='bbox 243 1676 301 1703; x_wconf 87' lang='lat' dir='ltr'>Dat.</span> <span class='ocrx_word' id='word_1_151' title='bbox 323 1676 365 1704; x_wconf 86' lang='lat' dir='ltr'>die</span> <span class='ocrx_word' id='word_1_152' title='bbox 384 1677 419 1704; x_wconf 62' lang='lat'>90</span> <span class='ocrx_word' id='word_1_153' title='bbox 439 1676 546 1711; x_wconf 83' lang='lat' dir='ltr'>augusti</span> <span class='ocrx_word' id='word_1_154' title='bbox 568 1676 645 1710; x_wconf 79' lang='lat'>1658,</span> <span class='ocrx_word' id='word_1_155' title='bbox 663 1676 758 1711; x_wconf 82' lang='lat' dir='ltr'>pontis.</span> <span class='ocrx_word' id='word_1_156' title='bbox 778 1684 846 1703; x_wconf 81' lang='lat' dir='ltr'>anno</span> <span class='ocrx_word' id='word_1_157' title='bbox 864 1683 898 1703; x_wconf 84' lang='lat' dir='ltr'>iv.</span> 
     </span>
    </p>
   </div>
   <div class='ocr_carea' id='block_1_4' title="bbox 210 1900 952 2307">
    <p class='ocr_par' dir='ltr' id='par_1_6' title="bbox 210 1900 952 2307">
     <span class='ocr_line' id='line_1_31' title="bbox 210 1900 945 1943; baseline -0.001 -10"><span class='ocrx_word' id='word_1_158' title='bbox 210 1900 418 1943; x_wconf 78' lang='lat' dir='ltr'>Confirmatio</span> <span class='ocrx_word' id='word_1_159' title='bbox 456 1900 701 1943; x_wconf 69' lang='lat' dir='ltr'>pririlcqz&#39;ortcm</span> <span class='ocrx_word' id='word_1_160' title='bbox 721 1926 727 1935; x_wconf 83' lang='lat'>,</span> <span class='ocrx_word' id='word_1_161' title='bbox 768 1900 945 1943; x_wconf 69' lang='lat' dir='ltr'>exemptio-</span> 
     </span>
     <span class='ocr_line' id='line_1_32' title="bbox 253 1953 950 1996; baseline 0 -11"><span class='ocrx_word' id='word_1_162' title='bbox 253 1963 344 1993; x_wconf 79' lang='lat' dir='ltr'>num,</span> <span class='ocrx_word' id='word_1_163' title='bbox 371 1954 578 1993; x_wconf 76' lang='lat' dir='ltr'>libertatum,</span> <span class='ocrx_word' id='word_1_164' title='bbox 599 1953 859 1993; x_wconf 59' lang='lat' dir='ltr'>imnmenitattmz,</span> <span class='ocrx_word' id='word_1_165' title='bbox 878 1964 950 1996; x_wconf 54' lang='grc' dir='ltr'>θνα·</span> 
     </span>
     <span class='ocr_line' id='line_1_33' title="bbox 255 2005 950 2049; baseline -0.001 -10"><span class='ocrx_word' id='word_1_166' title='bbox 255 2008 388 2047; x_wconf 76' lang='lat' dir='ltr'>tiorum,</span> <span class='ocrx_word' id='word_1_167' title='bbox 414 2005 697 2049; x_wconf 71' lang='lat' dir='ltr'>iqulqentiarum</span> <span class='ocrx_word' id='word_1_168' title='bbox 723 2010 778 2040; x_wconf 80' lang='lat' dir='ltr'>clc.</span> <span class='ocrx_word' id='word_1_169' title='bbox 806 2008 950 2049; x_wconf 66' lang='lat' dir='ltr'>fratrum</span> 
     </span>
     <span class='ocr_line' id='line_1_34' title="bbox 254 2059 951 2102; baseline -0.001 -10"><span class='ocrx_word' id='word_1_170' title='bbox 254 2060 464 2093; x_wconf 76' lang='lat' dir='ltr'>cremitarum</span> <span class='ocrx_word' id='word_1_171' title='bbox 476 2059 609 2093; x_wconf 75' lang='lat' dir='ltr'>Ordinis</span> <span class='ocrx_word' id='word_1_172' title='bbox 619 2060 724 2092; x_wconf 65' lang='lat' dir='ltr'>saneti</span> <span class='ocrx_word' id='word_1_173' title='bbox 733 2060 836 2092; x_wconf 72' lang='lat' dir='ltr'>Pauli</span> <span class='ocrx_word' id='word_1_174' title='bbox 847 2059 951 2102; x_wconf 72' lang='lat' dir='ltr'>primi</span> 
     </span>
     <span class='ocr_line' id='line_1_35' title="bbox 254 2112 952 2155; baseline 0 -10"><span class='ocrx_word' id='word_1_175' title='bbox 254 2112 407 2146; x_wconf 74' lang='lat' dir='ltr'>eremitae</span> <span class='ocrx_word' id='word_1_176' title='bbox 423 2113 480 2144; x_wconf 75' lang='lat' dir='ltr'>sub</span> <span class='ocrx_word' id='word_1_177' title='bbox 498 2112 613 2154; x_wconf 63' lang='lat' dir='ltr'>remitti</span> <span class='ocrx_word' id='word_1_178' title='bbox 631 2112 661 2146; x_wconf 82' lang='lat' dir='ltr'>S.</span> <span class='ocrx_word' id='word_1_179' title='bbox 677 2112 868 2155; x_wconf 68' lang='lat' dir='ltr'>Auyustim&#39;,</span> <span class='ocrx_word' id='word_1_180' title='bbox 886 2122 952 2145; x_wconf 80' lang='lat' dir='ltr'>nec-</span> 
     </span>
     <span class='ocr_line' id='line_1_36' title="bbox 255 2165 950 2209; baseline -0.003 -10"><span class='ocrx_word' id='word_1_181' title='bbox 255 2176 320 2199; x_wconf 77' lang='lat' dir='ltr'>non</span> <span class='ocrx_word' id='word_1_182' title='bbox 360 2165 665 2198; x_wconf 75' lang='lat' dir='ltr'>communicationis</span> <span class='ocrx_word' id='word_1_183' title='bbox 700 2166 950 2209; x_wconf 68' lang='lat' dir='ltr'>privileqz&#39;orum</span> 
     </span>
     <span class='ocr_line' id='line_1_37' title="bbox 255 2218 951 2263; baseline -0.001 -11"><span class='ocrx_word' id='word_1_184' title='bbox 255 2218 491 2263; x_wconf 74' lang='lat' dir='ltr'>quomodolibet</span> <span class='ocrx_word' id='word_1_185' title='bbox 541 2229 760 2252; x_wconf 76' lang='lat' dir='ltr'>concessorum</span> <span class='ocrx_word' id='word_1_186' title='bbox 801 2220 951 2263; x_wconf 77' lang='lat' dir='ltr'>patribus</span> 
     </span>
     <span class='ocr_line' id='line_1_38' title="bbox 258 2272 693 2307; baseline -0.005 0"><span class='ocrx_word' id='word_1_187' title='bbox 258 2272 392 2307; x_wconf 78' lang='lat' dir='ltr'>Ordinis</span> <span class='ocrx_word' id='word_1_188' title='bbox 419 2272 660 2307; x_wconf 73' lang='lat' dir='ltr'>Cctrlliusicnse&#39;s</span> <span class='ocrx_word' id='word_1_189' title='bbox 677 2272 693 2305; x_wconf 80' lang='lat'>¹.</span> 
     </span>
    </p>
   </div>
   <div class='ocr_carea' id='block_1_5' title="bbox 337 2351 832 2430">
    <p class='ocr_par' dir='ltr' id='par_1_7' title="bbox 337 2351 832 2430">
     <span class='ocr_line' id='line_1_39' title="bbox 408 2351 755 2386; baseline 0 -8"><span class='ocrx_word' id='word_1_190' title='bbox 408 2351 575 2378; x_wconf 83' lang='lat' dir='ltr'>Alexander</span> <span class='ocrx_word' id='word_1_191' title='bbox 596 2352 674 2386; x_wconf 83' lang='lat' dir='ltr'>Papa</span> <span class='ocrx_word' id='word_1_192' title='bbox 694 2352 755 2386; x_wconf 88' lang='lat' dir='ltr'>VII,</span> 
     </span>
     <span class='ocr_line' id='line_1_40' title="bbox 337 2396 832 2430; baseline -0.002 -7"><span class='ocrx_word' id='word_1_193' title='bbox 337 2397 370 2423; x_wconf 78' lang='lat' dir='ltr'>ad</span> <span class='ocrx_word' id='word_1_194' title='bbox 392 2398 569 2430; x_wconf 84' lang='lat' dir='ltr'>perpetuam</span> <span class='ocrx_word' id='word_1_195' title='bbox 589 2396 634 2423; x_wconf 76' lang='lat' dir='ltr'>rei</span> <span class='ocrx_word' id='word_1_196' title='bbox 650 2396 832 2423; x_wconf 82' lang='lat' dir='ltr'>memoriam.</span> 
     </span>
    </p>
   </div>
   <div class='ocr_carea' id='block_1_6' title="bbox 213 2466 955 2564">
    <p class='ocr_par' dir='ltr' id='par_1_8' title="bbox 213 2466 955 2564">
     <span class='ocr_line' id='line_1_41' title="bbox 257 2466 954 2511; baseline -0.001 -11"><span class='ocrx_word' id='word_1_197' title='bbox 257 2467 290 2500; x_wconf 90' lang='lat' dir='ltr'>ln</span> <span class='ocrx_word' id='word_1_198' title='bbox 317 2477 466 2511; x_wconf 82' lang='lat' dir='ltr'>supremo</span> <span class='ocrx_word' id='word_1_199' title='bbox 499 2466 659 2500; x_wconf 85' lang='lat' dir='ltr'>militantis</span> <span class='ocrx_word' id='word_1_200' title='bbox 689 2467 844 2499; x_wconf 75' lang='lat' dir='ltr'>Ecclesiae</span> <span class='ocrx_word' id='word_1_201' title='bbox 876 2466 954 2500; x_wconf 87' lang='lat' dir='ltr'>solio</span> 
     </span>
     <span class='ocr_line' id='line_1_42' title="bbox 213 2519 955 2564; baseline -0.004 -10"><span class='ocrx_word' id='word_1_202' title='bbox 213 2530 269 2564; x_wconf 85' lang='lat' dir='ltr'>per</span> <span class='ocrx_word' id='word_1_203' title='bbox 286 2520 474 2553; x_wconf 76' lang='lat' dir='ltr'>ineffabilem</span> <span class='ocrx_word' id='word_1_204' title='bbox 494 2520 616 2552; x_wconf 84' lang='lat' dir='ltr'>divinae</span> <span class='ocrx_word' id='word_1_205' title='bbox 634 2519 782 2552; x_wconf 82' lang='lat' dir='ltr'>bonilatis</span> <span class='ocrx_word' id='word_1_206' title='bbox 795 2519 955 2552; x_wconf 86' lang='lat' dir='ltr'>abundan-</span> 
     </span>
    </p>
   </div>
   <div class='ocr_carea' id='block_1_7' title="bbox 252 2636 722 2673">
    <p class='ocr_par' dir='ltr' id='par_1_9' title="bbox 252 2636 722 2673">
     <span class='ocr_line' id='line_1_43' title="bbox 252 2636 722 2673; baseline -0.002 -9"><span class='ocrx_word' id='word_1_207' title='bbox 252 2638 261 2665; x_wconf 89' lang='lat'>1</span> <span class='ocrx_word' id='word_1_208' title='bbox 286 2636 321 2664; x_wconf 78' lang='lat' dir='ltr'>Ex</span> <span class='ocrx_word' id='word_1_209' title='bbox 342 2638 450 2673; x_wconf 84' lang='lat' dir='ltr'>Regest.</span> <span class='ocrx_word' id='word_1_210' title='bbox 474 2637 500 2663; x_wconf 91' lang='lat' dir='ltr'>in</span> <span class='ocrx_word' id='word_1_211' title='bbox 520 2636 622 2664; x_wconf 83' lang='lat' dir='ltr'>Secret.</span> <span class='ocrx_word' id='word_1_212' title='bbox 647 2636 722 2664; x_wconf 66' lang='lat' dir='ltr'>[trev.</span> 
     </span>
    </p>
   </div>
   <div class='ocr_carea' id='block_1_8' title="bbox 5 1193 27 2544">
    <p class='ocr_par' dir='ltr' id='par_1_10' title="bbox 5 1193 27 2544">
     <span class='ocr_line' id='line_1_44' title="bbox 5 1193 12 1328; baseline 0 0"><span class='ocrx_word' id='word_1_213' title='bbox 5 1193 12 1328; x_wconf 79' lang='lat' dir='ltr'>l</span> 
     </span>
     <span class='ocr_line' id='line_1_45' title="bbox 7 1334 15 1614; baseline 0 0"><span class='ocrx_word' id='word_1_214' title='bbox 7 1334 15 1614; x_wconf 73' lang='lat' dir='ltr'>l</span> 
     </span>
     <span class='ocr_line' id='line_1_46' title="bbox 14 1836 20 1963; baseline 0 -28"><span class='ocrx_word' id='word_1_215' title='bbox 14 1836 20 1963; x_wconf 65' lang='lat'>3</span> 
     </span>
     <span class='ocr_line' id='line_1_47' title="bbox 16 1966 21 2031; baseline 0 -5"><span class='ocrx_word' id='word_1_216' title='bbox 16 1966 21 2031; x_wconf 75' lang='lat' dir='ltr'>{l</span> 
     </span>
     <span class='ocr_line' id='line_1_48' title="bbox 18 2050 23 2264; baseline 0 -23"><span class='ocrx_word' id='word_1_217' title='bbox 18 2050 23 2264; x_wconf 68' lang='lat' dir='ltr'>l</span> 
     </span>
     <span class='ocr_line' id='line_1_49' title="bbox 23 2442 27 2544; baseline 0 -25"><span class='ocrx_word' id='word_1_218' title='bbox 23 2442 27 2544; x_wconf 62' lang='grc' dir='ltr'><strong>ς</strong></span> 
     </span>
    </p>
   </div>
   <div class='ocr_carea' id='block_1_9' title="bbox 800 226 1120 251">
    <p class='ocr_par' dir='ltr' id='par_1_11' title="bbox 800 226 1120 251">
     <span class='ocr_line' id='line_1_50' title="bbox 800 226 1120 251; baseline 0 -1"><span class='ocrx_word' id='word_1_219' title='bbox 800 226 984 250; x_wconf 75' lang='lat' dir='ltr'>ALEXANDER</span> <span class='ocrx_word' id='word_1_220' title='bbox 1008 226 1052 250; x_wconf 89' lang='lat' dir='ltr'>V11</span> <span class='ocrx_word' id='word_1_221' title='bbox 1073 227 1120 251; x_wconf 67' lang='lat'>1³1³.</span> 
     </span>
    </p>
   </div>
   <div class='ocr_carea' id='block_1_10' title="bbox 957 277 966 1322">
    <p class='ocr_par' dir='ltr' id='par_1_12' title="bbox 957 277 966 1322">
     <span class='ocr_line' id='line_1_51' title="bbox 957 277 966 1322; baseline 0 0"><span class='ocrx_word' id='word_1_222' title='bbox 957 277 966 1322; x_wconf 95' lang='lat' dir='ltr'> </span> 
     </span>
    </p>
   </div>
   <div class='ocr_carea' id='block_1_11' title="bbox 963 1476 973 2665">
    <p class='ocr_par' dir='ltr' id='par_1_13' title="bbox 963 1476 973 2665">
     <span class='ocr_line' id='line_1_52' title="bbox 963 1476 973 2665; baseline 0 0"><span class='ocrx_word' id='word_1_223' title='bbox 963 1476 973 2665; x_wconf 95' lang='lat' dir='ltr'> </span> 
     </span>
    </p>
   </div>
   <div class='ocr_carea' id='block_1_12' title="bbox 975 218 1727 2673">
    <p class='ocr_par' dir='ltr' id='par_1_14' title="bbox 975 218 1718 896">
     <span class='ocr_line' id='line_1_53' title="bbox 1617 218 1680 252; baseline 0 0"><span class='ocrx_word' id='word_1_224' title='bbox 1617 218 1680 252; x_wconf 77' lang='lat'>367</span> 
     </span>
     <span class='ocr_line' id='line_1_54' title="bbox 976 274 1713 315; baseline 0.004 -9"><span class='ocrx_word' id='word_1_225' title='bbox 976 274 1071 315; x_wconf 84' lang='lat' dir='ltr'>tiam,</span> <span class='ocrx_word' id='word_1_226' title='bbox 1096 275 1182 308; x_wconf 91' lang='lat' dir='ltr'>nullo</span> <span class='ocrx_word' id='word_1_227' title='bbox 1214 276 1287 309; x_wconf 86' lang='lat' dir='ltr'>licet</span> <span class='ocrx_word' id='word_1_228' title='bbox 1319 277 1504 310; x_wconf 88' lang='lat' dir='ltr'>meritorum</span> <span class='ocrx_word' id='word_1_229' title='bbox 1534 282 1713 311; x_wconf 89' lang='lat' dir='ltr'>nostrorum</span> 
     </span>
     <span class='ocr_line' id='line_1_55' title="bbox 975 327 1715 373; baseline 0.005 -14"><span class='ocrx_word' id='word_1_230' title='bbox 975 327 1137 370; x_wconf 77' lang='lat' dir='ltr'>suffragio,</span> <span class='ocrx_word' id='word_1_231' title='bbox 1153 330 1322 367; x_wconf 82' lang='lat' dir='ltr'>constituti,</span> <span class='ocrx_word' id='word_1_232' title='bbox 1347 331 1520 373; x_wconf 75' lang='lat' dir='ltr'>privilegia,</span> <span class='ocrx_word' id='word_1_233' title='bbox 1546 330 1661 373; x_wconf 77' lang='lat' dir='ltr'>gratias</span> <span class='ocrx_word' id='word_1_234' title='bbox 1686 336 1715 363; x_wconf 89' lang='lat' dir='ltr'>et</span> 
     </span>
     <span class='ocr_line' id='line_1_56' title="bbox 976 381 1714 428; baseline 0.004 -15"><span class='ocrx_word' id='word_1_235' title='bbox 976 381 1104 423; x_wconf 85' lang='lat' dir='ltr'>indulta,</span> <span class='ocrx_word' id='word_1_236' title='bbox 1124 383 1344 425; x_wconf 80' lang='lat' dir='ltr'>religiosorum</span> <span class='ocrx_word' id='word_1_237' title='bbox 1362 385 1512 424; x_wconf 87' lang='lat' dir='ltr'>virorum,</span> <span class='ocrx_word' id='word_1_238' title='bbox 1530 385 1582 428; x_wconf 82' lang='lat' dir='ltr'>qui</span> <span class='ocrx_word' id='word_1_239' title='bbox 1600 384 1714 428; x_wconf 87' lang='lat' dir='ltr'>spretis</span> 
     </span>
     <span class='ocr_line' id='line_1_57' title="bbox 976 435 1716 481; baseline 0.004 -14"><span class='ocrx_word' id='word_1_240' title='bbox 976 435 1071 468; x_wconf 89' lang='lat' dir='ltr'>seculi</span> <span class='ocrx_word' id='word_1_241' title='bbox 1098 435 1254 469; x_wconf 86' lang='lat' dir='ltr'>illecebris</span> <span class='ocrx_word' id='word_1_242' title='bbox 1280 437 1310 469; x_wconf 90' lang='lat' dir='ltr'>in</span> <span class='ocrx_word' id='word_1_243' title='bbox 1335 437 1519 470; x_wconf 84' lang='lat' dir='ltr'>humilitatis</span> <span class='ocrx_word' id='word_1_244' title='bbox 1544 438 1657 481; x_wconf 84' lang='lat' dir='ltr'>spiritu</span> <span class='ocrx_word' id='word_1_245' title='bbox 1686 443 1716 470; x_wconf 91' lang='lat' dir='ltr'>et</span> 
     </span>
     <span class='ocr_line' id='line_1_58' title="bbox 977 487 1714 531; baseline 0.003 -11"><span class='ocrx_word' id='word_1_246' title='bbox 977 487 1056 521; x_wconf 89' lang='lat' dir='ltr'>vitae</span> <span class='ocrx_word' id='word_1_247' title='bbox 1081 489 1235 531; x_wconf 78' lang='lat' dir='ltr'>regularis</span> <span class='ocrx_word' id='word_1_248' title='bbox 1261 489 1458 523; x_wconf 77' lang='lat' dir='ltr'>observantia</span> <span class='ocrx_word' id='word_1_249' title='bbox 1483 496 1552 523; x_wconf 86' lang='lat' dir='ltr'>vota</span> <span class='ocrx_word' id='word_1_250' title='bbox 1578 501 1632 522; x_wconf 89' lang='lat' dir='ltr'>sua</span> <span class='ocrx_word' id='word_1_251' title='bbox 1665 490 1714 522; x_wconf 71' lang='lat' dir='ltr'>At-</span> 
     </span>
     <span class='ocr_line' id='line_1_59' title="bbox 978 540 1716 585; baseline 0.003 -12"><span class='ocrx_word' id='word_1_252' title='bbox 978 540 1098 574; x_wconf 89' lang='lat' dir='ltr'>tissimo</span> <span class='ocrx_word' id='word_1_253' title='bbox 1124 542 1256 575; x_wconf 84' lang='lat' dir='ltr'>reddere</span> <span class='ocrx_word' id='word_1_254' title='bbox 1285 542 1399 585; x_wconf 73' lang='lat' dir='ltr'>iugiter</span> <span class='ocrx_word' id='word_1_255' title='bbox 1424 547 1578 585; x_wconf 76' lang='lat' dir='ltr'>satagunt,</span> <span class='ocrx_word' id='word_1_256' title='bbox 1602 543 1716 575; x_wconf 88' lang='lat' dir='ltr'>ordini-</span> 
     </span>
     <span class='ocr_line' id='line_1_60' title="bbox 978 593 1714 638; baseline 0.003 -12"><span class='ocrx_word' id='word_1_257' title='bbox 978 593 1035 626; x_wconf 89' lang='lat' dir='ltr'>bus</span> <span class='ocrx_word' id='word_1_258' title='bbox 1050 594 1099 638; x_wconf 89' lang='lat' dir='ltr'>pie</span> <span class='ocrx_word' id='word_1_259' title='bbox 1114 595 1307 638; x_wconf 83' lang='lat' dir='ltr'>provideque</span> <span class='ocrx_word' id='word_1_260' title='bbox 1319 605 1475 633; x_wconf 69' lang='lat' dir='ltr'>concessa,</span> <span class='ocrx_word' id='word_1_261' title='bbox 1490 595 1633 635; x_wconf 84' lang='lat' dir='ltr'>libenter,</span> <span class='ocrx_word' id='word_1_262' title='bbox 1644 606 1714 628; x_wconf 91' lang='lat' dir='ltr'>cum</span> 
     </span>
     <span class='ocr_line' id='line_1_61' title="bbox 977 647 1716 691; baseline 0.003 -12"><span class='ocrx_word' id='word_1_263' title='bbox 977 658 994 679; x_wconf 89' lang='lat' dir='ltr'>a</span> <span class='ocrx_word' id='word_1_264' title='bbox 1018 647 1108 680; x_wconf 91' lang='lat' dir='ltr'>nobis</span> <span class='ocrx_word' id='word_1_265' title='bbox 1133 648 1264 691; x_wconf 80' lang='lat' dir='ltr'>petitur,</span> <span class='ocrx_word' id='word_1_266' title='bbox 1290 649 1479 691; x_wconf 85' lang='lat' dir='ltr'>apostolicae</span> <span class='ocrx_word' id='word_1_267' title='bbox 1504 648 1716 681; x_wconf 77' lang='lat' dir='ltr'>confirmatio-</span> 
     </span>
     <span class='ocr_line' id='line_1_62' title="bbox 978 700 1718 745; baseline 0.001 -13"><span class='ocrx_word' id='word_1_268' title='bbox 978 700 1025 733; x_wconf 87' lang='lat' dir='ltr'>nis</span> <span class='ocrx_word' id='word_1_269' title='bbox 1050 705 1176 733; x_wconf 85' lang='lat' dir='ltr'>nostrae</span> <span class='ocrx_word' id='word_1_270' title='bbox 1201 701 1377 745; x_wconf 85' lang='lat' dir='ltr'>patrocinio</span> <span class='ocrx_word' id='word_1_271' title='bbox 1412 701 1663 743; x_wconf 71' lang='lat' dir='ltr'>communimus,</span> <span class='ocrx_word' id='word_1_272' title='bbox 1689 705 1718 734; x_wconf 86' lang='lat' dir='ltr'>et</span> 
     </span>
     <span class='ocr_line' id='line_1_63' title="bbox 978 753 1718 798; baseline 0.003 -13"><span class='ocrx_word' id='word_1_273' title='bbox 978 753 1053 786; x_wconf 75' lang='lat' dir='ltr'>alias</span> <span class='ocrx_word' id='word_1_274' title='bbox 1077 754 1213 798; x_wconf 85' lang='lat' dir='ltr'>desuper</span> <span class='ocrx_word' id='word_1_275' title='bbox 1239 754 1450 798; x_wconf 69' lang='lat' dir='ltr'>providemus,</span> <span class='ocrx_word' id='word_1_276' title='bbox 1476 759 1570 798; x_wconf 86' lang='lat' dir='ltr'>prout</span> <span class='ocrx_word' id='word_1_277' title='bbox 1595 757 1718 787; x_wconf 74' lang='lat' dir='ltr'>matura</span> 
     </span>
     <span class='ocr_line' id='line_1_64' title="bbox 979 808 1718 853; baseline -0.001 -12"><span class='ocrx_word' id='word_1_278' title='bbox 979 808 1229 842; x_wconf 80' lang='lat' dir='ltr'>consideratione</span> <span class='ocrx_word' id='word_1_279' title='bbox 1265 809 1414 853; x_wconf 80' lang='lat' dir='ltr'>praevia,</span> <span class='ocrx_word' id='word_1_280' title='bbox 1446 808 1656 852; x_wconf 83' lang='lat' dir='ltr'>conspicimus</span> <span class='ocrx_word' id='word_1_281' title='bbox 1688 809 1718 841; x_wconf 90' lang='lat' dir='ltr'>in</span> 
     </span>
     <span class='ocr_line' id='line_1_65' title="bbox 978 861 1620 896; baseline 0 -2"><span class='ocrx_word' id='word_1_282' title='bbox 978 861 1110 895; x_wconf 89' lang='lat' dir='ltr'>Domino</span> <span class='ocrx_word' id='word_1_283' title='bbox 1135 862 1248 895; x_wconf 89' lang='lat' dir='ltr'>rationi</span> <span class='ocrx_word' id='word_1_284' title='bbox 1274 873 1341 896; x_wconf 82' lang='lat' dir='ltr'>esse</span> <span class='ocrx_word' id='word_1_285' title='bbox 1366 865 1620 895; x_wconf 31' lang='lat' dir='ltr'>consentaneum*</span> 
     </span>
    </p>

    <p class='ocr_par' dir='ltr' id='par_1_15' title="bbox 979 915 1723 1549">
     <span class='ocr_line' id='line_1_66' title="bbox 1023 915 1715 959; baseline 0 -12"><span class='ocrx_word' id='word_1_286' title='bbox 1023 915 1037 958; x_wconf 64' lang='lat' dir='ltr'>g</span> <span class='ocrx_word' id='word_1_287' title='bbox 1066 915 1090 947; x_wconf 94' lang='lat' dir='ltr'>l.</span> <span class='ocrx_word' id='word_1_288' title='bbox 1123 916 1231 959; x_wconf 84' lang='lat' dir='ltr'>Nuper</span> <span class='ocrx_word' id='word_1_289' title='bbox 1255 916 1409 959; x_wconf 82' lang='lat' dir='ltr'>siquidem</span> <span class='ocrx_word' id='word_1_290' title='bbox 1440 926 1499 959; x_wconf 89' lang='lat' dir='ltr'>pro</span> <span class='ocrx_word' id='word_1_291' title='bbox 1524 919 1611 959; x_wconf 84' lang='lat' dir='ltr'>parte</span> <span class='ocrx_word' id='word_1_292' title='bbox 1635 915 1715 947; x_wconf 91' lang='lat' dir='ltr'>dile-</span> 
     </span>
     <span class='ocr_line' id='line_1_67' title="bbox 979 968 1719 1013; baseline 0 -13"><span class='ocrx_word' id='word_1_293' title='bbox 979 973 1101 1001; x_wconf 86' lang='lat' dir='ltr'>ctorum</span> <span class='ocrx_word' id='word_1_294' title='bbox 1124 969 1261 1001; x_wconf 77' lang='lat' dir='ltr'>filiorum</span> <span class='ocrx_word' id='word_1_295' title='bbox 1288 969 1404 1013; x_wconf 89' lang='lat' dir='ltr'>prioris</span> <span class='ocrx_word' id='word_1_296' title='bbox 1429 968 1584 1012; x_wconf 78' lang='lat' dir='ltr'>generalis</span> <span class='ocrx_word' id='word_1_297' title='bbox 1613 973 1643 1000; x_wconf 91' lang='lat' dir='ltr'>et</span> <span class='ocrx_word' id='word_1_298' title='bbox 1662 968 1719 1000; x_wconf 70' lang='lat' dir='ltr'>tra-</span> 
     </span>
     <span class='ocr_line' id='line_1_68' title="bbox 980 1021 1720 1066; baseline 0 -12"><span class='ocrx_word' id='word_1_299' title='bbox 980 1026 1062 1054; x_wconf 92' lang='lat' dir='ltr'>trum</span> <span class='ocrx_word' id='word_1_300' title='bbox 1088 1021 1212 1055; x_wconf 91' lang='lat' dir='ltr'>Ordinis</span> <span class='ocrx_word' id='word_1_301' title='bbox 1237 1023 1333 1056; x_wconf 89' lang='lat' dir='ltr'>sancti</span> <span class='ocrx_word' id='word_1_302' title='bbox 1353 1022 1438 1055; x_wconf 85' lang='lat' dir='ltr'>Pauli</span> <span class='ocrx_word' id='word_1_303' title='bbox 1460 1022 1553 1066; x_wconf 89' lang='lat' dir='ltr'>primi</span> <span class='ocrx_word' id='word_1_304' title='bbox 1572 1021 1720 1055; x_wconf 89' lang='lat' dir='ltr'>eremitae</span> 
     </span>
     <span class='ocr_line' id='line_1_69' title="bbox 980 1076 1719 1120; baseline 0 -12"><span class='ocrx_word' id='word_1_305' title='bbox 980 1076 1037 1108; x_wconf 89' lang='lat' dir='ltr'>sub</span> <span class='ocrx_word' id='word_1_306' title='bbox 1059 1077 1169 1119; x_wconf 78' lang='lat' dir='ltr'>regula</span> <span class='ocrx_word' id='word_1_307' title='bbox 1195 1077 1293 1110; x_wconf 88' lang='lat' dir='ltr'>sancti</span> <span class='ocrx_word' id='word_1_308' title='bbox 1318 1076 1483 1120; x_wconf 72' lang='lat' dir='ltr'>Augustini</span> <span class='ocrx_word' id='word_1_309' title='bbox 1508 1076 1599 1109; x_wconf 90' lang='lat' dir='ltr'>nobis</span> <span class='ocrx_word' id='word_1_310' title='bbox 1625 1086 1719 1119; x_wconf 80' lang='lat' dir='ltr'>expo-</span> 
     </span>
     <span class='ocr_line' id='line_1_70' title="bbox 980 1129 1722 1174; baseline 0.001 -13"><span class='ocrx_word' id='word_1_311' title='bbox 980 1130 1074 1162; x_wconf 87' lang='lat' dir='ltr'>situm</span> <span class='ocrx_word' id='word_1_312' title='bbox 1099 1130 1167 1171; x_wconf 86' lang='lat' dir='ltr'>fuit,</span> <span class='ocrx_word' id='word_1_313' title='bbox 1188 1131 1270 1174; x_wconf 83' lang='lat' dir='ltr'>quod</span> <span class='ocrx_word' id='word_1_314' title='bbox 1298 1131 1416 1163; x_wconf 85' lang='lat' dir='ltr'>dudum</span> <span class='ocrx_word' id='word_1_315' title='bbox 1441 1131 1478 1163; x_wconf 90' lang='lat' dir='ltr'>ad</span> <span class='ocrx_word' id='word_1_316' title='bbox 1504 1130 1643 1163; x_wconf 84' lang='lat' dir='ltr'>eiusdem</span> <span class='ocrx_word' id='word_1_317' title='bbox 1669 1129 1722 1162; x_wconf 81' lang='lat' dir='ltr'>Or-</span> 
     </span>
     <span class='ocr_line' id='line_1_71' title="bbox 980 1183 1722 1216; baseline 0 -1"><span class='ocrx_word' id='word_1_318' title='bbox 980 1183 1061 1215; x_wconf 87' lang='lat' dir='ltr'>dinis</span> <span class='ocrx_word' id='word_1_319' title='bbox 1085 1183 1223 1216; x_wconf 83' lang='lat' dir='ltr'>favorem</span> <span class='ocrx_word' id='word_1_320' title='bbox 1250 1189 1435 1216; x_wconf 86' lang='lat' dir='ltr'>emanarunt</span> <span class='ocrx_word' id='word_1_321' title='bbox 1459 1194 1476 1216; x_wconf 90' lang='lat' dir='ltr'>a</span> <span class='ocrx_word' id='word_1_322' title='bbox 1498 1183 1594 1216; x_wconf 81' lang='lat' dir='ltr'>felicis</span> <span class='ocrx_word' id='word_1_323' title='bbox 1619 1193 1722 1215; x_wconf 87' lang='lat' dir='ltr'>recor-</span> 
     </span>
     <span class='ocr_line' id='line_1_72' title="bbox 980 1235 1721 1281; baseline 0 -13"><span class='ocrx_word' id='word_1_324' title='bbox 980 1235 1113 1269; x_wconf 82' lang='lat' dir='ltr'>dationis</span> <span class='ocrx_word' id='word_1_325' title='bbox 1132 1237 1257 1270; x_wconf 83' lang='lat' dir='ltr'>Urbano</span> <span class='ocrx_word' id='word_1_326' title='bbox 1274 1238 1336 1270; x_wconf 73' lang='lat' dir='ltr'>v&#39;tll</span> <span class='ocrx_word' id='word_1_327' title='bbox 1354 1237 1596 1281; x_wconf 79' lang='lat' dir='ltr'>praedecessore</span> <span class='ocrx_word' id='word_1_328' title='bbox 1614 1241 1721 1269; x_wconf 88' lang='lat' dir='ltr'>nostro</span> 
     </span>
     <span class='ocr_line' id='line_1_73' title="bbox 981 1290 1723 1336; baseline 0.003 -14"><span class='ocrx_word' id='word_1_329' title='bbox 981 1290 1102 1323; x_wconf 84' lang='lat' dir='ltr'>litterae</span> <span class='ocrx_word' id='word_1_330' title='bbox 1117 1291 1174 1323; x_wconf 84' lang='lat' dir='ltr'>sub</span> <span class='ocrx_word' id='word_1_331' title='bbox 1191 1291 1322 1335; x_wconf 88' lang='lat' dir='ltr'>plumbo</span> <span class='ocrx_word' id='word_1_332' title='bbox 1337 1291 1508 1336; x_wconf 78' lang='lat' dir='ltr'>expeditae,</span> <span class='ocrx_word' id='word_1_333' title='bbox 1520 1290 1633 1334; x_wconf 84' lang='lat' dir='ltr'>quibus</span> <span class='ocrx_word' id='word_1_334' title='bbox 1650 1291 1723 1324; x_wconf 88' lang='lat' dir='ltr'>alio-</span> 
     </span>
     <span class='ocr_line' id='line_1_74' title="bbox 981 1345 1721 1379; baseline 0 -2"><span class='ocrx_word' id='word_1_335' title='bbox 981 1355 1050 1377; x_wconf 89' lang='lat' dir='ltr'>rum</span> <span class='ocrx_word' id='word_1_336' title='bbox 1066 1346 1291 1378; x_wconf 85' lang='lat' dir='ltr'>nonnullorum</span> <span class='ocrx_word' id='word_1_337' title='bbox 1307 1346 1520 1379; x_wconf 76' lang='lat' dir='ltr'>Romanorum</span> <span class='ocrx_word' id='word_1_338' title='bbox 1535 1345 1721 1378; x_wconf 82' lang='lat' dir='ltr'>Pontificum</span> 
     </span>
     <span class='ocr_line' id='line_1_75' title="bbox 981 1399 1723 1443; baseline -0.001 -11"><span class='ocrx_word' id='word_1_339' title='bbox 981 1399 1262 1443; x_wconf 81' lang='lat' dir='ltr'>praedecessorum</span> <span class='ocrx_word' id='word_1_340' title='bbox 1288 1399 1406 1443; x_wconf 86' lang='lat' dir='ltr'>pariter</span> <span class='ocrx_word' id='word_1_341' title='bbox 1438 1405 1620 1432; x_wconf 85' lang='lat' dir='ltr'>nostrorum</span> <span class='ocrx_word' id='word_1_342' title='bbox 1645 1399 1723 1431; x_wconf 88' lang='lat' dir='ltr'>litte-</span> 
     </span>
     <span class='ocr_line' id='line_1_76' title="bbox 981 1453 1722 1498; baseline 0.001 -13"><span class='ocrx_word' id='word_1_343' title='bbox 981 1463 1033 1485; x_wconf 85' lang='lat' dir='ltr'>rae</span> <span class='ocrx_word' id='word_1_344' title='bbox 1059 1454 1262 1498; x_wconf 87' lang='lat' dir='ltr'>reperiuntur</span> <span class='ocrx_word' id='word_1_345' title='bbox 1288 1454 1432 1493; x_wconf 76' lang='lat' dir='ltr'>insertae,</span> <span class='ocrx_word' id='word_1_346' title='bbox 1459 1453 1576 1486; x_wconf 86' lang='lat' dir='ltr'>tenoris</span> <span class='ocrx_word' id='word_1_347' title='bbox 1600 1453 1653 1497; x_wconf 87' lang='lat' dir='ltr'>qui</span> <span class='ocrx_word' id='word_1_348' title='bbox 1679 1463 1722 1486; x_wconf 86' lang='lat' dir='ltr'>se-</span> 
     </span>
     <span class='ocr_line' id='line_1_77' title="bbox 980 1506 1278 1549; baseline 0.003 -11"><span class='ocrx_word' id='word_1_349' title='bbox 980 1506 1097 1549; x_wconf 88' lang='lat' dir='ltr'>quitur,</span> <span class='ocrx_word' id='word_1_350' title='bbox 1120 1507 1278 1540; x_wconf 81' lang='lat' dir='ltr'>videlicet:</span> 
     </span>
    </p>

    <p class='ocr_par' dir='ltr' id='par_1_16' title="bbox 982 1561 1727 2673">
     <span class='ocr_line' id='line_1_78' title="bbox 1025 1561 1723 1605; baseline 0.001 -12"><span class='ocrx_word' id='word_1_351' title='bbox 1025 1561 1039 1603; x_wconf 64' lang='grc' dir='ltr'><strong>ξ</strong></span> <span class='ocrx_word' id='word_1_352' title='bbox 1063 1561 1092 1593; x_wconf 67' lang='grc'>2.</span> <span class='ocrx_word' id='word_1_353' title='bbox 1124 1561 1271 1594; x_wconf 74' lang='lat' dir='ltr'>Urbaims</span> <span class='ocrx_word' id='word_1_354' title='bbox 1292 1561 1467 1605; x_wconf 76' lang='lat' dir='ltr'>episcopus,</span> <span class='ocrx_word' id='word_1_355' title='bbox 1488 1571 1597 1594; x_wconf 72' lang='lat' dir='ltr'>servus</span> <span class='ocrx_word' id='word_1_356' title='bbox 1621 1571 1723 1594; x_wconf 75' lang='lat' dir='ltr'>servo-</span> 
     </span>
     <span class='ocr_line' id='line_1_79' title="bbox 982 1615 1719 1658; baseline -0.001 -10"><span class='ocrx_word' id='word_1_357' title='bbox 982 1626 1055 1648; x_wconf 75' lang='lat' dir='ltr'>rum</span> <span class='ocrx_word' id='word_1_358' title='bbox 1073 1615 1142 1653; x_wconf 77' lang='lat' dir='ltr'>Dei,</span> <span class='ocrx_word' id='word_1_359' title='bbox 1171 1615 1213 1647; x_wconf 79' lang='lat' dir='ltr'>ad</span> <span class='ocrx_word' id='word_1_360' title='bbox 1235 1619 1427 1658; x_wconf 74' lang='lat' dir='ltr'>perpetuam</span> <span class='ocrx_word' id='word_1_361' title='bbox 1454 1615 1501 1647; x_wconf 77' lang='lat' dir='ltr'>rei</span> <span class='ocrx_word' id='word_1_362' title='bbox 1518 1615 1719 1647; x_wconf 46' lang='lat' dir='ltr'>*memoriam</span> 
     </span>
     <span class='ocr_line' id='line_1_80' title="bbox 982 1668 1723 1711; baseline 0 -10"><span class='ocrx_word' id='word_1_363' title='bbox 982 1668 1027 1701; x_wconf 78' lang='lat' dir='ltr'>Ad</span> <span class='ocrx_word' id='word_1_364' title='bbox 1051 1668 1241 1711; x_wconf 88' lang='lat' dir='ltr'>apostolicae</span> <span class='ocrx_word' id='word_1_365' title='bbox 1265 1668 1424 1710; x_wconf 75' lang='lat' dir='ltr'>dignitatis</span> <span class='ocrx_word' id='word_1_366' title='bbox 1449 1668 1580 1711; x_wconf 80' lang='lat' dir='ltr'>apicem,</span> <span class='ocrx_word' id='word_1_367' title='bbox 1604 1668 1723 1701; x_wconf 88' lang='lat' dir='ltr'>meritis</span> 
     </span>
     <span class='ocr_line' id='line_1_81' title="bbox 982 1721 1722 1765; baseline 0 -11"><span class='ocrx_word' id='word_1_368' title='bbox 982 1722 1053 1756; x_wconf 83' lang='lat' dir='ltr'>licet</span> <span class='ocrx_word' id='word_1_369' title='bbox 1067 1721 1368 1765; x_wconf 79' lang='lat' dir='ltr'>imparibus,divina</span> <span class='ocrx_word' id='word_1_370' title='bbox 1386 1721 1594 1765; x_wconf 79' lang='lat' dir='ltr'>dispositione</span> <span class='ocrx_word' id='word_1_371' title='bbox 1612 1723 1722 1764; x_wconf 84' lang='lat' dir='ltr'>rocati⁷</span> 
     </span>
     <span class='ocr_line' id='line_1_82' title="bbox 982 1775 1724 1818; baseline 0 -10"><span class='ocrx_word' id='word_1_372' title='bbox 982 1779 1088 1818; x_wconf 74' lang='lat' dir='ltr'>gratos</span> <span class='ocrx_word' id='word_1_373' title='bbox 1113 1775 1246 1808; x_wconf 88' lang='lat' dir='ltr'>Domino</span> <span class='ocrx_word' id='word_1_374' title='bbox 1266 1780 1296 1807; x_wconf 87' lang='lat' dir='ltr'>et</span> <span class='ocrx_word' id='word_1_375' title='bbox 1316 1775 1504 1808; x_wconf 82' lang='lat' dir='ltr'>christianae</span> <span class='ocrx_word' id='word_1_376' title='bbox 1531 1775 1724 1818; x_wconf 85' lang='lat' dir='ltr'>reipublicae</span> 
     </span>
     <span class='ocr_line' id='line_1_83' title="bbox 982 1829 1724 1872; baseline 0 -11"><span class='ocrx_word' id='word_1_377' title='bbox 982 1829 1073 1862; x_wconf 86' lang='lat' dir='ltr'>utiles</span> <span class='ocrx_word' id='word_1_378' title='bbox 1089 1829 1217 1871; x_wconf 81' lang='lat' dir='ltr'>fructus,</span> <span class='ocrx_word' id='word_1_379' title='bbox 1233 1829 1285 1872; x_wconf 87' lang='lat' dir='ltr'>qui</span> <span class='ocrx_word' id='word_1_380' title='bbox 1301 1839 1335 1862; x_wconf 81' lang='lat' dir='ltr'>ex</span> <span class='ocrx_word' id='word_1_381' title='bbox 1351 1829 1507 1871; x_wconf 81' lang='lat' dir='ltr'>religiosis</span> <span class='ocrx_word' id='word_1_382' title='bbox 1523 1829 1620 1862; x_wconf 87' lang='lat' dir='ltr'>sancti</span> <span class='ocrx_word' id='word_1_383' title='bbox 1639 1829 1724 1861; x_wconf 80' lang='lat' dir='ltr'>Pauli</span> 
     </span>
     <span class='ocr_line' id='line_1_84' title="bbox 982 1882 1725 1926; baseline 0 -11"><span class='ocrx_word' id='word_1_384' title='bbox 982 1882 1075 1926; x_wconf 87' lang='lat' dir='ltr'>primi</span> <span class='ocrx_word' id='word_1_385' title='bbox 1090 1882 1239 1915; x_wconf 86' lang='lat' dir='ltr'>eremitae</span> <span class='ocrx_word' id='word_1_386' title='bbox 1261 1882 1318 1914; x_wconf 87' lang='lat' dir='ltr'>sub</span> <span class='ocrx_word' id='word_1_387' title='bbox 1340 1882 1449 1925; x_wconf 76' lang='lat' dir='ltr'>regula</span> <span class='ocrx_word' id='word_1_388' title='bbox 1468 1883 1565 1915; x_wconf 89' lang='lat' dir='ltr'>sancti</span> <span class='ocrx_word' id='word_1_389' title='bbox 1579 1883 1725 1926; x_wconf 71' lang='lat' dir='ltr'>Augusti-</span> 
     </span>
     <span class='ocr_line' id='line_1_85' title="bbox 982 1936 1724 1980; baseline 0 -12"><span class='ocrx_word' id='word_1_390' title='bbox 982 1936 1024 1977; x_wconf 90' lang='lat' dir='ltr'>ni,</span> <span class='ocrx_word' id='word_1_391' title='bbox 1043 1941 1104 1968; x_wconf 88' lang='lat' dir='ltr'>tam</span> <span class='ocrx_word' id='word_1_392' title='bbox 1124 1946 1158 1969; x_wconf 79' lang='lat' dir='ltr'>ex</span> <span class='ocrx_word' id='word_1_393' title='bbox 1178 1936 1229 1980; x_wconf 76' lang='lat' dir='ltr'>pia</span> <span class='ocrx_word' id='word_1_394' title='bbox 1254 1940 1284 1969; x_wconf 87' lang='lat' dir='ltr'>ct</span> <span class='ocrx_word' id='word_1_395' title='bbox 1309 1936 1457 1978; x_wconf 73' lang='lat' dir='ltr'>religiosa</span> <span class='ocrx_word' id='word_1_396' title='bbox 1475 1946 1585 1969; x_wconf 86' lang='lat' dir='ltr'>eorum</span> <span class='ocrx_word' id='word_1_397' title='bbox 1602 1936 1724 1969; x_wconf 88' lang='lat' dir='ltr'>vivendi</span> 
     </span>
     <span class='ocr_line' id='line_1_86' title="bbox 983 1990 1726 2033; baseline 0 -11"><span class='ocrx_word' id='word_1_398' title='bbox 983 1991 1107 2030; x_wconf 81' lang='lat' dir='ltr'>norma,</span> <span class='ocrx_word' id='word_1_399' title='bbox 1136 2000 1230 2033; x_wconf 80' lang='lat' dir='ltr'>qnam</span> <span class='ocrx_word' id='word_1_400' title='bbox 1257 2000 1292 2022; x_wconf 78' lang='lat' dir='ltr'>ex</span> <span class='ocrx_word' id='word_1_401' title='bbox 1319 1990 1461 2022; x_wconf 82' lang='lat' dir='ltr'>sollicitis</span> <span class='ocrx_word' id='word_1_402' title='bbox 1487 1990 1627 2033; x_wconf 83' lang='lat' dir='ltr'>ipsorum</span> <span class='ocrx_word' id='word_1_403' title='bbox 1653 1990 1726 2023; x_wconf 91' lang='lat' dir='ltr'>reli-</span> 
     </span>
     <span class='ocr_line' id='line_1_87' title="bbox 984 2043 1726 2086; baseline 0 -10"><span class='ocrx_word' id='word_1_404' title='bbox 984 2044 1145 2086; x_wconf 77' lang='lat' dir='ltr'>giosorum</span> <span class='ocrx_word' id='word_1_405' title='bbox 1172 2043 1281 2076; x_wconf 81' lang='lat' dir='ltr'>studiis</span> <span class='ocrx_word' id='word_1_406' title='bbox 1313 2054 1348 2076; x_wconf 85' lang='lat' dir='ltr'>ac</span> <span class='ocrx_word' id='word_1_407' title='bbox 1373 2043 1528 2076; x_wconf 87' lang='lat' dir='ltr'>continuis</span> <span class='ocrx_word' id='word_1_408' title='bbox 1563 2043 1726 2076; x_wconf 85' lang='lat' dir='ltr'>laboribus</span> 
     </span>
     <span class='ocr_line' id='line_1_88' title="bbox 984 2097 1725 2141; baseline -0.001 -11"><span class='ocrx_word' id='word_1_409' title='bbox 984 2108 1043 2141; x_wconf 90' lang='lat' dir='ltr'>pro</span> <span class='ocrx_word' id='word_1_410' title='bbox 1057 2097 1151 2130; x_wconf 84' lang='lat' dir='ltr'>divini</span> <span class='ocrx_word' id='word_1_411' title='bbox 1168 2097 1303 2129; x_wconf 83' lang='lat' dir='ltr'>nominis</span> <span class='ocrx_word' id='word_1_412' title='bbox 1322 2097 1433 2140; x_wconf 72' lang='lat' dir='ltr'>gloria,</span> <span class='ocrx_word' id='word_1_413' title='bbox 1448 2108 1482 2129; x_wconf 83' lang='lat' dir='ltr'>ac</span> <span class='ocrx_word' id='word_1_414' title='bbox 1501 2097 1621 2129; x_wconf 79' lang='lat' dir='ltr'>crebris</span> <span class='ocrx_word' id='word_1_415' title='bbox 1639 2097 1725 2129; x_wconf 89' lang='lat' dir='ltr'>verbi</span> 
     </span>
     <span class='ocr_line' id='line_1_89' title="bbox 985 2150 1726 2194; baseline 0 -11"><span class='ocrx_word' id='word_1_416' title='bbox 985 2151 1036 2183; x_wconf 88' lang='lat' dir='ltr'>Dei</span> <span class='ocrx_word' id='word_1_417' title='bbox 1060 2150 1363 2194; x_wconf 85' lang='lat' dir='ltr'>praedicationibus,</span> <span class='ocrx_word' id='word_1_418' title='bbox 1393 2161 1514 2183; x_wconf 78' lang='lat' dir='ltr'>necnon</span> <span class='ocrx_word' id='word_1_419' title='bbox 1547 2161 1726 2183; x_wconf 82' lang='lat' dir='ltr'>sacramen-</span> 
     </span>
     <span class='ocr_line' id='line_1_90' title="bbox 986 2204 1723 2237; baseline -0.001 0"><span class='ocrx_word' id='word_1_420' title='bbox 986 2209 1089 2237; x_wconf 82' lang='lat' dir='ltr'>torum</span> <span class='ocrx_word' id='word_1_421' title='bbox 1122 2204 1407 2237; x_wconf 79' lang='lat' dir='ltr'>ecclesiasticorum</span> <span class='ocrx_word' id='word_1_422' title='bbox 1441 2204 1723 2237; x_wconf 80' lang='lat' dir='ltr'>administrationi-</span> 
     </span>
     <span class='ocr_line' id='line_1_91' title="bbox 986 2257 1727 2301; baseline 0.001 -12"><span class='ocrx_word' id='word_1_423' title='bbox 986 2258 1043 2290; x_wconf 86' lang='lat' dir='ltr'>bus</span> <span class='ocrx_word' id='word_1_424' title='bbox 1061 2257 1227 2301; x_wconf 86' lang='lat' dir='ltr'>provcnirc</span> <span class='ocrx_word' id='word_1_425' title='bbox 1245 2262 1427 2299; x_wconf 88' lang='lat' dir='ltr'>noscuntur,</span> <span class='ocrx_word' id='word_1_426' title='bbox 1448 2259 1530 2291; x_wconf 88' lang='lat' dir='ltr'>intra</span> <span class='ocrx_word' id='word_1_427' title='bbox 1547 2258 1651 2291; x_wconf 89' lang='lat' dir='ltr'>cordis</span> <span class='ocrx_word' id='word_1_428' title='bbox 1672 2268 1727 2290; x_wconf 90' lang='lat' dir='ltr'>no-</span> 
     </span>
     <span class='ocr_line' id='line_1_92' title="bbox 986 2310 1727 2354; baseline 0.001 -12"><span class='ocrx_word' id='word_1_429' title='bbox 986 2310 1041 2342; x_wconf 83' lang='lat' dir='ltr'>stri</span> <span class='ocrx_word' id='word_1_430' title='bbox 1059 2321 1172 2343; x_wconf 87' lang='lat' dir='ltr'>arcana</span> <span class='ocrx_word' id='word_1_431' title='bbox 1191 2312 1396 2351; x_wconf 71' lang='lat' dir='ltr'>revolventes,</span> <span class='ocrx_word' id='word_1_432' title='bbox 1414 2322 1459 2351; x_wconf 80' lang='lat' dir='ltr'>ea,</span> <span class='ocrx_word' id='word_1_433' title='bbox 1473 2322 1552 2354; x_wconf 76' lang='lat' dir='ltr'>quae</span> <span class='ocrx_word' id='word_1_434' title='bbox 1569 2321 1627 2354; x_wconf 83' lang='lat' dir='ltr'>pro</span> <span class='ocrx_word' id='word_1_435' title='bbox 1645 2311 1727 2343; x_wconf 89' lang='lat' dir='ltr'>cius-</span> 
     </span>
     <span class='ocr_line' id='line_1_93' title="bbox 987 2364 1727 2407; baseline 0 -11"><span class='ocrx_word' id='word_1_436' title='bbox 987 2364 1056 2396; x_wconf 90' lang='lat' dir='ltr'>dem</span> <span class='ocrx_word' id='word_1_437' title='bbox 1073 2364 1197 2397; x_wconf 85' lang='lat' dir='ltr'>Ordinis</span> <span class='ocrx_word' id='word_1_438' title='bbox 1217 2365 1454 2397; x_wconf 76' lang='lat' dir='ltr'>conservatione</span> <span class='ocrx_word' id='word_1_439' title='bbox 1477 2370 1503 2397; x_wconf 88' lang='lat' dir='ltr'>ct</span> <span class='ocrx_word' id='word_1_440' title='bbox 1520 2364 1600 2397; x_wconf 80' lang='lat' dir='ltr'>felici</span> <span class='ocrx_word' id='word_1_441' title='bbox 1614 2364 1727 2407; x_wconf 75' lang='lat' dir='ltr'>guber-</span> 
     </span>
     <span class='ocr_line' id='line_1_94' title="bbox 987 2417 1726 2460; baseline 0.004 -12"><span class='ocrx_word' id='word_1_442' title='bbox 987 2417 1039 2449; x_wconf 88' lang='lat' dir='ltr'>nio</span> <span class='ocrx_word' id='word_1_443' title='bbox 1072 2417 1203 2460; x_wconf 84' lang='lat' dir='ltr'>provide</span> <span class='ocrx_word' id='word_1_444' title='bbox 1227 2423 1339 2450; x_wconf 88' lang='lat' dir='ltr'>statuta</span> <span class='ocrx_word' id='word_1_445' title='bbox 1365 2418 1458 2450; x_wconf 75' lang='lat' dir='ltr'>fnisse</span> <span class='ocrx_word' id='word_1_446' title='bbox 1483 2417 1640 2457; x_wconf 85' lang='lat' dir='ltr'>dicuntur,</span> <span class='ocrx_word' id='word_1_447' title='bbox 1657 2427 1726 2451; x_wconf 82' lang='lat' dir='ltr'>ncc-</span> 
     </span>
     <span class='ocr_line' id='line_1_95' title="bbox 988 2470 1724 2513; baseline 0.003 -12"><span class='ocrx_word' id='word_1_448' title='bbox 988 2479 1049 2502; x_wconf 90' lang='lat' dir='ltr'>non</span> <span class='ocrx_word' id='word_1_449' title='bbox 1064 2480 1281 2513; x_wconf 74' lang='lat' dir='ltr'>‹piaeeutnque</span> <span class='ocrx_word' id='word_1_450' title='bbox 1307 2470 1481 2513; x_wconf 80' lang='lat' dir='ltr'>privilegia,</span> <span class='ocrx_word' id='word_1_451' title='bbox 1503 2470 1724 2513; x_wconf 85' lang='lat' dir='ltr'>immunitates,</span> 
     </span>
     <span class='ocr_line' id='line_1_96' title="bbox 988 2523 1726 2566; baseline 0.001 -11"><span class='ocrx_word' id='word_1_452' title='bbox 988 2523 1212 2566; x_wconf 80' lang='lat' dir='ltr'>exemptiones,</span> <span class='ocrx_word' id='word_1_453' title='bbox 1228 2523 1386 2555; x_wconf 79' lang='lat' dir='ltr'>libertates</span> <span class='ocrx_word' id='word_1_454' title='bbox 1399 2528 1428 2555; x_wconf 84' lang='lat' dir='ltr'>et</span> <span class='ocrx_word' id='word_1_455' title='bbox 1443 2523 1569 2565; x_wconf 81' lang='lat' dir='ltr'>indulta,</span> <span class='ocrx_word' id='word_1_456' title='bbox 1586 2524 1726 2566; x_wconf 84' lang='lat' dir='ltr'>praefato</span> 
     </span>
     <span class='ocr_line' id='line_1_97' title="bbox 988 2576 1725 2620; baseline 0.007 -15"><span class='ocrx_word' id='word_1_457' title='bbox 988 2576 1094 2609; x_wconf 72' lang='lat' dir='ltr'>Ordini</span> <span class='ocrx_word' id='word_1_458' title='bbox 1127 2587 1143 2607; x_wconf 91' lang='lat' dir='ltr'>a</span> <span class='ocrx_word' id='word_1_459' title='bbox 1176 2577 1321 2609; x_wconf 81' lang='lat' dir='ltr'>llomanis</span> <span class='ocrx_word' id='word_1_460' title='bbox 1356 2576 1558 2609; x_wconf 76' lang='lat' dir='ltr'>[¹01niticibns</span> <span class='ocrx_word' id='word_1_461' title='bbox 1590 2577 1725 2620; x_wconf 85' lang='lat' dir='ltr'>praede-</span> 
     </span>
     <span class='ocr_line' id='line_1_98' title="bbox 989 2629 1726 2673; baseline 0 -11"><span class='ocrx_word' id='word_1_462' title='bbox 989 2629 1167 2662; x_wconf 82' lang='lat' dir='ltr'>cessoribus</span> <span class='ocrx_word' id='word_1_463' title='bbox 1181 2629 1295 2662; x_wconf 86' lang='lat' dir='ltr'>nostris</span> <span class='ocrx_word' id='word_1_464' title='bbox 1315 2629 1551 2673; x_wconf 81' lang='lat' dir='ltr'>quomodolibet</span> <span class='ocrx_word' id='word_1_465' title='bbox 1568 2640 1726 2668; x_wconf 77' lang='lat' dir='ltr'>concessa,</span> 
     </span>
    </p>
   </div>
   <div class='ocr_carea' id='block_1_13' title="bbox 1727 228 1911 255">
    <p class='ocr_par' dir='ltr' id='par_1_17' title="bbox 1727 228 1911 255">
     <span class='ocr_line' id='line_1_99' title="bbox 1727 228 1911 255; baseline 0.005 -1"><span class='ocrx_word' id='word_1_466' title='bbox 1727 229 1778 254; x_wconf 74' lang='lat' dir='ltr'>An.</span> <span class='ocrx_word' id='word_1_467' title='bbox 1795 228 1822 254; x_wconf 84' lang='lat' dir='ltr'>C.</span> <span class='ocrx_word' id='word_1_468' title='bbox 1847 228 1911 255; x_wconf 77' lang='lat'>¹658</span> 
     </span>
    </p>
   </div>
   <div class='ocr_carea' id='block_1_14' title="bbox 1734 929 1917 1003">
    <p class='ocr_par' dir='ltr' id='par_1_18' title="bbox 1734 929 1917 1003">
     <span class='ocr_line' id='line_1_100' title="bbox 1745 929 1917 955; baseline -0.012 -6"><span class='ocrx_word' id='word_1_469' title='bbox 1745 929 1845 949; x_wconf 49' lang='lat' dir='ltr'>lxv-ermol</span> <span class='ocrx_word' id='word_1_470' title='bbox 1858 935 1917 955; x_wconf 64' lang='lat' dir='ltr'>praa-</span> 
     </span>
     <span class='ocr_line' id='line_1_101' title="bbox 1734 956 1917 985; baseline 0.011 -10"><span class='ocrx_word' id='word_1_471' title='bbox 1734 956 1834 985; x_wconf 50' lang='lat' dir='ltr'>cedentes</span> <span class='ocrx_word' id='word_1_472' title='bbox 1865 957 1917 977; x_wconf 70' lang='lat' dir='ltr'>Con·</span> 
     </span>
     <span class='ocr_line' id='line_1_102' title="bbox 1734 986 1859 1003; baseline 0 0"><span class='ocrx_word' id='word_1_473' title='bbox 1734 986 1800 1003; x_wconf 70' lang='lat' dir='ltr'>§ttlwl</span> <span class='ocrx_word' id='word_1_474' title='bbox 1810 989 1859 1003; x_wconf 52' lang='lat' dir='ltr'>tn&amp;-</span> 
     </span>
    </p>
   </div>
   <div class='ocr_carea' id='block_1_15' title="bbox 1766 1570 1914 1591">
    <p class='ocr_par' dir='ltr' id='par_1_19' title="bbox 1766 1570 1914 1591">
     <span class='ocr_line' id='line_1_103' title="bbox 1766 1570 1914 1591; baseline -0.007 0"><span class='ocrx_word' id='word_1_475' title='bbox 1766 1571 1843 1591; x_wconf 56' lang='lat' dir='ltr'>[ili-&#39;tm</span> <span class='ocrx_word' id='word_1_476' title='bbox 1862 1570 1914 1591; x_wconf 74' lang='lat' dir='ltr'>l‘llt.</span> 
     </span>
    </p>
   </div>
  </div>
 </body>
</html>
