2263 3215
280 231 326 254 An.
340 228 366 254 C.
392 228 457 255 1656

323 554 385 575 vutat
413 553 465 577 erigi

281 581 334 601 alias
381 580 465 601 scholas

282 608 320 627 sub
381 606 465 628 nomine

282 634 407 655 Schotarum
418 633 467 654 Pia-

283 666 335 682 rum.

360 1299 473 1320 Det-tarent

289 1332 360 1347 omues
379 1325 472 1346 eiusdem

294 1353 469 1378 Congregaiionis

289 1380 388 1410 professi.
399 1385 425 1399 an
435 1379 473 1399 hu-

290 1406 380 1427 iusmodi
418 1406 474 1425 iura-

290 1436 382 1462 mentum
392 1432 417 1453 du
428 1438 474 1458 pcr-

290 1460 398 1480 manentia
414 1465 474 1485 pran-

290 1489 347 1507 Μαι-ο
364 1486 435 1507 velint.

313 2363 440 2394 ‚Decretum
459 2362 485 2382 ir·

302 2392 375 2411 mans.

505 217 568 252 1:22

476 274 649 309 Ordinariis
675 275 816 306 locorum
843 273 1007 317 quibusvis
1032 272 1217 313 indicendis,

475 328 625 362 interesse
640 326 767 359 minime
782 331 957 368 teneantur,
971 336 1028 359 nec
1042 325 1158 369 ubique
1179 325 1220 358 lo-

476 391 585 414 corum
601 390 658 424 per
675 389 893 423 quoscumque
911 378 1093 413 Ordinarios
1111 378 1217 412 huius-

477 432 562 466 modi
583 432 722 476 aliasque
740 442 892 476 personas
907 431 946 464 ad
969 431 999 464 id
1026 429 1131 464 inniti¹
1150 430 1219 474 cogi

478 490 508 520 et
528 485 673 530 compelli
692 485 821 529 possint,
844 485 989 517 similiter
1006 484 1220 518 concedimus.

524 539 539 582 ἓ
558 538 608 571 15.
628 538 674 579 Et,
693 548 732 570 ne
748 538 800 571 alii
822 538 1025 582 quicumque,
1043 537 1153 581 quavis
1171 548 1223 569 au-

480 592 626 626 ctoritate
651 592 826 635 fungentes,
852 591 977 625 scholas
994 591 1052 624 sub
1079 589 1222 624 denomi-

480 646 608 680 natione
638 645 824 679 Scholarum
857 645 984 677 Piarum
1014 644 1137 687 erigere
1172 648 1225 678 aut

481 700 586 733 forsan
620 699 680 732 iam
714 704 834 732 erectas
866 698 935 732 Pias
969 697 1132 731 nominare
1167 707 1225 729 nec

482 752 655 786 inscribere
679 752 814 785 audeant
838 761 893 785 seu
921 755 1143 795 praesumant,
1168 750 1225 782 sub

483 805 819 840 excommunicationis
844 810 874 838 et
902 804 970 838 aliis
999 804 1141 837 censuris
1169 814 1225 836 ec-

483 859 666 894 clesiasticis
687 870 724 892 co
749 859 817 903 ipso
833 869 890 903 per
908 857 1168 891 contrafacientes
1184 856 1227 889 in-

484 913 649 947 currendis
673 912 891 946 interdicimus
916 917 946 945 et
970 910 1186 956 probibemus.

529 968 544 1011 §3
571 966 618 1000 16.
648 966 681 999 In
710 965 838 1010 reliquis
868 975 943 998 vero
975 964 1119 1008 antiquas
1153 973 1225 996 con-

485 1021 661 1054 stitutiones
686 1019 945 1063 Congregationis
969 1018 1171 1060 huiusmodi,
1196 1017 1227 1050 in

485 1073 634 1108 omnibus
659 1073 696 1106 iis
728 1083 808 1117 quae
833 1077 980 1116 aptantur
1000 1076 1030 1104 et
1050 1076 1228 1114 congruunt

486 1127 578 1161 statui
608 1125 867 1169 Congregationis
900 1124 1051 1158 secularis
1080 1129 1110 1157 et
1141 1134 1228 1167 prae-

486 1179 566 1213 senti
590 1185 716 1213 nostrae
734 1177 967 1212 constitutioni⁹
987 1178 1164 1210 nullatenus
1180 1176 1229 1209 ad-

487 1236 662 1273 versantur,
688 1232 805 1265 servari
830 1230 1052 1276 praecipimus.

532 1287 547 1330 5
572 1286 622 1319 17.
648 1286 790 1327 Demum,
809 1285 882 1329 quia
903 1285 958 1325 illi,
983 1284 1034 1328 qui
1061 1283 1091 1316 in
1117 1284 1153 1316 ea
1178 1294 1228 1316 re-

488 1340 631 1383 gularem
667 1339 895 1383 professionem
931 1342 1002 1371 ante
1037 1337 1228 1381 praedictam

489 1393 629 1427 eiusdem
659 1392 830 1426 Innocentii
862 1391 1115 1436 praedecessoris
1148 1401 1226 1434 sup-

488 1446 684 1493 pressionem
699 1447 881 1486 emiserunt,
900 1445 1005 1479 forsan
1026 1443 1232 1488 praetendent

490 1512 523 1535 se
539 1511 601 1534 non
618 1500 716 1533 teneri
738 1500 776 1532 ad
796 1498 1018 1543 praestandum
1035 1497 1232 1542 supradictae

489 1553 724 1599 permanentiae
742 1553 952 1585 iuramentum
978 1551 1009 1583 in
1030 1550 1138 1583 eadem
1157 1551 1232 1583 Con-

489 1607 674 1651 gregatione
702 1616 785 1639 nunc
812 1605 967 1648 seculari,
993 1604 1063 1637 ideo
1092 1604 1233 1646 singulos

490 1661 602 1694 harum
628 1660 709 1693 serie
734 1669 909 1699 monemus,
934 1664 968 1691 ut
992 1658 1022 1690 in
1047 1657 1136 1691 Italia
1164 1656 1233 1700 qui-

490 1714 561 1748 dem
577 1713 626 1747 ct³
639 1713 748 1746 insulis
761 1712 788 1746 ei
804 1711 1018 1745 adiacentibus
1032 1711 1113 1743 intra
1128 1710 1233 1750 trium,

490 1768 574 1801 ultra
598 1772 720 1800 montes
744 1776 821 1799 vero
848 1765 1040 1808 ubicumque
1067 1764 1234 1796 existentes

492 1822 573 1856 intra
607 1831 660 1854 sex
695 1820 850 1853 mensium
882 1830 900 1852 a
931 1819 981 1852 die
1013 1818 1234 1862 publicationis

491 1874 665 1919 praesentis
679 1873 912 1907 constitutionis
930 1872 961 1905 in
974 1872 1058 1905 Urbe
1074 1871 1235 1915 praedicta

492 1927 653 1961 faciendae
669 1926 955 1971 computandorum
981 1925 1117 1969 spatium
1136 1924 1235 1957 deela—

493 1986 582 2021 rent,
615 1991 653 2013 an
687 1980 782 2013 velint
814 1980 1025 2012 iuramentum
1055 1978 1235 2012 huiusmodi

494 2039 668 2079 praestare,
693 2034 741 2066 vel
765 2033 802 2065 ad
827 2033 919 2065 aliam
946 2032 1131 2075 religionem
1156 2037 1237 2064 tran-

494 2088 569 2131 sire,
586 2088 670 2121 iuxta
687 2087 864 2120 facultatem
880 2086 910 2119 in
927 2086 1040 2119 litteris
1056 2085 1237 2129 apostolicis

496 2151 592 2185 super
627 2140 789 2185 praedicta
824 2139 1048 2183 suppressione
1087 2138 1238 2171 emanatis

498 2204 689 2234 concessam,
710 2204 772 2237 quo
793 2192 928 2226 termino
953 2192 1059 2236 elapso
1084 2191 1240 2224 iuramen-

498 2253 564 2281 tum
589 2246 769 2280 huiusmodi
803 2256 859 2290 per
884 2246 969 2289 ipsos
996 2256 1034 2278 eo
1059 2245 1127 2289 ipso
1152 2255 1240 2289 prae-

499 2301 605 2336 stitum
631 2299 726 2333 fuisse
751 2303 781 2333 et
805 2309 872 2332 esse
898 2304 1072 2332 censeatur.

544 2355 559 2399 ἓ
588 2354 638 2388 18.
671 2354 879 2387 Decernentes
910 2356 1090 2397 praesentes
1121 2352 1240 2384 litteras

500 2418 625 2452 semper
642 2407 758 2448 firmas,
773 2406 889 2439 validas
906 2411 936 2439 et
950 2406 1091 2439 efficaces
1108 2405 1240 2438 existere

500 2466 531 2494 et
550 2461 626 2502 fore,
644 2470 781 2504 suosque
806 2459 965 2503 plenarios
989 2464 1020 2492 et
1044 2458 1185 2501 integros
1203 2458 1241 2490 ef-

537 2543 547 2568 1
571 2540 684 2567 Videtur
704 2539 849 2575 legendum
870 2539 956 2567 inviti
975 2547 1023 2575 pro
1038 2538 1131 2566 inniti
1145 2537 1240 2573 (adn).

538 2586 553 2611 Q
565 2584 612 2611 Ed.
623 2584 700 2612 Μελίη.
715 2584 731 2611 Ι.
745 2583 1154 2619 praesentis..‚constitutionis
1162 2583 1259 2624 (uxr.)¹

539 2630 554 2656 3
569 2629 634 2656 Mate
650 2629 714 2656 edit.
733 2629 814 2656 Main.
832 2628 897 2665 legit
915 2636 949 2655 επ·
965 2636 1012 2664 pro
1029 2631 1055 2655 et
1070 2635 1108 2662 tii.
1123 2627 1170 2662 r).

1061 225 1237 248 EULLMUUM
1264 224 1416 248 ROMANUM

1253 272 1351 305 fectus
1375 270 1481 304 sortiri
1507 276 1537 303 et
1560 270 1713 310 obtinere,
1730 280 1766 302 ac
1789 270 1828 302 ab
1845 269 1993 303 omnibus

1254 330 1283 357 et
1306 323 1448 367 singulis,
1465 323 1503 356 ad
1524 333 1603 366 quos
1627 327 1746 366 spectat
1770 326 1799 355 et
1822 332 1882 366 pro
1907 327 1990 354 teni-

1253 387 1330 421 pore
1343 375 1506 421 spectabit,
1523 374 1745 408 inviolabiliter
1762 379 1792 407 et
1808 374 1995 407 inconcusse

1254 429 1432 470 observari,
1457 429 1563 473 sicque
1580 428 1610 461 in
1630 427 1812 472 praemissis
1830 438 1888 472 per
1904 437 1996 471 quos-

1255 493 1392 527 cumque
1416 482 1534 515 iudices
1558 480 1737 514 ordinarios
1761 485 1792 513 et
1815 480 1974 523 delegatos
1989 506 1996 519 ,

1256 537 1335 569 sacri
1350 536 1455 580 palatii
1470 534 1633 580 apostolici
1647 533 1816 576 auditores,
1831 538 1860 567 et
1873 533 1902 567 S.
1914 534 1948 566 R.
1963 533 1995 566 E.

1257 589 1441 631 cardinales,
1455 589 1547 621 etiam
1562 588 1600 621 de
1616 588 1714 620 latere
1728 587 1858 630 legatos,
1874 591 1904 620 et
1919 586 1996 619 alios

1257 642 1423 687 quoslibet,
1444 641 1553 686 quavis
1580 640 1765 674 auctoritate
1791 644 1822 673 et
1844 643 1997 684 potestate

1258 697 1422 739 fungentes
1448 701 1478 728 et
1502 696 1676 735 suncturos,
1693 693 1813 727 sublata
1837 693 1881 726 eis
1901 695 1930 727 et
1946 703 1998 726 eo-

1259 761 1330 783 rum
1356 749 1485 783 cuilibet
1515 749 1624 792 quavis
1655 747 1746 781 aliter
1779 745 1937 780 iudicandi
1969 751 2000 779 et

1260 802 1484 847 interpretandi
1510 802 1655 835 facultate
1679 806 1710 834 et
1733 800 1928 841 auctoritate,
1952 799 1999 833 iu-

1260 856 1357 890 dicari
1389 861 1419 889 et
1449 855 1573 889 definiri
1598 855 1735 895 debere,
1759 865 1796 887 ac
1819 853 1945 887 irritum
1971 857 2002 886 et

1260 909 1372 951 inane,
1397 909 1422 942 si
1451 919 1540 942 secus
1570 919 1666 952 super
1694 907 1743 940 his
1772 918 1789 940 a
1820 916 1999 951 quoquam,

1261 962 1370 1006 quavis
1394 962 1596 1003 auctoritate,
1622 961 1756 994 scienter
1780 960 1827 993 vel
1853 959 2000 1003 ignoran-

1262 1021 1319 1058 ter,
1344 1016 1512 1059 contigerit
1536 1015 1691 1049 attentari.

2010 221 2060 246 An.
2073 221 2099 246 C.
2122 219 2184 250 1655
2230 222 2231 228 ¹

1306 1069 1321 1112 ἓ
1349 1068 1396 1102 19.
1423 1070 1491 1102 Non
1515 1068 1723 1110 obstantibus,
1748 1066 1852 1111 quoad
1871 1076 1906 1099 ea
1923 1077 2002 1110 quae
2017 1076 2127 1097 Contraria
2137 1075 2196 1097 ionic.

1262 1121 1479 1166 praesentibus
1503 1126 1575 1154 sunt
1608 1119 1787 1160 contraria,
1817 1118 2002 1152 eorumdem

1263 1175 1541 1220 praedecessorum
1556 1175 1668 1207 litteris
1682 1173 1878 1218 supradictis,
1892 1178 1923 1206 et
1935 1173 2004 1206 aliis

1263 1229 1431 1270 omnibus,
1455 1239 1535 1273 quae
1565 1228 1658 1261 iidem
1689 1227 1949 1272 praedecessores
1972 1225 2005 1258 in

1264 1284 1308 1316 eis
1332 1283 1506 1327 respective
1529 1282 1698 1315 voluerunt
1717 1291 1780 1314 non
1799 1281 1939 1321 obstare,
1960 1290 2006 1313 ce-

1264 1336 1401 1379 terisque
1426 1335 1591 1369 contrariis
1611 1335 1872 1379 quibuscumque.

1309 1389 1396 1433 520.
1422 1389 1572 1422 Volumus
1601 1393 1705 1421 autem
1733 1393 1768 1420 ut
1791 1386 2006 1432 praesentium

1266 1442 1479 1486 transumptis,
1500 1442 1593 1474 etiam
1621 1440 1805 1485 impressis,
1832 1451 1927 1473 manu
1950 1440 2006 1473 ali-

1265 1496 1353 1529 cuius
1370 1495 1484 1528 notarii
1501 1494 1619 1539 publici
1636 1493 1833 1538 subscriptis,
1854 1498 1885 1527 et
1903 1493 2007 1536 sigillo

1267 1559 1420 1593 personae
1440 1549 1471 1581 in
1491 1548 1643 1591 dignitate
1666 1547 1875 1582 ecclesiastica
1892 1547 2008 1581 consti-

1268 1606 1350 1636 tutae
1375 1602 1524 1643 munitis,
1549 1601 1657 1634 eadem
1683 1611 1814 1645 prorsus
1843 1600 1921 1633 fides
1945 1605 2007 1633 tam

1268 1655 1299 1688 in
1324 1655 1440 1689 iudicio
1459 1665 1554 1699 quam
1577 1659 1664 1688 extra
1688 1654 1764 1687 illud
1789 1653 1906 1697 ubique
1923 1654 2008 1687 loco-

1268 1720 1337 1742 rum
1364 1708 1566 1750 adhibeatur,
1591 1718 1671 1752 quae
1697 1707 1839 1751 ipsismet
1864 1716 2010 1750 praesen-

1269 1762 1353 1794 tibus
1378 1761 1598 1801 adhiberetur,
1615 1760 1640 1793 si
1661 1760 1764 1793 forent
1780 1759 1939 1793 exhibitae
1961 1761 2009 1793 vel

1268 1820 1422 1849 ostensae.

1312 1869 1422 1901 Datum
1449 1868 1576 1908 Romae,
1600 1867 1682 1911 apud
1696 1867 1724 1900 S.
1740 1866 1876 1907 Petrum,
1890 1866 1948 1900 sub
1961 1877 2012 1900 an-

1268 1922 1343 1955 nulo
1368 1920 1545 1961 Piscatoris,
1562 1920 1612 1954 die
1633 1930 1710 1954 xxiv
1732 1919 1865 1952 ianuarii
1885 1929 2012 1960 iincmu,

1269 1974 1469 2019 pontificatus
1489 1973 1587 2006 nostri
1605 1983 1686 2006 anno
1704 1983 1723 2005 1.

1306 2036 1364 2063 Dat.
1385 2036 1429 2064 die
1449 2036 1482 2063 Ἡ
1503 2035 1618 2062 ianuarii
1634 2035 1709 2069 ¹656,
1733 2035 1821 2071 pontif
1845 2043 1916 2063 anno
1931 2041 1949 2062 1.

1582 2171 1709 2204 LXXVI.

1274 2243 1462 2278 commissio
1499 2242 1645 2276 auditori
1682 2242 1831 2286 qenerali
1870 2252 2015 2276 camerae

1317 2296 1512 2340 apostolicae
1535 2300 1648 2329 contra
1669 2296 1918 2340 qubernatorem
1935 2295 2015 2330 Por-

1320 2354 1369 2383 tus
1393 2350 1557 2390 Herculis,
1585 2350 1718 2394 eiusque
1742 2350 1913 2383 ministros
1937 2353 1967 2382 et
1983 2360 2015 2382 a·

1319 2403 1397 2445 lios,
1422 2403 1480 2448 qui
1508 2403 1592 2448 eripi
1625 2404 1771 2446 fecerunt
1794 2404 1990 2447 frumentum
2005 2429 2012 2443 ,

1317 2456 1403 2500 quod
1434 2466 1454 2489 a
1488 2455 1583 2490 Statu
1611 2456 1746 2490 Senensi
1775 2455 1951 2489 vehebatur
1974 2455 2017 2488 ad

1315 2514 1450 2554 portum
1475 2509 1626 2544 Civitatis
1655 2509 1774 2543 Veteris
1795 2519 1854 2553 pro
1882 2519 1945 2542 usu
1961 2519 2015 2542 cu-

1319 2564 1388 2596 riae
1412 2563 1575 2596 Romanae
1588 2562 1606 2595 ¹.

1314 2627 1323 2653 1
1342 2626 1379 2652 Ex
1394 2626 1504 2662 Regest.
1521 2625 1548 2652 in
1564 2626 1668 2653 Secret.
1685 2626 1824 2653 Brevium.

2054 1397 2201 1422 Transumpto-

2021 1429 2067 1444 rum
2076 1421 2140 1452 theles.
