2243 3205
68 158 116 185 An.
130 157 159 182 C.
182 155 249 183 1658

99 535 201 556 Concedit
223 536 247 555 ut

65 562 190 583 demoliatur
204 561 246 581 do-

63 594 109 610 mus
140 587 245 613 archiepi-

63 614 154 641 scopalis
164 614 246 635 Senen-

63 642 91 662 εἰς
97 641 195 667 illiusque
202 646 246 661 ma-

63 667 166 688 terialium
197 672 245 693 pro·

63 695 112 715 tium
135 693 155 714 in
177 694 244 714 eccl·-

62 721 107 741 siae
125 725 174 740 usus
195 726 244 741 con·

62 748 160 768 vertatur.

78 2124 191 2147 caninius
201 2127 236 2148 de-

57 2153 122 2176 rogat,

857 156 1040 179 ALEXANDER
1068 156 1111 178 VII
1138 157 1184 179 rP.

263 202 508 237 convenientiori
523 203 715 237 habitatione
734 203 939 248 providerint,
957 214 1002 235 as-

263 255 389 298 signare
412 256 583 300 plurimum
601 257 797 290 desiderent:
822 256 911 290 nobis
928 267 1000 300 pro—

261 312 369 354 pterea
394 309 487 343 iidem
513 316 704 354 exponentes
733 310 894 343 humiliter
925 320 1000 354 sup-

260 362 371 407 plicari
392 363 532 397 fecerunt
558 369 590 396 ut
607 363 665 396 sibi
684 363 714 396 in
736 363 917 408 praemissis
942 374 1000 407 op-

261 421 396 460 portune
420 417 586 462 providere
611 418 648 451 de
665 417 857 461 benignitate
875 422 999 462 aposto-

261 468 321 502 lica
341 468 555 513 dignaremur.

305 523 321 566 ἓ
344 522 374 556 02.
399 524 462 558 Nos
487 523 599 567 igitur,
625 524 792 569 specialem
818 524 909 558 dictis
941 534 999 557 ex-

260 575 448 619 ponentibus
483 576 616 619 gratiam
649 577 751 611 sacere
783 577 941 618 volentes,
969 582 1000 610 et

260 637 370 661 eorum
407 628 581 671 singulares
618 639 769 674 personas
795 640 811 662 a
836 629 999 673 quibusvis

259 681 614 724 excommunicationis,
645 682 859 726 suspensionis
891 687 921 715 et
950 683 998 715 in-

259 733 400 775 terdicti,
426 734 557 778 aliisque
582 735 800 769 ecclesiasticis
826 735 997 776 sententiis,

259 786 400 820 censuris
433 792 462 820 et
493 787 621 831 poenis,
653 798 670 820 a
704 788 772 821 iure
798 789 844 821 vel
871 788 909 820 ab
934 788 994 822 ho-

259 838 364 879 mine,
390 839 498 882 quavis
525 840 692 874 occasione
721 841 767 873 vel
793 842 885 874 causa
909 841 996 883 latis,

257 891 282 924 si
310 891 425 935 quibus
456 892 692 936 quomodolibet
724 893 889 927 innodatae
915 893 995 926 exis-

257 947 334 985 tunt,
358 944 395 976 ad
424 944 568 978 effectum
599 946 810 989 praesentium
836 947 996 980 dumtaxat

256 997 530 1041 consequendum,
556 998 667 1031 harum
694 999 775 1032 serie
800 999 995 1033 absolventes

256 1055 286 1082 et
309 1049 466 1083 absolutas
496 1051 562 1084 sore
600 1057 782 1092 censentes,
813 1052 994 1086 huiusmodi

255 1103 537 1146 supplicationibus
570 1104 725 1145 inclinati,
750 1105 867 1138 eisdem
903 1116 994 1150 expo-

253 1155 412 1196 nentibus,
436 1162 469 1189 ut
493 1157 686 1200 praedictam
711 1158 840 1191 domum
865 1159 990 1192 archie-

253 1208 446 1253 piscopalem
480 1216 672 1244 memoratae
706 1211 856 1244 eeclesiae
888 1212 990 1245 conti-

253 1272 347 1305 guam
372 1261 516 1295 demoliri
542 1274 675 1306 curare,
700 1274 821 1297 necnon
854 1264 992 1298 eiusdem

254 1315 366 1349 domus
384 1316 478 1360 tigna,
497 1317 612 1350 rudera
629 1323 659 1350 et
683 1318 846 1350 materiem
867 1328 992 1351 omnem

254 1369 398 1412 vendere,
417 1380 452 1403 ac
468 1371 616 1414 pecunias
641 1371 713 1404 inde
738 1377 945 1415 proventuras
962 1372 992 1404 in

254 1423 354 1456 dictae
379 1424 529 1456 ecclesiae
546 1435 621 1457 usus
646 1430 676 1458 et
700 1431 846 1458 ornatum
867 1436 994 1458 conver-

253 1482 319 1510 tere
344 1482 373 1510 et
393 1488 535 1520 erogare,
554 1483 584 1510 et
602 1489 658 1522 pro
672 1479 851 1512 futurorum
876 1480 994 1513 archie—

251 1531 454 1576 piscoporum
482 1531 665 1565 Senensium
691 1531 882 1565 habitatione
903 1543 993 1576 prae-

253 1584 367 1618 dictam
388 1584 517 1618 domum
535 1594 660 1628 operae,
677 1584 777 1618 donec
798 1585 857 1617 illis
874 1585 912 1618 de
932 1585 993 1618 alia

253 1637 490 1681 congruentiori
534 1637 727 1670 habitatione
770 1638 992 1682 providerint,

252 1691 434 1735 assignare,
458 1691 497 1724 dc
526 1690 677 1735 praedicti
711 1695 812 1724 tamen
849 1692 992 1725 moderni

252 1744 482 1789 archiepiscopi
519 1750 761 1788 ceterorumque
790 1745 820 1777 in
844 1746 994 1789 praeniis-

252 1799 294 1832 sis
318 1798 469 1832 interesse
499 1798 683 1832 habentium
721 1799 893 1843 respective
919 1810 992 1833 con-

253 1863 358 1893 sensu,
378 1852 476 1885 libere
500 1857 531 1885 et
554 1852 637 1886 licite
661 1852 782 1897 possint
807 1858 836 1887 et
860 1854 992 1896 valeant,

252 1917 483 1950 quamcumque
500 1907 707 1939 necessariam
728 1911 758 1941 et
781 1912 990 1951 opportunam

254 1960 430 1995 facultatem
456 1965 485 1993 et
509 1960 682 2001 licentiam,
708 1961 892 1995 auctoritate
916 1972 991 2005 apo-

253 2014 373 2055 stolica,
397 2018 507 2047 tenore
530 2015 764 2058 praesentium,
789 2015 991 2049 concedimus

253 2073 283 2101 et
306 2067 515 2112 impertimur.

296 2121 311 2165 ἓ
334 2120 365 2154 3.
389 2121 458 2154 Non
477 2119 674 2154 obstantibus
703 2121 894 2165 praemissis,
919 2133 990 2155 nec-

251 2184 325 2217 non,
350 2179 504 2219 quatenus
528 2184 608 2218 opus
623 2173 671 2215 sit,
686 2174 782 2207 felicis
803 2175 992 2208 recordatio-

251 2227 299 2260 nis
324 2227 410 2261 Pauli
436 2227 460 2260 11
485 2232 515 2260 ct
531 2227 665 2261 aliorum
684 2228 898 2261 Romanorum
917 2228 991 2261 Pon-

252 2280 352 2314 tifium
377 2280 656 2324 praedecessorum
681 2286 861 2313 nostrorum
888 2280 925 2314 dc
947 2293 992 2314 re-

251 2334 310 2367 bus
323 2334 480 2367 Ecclesiae
504 2344 567 2367 non
591 2334 774 2375 alienandis,
789 2339 819 2366 ct
836 2334 904 2366 aliis
922 2345 992 2367 con-

250 2387 466 2420 stitutionibus
484 2392 514 2420 ct
529 2386 780 2420 ordinationibus
800 2387 990 2431 apostolicis,

251 2452 287 2475 ac
303 2441 404 2475 dictae
427 2441 684 2485 metropolitanae
699 2441 859 2482 ccclesiae,
877 2447 906 2474 et
922 2442 990 2475 aliis

250 2495 422 2539 quibusvis,
437 2495 528 2528 etiam
546 2494 730 2535 iuramento,
753 2494 989 2529 confirmatione

251 2548 443 2592 apostolica,
470 2548 515 2581 vel
540 2548 648 2592 quavis
680 2548 828 2580 firmitate
854 2548 914 2580 alia
938 2559 988 2582 ro-

323 2610 400 2639 Bull.
424 2610 507 2638 Rom.
529 2626 561 2629 —
586 2609 721 2638 Vol.XVI.
867 2609 900 2637 53

1034 203 1163 243 boram,
1177 204 1297 236 statutis
1315 211 1345 237 et
1363 205 1653 245 eonsuetudaiibus,
1683 204 1778 248 privi-

1035 256 1124 300 legiis
1144 267 1280 300 quoque,
1312 258 1439 290 indultis
1464 264 1493 291 et
1518 258 1629 291 litteris
1654 264 1751 302 apo-*11
1773 280 1776 281 γ

1034 309 1102 343 licis
1138 309 1168 342 in
1193 310 1388 343 contrarium
1420 312 1666 355 praemissorum
1700 323 1774 354 quo·

1036 362 1207 396 mod0¹ibet
1240 364 1396 396 concessis
1412 391 1419 404 ,
1445 365 1638 397 consumatis
1663 370 1692 397 et
1727 365 1774 396 in-

1034 415 1175 455 novatis3
1201 415 1315 459 quibus
1342 416 1487 449 omnibus
1505 423 1534 449 ct
1552 417 1692 460 singulis,
1707 417 1775 449 illo-

1035 479 1103 501 rum
1132 474 1257 502 tenores
1288 470 1505 512 praesentibus
1537 481 1595 514 pro
1621 471 1711 514 plene
1745 475 1774 502 et

1034 521 1225 555 sufficienter
1242 522 1397 565 expressis
1413 533 1449 555 ac
1473 523 1511 555 de
1535 523 1632 555 verbo
1650 523 1686 555 ad
1711 534 1775 555 ver-

1033 575 1107 608 bum
1134 575 1258 608 insertis
1290 575 1450 616 habentes,
1477 575 1536 607 illis
1562 576 1637 608 alias
1662 576 1691 608 iu
1717 587 1773 608 suo

1034 629 1148 662 robore
1183 628 1419 673 permansuris,
1453 629 1490 661 ad
1526 630 1772 672 praemissorum

1033 682 1178 716 effectum
1204 682 1261 715 hac
1286 682 1353 715 viee
1377 681 1537 716 dumtaxat
1554 682 1729 726 specialiter
1744 688 1773 714 et

1033 746 1180 780 expresse
1216 736 1425 778 derogamus;
1452 736 1626 779 ceterisque
1654 742 1773 769 contra-

1033 789 1088 823 riis
1112 789 1374 834 quibuscumque.

1076 842 1186 875 Datum
1197 842 1325 884 Romae,
1339 841 1422 886 apud
1432 842 1460 875 S.
1472 841 1600 874 Mariam
1613 841 1771 881 Maiorem,

1031 895 1089 928 sub
1112 895 1229 928 annulo
1251 894 1436 936 piscatoris,
1461 894 1511 927 die
1536 905 1568 927 111
1597 895 1772 927 decembris

1031 958 1181 989 MDchui,
1199 948 1399 992 pontificatus
1419 948 1519 981 nostri
1541 958 1623 980 anno
1641 958 1682 980 1v.

1065 1010 1122 1037 Dat.
1145 1010 1187 1037 die
1208 1010 1223 1037 3
1243 1010 1395 1037 decembris
1418 1010 1503 1044 1658,
1532 1010 1624 1045 pontis.
1645 1018 1713 1037 anno
1734 1017 1769 1036 ιν.

1331 1144 1466 1179 CCXth.

1029 1227 1228 1260 Donativnm
1253 1227 1555 1259 extraordinarium
1581 1227 1675 1269 requi
1692 1226 1771 1259 Sici-

1075 1280 1139 1313 liae
1167 1284 1333 1312 scutorum
1369 1284 1496 1312 centum
1530 1280 1677 1312 millium
1711 1291 1769 1322 pro

1072 1343 1144 1376 reye
1169 1333 1327 1366 catholico
1348 1343 1408 1377 pro
1433 1334 1502 1366 und
1527 1333 1591 1365 rice
1619 1332 1768 1366 tamum&

1243 1414 1413 1441 Venerabili
1438 1414 1548 1441 fratrie

1143 1458 1368 1492 archiepiscopo
1394 1458 1502 1485 Montis
1523 1458 1653 1492 Regalis,

1221 1513 1388 1540 Alexander
1413 1513 1491 1546 Papa
1511 1513 1571 1539 VII.

1238 1574 1421 1603 Venerabilis
1441 1575 1553 1608 frater,

1062 1622 1191 1648 salutem
1212 1624 1242 1647 et
1261 1620 1456 1654 apostolicam
1481 1619 1730 1646 benedictionem.

1071 1690 1190 1735 Exponi
1215 1690 1305 1723 nobis
1329 1700 1430 1734 nuper
1463 1690 1557 1722 sccit³
1586 1690 1766 1722 carissimus
1816 1708 1859 1723 mo
1881 1711 1921 1724 mm

1028 1744 1057 1776 in
1082 1744 1204 1777 Christo
1225 1744 1307 1777 filius
1331 1750 1436 1776 noster
1463 1743 1625 1786 Philippus
1653 1743 1765 1786 {lispu-

1027 1798 1149 1830 niarum
1176 1808 1229 1830 rex
1255 1797 1437 1837 catholicus,
1455 1797 1548 1840 quod,
1570 1808 1640 1829 eum
1659 1797 1766 1830 dilecti

1027 1851 1082 1884 silii
1108 1857 1171 1884 tres
1196 1851 1359 1884 homiuum
1386 1855 1499 1886 status„
1525 1861 1579 1882 scu
1607 1851 1663 1882 tria
1688 1851 1763 1882 bra-

1027 1905 1096 1939 chia
1117 1905 1376 1945 ecclesiasticum,
1394 1904 1527 1936 militare
1545 1909 1572 1936 ct
1591 1904 1765 1936 demaniale

1026 1964 1204 2002 nuncupata
1229 1958 1317 2001 regni
1346 1957 1469 1990 Siciliae
1505 1957 1584 1990 ultra
1609 1957 1765 2000 pharum,

1026 2013 1116 2045 cuius
1141 2012 1207 2056 ipse
1232 2012 1395 2055 Philippus
1413 2011 1504 2043 etiam
1528 2021 1580 2043 rex
1599 2010 1709 2048 existit,
1727 2011 1764 2043 de

1027 2075 1133 2098 mense
1158 2065 1224 2098 iulii
1261 2065 1353 2097 huius
1385 2064 1455 2096 anni
1493 2074 1633 2097 iioctvut
1663 2064 1763 2096 eidem

1026 2119 1171 2163 Philippo
1202 2119 1267 2161 regi
1301 2118 1466 2151 occasione
1496 2117 1665 2149 nativitatis
1699 2117 1764 2149 eius

1025 2173 1081 2206 filii
1098 2172 1319 2216 Hispaniarum
1338 2171 1490 2216 principis
1515 2171 1694 2204 donativum
1717 2181 1765 2201 cx-

1026 2225 1271 2259 traordinarium
1299 2230 1423 2258 centum
1443 2225 1576 2257 millium
1603 2228 1762 2256 scutorum

1026 2279 1301 2323 expendendorum
1328 2290 1385 2322 pro
1401 2278 1573 2311 munitione
1595 2277 1763 2316 civitatum,

1026 2338 1181 2366 terrarum
1208 2338 1235 2365 et
1260 2333 1403 2366 locorum
1428 2332 1500 2363 dieti
1528 2331 1626 2373 regni,
1652 2341 1686 2362 ac
1707 2330 1764 2361 sub

1026 2386 1119 2419 certis
1134 2386 1286 2427 terminis,
1311 2386 1465 2429 modoque
1485 2390 1510 2417 et
1532 2385 1641 2425 forma,
1660 2388 1687 2418 et
1706 2396 1763 2428 pro

1063 2468 1069 2493 1
1095 2466 1131 2492 Ex
1152 2466 1258 2500 Regest.
1281 2466 1306 2491 iii
1327 2466 1427 2491 Secret.
1451 2465 1526 2491 brev.

1058 2512 1074 2538 2
1095 2511 1165 2538 Edit.
1188 2511 1270 2537 Main.
1292 2510 1355 2545 legit
1374 2511 1466 2544 frater
1488 2510 1525 2543 (tt.
1542 2510 1589 2543 T.).

1059 2556 1074 2583 3
1090 2555 1210 2582 Similem
1228 2555 1285 2581 vide
1301 2562 1382 2589 supra
1399 2562 1458 2589 pag.
1473 2554 1486 2580 7
1504 2554 1583 2580 huius
1599 2554 1760 2588 tomi(1‹.·r.).

1683 147 1745 179 417
1794 158 1843 184 An.
1859 158 1886 183 C.
1909 157 1976 184 *¹⁶58
