2185 3188
39 207 90 234 An.
109 205 134 232 C.
160 206 226 232 ¹655

66 744 167 771 Sequitur
177 750 225 771 sup-

42 772 129 799 plicatio
158 774 179 792 et
213 776 225 791 a

43 799 137 819 censuris
156 798 224 819 absol⁴

64 2176 162 2207 clausula
172 2182 232 2204 prae·

50 2206 163 2226 servativa.

830 200 1014 226 ALExANmzn
1045 202 1083 224 xit
1109 202 1155 224 Pr.

1677 191 1718 224 65³»

235 252 335 297 pitulo
360 256 390 285 et
415 251 499 285 clero
525 261 583 295 pro
601 249 975 294 exemptioneagabellis
1010 249 1054 281 vis
1090 248 1291 291 auctoritate,
1323 249 1457 283 scienter
1483 249 1529 282 vel
1555 249 1749 293 ignoranter,

237 306 299 338 vini
324 305 467 339 minutim
494 304 585 337 vendi
611 304 710 338 solitis
735 303 901 347 quotannis
926 302 975 335 de·
1010 302 1176 345 contigerit
1201 302 1356 335 attentari.

236 359 328 398 bitos‚
360 358 605 400 assignaverint,
636 362 665 390 et
698 357 827 400 insuper
853 356 883 388 in
908 356 975 388 loca

237 411 494 455 presbyterorum
512 411 745 455 praedictorum
762 420 820 454 pro
836 413 976 452 tempore

237 464 455 497 defunctorum
489 464 566 497 alios
600 463 800 508 presbyteros
836 463 977 495 antianos

239 517 406 550 succedere
439 516 554 551 debere
590 516 775 556 statuerint,
805 526 876 548 cum
910 516 978 548 aliis

238 570 336 614 pactis
358 576 387 603 et
412 570 644 604 conditionibus
663 569 756 602 licitis
778 574 807 602 et
827 569 978 610 honestis,

239 629 335 668 prout
360 625 391 657 in
416 624 617 657 conclusione
647 623 812 667 capitulari
844 623 979 666 desuper

241 679 385 711 emanata
410 677 538 710 uberius
564 677 678 710 dicitur
696 676 867 710 contineri:

285 732 299 775 ξ
323 730 352 764 3.
379 731 474 765 Nobis
494 736 661 775 propterea
682 730 775 762 iidem
790 735 979 773 exponentes

240 788 270 816 et
294 784 396 816 clerus
411 783 571 816 humiliter
591 783 762 827 supplicari
781 783 930 822 fecerunt,
948 788 981 815 ut

240 837 434 870 conclusioni
448 837 610 880 capitulari
636 836 827 876 huiusmodi,
848 847 905 880 pro
926 836 979 869 tir-

241 890 335 923 miori
360 890 426 923 eius
450 890 652 923 subsistentia
678 894 708 922 et
739 889 979 931 observatione,

241 944 428 988 apostolicae
454 943 699 977 confirmationis
724 948 850 976 nostrae
883 943 981 976 robur

242 997 414 1041 adiungere
443 997 481 1030 de
506 997 698 1040 benignitate
734 997 904 1041 apostolica
929 997 977 1029 di-

242 1062 423 1095 gnaremur.
448 1052 510 1084 Nos
535 1051 642 1094 igitur,
665 1051 877 1094 praescriptos
891 1061 982 1095 expo-

241 1110 350 1138 nentes
375 1108 404 1139 et
428 1105 546 1138 clerum
565 1104 753 1148 specialibus
774 1104 934 1137 favoribus
953 1109 981 1136 et

243 1159 352 1201 gratiis
377 1158 526 1202 prosequi
551 1158 704 1199 volentes,
731 1163 760 1190 et
785 1168 895 1190 eorum
921 1157 978 1190 sin-

244 1213 369 1255 gulares
393 1221 542 1255 personas
560 1222 576 1243 a
593 1211 753 1254 quibusvis
771 1211 982 1244 excommuni-

245 1265 387 1305 cationis,
401 1264 614 1308 suspensionis
628 1268 657 1298 et
671 1264 837 1304 interdicti,
851 1264 982 1308 aliisque

247 1318 464 1351 ecclesiasticis
481 1318 651 1358 sententiis,
663 1318 802 1351 censuris
817 1321 845 1351 et
862 1318 981 1362 poenis,

248 1382 265 1404 a
279 1372 346 1404 iure
361 1372 407 1404 vel
421 1371 459 1403 ab
475 1372 613 1411 homine,
631 1372 738 1415 quavis
756 1372 918 1405 occasione
936 1373 983 1405 vel

249 1427 344 1458 causa
367 1425 453 1464 latis,
478 1425 502 1457 si
527 1425 641 1468 quibus
673 1426 910 1470 quomodolibet
939 1426 983 1458 in-

249 1477 383 1511 nodatae
403 1477 548 1518 existunt,
562 1478 599 1510 ad
613 1478 756 1511 effectum
773 1480 982 1522 praesentium

249 1530 409 1563 dumtaxat
434 1530 697 1574 consequendum,
710 1531 822 1564 harum
841 1532 920 1565 serie
936 1533 985 1565 ab·

249 1584 403 1617 solventes
428 1589 458 1617 et
481 1584 638 1618 absolutas
662 1585 728 1618 sore
746 1586 986 1627 censentes,hu—

249 1636 385 1670 iusmodi
411 1637 693 1681 supplicationibus
722 1638 876 1679 inclinati,
901 1649 985 1672 eam-

248 1690 319 1723 dem
344 1691 577 1723 conclusionem
603 1692 807 1734 capitularem
829 1703 900 1725 cum
921 1703 986 1726 om-

247 1744 339 1777 nibus
364 1748 393 1777 et
416 1744 548 1787 singulis
572 1744 768 1787 praemissis,
799 1745 929 1789 aliisque
954 1747 985 1779 in

248 1799 283 1830 ea
308 1797 481 1837 contentis,
513 1797 606 1830 licitis
631 1803 734 1830 tamen
766 1804 795 1831 et
824 1799 984 1841 honestis,

247 1851 417 1895 apostolica
428 1851 622 1891 auctoritate,
638 1856 744 1885 tenore
761 1853 984 1896 praesentium,

248 1904 472 1937 confirmamus
497 1908 525 1938 et
549 1904 773 1948 approbamus,
799 1906 921 1950 illisque
943 1907 985 1939 in-

247 1957 400 1990 violabilis
424 1958 612 2001 apostolicae
632 1958 789 1992 firmitatis
809 1959 908 1992 robur
925 1960 981 1993 ad-

248 2009 392 2050 iicimus,
418 2020 453 2043 ac
477 2020 586 2043 omnes
619 2015 648 2045 et
679 2012 820 2055 singulos
854 2013 931 2046 iuris
956 2019 985 2046 et

248 2064 319 2096 sacti
345 2063 498 2105 desectus,
524 2065 548 2096 si
573 2065 625 2108 qui
651 2065 785 2110 desuper
810 2067 984 2110 quomodo-

247 2117 323 2150 libet
347 2117 581 2159 intervenerint,
602 2119 795 2163 supplemus.

298 2171 313 2214 ἓ
352 2170 380 2202 4.
416 2171 623 2204 Decernentes
654 2177 834 2216 praesentes
866 2173 985 2207 litteras

247 2234 372 2268 semper
398 2224 524 2265 sirmas,
549 2225 664 2258 validas
697 2232 726 2259 et
755 2227 896 2260 efficaces
921 2228 984 2260 exi-

247 2282 328 2310 stere
354 2283 383 2310 et
406 2278 481 2317 fore,
507 2288 542 2311 ac
566 2278 637 2320 illis,
654 2279 691 2312 ad
713 2290 791 2324 quos
812 2285 931 2324 spectat
956 2287 982 2313 et

246 2341 305 2374 pro
324 2335 468 2375 tempore
487 2331 649 2375 spectabit,
670 2333 851 2376 plenissime
876 2334 985 2366 suffra-

246 2384 332 2427 gari,
357 2384 464 2429 sicque
489 2385 519 2417 in
545 2386 725 2429 praemissis
744 2397 800 2431 per
821 2399 986 2432 quoscum-

246 2447 306 2481 que
328 2437 444 2471 iudices
464 2438 641 2473 ordinarios
658 2445 688 2472 et
705 2440 874 2484 delegatos,
892 2442 985 2474 etiam

246 2502 412 2525 causarum
438 2493 543 2536 palatii
569 2494 730 2537 apostolici
756 2495 925 2536 auditores,
944 2497 986 2529 iu-

247 2545 343 2578 dicari
371 2551 400 2578 et
431 2546 553 2579 definiri
586 2547 716 2589 debere,
746 2559 780 2581 ac
807 2548 930 2582 irritum
956 2556 985 2582 et

248 2597 348 2640 inane,
363 2598 386 2631 si
403 2609 491 2632 secus
505 2610 603 2643 super
624 2600 670 2632 his
688 2611 703 2632 a
722 2612 896 2645 quoquam,
910 2613 985 2647 qua-

1054 356 1069 399 g
1086 356 1114 388 5.
1133 356 1201 388 Non
1214 355 1409 389 obstantibus
1429 355 1705 388 constitutionibus
1722 361 1752 388 et

1010 408 1260 442 ordinationibus
1281 408 1471 452 apostoliciS,
1485 410 1577 441 etiam
1603 409 1752 442 concilia-

1012 462 1108 502 ribus,
1122 472 1255 502 necnon,
1273 467 1425 506 quatenus
1443 473 1522 505 opus
1536 462 1585 503 sit,
1603 462 1753 495 ecclesiae

1012 522 1041 549 et
1065 516 1140 549 cleri
1155 516 1346 556 huiusmodi,
1364 515 1458 548 etiam
1476 515 1663 557 iuramento,
1682 526 1753 549 con-

1013 570 1190 603 firmatione
1208 569 1390 613 apostolica,
1409 569 1456 602 vel
1475 569 1584 612 quavis
1604 569 1754 601 firmitate

1013 623 1072 657 alia
1093 623 1258 664 roboratis,
1277 623 1399 656 statutis
1415 628 1445 655 et
1465 622 1754 662 consuetudinibus,

1013 677 1186 721 privilegiis
1200 687 1337 720 quoque,
1352 676 1480 709 indultis
1498 682 1527 709 et
1543 676 1655 709 litteris
1680 687 1756 720 apo-

1015 730 1133 763 stolicis
1157 730 1188 763 in
1210 730 1403 763 contrarium
1418 729 1667 774 praemissorum
1682 739 1757 773 quo-

1015 783 1187 817 modolibet
1211 783 1380 823 concessis,
1405 782 1599 816 confirmatis
1615 786 1645 817 et
1665 782 1755 816 inno-

1015 837 1107 877 vatis,
1130 837 1246 881 quibus
1263 837 1409 870 omnibus
1427 840 1456 870 et
1470 835 1611 878 singulis,
1629 835 1755 868 illorum

1015 896 1140 923 tenores
1165 890 1384 934 praesentibus
1415 900 1474 933 pro
1505 890 1596 932 plene
1622 893 1652 921 et
1676 888 1758 921 suffi-

1015 944 1133 977 cienter
1158 944 1314 988 expressis
1334 954 1369 976 ac
1390 943 1428 976 de
1458 943 1553 976 verbo
1570 943 1608 975 ad
1626 942 1757 975 verbum

1016 997 1140 1030 insertis
1163 997 1325 1038 habentes,
1343 997 1403 1029 illis
1428 996 1503 1029 alias
1520 996 1550 1029 in
1568 1007 1625 1030 suo
1642 996 1757 1030 robore

1015 1051 1241 1095 permansuris,
1266 1051 1304 1084 ad
1329 1050 1578 1095 praemissorum
1601 1049 1756 1091 effectum,

1016 1105 1073 1138 hac
1091 1105 1154 1138 vice
1180 1105 1350 1145 dumtaxat,
1371 1104 1549 1148 specialiter
1567 1109 1596 1136 et
1613 1113 1758 1148 expresse

1016 1159 1216 1201 derogamus,
1242 1158 1416 1202 ceterisque
1442 1157 1610 1191 contrariis
1633 1157 1759 1201 quibus-

1016 1222 1161 1255 cumque.

1059 1265 1172 1298 Datum
1196 1265 1331 1305 Romae,
1356 1265 1438 1309 apud
1460 1265 1488 1299 S.
1512 1265 1640 1297 Mariam
1662 1264 1756 1297 Maio-

1018 1329 1095 1361 rem,
1114 1319 1171 1352 sub
1197 1319 1313 1352 annulo
1329 1319 1505 1359 I'iscatoris,
1525 1318 1574 1351 die
1586 1329 1602 1350 x
1618 1323 1755 1362 septem·

1017 1373 1081 1405 bris
1098 1383 1212 1415 tunch,
1239 1372 1441 1416 pontificatus
1465 1372 1564 1405 nostri
1585 1382 1666 1405 anno
1684 1381 1703 1404 1.

1053 1435 1110 1462 Dat.
1129 1435 1172 1463 die
1196 1436 1226 1462 10
1241 1435 1405 1471 septembris
1422 1436 1504 1468 1655,
1526 1435 1621 1471 pontif.
1638 1443 1707 1462 anno
1723 1441 1740 1461 t.

1022 1620 1280 1654 Communicatio
1297 1625 1325 1653 et
1344 1621 1515 1654 translatio
1535 1621 1760 1665 indulqentia-

1062 1684 1137 1706 runt
1161 1673 1245 1707 alifis
1269 1684 1491 1706 concessarum
1510 1675 1761 1717 Conqreyatz'oni

1064 1726 1211 1760 Orcttorii
1234 1727 1369 1760 Domini
1399 1728 1503 1760 nostri
1533 1728 1608 1761 Iesu
1637 1729 1760 1762 Christi

1062 1781 1098 1812 in
1123 1791 1221 1823 reyno
1246 1781 1409 1813 Franciae
1419 1779 1438 1812 ¹.

1211 1851 1378 1878 Alexander
1397 1852 1476 1885 Papa
1495 1851 1564 1884 vu,

1139 1896 1175 1922 ad
1195 1899 1372 1930 perpetuam
1391 1896 1435 1924 rei
1456 1897 1637 1925 memoriam.

1062 1958 1076 2002 ξ
1102 1959 1129 1991 sl.
1156 1958 1276 2003 Exponi
1303 1959 1393 1993 nobis
1417 1969 1519 2004 nuper
1547 1961 1687 1994 fecerunt
1714 1961 1760 1995 di-

1018 2012 1088 2045 lecti
1114 2013 1169 2045 filii
1205 2013 1403 2058 praepositus
1428 2014 1584 2056 generalis
1615 2025 1650 2048 ac
1674 2026 1761 2059 pres-

1018 2066 1117 2110 byteri
1136 2072 1165 2099 et
1184 2067 1289 2100 clerici
1306 2067 1464 2100 seculares
1482 2067 1762 2112 Congregationis⁸²

1018 2119 1153 2153 Oratorii
1182 2121 1251 2154 Iesu
1272 2121 1386 2154 Christi
1413 2121 1536 2154 Domini
1562 2123 1662 2155 nostri
1687 2134 1762 2156 nun-

1018 2179 1147 2217 cupatae
1166 2175 1196 2206 in
1214 2185 1312 2218 regno
1324 2175 1484 2217 Franciae,
1498 2176 1573 2208 alias
1592 2187 1646 2220 per
1664 2177 1762 2211 felicis

1019 2227 1247 2261 reeordationis
1279 2229 1409 2261 Paulum
1444 2229 1557 2273 Papam
1584 2230 1606 2262 Y
1632 2231 1762 2274 praede-

1019 2291 1176 2313 cessorem
1204 2281 1371 2323 institutae,
1398 2283 1491 2326 quod,
1518 2283 1598 2316 inter
1622 2284 1682 2316 alia
1700 2285 1763 2328 spi-

1019 2335 1179 2367 ritualium
1205 2336 1378 2378 gratiarum
1416 2347 1546 2369 munera
1571 2337 1685 2381 quibus
1711 2348 1761 2371 ca-

1019 2389 1088 2421 dem
1110 2389 1320 2432 Congregatio
1345 2390 1491 2423 decorata
1517 2392 1683 2435 reperitur,
1706 2393 1762 2425 suit

1019 2443 1089 2486 (per
1114 2443 1193 2474 viam
1217 2444 1512 2476 communicationis
1530 2445 1706 2487 gratiarum
1732 2451 1762 2479 et

1020 2495 1289 2538 indulgentiarum
1308 2507 1324 2528 a
1342 2497 1419 2530 Sede
1434 2498 1613 2541 Apostolica
1627 2499 1762 2542 Congre-

1055 2568 1065 2593 1
1091 2566 1127 2593 Ex
1149 2567 1256 2602 Regest.
1278 2567 1306 2594 in
1326 2568 1401 2595 Secr.
1424 2568 1500 2596 Brev.

1053 2612 1069 2639 2
1090 2612 1158 2640 Edit.
1183 2613 1263 2641 Main.
1285 2613 1351 2649 legit
1373 2614 1600 2649 Conyrcyationi
1618 2615 1717 2650 (ΕΗΒ).

1767 201 1802 226 λη
1832 201 1857 226 C.
1884 201 1950 227 1655

1838 367 1952 389 Contrariis

1767 394 1863 421 derogat.

1803 1969 1943 1995 SupplicatiO.
