2185 3188
93 201 141 229 An.
161 201 190 228 C.
213 201 280 229 1655

132 1384 207 1404 Omnes
223 1384 279 1404 chri·

96 1411 197 1431 stifideles
208 1411 234 1430 ad
251 1417 279 1430 iu-

98 1437 207 1462 trascripta
234 1437 280 1456 hut·-

98 1465 161 1482 tatur.

897 198 1083 223 annxaunnn
1106 197 1152 222 vn
1175 198 1223 222 pp,

290 249 373 282 rium
397 252 579 282 nostrarum
601 247 807 281 imbecillitas,
826 247 863 279 Et
880 247 1032 290 quamvis,
1049 248 1052 258 '

291 304 323 336 in
347 303 503 336 bonorum
528 302 670 336 omnium
694 301 846 344 largitore
870 301 954 340 Deo,
979 300 1032 344 qui

291 360 453 400 sperantes
485 357 517 389 in
549 366 582 389 se
614 354 768 388 infirmari
798 363 862 387 non
894 354 1033 398 patitur,

291 420 380 453 spem
412 414 553 443 nostram
587 409 794 448 collocantes,
820 417 948 441 omnem
974 417 1033 451 pro

292 464 391 498 salute
408 463 568 497 commissi
592 462 681 495 nobis
706 472 723 494 a
747 461 833 494 caelo
859 461 966 504 gregis
990 461 1034 493 la-

292 516 404 550 borem
430 517 575 550 alacriter
600 515 706 549 subire
730 515 829 558 parati
854 514 962 555 simus,
987 514 1034 546 ni-

292 570 400 614 hilque
431 570 514 614 quod
544 569 581 602 ad
611 568 777 612 pastoralis
808 567 902 601 officii
930 571 1034 611 partes

293 628 411 668 spectat
434 622 743 668 praetermittimus¹,
760 627 804 664 ut,
823 621 936 654 sedatis
953 622 1034 654 inter

294 678 504 722 principales²
520 676 711 710 orthodoxos
730 675 989 715 dissensionibus,
1006 685 1034 707 a-

294 732 388 764 missa
405 741 465 775 pax
488 730 555 763 orbi
577 729 748 762 christiano
774 729 974 767 restituatur3
993 733 1034 760 at-

294 790 414 824 tamen,
439 783 512 827 quia
542 782 612 815 vani
648 787 719 815 sunt
747 782 877 814 humani
905 787 1033 815 conatus

293 837 351 870 nisi
377 836 496 880 gratiae
521 835 662 869 caelestis
686 846 745 878 ope
770 835 970 876 adiuventur,
996 835 1033 867 ad

293 894 430 922 vestrum
456 889 618 929 omnium,
643 888 757 932 quibus
781 893 889 921 nostra
915 888 1034 932 impen-

294 943 394 975 denda
419 948 465 976 est
488 942 677 983 sollicitudo,
703 942 860 976 orationes
885 952 921 975 ex
946 952 1034 975 more

294 997 507 1030 Romanorum
538 996 725 1029 Pontificum
753 995 1033 1040 praedecessorum

293 1056 474 1084 nostrorum
501 1049 671 1093 confugere
689 1050 897 1090 decrevimus,
914 1055 948 1083 ut
965 1060 1036 1082 exo-

293 1109 379 1136 ratus
396 1104 616 1137 communibus
634 1103 784 1147 precibus
800 1103 963 1143 Dominus,
981 1103 1034 1147 qui

293 1157 344 1189 dat
368 1157 449 1190 lasso
474 1158 632 1197 virtutem,
650 1162 680 1190 et
704 1157 761 1198 his,
780 1156 853 1199 qui⁸
870 1167 933 1189 non
954 1162 1034 1197 sunt,

293 1211 506 1245 fortitudinem
529 1216 559 1244 et
578 1211 677 1244 robur
698 1210 896 1253 multiplicat,
915 1210 1036 1243 confor-

294 1270 336 1297 tet
355 1275 411 1298 nos
435 1265 468 1297 in
492 1266 635 1308 potentia
660 1265 783 1297 virtutis
809 1275 883 1297 suae
904 1270 935 1297 et
951 1270 1037 1308 opta-

294 1323 342 1350 tae
366 1319 505 1351 cumulet
528 1318 646 1352 laetitia
673 1318 916 1362 tranquillitatis.

339 1372 354 1414 ξ
378 1372 408 1404 t.
433 1372 499 1405 lloc
524 1377 627 1404 autem
652 1376 687 1404 ut
711 1372 900 1404 fructuosius
930 1372 983 1404 fiat
1007 1377 1037 1404 et

296 1425 407 1457 maiori
439 1436 509 1457 cum
542 1425 669 1469 spiritus
701 1425 814 1457 ardore
846 1429 1035 1468 peragatur,

297 1477 435 1510 ciusdem
454 1478 609 1510 Ecclesiae
631 1478 805 1517 thesauros,
822 1489 958 1521 quorum
979 1479 1038 1511 dis-

298 1536 478 1572 pensatores
493 1541 510 1563 a
523 1531 656 1563 Domino
667 1531 825 1563 constituti
840 1542 958 1572 sumuS,
968 1543 1038 1576 pro-

297 1583 379 1615 ferre
403 1587 433 1616 et
457 1593 589 1626 erogare
616 1583 823 1616 decrevimus.
852 1584 975 1627 ltaque,
1002 1596 1037 1618 ex

297 1641 386 1678 parte
411 1637 635 1680 omnipotentis
659 1637 713 1670 Dei
739 1637 838 1670 Patris
862 1642 892 1671 et
915 1638 984 1670 Filii
1009 1643 1039 1672 et

296 1689 430 1732 Spiritus
448 1690 551 1723 Sancti
577 1701 686 1723 omnes
712 1696 741 1723 et
766 1691 907 1734 singulos
925 1693 1039 1725 utrius-

296 1752 356 1785 que
373 1753 464 1775 sexus
481 1743 711 1785 christifideles,
726 1749 788 1776 tam
807 1745 837 1776 in
854 1746 938 1777 alma
955 1745 1036 1778 Urbe

295 1797 402 1829 nostra
427 1807 520 1838 quam
541 1801 628 1829 extra
646 1797 777 1829 ubilibet
801 1798 944 1831 locorum
963 1808 1036 1831 con-

295 1849 428 1890 stitutos,
446 1850 618 1893 apostolica
640 1851 825 1884 auctoritate
845 1856 975 1894 paterne
993 1862 1038 1884 re-

295 1902 461 1945 quirimus,
480 1914 646 1937 monemus
671 1909 701 1937 et
725 1904 756 1936 in
775 1905 909 1937 Domino
927 1905 1038 1938 adhor—

297 1961 400 1988 tamur
417 1956 455 1988 ad
473 1957 671 2001 infrascripta
687 1957 801 1991 'devote
821 1959 1036 2001 peragendum

297 2015 326 2042 et
350 2010 593 2054 adimplendum,
612 2017 642 2044 et
663 2011 701 2044 ad
726 2012 822 2045 Deum
844 2012 1036 2046 Salvatorem

296 2068 440 2096 nostrum
458 2065 624 2105 orandum,
642 2065 694 2098 ut⁴
707 2076 763 2109 per
777 2066 897 2099 viscera
915 2066 1038 2099 miseri-

298 2117 425 2150 cordiae
442 2128 516 2151 suae
532 2118 626 2151 fidem
647 2120 832 2152 catholicam
858 2125 1037 2163 protegere,

297 2171 336 2203 ab
355 2171 490 2204 hostium
506 2173 668 2206 conatibus
682 2178 712 2205 et
726 2173 845 2205 insidiis
861 2173 1038 2214 defendere,

298 2225 453 2258 haeresim
479 2226 646 2270 extirpare,
671 2227 868 2270 principibus
893 2227 1038 2260 christia-

297 2278 346 2311 nis
374 2288 484 2322 pacem
509 2284 539 2312 et
563 2290 668 2313 veram
694 2280 896 2313 concordiam
921 2280 1040 2314 donare

336 2385 345 2411 1
370 2384 442 2412 Edit.
460 2385 579 2413 Cherub.
605 2386 668 2421 legit
690 2387 976 2422 praetermittamus,
1000 2387 1040 2415 vel

298 2429 444 2464 legendum
456 2431 724 2464 praetermittemus
738 2433 779 2466 (n.
796 2433 844 2465 T.).

334 2475 349 2500 *2
370 2474 481 2502 Videtur
495 2476 584 2511 potius
604 2476 747 2512 legendum
759 2477 912 2513 principes
927 2485 959 2505 ex
975 2477 1043 2505 Che-

299 2519 408 2547 rubinio
425 2522 460 2552 (n.
474 2520 522 2555 τ.).

335 2565 351 2590 3
367 2564 467 2592 Vocem
484 2565 536 2600 qui
551 2564 676 2592 addimus
692 2574 722 2593 ex
738 2565 857 2594 Cherub.
875 2567 912 2602 (n.
925 2567 974 2602 an).

336 2609 352 2636 4
371 2608 438 2636 Male
454 2609 519 2637 edit.
534 2609 615 2637 Main.
631 2610 696 2645 legit
711 2613 736 2639 et
753 2620 803 2646 pro
819 2614 850 2639 ue
864 2613 902 2646 (a.
920 2612 970 2646 ππ).

1068 246 1233 289 dignetur,
1258 245 1350 280 nobis
1366 256 1441 279 vero
1462 245 1626 290 copiosum
1650 255 1723 279 suae
1744 256 1813 289 gra-

1069 301 1129 333 tiae
1145 300 1291 344 spiritum
1315 300 1478 343 largiatur,
1497 310 1560 343 quo
1578 299 1723 332 instructi
1740 309 1814 332 cun-

1069 358 1117 388 eta
1142 354 1272 388 consilia
1289 359 1319 387 et
1339 354 1476 387 actiones
1500 359 1624 387 nostras
1649 353 1686 386 ad
1711 353 1813 386 nomi-

1069 408 1116 440 nis
1142 408 1208 440 eius
1233 407 1368 451 gloriam
1398 407 1602 451 fideliumque
1632 412 1662 440 et
1690 407 1813 439 animae

1068 465 1195 494 nostrae
1221 461 1353 494 salutern
1379 460 1517 503 dirigere
1542 461 1712 493 valeamus.

1114 515 1128 558 ἓ
1148 514 1177 548 02.
1198 515 1261 548 Nos
1278 514 1371 554 enim,
1390 514 1428 546 de
1445 514 1668 558 omnipotentis
1684 514 1738 547 Dei
1759 513 1815 546 mi-

1069 567 1260 601 sericordia¹
1275 579 1310 601 ac
1324 567 1488 600 beatorum
1504 567 1586 600 Petri
1601 573 1630 600 et
1644 567 1729 600 Pauli
1744 577 1814 611 apo·
1829 560 1840 580 '⁷'
1858 561 1865 573 s

1069 622 1224 655 stolorum
1250 622 1317 654 eius
1341 621 1527 654 auctoritate
1553 621 1673 661 confisi,
1700 631 1735 654 ex
1760 621 1813 654 itta

1069 675 1187 718 ligandi
1205 680 1297 719 atque
1315 675 1455 709 solvendi
1472 680 1637 719 potestate,
1652 685 1745 719 quam
1762 684 1815 708 no-

1069 729 1116 762 bis
1140 729 1291 762 Dominus
1315 729 1388 762 licet
1412 729 1548 771 indignis
1574 729 1723 769 contulit,
1748 729 1815 761 uni-

1069 783 1167 815 versis
1185 788 1215 816 et
1232 783 1364 826 singulis
1381 783 1546 826 utriusque
1564 793 1655 815 sexus
1672 783 1815 815 christili-

1068 837 1191 870 delibus
1209 837 1240 869 in
1257 837 1340 869 alma
1355 837 1439 870 Urbe
1458 837 1598 880 praefata
1618 836 1813 879 degentibus,

1069 890 1121 934 qui
1137 890 1166 923 S.
1179 890 1303 923 Ioannis
1318 891 1546 929 Lateranensis,
1564 890 1719 934 Principis
1735 891 1815 933 Apo-

1069 944 1222 977 stolorum
1256 949 1285 976 et
1313 944 1342 977 S.
1371 943 1486 976 Mariae
1516 943 1640 976 Maioris
1674 943 1814 976 eiusdem

1071 997 1162 1032 Urbis
1187 997 1350 1036 ecelesias,
1376 1007 1430 1030 seu
1455 997 1615 1036 basilicas,
1640 997 1687 1029 vel
1714 997 1815 1029 cccle-

1070 1051 1188 1083 siarum
1207 1051 1386 1084 huiusmodi
1404 1051 1546 1091 alteram,
1561 1051 1663 1094 spatio
1680 1051 1814 1083 duarum

1069 1105 1287 1148 proximarum
1306 1105 1578 1138 hebdomadarum
1593 1105 1689 1138 semel
1705 1105 1814 1138 saltem

1070 1158 1274 1198 visitaverint,
1293 1158 1399 1201 ibique
1428 1169 1485 1202 per
1509 1159 1636 1202 aliquod
1662 1159 1815 1202 temporis

1070 1212 1206 1255 spatium
1232 1212 1359 1252 devote,
1384 1217 1418 1244 ut
1443 1223 1556 1255 supra,
1583 1212 1679 1244 Deum
1706 1222 1815 1245 orave-

1070 1265 1148 1306 rint,
1166 1276 1202 1299 ac
1218 1267 1330 1309 quarta
1356 1270 1385 1298 et
1410 1268 1496 1298 sexta
1521 1265 1610 1305 feria,
1629 1276 1663 1297 ac
1685 1265 1815 1298 sabbato

1070 1318 1199 1351 alterius
1228 1329 1263 1351 ex
1292 1318 1439 1362 praefatis
1470 1318 1676 1351 hebdomadis
1701 1319 1817 1351 ieiuna-

1071 1372 1185 1413 verint,
1212 1377 1242 1404 et
1264 1376 1391 1415 peccata
1415 1383 1471 1405 sua
1496 1373 1630 1405 confessi
1655 1372 1814 1405 sanctissi-

1071 1437 1156 1458 mum
1176 1426 1392 1458 Eucharistiae
1410 1431 1643 1470 sacramentum
1666 1426 1694 1458 in
1717 1426 1817 1459 domi-

1069 1479 1138 1512 nica
1157 1479 1207 1511 die
1232 1479 1412 1512 immediate
1438 1480 1591 1523 sequenti,
1610 1480 1657 1512 vel
1682 1480 1741 1512 alia
1766 1480 1815 1512 die.

1071 1532 1151 1564 infra
1180 1533 1323 1565 eamdem
1353 1533 1606 1574 hebdomadam,
1636 1538 1817 1566 reverenter

1072 1586 1272 1628 sumpserint,
1298 1597 1333 1618 ac
1358 1586 1552 1630 pauperibus
1577 1587 1714 1630 aliquam
1740 1587 1817 1619 elee-

1073 1648 1251 1682 mosynam,
1276 1644 1370 1682 prout
1394 1640 1565 1683 unicuique
1589 1645 1739 1683 suggeret
1763 1640 1815 1672 de-

1072 1692 1166 1733 votio,
1192 1692 1410 1735 erogaverint3

1116 1746 1131 1788 g
1154 1744 1184 1778 3.
1210 1745 1327 1778 Ceteris
1352 1756 1427 1778 vero
1445 1752 1531 1779 extra
1552 1746 1668 1779 Urbem
1694 1747 1817 1790 praefa-

1072 1803 1135 1830 tam
1161 1798 1354 1842 ubicumque
1376 1799 1575 1842 degentibus,
1597 1801 1650 1844 qui
1669 1801 1816 1834 ecelesias

1072 1852 1110 1884 ab
1135 1852 1309 1885 (erinariis
1329 1853 1484 1896 locorum,
1506 1854 1552 1886 vel
1567 1864 1677 1886 eorum
1692 1855 1816 1887 vicariis

1072 1916 1127 1938 seu
1152 1905 1354 1947 officialibus,
1379 1912 1432 1939 aut
1457 1907 1495 1939 de
1520 1917 1630 1940 eorum
1652 1907 1816 1947 mandato,

1072 1964 1118 2001 et,
1151 1959 1226 2002 ipsis
1251 1959 1492 2001 deficientibus,
1517 1971 1573 2004 per
1599 1971 1668 2001 eos,
1695 1961 1748 2004 qui
1774 1961 1816 1993 ibi

1072 2022 1180 2046 curam
1205 2013 1382 2047 animarum
1408 2020 1565 2057 exercent,
1590 2020 1758 2059 postquam
1779 2015 1816 2048 ad

1072 2077 1182 2100 eorum
1204 2068 1347 2100 notitiam
1374 2068 1431 2101 hae
1455 2074 1581 2101 nostrae
1606 2069 1817 2112 pervenerint,

1072 2120 1299 2163 designandas,
1324 2122 1373 2153 vel
1405 2122 1610 2154 ecclesiarum
1636 2122 1817 2155 huiusmodi

1073 2174 1215 2213 alteram,
1240 2175 1341 2217 spatio
1366 2174 1499 2207 duarum
1526 2175 1671 2208 similiter
1696 2175 1818 2210 hebdo-

1075 2227 1237 2260 madarum
1252 2238 1268 2259 a
1282 2227 1496 2271 publicatione
1521 2228 1747 2272 designationis
1761 2240 1818 2274 per

1074 2281 1258 2315 Ordinarios
1288 2282 1336 2315 vel
1361 2293 1472 2315 eorum
1498 2283 1632 2315 vicarios
1663 2293 1718 2315 seu
1749 2284 1818 2316 ossi-

1076 2335 1169 2368 ciales
1194 2336 1243 2368 vel
1275 2336 1352 2369 alios
1384 2340 1418 2368 ut
1449 2336 1628 2379 praefertur
1659 2336 1818 2369 faciendae
1867 2376 1875 2383 ⁷

1075 2388 1345 2421 deeurrendarum
1367 2389 1476 2421 saltem
1498 2390 1594 2422 semel
1614 2389 1818 2430 visitaverint,

1076 2442 1192 2484 ibique,
1217 2447 1375 2486 utsupra,
1401 2443 1569 2483 oraverint,
1596 2454 1631 2476 ac
1656 2444 1768 2487 quarta
1789 2449 1819 2475 et

1076 2497 1162 2527 sexta
1187 2496 1265 2528 feria
1289 2507 1325 2529 ae
1350 2496 1480 2529 sabbato
1512 2496 1641 2529 alterius
1674 2508 1710 2529 ex
1741 2497 1817 2529 heb-

1077 2549 1218 2583 domadis
1242 2550 1423 2584 huiusmodi
1449 2551 1672 2593 ieiunaverint,
1690 2551 1819 2595 pariter<

1115 2613 1122 2638 l
1148 2612 1290 2640 Coniunct.
1311 2615 1336 2641 el
1356 2613 1417 2639 heic
1433 2613 1563 2641 intrusam
1578 2614 1700 2641 delemus
1716 2615 1754 2649 (n.
1769 2615 1817 2647 Τ,).

1758 189 1779 221 3
1826 197 1875 225 An.
1892 197 1920 225 C.
1944 197 2012 225 1055

1855 527 1931 548 Preces
1954 530 1975 547 et
1992 533 2013 558 q-

1868 562 1880 574 a
1927 558 2013 579 piatatis

1829 582 1963 608 praeseribit,

1872 1756 1953 1776 Est-’ris
1969 1763 2017 1783 pro«

1833 1782 1895 1803 ridet.
