2243 3205
91 167 137 192 An.
154 165 182 191 C.
207 163 271 190 1659

114 227 191 248 Motis-³

112 1023 232 1044 Concessiot

95 1903 99 1907 .
113 1876 222 1898 Decretum
238 1877 263 1898 ir-

84 1905 154 1924 tutans.

84 2195 192 2218 Contraria
201 2197 263 2218 tollit.

881 158 1064 183 ALEXANDER
1090 157 1133 180 vlt
1158 158 1206 180 1⁸1².

329 210 344 253 ἓ
368 210 397 242 Λ1.
422 210 497 243 Cum
524 214 640 250 autem,
666 208 745 242 sicut
771 207 878 241 eadem
905 206 1025 251 exposi-

285 263 328 296 tio
353 262 573 306 subiungebat,
599 272 689 306 saepe
715 260 856 294 nonnulli
881 260 1025 293 doctores

283 316 462 359 praedictae
476 315 672 358 theologicae
687 314 851 354 facultatis,
869 313 920 358 qui
939 313 1025 346 Com-

282 369 360 412 pluti
386 379 448 402 non
474 369 622 411 resident⁷
649 369 678 400 in
705 367 856 400 electione
882 365 1024 399 licentiae

282 422 382 465 gradu
400 422 670 465 insigniendorum
693 421 889 465 praedictum
918 423 1023 453 volum

282 475 399 507 habere
413 476 629 519 praetendant,
646 474 719 507 licet
736 473 939 506 sufficientiae
957 473 1026 506 bac-

282 529 502 562 calaureorum
537 528 748 571 cognitionem
781 538 842 560 non
868 527 1043 573 habeant,¹

282 581 401 625 quippe
426 582 479 625 qui
506 581 673 625 praedictis
694 592 803 614 eorum
822 581 943 614 actibus
963 591 1025 614 non

283 635 504 677 interfuerint,
530 646 586 668 nec
613 640 721 667 contra
755 646 808 667 eos
840 638 1043 678 argumenta}

282 689 517 732 proposuerint,
547 689 609 721 imo
634 699 690 721 nec
715 688 870 732 Compluti
896 688 1043 732 quidemt

282 746 425 785 tempore
457 747 582 774 actuum
618 741 798 774 huiusmodi
830 741 1024 774 resederim:

282 797 372 830 nobis
397 803 564 840 propterea
591 796 663 830 dicti
690 801 880 840 exponentes
902 794 1025 827 lnnnili-

283 856 330 883 ter
354 849 525 894 supplicari
551 850 703 890 fecerunt,
728 854 758 883 ul
787 849 816 882 in
841 848 1025 892 praemissis

282 910 461 948 opportune
480 904 648 948 providere
665 909 694 936 et
716 909 746 936 ut
763 903 841 935 infra
861 902 1024 945 indulgere

282 957 319 990 de
344 957 535 1001 benignitate
561 957 734 1001 apostolica
765 956 978 999 dignaremur.

326 1011 340 1054 ξ
357 1010 386 1043 ⁶2.
402 1011 463 1044 Nos
483 1011 589 1054 igitur⁷
605 1010 731 1043 eosdem
751 1014 941 1054 exponentes
959 1018 1024 1052 spe-

281 1063 411 1097 cialibus
437 1064 595 1098 savoribus
621 1069 650 1097 et
675 1063 783 1107 gratiis
804 1062 950 1107 prosequi
970 1072 1023 1094 vo-

281 1117 388 1158 lentes,
402 1123 432 1151 et
449 1129 558 1151 eorum
578 1118 753 1161 singulares
766 1127 916 1162 personas
928 1127 944 1149 a
959 1116 1025 1159 qui-

280 1170 385 1203 busvis
420 1170 776 1209 excommunicationis,
809 1175 884 1209 etc.‚
910 1169 1022 1202 harum

280 1224 361 1257 serie
392 1224 590 1257 absolventes
622 1229 653 1256 et
676 1223 837 1256 absolutas
862 1223 928 1256 fore
951 1233 1022 1256 cen-

279 1281 392 1318 sentes
416 1277 597 1311 huiusmodi
622 1277 905 1321 supplicationibus
936 1276 1024 1309 incli-

279 1332 362 1372 nati,
387 1336 421 1364 ut
452 1331 602 1375 deinceps
638 1331 668 1363 in
701 1331 856 1364 eiusmodi
889 1330 1023 1363 licentiis

281 1385 458 1428 theologiae
479 1396 541 1418 non
567 1385 668 1418 ferant
689 1390 794 1418 votnm
816 1384 873 1417 nisi
900 1384 942 1416 illi
968 1384 1023 1417 do-

280 1443 393 1481 ctores⁷
414 1438 466 1482 qui
492 1439 538 1471 vel
565 1449 622 1483 per
642 1449 693 1472 sex
716 1449 837 1471 menses
859 1438 1024 1471 continuos

280 1497 350 1524 ante
375 1492 493 1525 dictum
518 1497 624 1525 votum
650 1492 814 1525 ferendum
841 1497 1023 1536 praesentes

281 1545 311 1577 in
335 1545 418 1578 dicta
443 1545 645 1578 universitate
681 1545 859 1587 adfuerint,
887 1544 933 1577 vel
963 1545 1022 1577 sal-

280 1604 341 1632 tem
366 1599 524 1632 adfuerint
542 1603 724 1643 praesentes
748 1603 885 1642 quatuor
902 1598 1022 1631 actibus

279 1653 476 1696 singulorum
515 1653 773 1686 concurrentium
812 1653 849 1685 ad
884 1653 1023 1686 licentias

279 1717 314 1740 ex
340 1707 376 1739 iis
395 1705 492 1751 quos¹
511 1717 570 1751 pro
587 1706 714 1739 licentia
732 1706 903 1739 obtinenda
921 1707 1024 1740 facere

278 1761 600 1802 debent,auctoritate
614 1761 798 1805 apostolica,
815 1766 923 1794 tenore
937 1771 1024 1805 prac-

279 1815 424 1856 sentium,
442 1815 641 1848 decernimus
660 1821 689 1848 et
707 1815 898 1848 ordinamus.

323 1869 338 1912 g
361 1869 392 1902 3.
421 1869 629 1902 Decet-nentes
650 1869 767 1913 pariter
787 1869 910 1902 easdem
932 1880 1023 1913 prae-

279 1928 382 1955 sentes
407 1922 527 1955 litteras
552 1933 677 1966 semper
695 1922 812 1963 firmas,
834 1928 903 1963 etc„
925 1923 1024 1956 invio-

279 1975 414 2008 labiliter
438 1975 615 2015 observari3
641 1976 747 2019 sicque
780 1976 809 2008 in
841 1976 1023 2020 praemissis

278 2039 335 2073 per
351 2040 568 2074 quoscumque
594 2029 723 2069 iudices,
741 2033 809 2072 etc„
831 2030 954 2063 definiri
973 2030 1023 2063 de-

278 2082 363 2125 bere,
390 2093 425 2116 ac
451 2083 575 2116 irritum
602 2087 631 2117 ct
655 2083 756 2124 inane,
775 2083 799 2116 si
825 2093 926 2124 secus,
952 2089 1021 2127 etc„

278 2137 446 2179 contigerit
466 2137 621 2171 attentari.

323 2190 380 2234 §la
399 2191 467 2224 Non
482 2191 678 2224 obstantibus
693 2191 884 2235 praemissis,
900 2202 934 2223 ae
949 2201 1022 2224 con-

278 2243 495 2277 stitutionibus
512 2249 542 2277 et
558 2244 810 2277 ordinationibus
828 2244 1019 2288 apostolicis,

278 2307 400 2330 necnon
428 2297 606 2341 p1·aedictiS‚
633 2303 662 2330 et
684 2297 751 2330 aliis
767 2298 930 2341 quibusvis
954 2308 1019 2330 me-

278 2356 418 2384 moratae
443 2351 675 2392 universitatis‚
700 2352 793 2384 etiam
821 2351 1019 2391 iuramento,

277 2408 346 2445 etc.,
372 2404 401 2437 in
431 2404 624 2437 contrarium
656 2404 902 2448 praemissorum
935 2415 1017 2448 quo-

277 2457 451 2491 modolibet
471 2458 636 2500 concessis,
654 2457 848 2491 confirmatis
872 2461 902 2492 et
931 2457 1021 2491 inno-

313 2575 326 2602 1
345 2575 410 2601 Male
427 2575 491 2602 edit.
508 2574 586 2602 Main.
605 2574 666 2610 legit
682 2583 737 2608 quo
754 2583 800 2610 pro
817 2583 887 2609 qnos
901 2578 936 2609 (tt.
950 2576 999 2610 τ.),

1706 145 1768 178 509

1060 205 1159 245 vatis3
1192 204 1307 248 quibus
1332 204 1480 238 omnibus
1505 209 1534 237 et
1558 202 1711 246 singulis,
1734 201 1803 234 illo-

1041 269 1129 309 'rum
1155 263 1281 291 tenores
1310 258 1538 302 praesentibus,
1562 263 1631 297 eto,
1654 256 1712 289 liae
1737 255 1803 288 vice

1041 311 1220 352 {dumtaxat
1241 312 1419 356 specialiter
1443 317 1472 344 et
1497 321 1644 355 expresse
1670 309 1803 353 deroga-

1042 359 1043 371 *
1060 377 1145 406 mus;
1163 365 1340 409 ceterisque
1357 366 1523 399 contrariis
1541 365 1802 408 spiibuscumque.

1103 420 1214 453 Datum
1242 419 1271 451 in
1297 420 1376 451 Arce
1405 418 1593 462 Gandulphi,
1620 417 1804 451 Albanensis

1042 472 1222 513 dioecesis,
1248 472 1306 505 sub
1336 472 1452 505 annulo
1478 472 1666 511 Piscator-is,
1698 471 1746 504 die
1772 481 1804 504 lx

1060 527 1198 561 octobris
1214 537 1341 567 tirocmx,
1356 526 1555 571 pontificatus
1566 526 1663 559 nostri
1675 536 1756 559 anno
1775 535 1803 557 v.

1041 601 1044 635 ἶ
1094 591 1154 617 Dat.
1172 590 1216 617 die
1229 590 1245 617 9
1261 590 1379 617 octobris
1392 589 1469 623 1659,
1487 589 1580 625 pontif.
1598 597 1667 616 anno
1684 596 1707 616 v.

1365 733 1498 767 CCLX'V.

1061 814 1294 848 Ordinationes
1308 815 1396 848 circa
1415 818 1589 847 conventus
1603 814 1804 847 Brz'ocensem

1104 872 1132 901 ec
1163 868 1442 900 Landermensem
1477 878 1574 910 super
1609 867 1803 910 quibusdam

1104 922 1328 954 controversiis
1342 922 1427 954 inter
1440 922 1558 964 fratres
1572 921 1762 954 Recotlectos
1776 925 1804 953 el

1105 974 1293 1017 Cordiqeros
1327 973 1461 1008 Ordinis
1493 975 1599 1007 sancti
1633 974 1805 1007 Frnncisci

1103 1028 1139 1060 in
1166 1027 1279 1061 Gallia
1297 1029 1416 1061 eoeorlz's
1443 1029 1477 1060 in
1494 1028 1639 1071 capitulo
1656 1027 1803 1071 μενων-αὔ

1103 1081 1184 1114 dicta·
1210 1080 1345 1115 Ordinis
1371 1079 1570 1114 emanalc1s¹.

1254 1162 1421 1189 Alexander
1444 1162 1522 1195 Papa
1543 1162 1606 1193 vn,

1204 1206 1240 1233 ad
1260 1207 1392 1233 futuram
1412 1206 1456 1233 rei
1475 1206 1656 1233 memoriam.

1103 1277 1117 1321 ἓ
1139 1277 1168 1310 1.
1198 1277 1316 1321 Exponi
1342 1276 1433 1310 nobis
1457 1287 1558 1320 nuper
1578 1276 1648 1309 fecit
1672 1276 1803 1309 dilectus

1059 1330 1141 1363 filius
1171 1330 1317 1364 Nicolaus
1342 1329 1532 1371 Bet-nardus,
1547 1331 1679 1363 fratrum
1705 1331 1802 1363 Mino-

1058 1395 1128 1417 rum
1154 1384 1279 1418 Ordinis
1303 1385 1401 1418 sancti
1427 1385 1584 1418 Francisci
1611 1385 1803 1418 Recollecto-

1058 1449 1128 1471 rum
1154 1444 1408 1482 nuncupatorum
1434 1439 1523 1482 regni
1543 1438 1658 1472 Galliae
1684 1439 1714 1471 in
1741 1439 1802 1471 Ro-

1060 1495 1150 1526 mana
1173 1493 1261 1525 curia
1279 1502 1374 1535 agens
1392 1492 1549 1536 generalis
1571 1497 1600 1525 et
1621 1492 1801 1536 provinciae

1059 1547 1228 1579 Brittaniae
1239 1546 1378 1579 eiusdem
1391 1546 1515 1580 Ordinis
1529 1552 1717 1590 procurator
1735 1557 1801 1590 spe-

1059 1600 1154 1642 cialis,
1165 1600 1250 1644 quod
1263 1600 1348 1641 alias,
1363 1600 1477 1633 dilecto
1491 1599 1608 1643 pariter
1624 1599 1688 1633 filio
1700 1600 1802 1633 Guiel-

1059 1664 1110 1687 mo
1128 1654 1288 1695 Troviltet,
1307 1664 1342 1686 ex
1364 1659 1452 1698 parte
1470 1653 1716 1696 Cordigerorum
1732 1663 1802 1686 con-

1058 1713 1167 1740 ventus
1194 1707 1378 1747 Briocensis‚
1403 1717 1439 1740 ac
1457 1707 1549 1739 etiam
1573 1707 1659 1748 cleri,
1685 1707 1800 1740 civium

1058 1760 1273 1794 etfundatoris
1297 1760 1437 1793 eiusdem
1457 1766 1630 1793 conventus
1650 1771 1799 1805 procura-

1058 1819 1136 1858 tore,
1154 1824 1275 1847 necnon
1302 1814 1369 1858 ipso
1387 1814 1516 1847 Nicolao
1537 1825 1573 1847 ex
1592 1814 1690 1847 altera
1711 1821 1800 1858 parte

1058 1869 1088 1901 in
1113 1868 1359 1902 contradictorio
1385 1868 1520 1909 auditis,
1553 1874 1738 1901 emanarunt
1763 1869 1801 1901 ad

1058 1923 1195 1956 favorem
1222 1923 1323 1956 dictae
1343 1922 1524 1967 provinciae
1550 1922 1800 1956 Recollectorum

1057 1976 1248 2020 apostolicae
1265 1976 1293 2009 in
1312 1977 1405 2008 simili
1422 1976 1522 2009 forma
1538 1976 1643 2009 Brevis
1669 1976 1800 2019 litterae,

1057 2030 1172 2075 quibus
1197 2030 1422 2073 iniungebatur
1446 2030 1596 2063 fratribus
1620 2029 1800 2073 Cordigeris

1057 2089 1228 2117 conventus
1255 2083 1433 2117 Briocensis
1450 2089 1483 2116 ut
1502 2083 1654 2127 magistro
1678 2084 1801 2128 provin-

1056 2138 1126 2171 ciali
1144 2138 1396 2171 Recollectorum
1414 2142 1571 2182 tamquam
1587 2148 1644 2171 suo
1658 2137 1799 2180 legitimo

1056 2191 1213 2236 superiori
1225 2191 1399 2232 obedirent,
1408 2191 1487 2224 sicut
1500 2202 1557 2235 per
1569 2191 1702 2235 spatium
1717 2197 1800 2225 octo-

1055 2245 1155 2278 decim
1182 2256 1335 2278 nnnorum
1358 2245 1508 2285 fecerunt,
1527 2256 1562 2278 ac
1576 2245 1795 2289 praecipieba-

1055 2304 1106 2331 tur
1130 2304 1283 2342 quatenus
1301 2299 1413 2332 fratres
1438 2298 1618 2342 provinciae
1642 2298 1798 2331 Turoniae

1055 2352 1255 2386 pictaviensis
1280 2352 1310 2385 in
1336 2352 1518 2397 supradicto
1537 2358 1693 2386 conventu
1715 2352 1799 2385 insti-

1055 2405 1110 2438 tuti
1125 2405 1190 2438 sine
1208 2406 1271 2438 ulla
1296 2406 1435 2449 legitima
1461 2406 1638 2439 obedientia
1656 2406 1798 2450 superio-

1055 2470 1124 2492 rum
1150 2459 1297 2500 Ordinis,
1323 2459 1376 2503 qui
1410 2470 1467 2504 per
1499 2459 1578 2493 duos
1610 2470 1708 2493 annos
1734 2461 1794 2493 iam

1091 2578 1100 2602 1
1121 2576 1155 2602 Ex
1173 2575 1279 2611 Regest.
1299 2577 1323 2602 in
1341 2576 1441 2603 Serrei.
1467 2577 1597 2603 llrexium.

1819 153 1867 179 An.
1884 154 1910 179 (ἶ.
1937 153 2002 179 isso
