2243 3205
60 191 112 218 Ἀιι.
133 190 162 217 C.
180 189 247 217 1660

95 1640 205 1661 Decretum
218 1647 250 1661 re-

69 1668 148 1687 :inurat
185 1670 250 1694 atquo

70 1694 171 1715 declarat.

100 2386 106 2410 Ξ
122 2385 254 2407 Confirmatio

77 2411 161 2433 decri-ti.

859 187 1048 214 Ammona
1071 187 1116 212 v11
1139 188 1189 212 1³1³.
1678 178 1743 212 523
1789 187 1837 214 An.
1860 187 1889 213 c.
1907 188 1974 214 icoo

258 238 393 282 desuper
412 238 536 282 utrique
549 238 630 281 parti
647 243 801 282 perpetuo
816 238 950 279 silentio,
968 242 997 270 et

255 291 343 332 alias,
358 297 453 335 prout
469 291 501 324 in
519 291 629 325 eodem
649 291 787 333 decreto,
805 292 894 325 cuius
912 296 995 324 teno-

259 354 326 377 rem
350 343 568 387 praesentibus
587 355 646 388 pro
670 344 761 388 plene
780 350 811 378 et
836 344 995 378 suffimen<

259 401 307 430 ter
330 407 477 441 expresso
502 397 611 430 haberi
632 398 789 441 volumus,
810 397 998 432 continetur.

303 451 318 494 ἓ
342 449 372 483 02.
397 451 473 484 Cum
498 455 613 492 autem,
634 452 714 484 sicut
729 462 788 496 pro
803 457 892 496 parte
909 462 999 496 prae-

259 504 415 537 dictorum
441 504 580 549 episcopi
598 510 627 538 et
644 504 765 538 abbatis
784 505 875 538 nobis
898 515 1000 549 nuper

259 558 436 602 expositum
461 558 533 599 fuit,
562 563 670 591 exorta
694 558 787 591 suerit
811 558 892 591 inter
916 558 1000 602 ipsos

260 611 444 656 episcopum
470 622 505 645 ex
530 613 590 645 una
616 617 646 644 et
669 611 813 645 abbatem
840 622 875 645 ex
902 612 1001 645 altera

259 664 402 708 partibus
427 665 510 698 circa
526 664 719 697 intellectum
737 664 856 698 decreti
881 675 935 698 seu
952 664 1001 698 de-

260 718 441 752 clarationis
465 718 646 751 huiusmodi
666 718 890 761 controversia,
907 728 1002 762 quam

260 771 320 815 ipsi
344 772 531 805 auctoritate
555 773 664 805 nostra
696 772 801 805 dirimi
826 772 1001 816 plurimum

259 825 458 859 desiderant:
490 836 557 868 nos,
583 825 752 870 specialem
779 825 898 858 eisdem
929 825 1000 870 epi-

261 889 356 923 scopo
381 884 412 912 et
435 878 540 912 abbati
573 878 706 922 gratiam
735 879 838 912 facere
863 879 1003 912 volentes

261 938 292 966 et
316 943 426 966 eorum
451 932 627 976 singulares
658 943 808 977 personas
833 944 850 965 a
874 932 1002 976 quibus-

261 985 307 1019 vis
332 986 676 1026 excommunicationis,
694 991 764 1027 etc„
784 986 896 1019 harum
922 986 1003 1019 serie

261 1040 458 1073 absolventes
482 1045 512 1072 et
536 1040 696 1073 absolutas
729 1040 795 1073 fore
820 1044 1002 1081 censentes,

261 1092 543 1137 supplicationibus
560 1104 670 1126 eorum
699 1093 827 1126 nomine
847 1093 937 1126 nobis
957 1104 1004 1126 su-

262 1157 320 1190 per
345 1146 405 1180 hoc
429 1146 592 1180 humiliter
616 1146 772 1191 porrectis
796 1146 946 1188 inclinati,
967 1146 1004 1179 de

262 1200 517 1243 congregationis
541 1200 766 1233 venerabilium
792 1200 923 1234 fratrum
949 1211 1005 1234 no·

262 1259 400 1287 strorum
425 1253 455 1287 S.
480 1254 514 1287 R.
540 1254 572 1286 E.
601 1253 808 1287 cardinalium
838 1254 1004 1287 memorati

262 1307 391 1341 Concilii
414 1307 586 1340 Tridentini
612 1308 828 1351 interpretum,
852 1307 890 1340 ad
910 1318 1004 1352 quam

263 1361 442 1405 praedictae
466 1361 698 1395 controversiae
719 1360 933 1394 definitionem
955 1372 1005 1394 re-

265 1415 417 1457 misimus,
447 1414 599 1455 consilio‚
620 1415 747 1458 praevia
780 1414 874 1448 etiam
901 1415 1001 1448 insor-

265 1469 401 1501 matione
426 1468 531 1502 dilecti
556 1468 611 1500 filii
630 1465 733 1502 'nostri
759 1473 789 1501 et
805 1468 893 1502 Sedis
918 1479 1006 1512 prae-

265 1521 366 1555 dictae
390 1522 496 1555 nuncii
526 1521 557 1554 in
581 1521 721 1555 dominio
746 1522 961 1555 Helvetiorum
978 1526 1007 1556 et

266 1575 438 1609 Rhetorum
464 1574 639 1615 residentis,
661 1585 693 1608 re
714 1585 771 1618 per
791 1575 917 1608 eosdem
943 1586 1007 1608 car-

265 1628 384 1662 dinales
409 1634 531 1662 mature
556 1628 742 1669 examinata,
766 1635 1006 1673 praenarratum

264 1682 437 1725 decretum,
455 1682 513 1715 sub
530 1682 580 1715 die
597 1692 636 1715 xx
651 1682 783 1715 ianuarii
797 1692 928 1716 itincrvn
946 1682 1008 1716 edi-

265 1739 340 1778 tum,
356 1735 593 1778 intelligendum
612 1746 689 1775 esse,
708 1740 889 1770 remanente
906 1736 1006 1769 eidem

265 1789 414 1833 episcopo
430 1788 571 1822 CurIensi
591 1789 777 1822 auctoritate
798 1789 958 1822 ordinaria
976 1790 1007 1822 in

265 1842 416 1886 populum
442 1846 472 1874 et
495 1842 715 1886 parochianOS,
733 1842 907 1886 eademque
928 1842 1007 1875 ordi-

265 1895 355 1929 naria
371 1895 587 1928 iurisdictione
606 1895 786 1928 immediata
803 1896 835 1928 in
860 1896 1007 1929 ecclesias

266 1952 296 1981 et
321 1952 460 1981 rectores
484 1958 580 1991 penes
601 1948 712 1981 Sedem
733 1948 945 1992 Apostolicam
963 1960 1009 1982 re-

266 2003 399 2042 servata,
420 2001 560 2035 iniuncta
585 2007 689 2035 tamen
713 2003 859 2046 parochis
880 2013 1007 2047 compa-

265 2055 380 2089 ritione
404 2055 444 2088 ad
480 2055 633 2100 synodum
660 2061 690 2089 ct
721 2056 855 2100 capitula
891 2057 1008 2090 ruralia

265 2119 388 2143 necnon
409 2114 607 2153 competente
623 2110 827 2143 collectarum
842 2110 1008 2151 taxatione,

265 2163 451 2197 auctoritate
464 2163 646 2207 apostolica,
662 2168 771 2197 tenore
783 2164 1008 2208 praesentium,

266 2217 484 2258 declaramus,
513 2217 598 2250 salva
623 2227 747 2261 semper
771 2217 803 2250 in
827 2218 1009 2261 praemissis

267 2271 452 2305 auctoritate
467 2275 661 2304 memoratae
674 2271 928 2316 congregationis
946 2283 1009 2306 car-

267 2324 430 2358 dinalium.

313 2379 328 2422 ἓ
344 2377 374 2411 3.
392 2378 601 2412 Decernentes
620 2378 743 2412 easdem
767 2384 947 2423 praesentes
964 2379 1010 2412 lit-

270 2437 351 2466 teras
368 2442 495 2476 semper
519 2431 637 2473 firmas,
655 2437 724 2474 etc,
741 2432 849 2476 sicque
869 2433 898 2465 in
923 2444 1011 2477 prae-

269 2486 391 2527 missis,
422 2496 479 2530 per
501 2496 718 2530 quoscumque
743 2486 861 2520 iudices
885 2487 1011 2520 ordina-

269 2540 343 2580 rio&
369 2545 438 2581 etc„
463 2540 586 2573 definiri
616 2540 741 2584 debere,
774 2552 809 2575 ac
833 2541 957 2576 irritum
982 2547 1012 2575 et

270 2594 369 2632 inane,
391 2595 414 2627 si
432 2605 521 2628 secus
538 2605 632 2639 super
648 2595 696 2629 his
713 2606 729 2628 a
754 2606 924 2640 quoquam,
937 2608 1012 2640 qua-

1032 236 1077 268 vis
1108 235 1315 277 auctoritate,
1340 237 1475 270 scienter
1503 236 1551 269 vel
1582 236 1775 280 ignoranter,

1032 289 1200 332 contigerit
1216 291 1371 323 attentari.

1077 342 1091 386 ἓ
1115 342 1145 375 4.
1175 343 1245 377 Νοη
1277 343 1476 376 obstantibus
1508 343 1710 388 praemissis,
1740 354 1776 376 ac
1811 357 1976 377 emisimus-

1033 396 1311 430 constitutionibus
1331 401 1361 431 et
1377 397 1629 430 ordinationibus
1649 401 1775 441 aposto·
1791 387 1841 410 ΡΜ

1033 450 1111 490 licis,
1134 450 1309 494 ceterisque
1327 451 1494 484 contrariis
1512 451 1774 495 quibuscumque.

1077 504 1190 537 Datum
1215 504 1344 546 Romae,
1365 504 1447 548 apud
1471 504 1500 537 S.
1527 505 1655 537 Mariam
1682 505 1775 538 Maio-

1035 568 1113 599 rem,
1134 557 1192 590 sub
1212 557 1328 591 annulo
1346 557 1524 599 piscatoris,
1539 558 1588 591 die
1603 568 1624 591 ιι
1643 558 1775 591 ianuarii

1035 620 1150 653 MDCLX,
1176 610 1378 655 pontificatus
1401 611 1501 644 nostri
1526 621 1608 644 anno
1634 621 1662 644 v.

1071 672 1129 700 Dat.
1146 672 1190 700 die
1205 672 1221 699 Ξ
1237 672 1351 700 ianuarii
1372 672 1452 707 1560,
1470 672 1567 708 pontis.
1584 681 1654 700 anno
1667 681 1690 699 v.

1321 816 1497 851 CCLXXIV.

1039 897 1250 940 Confirmatio
1275 896 1465 931 concordiae
1488 907 1586 940 super
1605 901 1779 930 controver-

1081 951 1138 984 siis
1162 952 1249 984 inter
1271 951 1451 994 episcopum
1476 954 1505 983 et
1530 950 1713 994 capitulum
1734 961 1779 983 ec-

1082 1004 1197 1038 clesiae
1215 1004 1381 1039 Curiensis
1405 1008 1434 1037 el
1457 1004 1603 1037 abbatem
1622 1008 1781 1036 monaste-

1081 1059 1127 1091 rii
1144 1058 1405 1098 Dissercinensis,
1426 1057 1592 1092 Curiensis
1616 1057 1777 1097 dioecesis,

1082 1113 1245 1145 occasione
1258 1112 1473 1156 exemptionis
1490 1111 1570 1145 dicti
1590 1111 1782 1144 monasterii

1082 1165 1279 1198 vertentibus
1303 1166 1496 1198 auctoritate
1527 1165 1643 1198 nuncii
1659 1168 1781 1207 aposlo-

1081 1219 1141 1252 tici
1165 1218 1254 1265 apud
1273 1218 1435 1252 Helvetios
1455 1218 1646 1252 stabilitae‘.

1236 1299 1403 1327 Alexander
1423 1300 1502 1333 Papa
1521 1299 1585 1331 vn,

1164 1345 1201 1372 ad
1220 1348 1397 1380 perpetuam
1416 1344 1460 1372 rei
1480 1343 1661 1372 memoriam.

1084 1415 1241 1450 Militantis
1267 1415 1424 1449 Ecclesiae
1445 1415 1590 1458 regimini
1608 1425 1664 1458 per
1684 1414 1781 1447 abun-
1825 1425 1956 1444 ermen-mm

1040 1469 1177 1502 dantiam
1203 1469 1326 1502 divinae
1350 1468 1499 1502 bonitatis
1527 1468 1614 1501 nullo
1631 1468 1704 1501 licet
1721 1479 1782 1500 me-

1041 1523 1175 1556 ritorum
1200 1528 1383 1556 nostrorum
1408 1521 1561 1565 suffragio
1586 1522 1781 1566 praepositi,

1042 1576 1102 1617 illa,
1128 1586 1208 1620 quae
1233 1576 1313 1608 inter
1338 1585 1490 1619 personas
1511 1575 1781 1609 ceclesiasticas'a-

1043 1629 1167 1662 mabilis
1192 1629 1380 1663 concordiae
1405 1629 1508 1662 studio
1542 1629 1672 1673 provide
1697 1635 1781 1661 tran-

1042 1689 1126 1717 sacta
1144 1688 1173 1716 et
1193 1683 1328 1716 stabilita
1345 1693 1413 1716 csse
1430 1683 1669 1725 dignoscuntur,
1687 1683 1783 1715 liben-

1043 1742 1100 1777 ter,
1129 1747 1200 1770 cum
1231 1747 1248 1769 a
1273 1736 1363 1769 nobis
1381 1736 1507 1780 petitur,
1525 1736 1689 1780 apostolici
1718 1747 1782 1769 mu-

1041 1790 1169 1823 niminis
1193 1789 1369 1834 patrocinio
1394 1789 1591 1823 roboramus.

1087 1845 1101 1887 ἓ
1126 1844 1154 1877 t.
1181 1843 1300 1888 Exponi
1325 1843 1478 1887 siquidem
1503 1843 1594 1876 nobis
1619 1853 1720 1887 nuper
1745 1843 1783 1876 se·
1825 1853 1964 1879 Siquidm-³¹1».

1042 1903 1153 1930 cerunt
1181 1897 1368 1930 venerabilis
1399 1897 1496 1929 frater
1527 1896 1693 1940 episcopus
1717 1897 1778 1930 Cu-

1043 1951 1164 1991 riensis,
1190 1956 1220 1983 et
1244 1950 1348 1983 dilecti
1369 1949 1425 1982 filii
1450 1949 1621 1993 capitulum
1644 1955 1673 1982 et
1694 1960 1784 1983 cano-

1043 2005 1103 2038 nici
1139 2004 1289 2038 ecclesiae
1325 2004 1505 2045 Curiensis,
1536 2014 1659 2037 necnon
1687 2003 1783 2036 abbas

1043 2059 1227 2092 monasterii
1252 2058 1393 2092 abbatiae
1425 2057 1598 2102 nuncupati
1629 2057 1779 2090 Disscrti-

1043 2113 1160 2154 nensis,
1170 2112 1324 2146 dioecesis
1334 2111 1501 2153 Curiensis,
1516 2111 1600 2156 quod
1617 2112 1703 2153 alias,
1718 2122 1782 2144 ver-

1044 2166 1181 2199 tentibus
1207 2165 1366 2199 nonnullis
1392 2165 1474 2198 inter
1503 2165 1629 2198 eosdem
1654 2165 1784 2209 episco-

1043 2230 1116 2263 pum
1143 2224 1173 2252 et
1204 2218 1376 2263 capitulum
1409 2228 1444 2251 ac
1468 2218 1636 2252 canonicos
1661 2228 1697 2250 ex
1723 2219 1785 2250 una

1043 2278 1132 2316 parte
1149 2277 1178 2305 ct
1194 2272 1313 2305 dictum
1330 2272 1473 2305 abbatem
1491 2282 1526 2305 cx
1544 2272 1642 2305 altera
1660 2277 1786 2305 contro·

1044 2326 1164 2369 versiis,
1179 2327 1255 2360 inita
1272 2331 1302 2360 et
1321 2326 1401 2360 sacta
1418 2326 1475 2360 fuit
1492 2326 1664 2369 (reservato
1682 2331 1786 2359 tamen

1044 2385 1152 2413 nostro
1169 2385 1199 2413 et
1211 2379 1304 2413 buius
1321 2385 1446 2413 sanctae
1465 2379 1553 2413 Sedis
1573 2379 1784 2424 beneplacito)

1046 2434 1125 2466 inter
1151 2433 1274 2466 easdem
1307 2438 1412 2477 partes
1436 2434 1535 2477 opera
1561 2438 1652 2477 atquc
1677 2439 1785 2466 aucto-

1046 2487 1136 2520 ritate
1162 2487 1350 2520 venerabilis
1368 2486 1472 2520 fratris
1490 2486 1631 2520 Federici
1649 2487 1786 2531 patriar-

1046 2541 1123 2576 chae
1146 2541 1371 2583 Alexandrini,
1403 2541 1503 2575 nostri
1529 2546 1558 2574 et
1587 2541 1674 2575 Sedis
1699 2552 1786 2585 prac-

1083 2607 1093 2632 1
1117 2605 1153 2632 Ex
1176 2605 1281 2641 ssegest.
1304 2606 1331 2633 in
1350 2605 1454 2633 Secret.
1475 2605 1551 2633 Brev.
