2185 3188
41 177 90 205 Aa.
110 175 137 203 C.
156 174 223 202 1656

57 1618 168 1641 Exordium.

230 285 337 308 sorum
373 276 610 318 quomodolibet
645 276 817 316 concessis,

819 174 1005 199 AtaxANmm
1030 174 1075 198 vn
1098 175 1146 199 rr.

231 221 343 255 litteris
359 221 540 265 apostolicis
558 222 588 255 in
608 222 803 256 eontrarium
821 223 971 266 praemis-

855 276 971 310 confir-

230 328 322 360 matis
353 334 383 361 et
416 328 586 369 innovatis;
613 329 727 374 quibus
759 329 905 362 omnibus
941 327 987 362 etl

1645 167 1710 202 245

1006 275 1233 309 recordationis
1259 277 1440 311 Innocentio
1466 278 1547 322 Papa
1571 279 1594 312 X
1620 279 1747 323 praede-

985 357 987 384 l

229 380 369 424 singulis,
388 381 514 415 illorum
532 388 657 416 tenores
680 382 897 427 praesentibus
911 394 970 426 pro
985 391 987 431 J
1003 381 1143 415 definitio
1169 382 1287 415 tenoris
1312 384 1364 426 qui
1387 385 1541 428 sequitur,
1568 385 1732 419 videlicet:

228 433 320 477 plene
336 437 366 468 et
382 435 574 469 sufficienter
591 436 746 480 expressis
765 446 800 468 ac
817 435 855 468 de
872 436 969 469 verbo
985 435 986 477 j

227 486 266 520 ad
298 488 430 520 verbum
460 489 584 522 insertis
612 489 782 526 habentes,
808 489 868 522 illis
893 486 987 522 alias*

809 543 866 575 hac
903 543 968 576 vice

226 593 389 627 dumtaxat
414 595 593 652 specialiter
617 602 647 629 et
667 606 814 639 expresse
838 596 969 639 deroga-

227 539 258 573 in
293 550 349 574 suo
386 541 502 576 robore
533 543 772 586 permansuris,

227 656 311 687 mus;
325 647 500 691 ceterisque
518 648 684 681 contrariis
703 648 985 697 quibuscumun¹

269 700 380 733 Datum
390 701 517 743 Romae,
533 701 654 745 apudS.
666 702 966 743 MariamMaiorem,

1166 462 1376 496 Innocentius
1415 465 1580 508 episcopus

984 525 986 539 .-
1175 526 1285 549 servus
1309 527 1474 550 servorum
1498 518 1569 557 Dei,

983 541 986 613 Ι
1064 568 1228 602 universis
1252 569 1519 612 christifidelibus
1543 571 1682 604 salutem

1096 626 1124 654 et
1149 622 1360 664 apostolicam
1386 623 1645 657 benedictionem.

983 701 985 741 ζ
1045 700 1150 741 Cum¹‚
1169 702 1332 735 occasione
1363 702 1578 746 inipiessionis
1600 704 1672 736 libri
1693 704 1742 736 cui

225 753 283 786 sub
311 754 428 787 annulo
451 755 635 795 piscatoris,
664 755 714 788 die
747 766 788 789 xv
828 731 1108 815 octobris{titulus
1132 755 1337 798 Augustinus
1353 755 1489 789 Cornelii
1516 757 1646 790 lansenii
1676 758 1742 800 epi-

982 817 1087 850 iscopi
1112 807 1258 852 lpiensis,
1284 809 1364 842 inter
1389 809 1464 842 alias
1489 811 1555 843 eius
1580 810 1744 854 opiniones

225 816 350 848 MDCLVt,
368 808 568 850 pontificatus
588 809 688 842 nostri
710 819 838 843 annon.

260 870 316 897 Dat.
339 870 382 897 die.
405 872 434 896 ¹5
453 871 574 898 octobris
596 871 673 907 1656,
696 873 790 908 pontif.
814 881 884 901 auno
901 879 926 900 11.

500 1015 686 1049 CXXXVIII.

227 1093 439 1136 Confirmatio
463 1099 492 1128 et
516 1095 695 1129 declaratio
723 1098 948 1130 constitutzoni

265 1147 448 1180 Innocentii
482 1149 592 1192 Papae
620 1150 659 1190 X,
687 1161 752 1193 qua
788 1150 981 1186 damnatae.

265 1205 342 1233 sune
357 1201 504 1244 quinque
519 1203 753 1246 propositiones
766 1210 931 1247 excerptae
944 1215 981 1237 a
979 1196 981 1203 ¹

266 1253 346 1286 libro
365 1254 508 1288 Cornelii
523 1255 673 1288 Iansemi
689 1257 831 1300 episcopi
854 1257 913 1300 [pi
914 1268 964 1290 en

265 1308 319 1347 sis,
348 1308 402 1340 cui
426 1308 543 1341 titulus
560 1310 761 1351 Augustinus

422 1389 585 1417 Alexander
601 1390 760 1424 episcopus

397 1441 502 1461 servus
533 1441 686 1461 servorum
716 1435 783 1467 Dei,

295 1486 445 1514 universis
475 1488 727 1515 christifidelibus
759 1489 889 1516 salutem

330 1535 361 1559 et
382 1532 577 1566 apostolicam
597 1533 846 1561 benedictionem.

263 1614 308 1647 Ad
326 1620 462 1647 sanctam
489 1614 570 1646 beati
594 1615 675 1647 Petri
701 1614 811 1648 Sedem
837 1620 867 1647 et
892 1615 960 1648 uni

220 1667 346 1700 versatis
379 1667 536 1700 Ecclesiae
567 1667 731 1710 regimen,
764 1668 958 1701 inscrutabili

219 1719 339 1753 divinae
364 1719 578 1764 providentiae
613 1720 839 1764 dispositione,
865 1722 976 1754 nullis

218 1773 332 1807 nostris
357 1772 602 1816 suffragantibus
628 1774 748 1807 meritis
773 1775 881 1816 evecti,
911 1775 956 1808 ni-

217 1826 261 1859 hil
283 1826 376 1860 nobis
398 1826 558 1870 antiquius
575 1838 611 1860 ex
630 1828 770 1861 muneris
788 1829 887 1862 nostri
909 1829 958 1862 de-

217 1879 282 1912 bito
305 1889 373 1913 esse
397 1879 554 1921 duximus,
572 1891 666 1923 quarn
684 1887 714 1913 ut
734 1886 859 1915 sanctae
884 1882 955 1915 fidei

217 1938 352 1974 nostrae,
372 1944 408 1966 ac
432 1944 594 1967 sacrorum
620 1933 803 1977 dogmatum
831 1935 974 1979 integri-⁴

217 1986 269 2020 tati
294 1986 407 2021 tradita
431 1986 521 2020 nobis
545 1997 560 2019 a
585 1987 649 2021 Deo
674 1992 826 2032 potestate
844 2000 955 2033 oppor-

218 2046 289 2073 tune
324 2040 570 2074 consuleremus.
604 2043 666 2082 Ac,
701 2042 773 2075 lieet
809 2052 843 2075 ea
876 2054 956 2086 quae

217 2095 395 2138 apostolicis
419 2095 694 2128 constitutionibus
728 2095 852 2129 abunde
882 2097 952 2130 sue-

971 2094 1122 2136 3gratiam
1149 2095 1241 2128 talem
1268 2105 1356 2134 esse,

217 2152 290 2180 runt
305 2148 433 2181 definita
458 2159 555 2181 novae
579 2148 746 2182 decisionis
769 2149 832 2182 sive
857 2149 973 2183 decla-v

218 2201 346 2235 rationis
370 2201 547 2234 accessione
567 2211 764 2245 nequaquam
787 2201 973 2245 indigeant‚³

981 851 1079 938 {otta
1092 860 1196 901 suerit
1220 863 1408 905 praesertim
1436 863 1465 895 in
1482 863 1599 904 Galliis,
1621 868 1743 898 contio

1757 177 1808 204 An.
1830 178 1859 205 C.
1878 179 1945 208 1656

1049 224 1063 266 ξ,
1092 223 1116 255 l
1144 223 1305 258 Emanavit
1328 224 1482 269 siquidem
1507 225 1583 258 alias
1607 236 1624 258 a
1649 226 1746 259 felicis
1783 239 1945 261 aeserniam

1761 265 1811 286 tuno
1815 268 1878 287 centii
1893 267 1917 288 X.

1004 338 1129 361 cessere
1153 334 1262 362 nostro
1293 331 1495 372 constitutio,
1519 332 1690 366 declaratio
1716 338 1746 365 et

981 925 1101 953 stersia
1125 925 1219 959 super
1244 916 1384 960 quinque
1408 927 1444 949 ex
1464 917 1541 957 illis;
1563 918 1743 961 complures

981 956 1170 1026 {Galliarum
1197 970 1335 1014 episcopi
1360 971 1444 1015 apud
1470 981 1527 1004 nos
1554 971 1742 1013 institerunt,

981 994 1032 1059 {ut
1049 1023 1173 1055 easdem
1192 1024 1424 1067 propositiones
1450 1025 1541 1058 nobis
1554 1024 1673 1058 oblatas
1689 1036 1742 1058 ex-

951 1109 981 1136 S]
980 1076 1222 1120 pendciemus,
1240 1088 1275 1110 ac
1292 1077 1329 1110 de
1347 1080 1535 1121 unaquaque
1553 1089 1661 1111 earum
1679 1090 1742 1112 cer-

980 1132 1060 1161 tam
1083 1135 1111 1162 et
1132 1131 1333 1174 perspicuam
1360 1133 1514 1164 terremus
1544 1133 1739 1165 sententiam.

1042 1183 1144 1216 Tenor
1164 1195 1236 1217 xero
1257 1186 1467 1228 praefatarum
1487 1186 1739 1229 propositionum

979 1239 1043 1270 'est
1064 1242 1157 1280 prout
1177 1237 1337 1281 sequitur:

978 1328 980 1339 Ι
1042 1290 1154 1324 Prima.
1172 1292 1283 1335 Aliqua
1302 1293 1353 1325 Dei
1371 1299 1538 1337 praecepta
1559 1293 1740 1327 hominibus

978 1379 979 1392 ξ
978 1344 1084 1377 iustis
1110 1345 1285 1378 volentibus
1306 1352 1335 1378 et
1360 1347 1545 1380 conantibus
1566 1348 1740 1381 secundum

978 1393 1175 1441 *praesentes
1208 1410 1284 1443 quas
1322 1400 1436 1433 habent
1470 1401 1550 1434 vires
1578 1407 1647 1434 sunt
1683 1402 1739 1434 ἰηι-

977 1453 1174 1496 possibilia:
1200 1454 1285 1486 deest
1310 1465 1435 1498 quoque
1463 1455 1523 1487 illis
1549 1455 1661 1497 gratia,
1677 1466 1739 1499 qua

976 1506 1158 1554 {possibilia
1183 1507 1276 1547 ssant3

976 1555 978 1562 '
1039 1560 1190 1593 Secunda.
1216 1561 1361 1594 Interiori
1387 1561 1505 1604 gratiae
1528 1563 1558 1593 in
1579 1568 1658 1594 statu
1685 1573 1737 1595 na-

995 1618 1081 1646 tuias
1107 1614 1210 1657 lapsae
1237 1624 1397 1657 nunquam
1424 1615 1588 1647 resistitur.

1037 1666 1148 1699 Tertia.
1175 1666 1220 1699 Ad
1247 1667 1430 1699 metendum
1457 1673 1486 1699 et
1510 1667 1735 1702 demerendum

993 1718 1022 1751 in
1044 1723 1124 1753 statu
1150 1726 1279 1752 naturae
1305 1721 1411 1764 lapsae
1436 1731 1496 1753 non
1513 1721 1686 1764 requiritur
1705 1722 1733 1754 in

973 1774 1119 1810 {homine
1145 1774 1272 1807 libertas
1297 1785 1313 1807 a
1335 1776 1526 1816 necessitate,
1545 1776 1599 1808 scd
1621 1776 1734 1808 sussi‹it

992 1827 1119 1861 libertas
1144 1839 1160 1861 a
1185 1829 1356 1862 coactione

1033 1881 1158 1920 Quarta.
1173 1882 1413 1926 Semipclagiani
1431 1882 1633 1915 admittebant
1647 1894 1735 1926 prae-

991 1934 1142 1967 venientis
1158 1935 1277 1978 gratiae
1293 1936 1452 1969 interioris
1466 1936 1680 1968 necessitatem
1696 1936 1733 1968 ad

990 1987 1130 2030 singulos
1150 1992 1248 2029 actus,
1266 1989 1358 2021 etiam
1385 1989 1422 2021 ad
1449 1989 1570 2023 initium
1595 1989 1677 2031 fidei,
1704 1995 1733 2021 et

990 2041 1020 2073 in
1046 2041 1105 2074 hoc
1126 2047 1215 2074 erant
1241 2042 1400 2083 haeretici,
1418 2042 1502 2086 quod
1529 2043 1643 2075 vellent
1663 2053 1731 2075 eain

1392 2096 1441 2128 cui
1467 2102 1571 2139 posset
1596 2096 1731 2129 humana

991 2148 1131 2182 voluntas
1157 2149 1304 2181 resistere
1330 2149 1374 2182 vel
1400 2149 1630 2193 obtemperare.

1032 2200 1154 2240 Quinta.
1195 2202 1481 2246 Semipelagianum
1523 2209 1569 2235 est
1604 2203 1729 2243 dicere,

216 2255 289 2298 quia
315 2260 416 2287 tamen
441 2255 535 2298 aliqui
561 2254 705 2298 publicae
723 2256 972 2299 tranquillitatis
971 2264 973 2277 ¹
988 2255 1143 2288 Christum
1162 2267 1220 2300 pro
1239 2257 1384 2290 omnibus
1402 2258 1530 2291 omnino
1548 2258 1729 2291 liominilius

218 2308 452 2351 perturbatores
485 2308 535 2341 illa
561 2309 591 2341 in
616 2308 746 2342 dubium
784 2320 931 2344 iwevocaie
947 2337 954 2351 ,

217 2361 262 2393 vel
281 2361 419 2395 subdolis
441 2362 750 2405 interpretationibus
768 2360 972 2397 labefactare

217 2424 276 2448 non
302 2420 458 2455 verentur¹
484 2425 522 2448 ne
547 2416 676 2448 morbus
704 2416 759 2449 iste
785 2416 877 2450 latius
901 2417 950 2450 di-

217 2473 356 2512 vagetur,
373 2473 556 2513 promptum
574 2469 764 2512 apostolicae
789 2471 972 2503 auctorita·
970 2466 971 2470 ’

217 2520 254 2555 tis
277 2521 451 2555 remedium
477 2522 655 2556 censuimus
680 2533 739 2556 non
765 2533 832 2556 esse
857 2523 950 2556 diffe-

217 2574 357 2608 rendum.

989 2313 1149 2343 mortuum
1174 2320 1251 2352 esse⁷
1273 2316 1325 2343 aut
1346 2311 1530 2353 sanguinem
1558 2311 1683 2344 sudissc.

1033 2363 1047 2404 §f
1072 2362 1100 2395 2).
1128 2363 1198 2403 Nos,
1221 2363 1344 2408 quibus,
1365 2364 1445 2396 inter
1471 2364 1657 2408 multiplices
1680 2375 1729 2397 cu-

1026 2454 1034 2478 1
1061 2452 1114 2478 Etsi
1141 2460 1258 2487 sequens
1283 2453 1442 2480 t'onstitutio
1465 2453 1612 2479 lnnocentii
1634 2452 1651 2479 V
1675 2455 1728 2480 iam

970 2496 1122 2527 habeatur
1141 2496 1166 2522 in
1188 2501 1252 2523 tom
1275 2503 1319 2529 xv,
1342 2505 1402 2532 pag.
1424 2497 1492 2529 wo,
1513 2501 1603 2524 tamen
1625 2506 1672 2533 pro
1688 2499 1727 2524 rei

986 2541 1135 2576 gravitate,
1157 2548 1215 2567 eam
1237 2550 1296 2567 cum
1318 2541 1383 2568 edit
1408 2541 1489 2568 Malu
1512 2543 1609 2569 iterum
1630 2544 1726 2569 reseri-

988 2593 1046 2612 mus
1064 2587 1102 2620 (a.
1120 2588 1167 2620 τ.).

1783 1199 1939 1224 ίί·υι»ῡ,ἰιίιηιε5

1756 1225 1853 1246 lauwini.

1771 2371 1852 2392 lituum
1880 2378 1925 2398 per-

1744 2404 1816 2423 peusin
1827 2402 1925 2420 instituta,
