<?xml version="1.0" encoding="UTF-8"?>
<!DOCTYPE html PUBLIC "-//W3C//DTD XHTML 1.0 Transitional//EN"
    "http://www.w3.org/TR/xhtml1/DTD/xhtml1-transitional.dtd">
<html xmlns="http://www.w3.org/1999/xhtml" xml:lang="en" lang="en">
 <head>
  <title>
</title>
<meta http-equiv="Content-Type" content="text/html;charset=utf-8" />
  <meta name='ocr-system' content='tesseract 3.04.00' />
  <meta name='ocr-capabilities' content='ocr_page ocr_carea ocr_par ocr_line ocrx_word'/>
</head>
<body>
  <div class='ocr_page' id='page_1' title='image "./bullarumdiplomat16cath_0147.png"; bbox 0 0 2185 3188; ppageno 0'>
   <div class='ocr_carea' id='block_1_1' title="bbox 24 186 960 278">
    <p class='ocr_par' dir='ltr' id='par_1_1' title="bbox 24 186 960 278">
     <span class='ocr_line' id='line_1_1' title="bbox 25 186 206 216; baseline -0.022 0"><span class='ocrx_word' id='word_1_1' title='bbox 25 190 74 216; x_wconf 80' lang='lat' dir='ltr'>An.</span> <span class='ocrx_word' id='word_1_2' title='bbox 87 188 117 214; x_wconf 91' lang='lat' dir='ltr'>C.</span> <span class='ocrx_word' id='word_1_3' title='bbox 141 186 206 213; x_wconf 89' lang='grc'>1656</span> 
     </span>
     <span class='ocr_line' id='line_1_2' title="bbox 24 229 960 278; baseline -0.012 -7"><span class='ocrx_word' id='word_1_4' title='bbox 24 250 86 278; x_wconf 65' lang='grc' dir='ltr'>ρὴωῃ</span> <span class='ocrx_word' id='word_1_5' title='bbox 103 254 114 269; x_wconf 73' lang='lat' dir='ltr'>a</span> <span class='ocrx_word' id='word_1_6' title='bbox 133 249 204 268; x_wconf 53' lang='lat' dir='ltr'>sant-12</span> <span class='ocrx_word' id='word_1_7' title='bbox 220 232 249 266; x_wconf 87' lang='lat' dir='ltr'>S.</span> <span class='ocrx_word' id='word_1_8' title='bbox 274 231 388 265; x_wconf 83' lang='lat' dir='ltr'>Mariae</span> <span class='ocrx_word' id='word_1_9' title='bbox 412 231 450 264; x_wconf 83' lang='lat' dir='ltr'>de</span> <span class='ocrx_word' id='word_1_10' title='bbox 475 231 576 265; x_wconf 77' lang='lat' dir='ltr'>Monte</span> <span class='ocrx_word' id='word_1_11' title='bbox 595 230 736 264; x_wconf 87' lang='lat' dir='ltr'>Carmelo</span> <span class='ocrx_word' id='word_1_12' title='bbox 754 229 960 262; x_wconf 79' lang='lat' dir='ltr'>Disealeeato-</span> 
     </span>
    </p>
   </div>
   <div class='ocr_carea' id='block_1_2' title="bbox 23 274 195 378">
    <p class='ocr_par' dir='ltr' id='par_1_2' title="bbox 23 274 195 378">
     <span class='ocr_line' id='line_1_3' title="bbox 23 274 195 298; baseline -0.023 0"><span class='ocrx_word' id='word_1_13' title='bbox 23 278 90 298; x_wconf 66' lang='lat' dir='ltr'>Maria</span> <span class='ocrx_word' id='word_1_14' title='bbox 107 274 195 296; x_wconf 80' lang='lat' dir='ltr'>Carmeli</span> 
     </span>
     <span class='ocr_line' id='line_1_4' title="bbox 25 302 194 324; baseline -0.012 0"><span class='ocrx_word' id='word_1_15' title='bbox 25 307 66 324; x_wconf 82' lang='lat' dir='ltr'>lam</span> <span class='ocrx_word' id='word_1_16' title='bbox 85 302 194 323; x_wconf 63' lang='lat' dir='ltr'>insa-iteca</span> 
     </span>
     <span class='ocr_line' id='line_1_5' title="bbox 25 333 195 378; baseline -0.018 -27"><span class='ocrx_word' id='word_1_17' title='bbox 25 333 67 378; x_wconf 51' lang='grc' dir='ltr'>ἕιὲιιῠ</span> <span class='ocrx_word' id='word_1_18' title='bbox 102 335 195 350; x_wconf 77' lang='lat' dir='ltr'>commen</span> 
     </span>
    </p>
   </div>
   <div class='ocr_carea' id='block_1_3' title="bbox 196 283 980 2040">
    <p class='ocr_par' dir='ltr' id='par_1_3' title="bbox 196 283 980 1878">
     <span class='ocr_line' id='line_1_6' title="bbox 196 283 962 329; baseline -0.003 -13"><span class='ocrx_word' id='word_1_19' title='bbox 196 295 289 319; x_wconf 88' lang='lat' dir='ltr'>.rum</span> <span class='ocrx_word' id='word_1_20' title='bbox 315 290 581 329; x_wconf 69' lang='lat' dir='ltr'>nuncupatorum,</span> <span class='ocrx_word' id='word_1_21' title='bbox 606 284 707 316; x_wconf 75' lang='lat' dir='ltr'>virum</span> <span class='ocrx_word' id='word_1_22' title='bbox 731 283 845 327; x_wconf 82' lang='lat' dir='ltr'>pietate</span> <span class='ocrx_word' id='word_1_23' title='bbox 874 291 962 325; x_wconf 82' lang='lat' dir='ltr'>prae-</span> 
     </span>
     <span class='ocr_line' id='line_1_7' title="bbox 198 335 961 382; baseline -0.007 -11"><span class='ocrx_word' id='word_1_24' title='bbox 198 339 375 382; x_wconf 71' lang='lat' dir='ltr'>‘elarisqne</span> <span class='ocrx_word' id='word_1_25' title='bbox 402 338 570 370; x_wconf 71' lang='lat' dir='ltr'>virtutibus</span> <span class='ocrx_word' id='word_1_26' title='bbox 595 336 783 381; x_wconf 88' lang='lat' dir='ltr'>praeditum,</span> <span class='ocrx_word' id='word_1_27' title='bbox 805 335 841 367; x_wconf 91' lang='lat' dir='ltr'>ad</span> <span class='ocrx_word' id='word_1_28' title='bbox 858 340 961 378; x_wconf 79' lang='lat' dir='ltr'>partes</span> 
     </span>
     <span class='ocr_line' id='line_1_8' title="bbox 220 388 961 434; baseline -0.008 -9"><span class='ocrx_word' id='word_1_29' title='bbox 220 391 353 425; x_wconf 81' lang='lat' dir='ltr'>Orientis</span> <span class='ocrx_word' id='word_1_30' title='bbox 369 402 438 424; x_wconf 89' lang='lat' dir='ltr'>eum</span> <span class='ocrx_word' id='word_1_31' title='bbox 453 391 567 425; x_wconf 87' lang='lat' dir='ltr'>nostris</span> <span class='ocrx_word' id='word_1_32' title='bbox 593 400 687 434; x_wconf 89' lang='lat' dir='ltr'>super</span> <span class='ocrx_word' id='word_1_33' title='bbox 708 388 894 431; x_wconf 68' lang='lat' dir='ltr'>gravissimo</span> <span class='ocrx_word' id='word_1_34' title='bbox 908 398 961 420; x_wconf 88' lang='lat' dir='ltr'>ne-</span> 
     </span>
     <span class='ocr_line' id='line_1_9' title="bbox 220 443 963 489; baseline -0.008 -10"><span class='ocrx_word' id='word_1_35' title='bbox 220 445 306 489; x_wconf 84' lang='lat' dir='ltr'>gotio</span> <span class='ocrx_word' id='word_1_36' title='bbox 327 445 478 478; x_wconf 86' lang='lat' dir='ltr'>mandatis</span> <span class='ocrx_word' id='word_1_37' title='bbox 499 445 673 483; x_wconf 81' lang='lat' dir='ltr'>mittamus3</span> <span class='ocrx_word' id='word_1_38' title='bbox 697 443 812 475; x_wconf 75' lang='lat' dir='ltr'>ideireo</span> <span class='ocrx_word' id='word_1_39' title='bbox 828 453 880 474; x_wconf 77' lang='lat' dir='ltr'>vos</span> <span class='ocrx_word' id='word_1_40' title='bbox 898 452 963 475; x_wconf 90' lang='lat' dir='ltr'>om-</span> 
     </span>
     <span class='ocr_line' id='line_1_10' title="bbox 220 495 980 542; baseline -0.005 -11"><span class='ocrx_word' id='word_1_41' title='bbox 220 509 274 531; x_wconf 87' lang='lat' dir='ltr'>nes</span> <span class='ocrx_word' id='word_1_42' title='bbox 299 504 328 531; x_wconf 90' lang='lat' dir='ltr'>et</span> <span class='ocrx_word' id='word_1_43' title='bbox 355 498 495 542; x_wconf 78' lang='lat' dir='ltr'>singulos</span> <span class='ocrx_word' id='word_1_44' title='bbox 527 498 697 542; x_wconf 90' lang='lat' dir='ltr'>plurimum</span> <span class='ocrx_word' id='word_1_45' title='bbox 734 497 899 529; x_wconf 86' lang='lat' dir='ltr'>liortamur</span> <span class='ocrx_word' id='word_1_46' title='bbox 932 495 980 537; x_wconf 69' lang='lat' dir='ltr'>in:</span> 
     </span>
     <span class='ocr_line' id='line_1_11' title="bbox 220 539 980 596; baseline -0.005 -12"><span class='ocrx_word' id='word_1_47' title='bbox 220 551 364 592; x_wconf 84' lang='lat' dir='ltr'>Domino,</span> <span class='ocrx_word' id='word_1_48' title='bbox 379 556 408 583; x_wconf 89' lang='lat' dir='ltr'>et</span> <span class='ocrx_word' id='word_1_49' title='bbox 422 562 478 595; x_wconf 89' lang='lat' dir='ltr'>per</span> <span class='ocrx_word' id='word_1_50' title='bbox 499 550 687 583; x_wconf 77' lang='lat' dir='ltr'>ineffabilem</span> <span class='ocrx_word' id='word_1_51' title='bbox 711 549 882 581; x_wconf 83' lang='lat' dir='ltr'>bonitatem</span> <span class='ocrx_word' id='word_1_52' title='bbox 899 539 980 596; x_wconf 55' lang='lat' dir='ltr'>Dei‚:</span> 
     </span>
     <span class='ocr_line' id='line_1_12' title="bbox 220 603 962 649; baseline -0.005 -12"><span class='ocrx_word' id='word_1_53' title='bbox 220 604 272 649; x_wconf 87' lang='lat' dir='ltr'>qui</span> <span class='ocrx_word' id='word_1_54' title='bbox 291 604 426 637; x_wconf 84' lang='lat' dir='ltr'>charitas</span> <span class='ocrx_word' id='word_1_55' title='bbox 444 609 499 645; x_wconf 88' lang='lat' dir='ltr'>est,</span> <span class='ocrx_word' id='word_1_56' title='bbox 516 609 646 648; x_wconf 86' lang='lat' dir='ltr'>paterne</span> <span class='ocrx_word' id='word_1_57' title='bbox 664 603 856 646; x_wconf 72' lang='lat' dir='ltr'>requirimus</span> <span class='ocrx_word' id='word_1_58' title='bbox 870 607 962 645; x_wconf 88' lang='lat' dir='ltr'>atque</span> 
     </span>
     <span class='ocr_line' id='line_1_13' title="bbox 221 655 961 702; baseline -0.004 -12"><span class='ocrx_word' id='word_1_59' title='bbox 221 657 311 692; x_wconf 85' lang='lat' dir='ltr'>etiam</span> <span class='ocrx_word' id='word_1_60' title='bbox 327 658 415 691; x_wconf 76' lang='lat' dir='ltr'>enixe</span> <span class='ocrx_word' id='word_1_61' title='bbox 428 657 574 702; x_wconf 85' lang='lat' dir='ltr'>petimus,</span> <span class='ocrx_word' id='word_1_62' title='bbox 588 660 621 690; x_wconf 87' lang='lat' dir='ltr'>ut</span> <span class='ocrx_word' id='word_1_63' title='bbox 635 656 779 689; x_wconf 88' lang='lat' dir='ltr'>eumdem</span> <span class='ocrx_word' id='word_1_64' title='bbox 795 655 961 699; x_wconf 84' lang='lat' dir='ltr'>Ioseplium</span> 
     </span>
     <span class='ocr_line' id='line_1_14' title="bbox 221 709 980 754; baseline -0.004 -10"><span class='ocrx_word' id='word_1_65' title='bbox 221 721 291 744; x_wconf 86' lang='lat' dir='ltr'>eum</span> <span class='ocrx_word' id='word_1_66' title='bbox 312 711 377 744; x_wconf 86' lang='lat' dir='ltr'>eius</span> <span class='ocrx_word' id='word_1_67' title='bbox 395 710 497 752; x_wconf 85' lang='lat' dir='ltr'>sociis,</span> <span class='ocrx_word' id='word_1_68' title='bbox 515 710 649 754; x_wconf 83' lang='lat' dir='ltr'>quando,</span> <span class='ocrx_word' id='word_1_69' title='bbox 665 715 726 742; x_wconf 86' lang='lat' dir='ltr'>tam</span> <span class='ocrx_word' id='word_1_70' title='bbox 745 709 775 742; x_wconf 93' lang='lat' dir='ltr'>in</span> <span class='ocrx_word' id='word_1_71' title='bbox 796 709 907 742; x_wconf 86' lang='lat' dir='ltr'>itinere</span> <span class='ocrx_word' id='word_1_72' title='bbox 925 709 961 741; x_wconf 88' lang='lat' dir='ltr'>ad</span> <span class='ocrx_word' id='word_1_73' title='bbox 978 727 980 749; x_wconf 73' lang='lat' dir='ltr'>t</span> 
     </span>
     <span class='ocr_line' id='line_1_15' title="bbox 220 761 963 808; baseline -0.004 -11"><span class='ocrx_word' id='word_1_74' title='bbox 220 769 325 808; x_wconf 84' lang='lat' dir='ltr'>partes</span> <span class='ocrx_word' id='word_1_75' title='bbox 349 764 535 808; x_wconf 80' lang='lat' dir='ltr'>praedictas,</span> <span class='ocrx_word' id='word_1_76' title='bbox 556 774 648 807; x_wconf 81' lang='lat' dir='ltr'>quam</span> <span class='ocrx_word' id='word_1_77' title='bbox 668 763 698 795; x_wconf 90' lang='lat' dir='ltr'>in</span> <span class='ocrx_word' id='word_1_78' title='bbox 720 761 838 795; x_wconf 61' lang='lat' dir='ltr'>reditu¹</span> <span class='ocrx_word' id='word_1_79' title='bbox 861 772 895 794; x_wconf 78' lang='lat' dir='ltr'>ex</span> <span class='ocrx_word' id='word_1_80' title='bbox 917 762 963 795; x_wconf 88' lang='lat' dir='ltr'>iis-</span> 
     </span>
     <span class='ocr_line' id='line_1_16' title="bbox 220 816 961 861; baseline -0.003 -11"><span class='ocrx_word' id='word_1_81' title='bbox 220 817 290 850; x_wconf 88' lang='lat' dir='ltr'>dem</span> <span class='ocrx_word' id='word_1_82' title='bbox 317 817 460 861; x_wconf 84' lang='lat' dir='ltr'>partibus</span> <span class='ocrx_word' id='word_1_83' title='bbox 494 817 532 849; x_wconf 82' lang='lat' dir='ltr'>ad</span> <span class='ocrx_word' id='word_1_84' title='bbox 562 827 618 850; x_wconf 87' lang='lat' dir='ltr'>nos</span> <span class='ocrx_word' id='word_1_85' title='bbox 651 822 680 849; x_wconf 87' lang='lat' dir='ltr'>et</span> <span class='ocrx_word' id='word_1_86' title='bbox 714 816 794 849; x_wconf 81' lang='lat' dir='ltr'>lianc</span> <span class='ocrx_word' id='word_1_87' title='bbox 825 819 961 849; x_wconf 83' lang='lat' dir='ltr'>sanctam</span> 
     </span>
     <span class='ocr_line' id='line_1_17' title="bbox 221 869 962 913; baseline -0.001 -10"><span class='ocrx_word' id='word_1_88' title='bbox 221 871 342 913; x_wconf 82' lang='lat' dir='ltr'>Sedem,</span> <span class='ocrx_word' id='word_1_89' title='bbox 361 871 398 903; x_wconf 88' lang='lat' dir='ltr'>ad</span> <span class='ocrx_word' id='word_1_90' title='bbox 420 871 488 904; x_wconf 85' lang='lat' dir='ltr'>loea</span> <span class='ocrx_word' id='word_1_91' title='bbox 513 876 616 903; x_wconf 72' lang='lat' dir='ltr'>vestra</span> <span class='ocrx_word' id='word_1_92' title='bbox 641 880 673 903; x_wconf 92' lang='lat' dir='ltr'>se</span> <span class='ocrx_word' id='word_1_93' title='bbox 699 869 878 911; x_wconf 84' lang='lat' dir='ltr'>contulerit,</span> <span class='ocrx_word' id='word_1_94' title='bbox 904 880 962 913; x_wconf 86' lang='lat' dir='ltr'>pro</span> 
     </span>
     <span class='ocr_line' id='line_1_18' title="bbox 221 923 962 967; baseline -0.003 -10"><span class='ocrx_word' id='word_1_95' title='bbox 221 926 324 957; x_wconf 75' lang='lat' dir='ltr'>vestra</span> <span class='ocrx_word' id='word_1_96' title='bbox 351 935 424 967; x_wconf 76' lang='lat' dir='ltr'>erga</span> <span class='ocrx_word' id='word_1_97' title='bbox 449 935 506 957; x_wconf 80' lang='lat' dir='ltr'>nos</span> <span class='ocrx_word' id='word_1_98' title='bbox 531 930 561 957; x_wconf 86' lang='lat' dir='ltr'>et</span> <span class='ocrx_word' id='word_1_99' title='bbox 581 923 723 957; x_wconf 82' lang='lat' dir='ltr'>eamdem</span> <span class='ocrx_word' id='word_1_100' title='bbox 746 923 856 955; x_wconf 83' lang='lat' dir='ltr'>Sedem</span> <span class='ocrx_word' id='word_1_101' title='bbox 876 933 962 955; x_wconf 85' lang='lat' dir='ltr'>reve-</span> 
     </span>
     <span class='ocr_line' id='line_1_19' title="bbox 221 975 962 1019; baseline -0.004 -9"><span class='ocrx_word' id='word_1_102' title='bbox 221 977 322 1010; x_wconf 70' lang='lat' dir='ltr'>rentia</span> <span class='ocrx_word' id='word_1_103' title='bbox 348 983 375 1010; x_wconf 87' lang='lat' dir='ltr'>et</span> <span class='ocrx_word' id='word_1_104' title='bbox 401 977 576 1017; x_wconf 75' lang='lat' dir='ltr'>devotione,</span> <span class='ocrx_word' id='word_1_105' title='bbox 602 977 639 1010; x_wconf 86' lang='lat' dir='ltr'>ad</span> <span class='ocrx_word' id='word_1_106' title='bbox 660 976 793 1019; x_wconf 76' lang='lat' dir='ltr'>gloriam</span> <span class='ocrx_word' id='word_1_107' title='bbox 827 975 962 1008; x_wconf 88' lang='lat' dir='ltr'>nominis</span> 
     </span>
     <span class='ocr_line' id='line_1_20' title="bbox 221 1030 964 1074; baseline -0.005 -8"><span class='ocrx_word' id='word_1_108' title='bbox 221 1032 333 1066; x_wconf 83' lang='lat' dir='ltr'>Clu-isti</span> <span class='ocrx_word' id='word_1_109' title='bbox 352 1032 520 1065; x_wconf 78' lang='lat' dir='ltr'>Salvatoris</span> <span class='ocrx_word' id='word_1_110' title='bbox 536 1031 646 1073; x_wconf 91' lang='lat' dir='ltr'>nostri,</span> <span class='ocrx_word' id='word_1_111' title='bbox 664 1031 799 1073; x_wconf 80' lang='lat' dir='ltr'>benigne</span> <span class='ocrx_word' id='word_1_112' title='bbox 817 1030 964 1074; x_wconf 84' lang='lat' dir='ltr'>suscipia-</span> 
     </span>
     <span class='ocr_line' id='line_1_21' title="bbox 222 1084 963 1127; baseline -0.003 -10"><span class='ocrx_word' id='word_1_113' title='bbox 222 1086 281 1125; x_wconf 87' lang='lat' dir='ltr'>tis,</span> <span class='ocrx_word' id='word_1_114' title='bbox 315 1091 344 1118; x_wconf 85' lang='lat' dir='ltr'>et</span> <span class='ocrx_word' id='word_1_115' title='bbox 376 1086 512 1118; x_wconf 77' lang='lat' dir='ltr'>fraterna</span> <span class='ocrx_word' id='word_1_116' title='bbox 546 1095 617 1118; x_wconf 83' lang='lat' dir='ltr'>eum</span> <span class='ocrx_word' id='word_1_117' title='bbox 653 1084 847 1117; x_wconf 70' lang='lat' dir='ltr'>humanitate</span> <span class='ocrx_word' id='word_1_118' title='bbox 871 1090 963 1127; x_wconf 85' lang='lat' dir='ltr'>atque</span> 
     </span>
     <span class='ocr_line' id='line_1_22' title="bbox 222 1138 963 1183; baseline -0.004 -10"><span class='ocrx_word' id='word_1_119' title='bbox 222 1151 330 1173; x_wconf 86' lang='lat' dir='ltr'>amore</span> <span class='ocrx_word' id='word_1_120' title='bbox 355 1140 528 1172; x_wconf 74' lang='lat' dir='ltr'>liberaliter</span> <span class='ocrx_word' id='word_1_121' title='bbox 554 1138 761 1183; x_wconf 84' lang='lat' dir='ltr'>pertractetis,</span> <span class='ocrx_word' id='word_1_122' title='bbox 788 1148 823 1170; x_wconf 86' lang='lat' dir='ltr'>ae</span> <span class='ocrx_word' id='word_1_123' title='bbox 842 1138 897 1182; x_wconf 85' lang='lat' dir='ltr'>ipsi</span> <span class='ocrx_word' id='word_1_124' title='bbox 919 1138 963 1170; x_wconf 90' lang='lat' dir='ltr'>lo-</span> 
     </span>
     <span class='ocr_line' id='line_1_23' title="bbox 221 1192 963 1237; baseline -0.004 -11"><span class='ocrx_word' id='word_1_125' title='bbox 221 1193 319 1237; x_wconf 84' lang='lat' dir='ltr'>sepho</span> <span class='ocrx_word' id='word_1_126' title='bbox 344 1193 474 1237; x_wconf 84' lang='lat' dir='ltr'>eiusque</span> <span class='ocrx_word' id='word_1_127' title='bbox 499 1193 591 1226; x_wconf 79' lang='lat' dir='ltr'>sociis</span> <span class='ocrx_word' id='word_1_128' title='bbox 621 1193 658 1225; x_wconf 85' lang='lat' dir='ltr'>de</span> <span class='ocrx_word' id='word_1_129' title='bbox 691 1192 858 1231; x_wconf 86' lang='lat' dir='ltr'>omnibus,</span> <span class='ocrx_word' id='word_1_130' title='bbox 885 1202 963 1235; x_wconf 81' lang='lat' dir='ltr'>quae</span> 
     </span>
     <span class='ocr_line' id='line_1_24' title="bbox 222 1245 960 1285; baseline -0.004 -5"><span class='ocrx_word' id='word_1_131' title='bbox 222 1248 266 1280; x_wconf 83' lang='lat' dir='ltr'>eis</span> <span class='ocrx_word' id='word_1_132' title='bbox 290 1248 456 1280; x_wconf 84' lang='lat' dir='ltr'>commoda</span> <span class='ocrx_word' id='word_1_133' title='bbox 480 1253 509 1280; x_wconf 85' lang='lat' dir='ltr'>et</span> <span class='ocrx_word' id='word_1_134' title='bbox 533 1246 709 1279; x_wconf 75' lang='lat' dir='ltr'>necessaria</span> <span class='ocrx_word' id='word_1_135' title='bbox 734 1246 860 1285; x_wconf 81' lang='lat' dir='ltr'>suerint,</span> <span class='ocrx_word' id='word_1_136' title='bbox 884 1245 960 1277; x_wconf 85' lang='lat' dir='ltr'>sub-</span> 
     </span>
     <span class='ocr_line' id='line_1_25' title="bbox 223 1298 964 1344; baseline -0.004 -11"><span class='ocrx_word' id='word_1_137' title='bbox 223 1300 362 1341; x_wconf 75' lang='lat' dir='ltr'>veniatis,</span> <span class='ocrx_word' id='word_1_138' title='bbox 387 1301 501 1344; x_wconf 84' lang='lat' dir='ltr'>illaque</span> <span class='ocrx_word' id='word_1_139' title='bbox 526 1301 569 1333; x_wconf 84' lang='lat' dir='ltr'>eis</span> <span class='ocrx_word' id='word_1_140' title='bbox 592 1305 736 1344; x_wconf 84' lang='lat' dir='ltr'>prompte</span> <span class='ocrx_word' id='word_1_141' title='bbox 766 1305 791 1331; x_wconf 88' lang='lat' dir='ltr'>et</span> <span class='ocrx_word' id='word_1_142' title='bbox 819 1298 964 1331; x_wconf 78' lang='lat' dir='ltr'>alacriter</span> 
     </span>
     <span class='ocr_line' id='line_1_26' title="bbox 223 1353 965 1398; baseline -0.003 -11"><span class='ocrx_word' id='word_1_143' title='bbox 223 1360 381 1398; x_wconf 83' lang='lat' dir='ltr'>tamquam</span> <span class='ocrx_word' id='word_1_144' title='bbox 396 1354 488 1387; x_wconf 87' lang='lat' dir='ltr'>ilares</span> <span class='ocrx_word' id='word_1_145' title='bbox 502 1354 638 1393; x_wconf 71' lang='lat' dir='ltr'>datores,</span> <span class='ocrx_word' id='word_1_146' title='bbox 659 1364 738 1397; x_wconf 86' lang='lat' dir='ltr'>quos</span> <span class='ocrx_word' id='word_1_147' title='bbox 755 1353 855 1395; x_wconf 73' lang='lat' dir='ltr'>diligit</span> <span class='ocrx_word' id='word_1_148' title='bbox 874 1353 965 1393; x_wconf 87' lang='lat' dir='ltr'>Deus,</span> 
     </span>
     <span class='ocr_line' id='line_1_27' title="bbox 223 1407 965 1451; baseline -0.005 -10"><span class='ocrx_word' id='word_1_149' title='bbox 223 1408 477 1448; x_wconf 73' lang='lat' dir='ltr'>subministretis,</span> <span class='ocrx_word' id='word_1_150' title='bbox 503 1414 533 1440; x_wconf 85' lang='lat' dir='ltr'>et</span> <span class='ocrx_word' id='word_1_151' title='bbox 558 1408 632 1451; x_wconf 77' lang='lat' dir='ltr'>ipsis</span> <span class='ocrx_word' id='word_1_152' title='bbox 658 1407 742 1440; x_wconf 92' lang='lat' dir='ltr'>omni</span> <span class='ocrx_word' id='word_1_153' title='bbox 761 1418 831 1450; x_wconf 83' lang='lat' dir='ltr'>ope,</span> <span class='ocrx_word' id='word_1_154' title='bbox 858 1408 965 1450; x_wconf 81' lang='lat' dir='ltr'>opera,</span> 
     </span>
     <span class='ocr_line' id='line_1_28' title="bbox 224 1459 966 1504; baseline -0.005 -10"><span class='ocrx_word' id='word_1_155' title='bbox 224 1461 365 1501; x_wconf 83' lang='lat' dir='ltr'>consilio,</span> <span class='ocrx_word' id='word_1_156' title='bbox 390 1471 425 1493; x_wconf 87' lang='lat' dir='ltr'>ac</span> <span class='ocrx_word' id='word_1_157' title='bbox 450 1461 522 1494; x_wconf 88' lang='lat' dir='ltr'>totis</span> <span class='ocrx_word' id='word_1_158' title='bbox 543 1461 677 1504; x_wconf 83' lang='lat' dir='ltr'>deniqne</span> <span class='ocrx_word' id='word_1_159' title='bbox 702 1460 822 1492; x_wconf 71' lang='lat' dir='ltr'>viribus</span> <span class='ocrx_word' id='word_1_160' title='bbox 845 1459 966 1499; x_wconf 78' lang='lat' dir='ltr'>vestris,</span> 
     </span>
     <span class='ocr_line' id='line_1_29' title="bbox 223 1512 966 1556; baseline -0.004 -9"><span class='ocrx_word' id='word_1_161' title='bbox 223 1514 261 1547; x_wconf 87' lang='lat' dir='ltr'>de</span> <span class='ocrx_word' id='word_1_162' title='bbox 294 1514 395 1547; x_wconf 88' lang='lat' dir='ltr'>libero</span> <span class='ocrx_word' id='word_1_163' title='bbox 419 1525 455 1548; x_wconf 82' lang='lat' dir='ltr'>ac</span> <span class='ocrx_word' id='word_1_164' title='bbox 479 1519 545 1547; x_wconf 86' lang='lat' dir='ltr'>tuto</span> <span class='ocrx_word' id='word_1_165' title='bbox 579 1514 691 1546; x_wconf 84' lang='lat' dir='ltr'>itinere</span> <span class='ocrx_word' id='word_1_166' title='bbox 723 1519 752 1545; x_wconf 86' lang='lat' dir='ltr'>et</span> <span class='ocrx_word' id='word_1_167' title='bbox 781 1512 966 1556; x_wconf 78' lang='lat' dir='ltr'>opportunis</span> 
     </span>
     <span class='ocr_line' id='line_1_30' title="bbox 224 1566 964 1610; baseline -0.005 -9"><span class='ocrx_word' id='word_1_168' title='bbox 224 1568 453 1601; x_wconf 83' lang='lat' dir='ltr'>commeatibus</span> <span class='ocrx_word' id='word_1_169' title='bbox 493 1578 564 1600; x_wconf 85' lang='lat' dir='ltr'>cum</span> <span class='ocrx_word' id='word_1_170' title='bbox 608 1568 720 1599; x_wconf 79' lang='lat' dir='ltr'>etl&#39;eetu</span> <span class='ocrx_word' id='word_1_171' title='bbox 764 1566 964 1610; x_wconf 73' lang='lat' dir='ltr'>provideatis.</span> 
     </span>
     <span class='ocr_line' id='line_1_31' title="bbox 223 1619 965 1665; baseline -0.005 -10"><span class='ocrx_word' id='word_1_172' title='bbox 223 1622 306 1661; x_wconf 79' lang='lat' dir='ltr'>Quae</span> <span class='ocrx_word' id='word_1_173' title='bbox 331 1621 456 1665; x_wconf 86' lang='lat' dir='ltr'>quidem</span> <span class='ocrx_word' id='word_1_174' title='bbox 483 1622 523 1659; x_wconf 89' lang='lat' dir='ltr'>si,</span> <span class='ocrx_word' id='word_1_175' title='bbox 548 1627 579 1653; x_wconf 92' lang='lat' dir='ltr'>ut</span> <span class='ocrx_word' id='word_1_176' title='bbox 607 1631 786 1664; x_wconf 76' lang='lat' dir='ltr'>speramus⁷</span> <span class='ocrx_word' id='word_1_177' title='bbox 812 1619 965 1657; x_wconf 74' lang='lat' dir='ltr'>feceritis,</span> 
     </span>
     <span class='ocr_line' id='line_1_32' title="bbox 224 1673 966 1708; baseline -0.004 0"><span class='ocrx_word' id='word_1_178' title='bbox 224 1685 291 1708; x_wconf 84' lang='lat' dir='ltr'>rem</span> <span class='ocrx_word' id='word_1_179' title='bbox 318 1679 401 1708; x_wconf 84' lang='lat' dir='ltr'>certe</span> <span class='ocrx_word' id='word_1_180' title='bbox 427 1675 605 1708; x_wconf 82' lang='lat' dir='ltr'>christianis</span> <span class='ocrx_word' id='word_1_181' title='bbox 632 1673 813 1706; x_wconf 83' lang='lat' dir='ltr'>bominibus</span> <span class='ocrx_word' id='word_1_182' title='bbox 831 1673 966 1705; x_wconf 79' lang='lat' dir='ltr'>maxime</span> 
     </span>
     <span class='ocr_line' id='line_1_33' title="bbox 224 1727 967 1772; baseline -0.005 -11"><span class='ocrx_word' id='word_1_183' title='bbox 224 1729 362 1772; x_wconf 85' lang='lat' dir='ltr'>dignam,</span> <span class='ocrx_word' id='word_1_184' title='bbox 387 1729 479 1762; x_wconf 86' lang='lat' dir='ltr'>nobis</span> <span class='ocrx_word' id='word_1_185' title='bbox 494 1739 567 1761; x_wconf 67' lang='lat' dir='ltr'>vero</span> <span class='ocrx_word' id='word_1_186' title='bbox 582 1733 702 1771; x_wconf 74' lang='lat' dir='ltr'>gratam</span> <span class='ocrx_word' id='word_1_187' title='bbox 717 1738 751 1759; x_wconf 84' lang='lat' dir='ltr'>ae</span> <span class='ocrx_word' id='word_1_188' title='bbox 769 1727 891 1759; x_wconf 75' lang='lat' dir='ltr'>divinae</span> <span class='ocrx_word' id='word_1_189' title='bbox 906 1738 967 1758; x_wconf 83' lang='lat' dir='ltr'>uia-</span> 
     </span>
     <span class='ocr_line' id='line_1_34' title="bbox 225 1780 967 1825; baseline -0.004 -10"><span class='ocrx_word' id='word_1_190' title='bbox 225 1782 325 1815; x_wconf 81' lang='lat' dir='ltr'>iestati</span> <span class='ocrx_word' id='word_1_191' title='bbox 352 1782 462 1825; x_wconf 86' lang='lat' dir='ltr'>procul</span> <span class='ocrx_word' id='word_1_192' title='bbox 477 1781 573 1814; x_wconf 88' lang='lat' dir='ltr'>dubio</span> <span class='ocrx_word' id='word_1_193' title='bbox 591 1781 841 1824; x_wconf 69' lang='lat' dir='ltr'>acceptissimam</span> <span class='ocrx_word' id='word_1_194' title='bbox 858 1780 967 1812; x_wconf 79' lang='lat' dir='ltr'>secisse</span> 
     </span>
     <span class='ocr_line' id='line_1_35' title="bbox 225 1835 412 1878; baseline -0.005 -10"><span class='ocrx_word' id='word_1_195' title='bbox 225 1835 412 1878; x_wconf 86' lang='lat' dir='ltr'>gaudebitis.</span> 
     </span>
    </p>

    <p class='ocr_par' dir='ltr' id='par_1_4' title="bbox 226 1886 967 2040">
     <span class='ocr_line' id='line_1_36' title="bbox 269 1886 967 1931; baseline -0.006 -9"><span class='ocrx_word' id='word_1_196' title='bbox 269 1890 380 1922; x_wconf 81' lang='lat' dir='ltr'>Datum</span> <span class='ocrx_word' id='word_1_197' title='bbox 406 1889 546 1927; x_wconf 81' lang='lat' dir='ltr'>Romae,</span> <span class='ocrx_word' id='word_1_198' title='bbox 577 1887 659 1931; x_wconf 86' lang='lat' dir='ltr'>apud</span> <span class='ocrx_word' id='word_1_199' title='bbox 686 1888 714 1920; x_wconf 73' lang='lat' dir='ltr'>S.</span> <span class='ocrx_word' id='word_1_200' title='bbox 743 1888 886 1928; x_wconf 82' lang='lat' dir='ltr'>l‘etrum,</span> <span class='ocrx_word' id='word_1_201' title='bbox 910 1886 967 1919; x_wconf 89' lang='lat' dir='ltr'>sub</span> 
     </span>
     <span class='ocr_line' id='line_1_37' title="bbox 226 1940 967 1981; baseline -0.004 -6"><span class='ocrx_word' id='word_1_202' title='bbox 226 1943 342 1975; x_wconf 83' lang='lat' dir='ltr'>annulo</span> <span class='ocrx_word' id='word_1_203' title='bbox 363 1942 540 1981; x_wconf 78' lang='lat' dir='ltr'>piscatoris,</span> <span class='ocrx_word' id='word_1_204' title='bbox 555 1941 604 1974; x_wconf 91' lang='lat' dir='ltr'>die</span> <span class='ocrx_word' id='word_1_205' title='bbox 623 1951 673 1974; x_wconf 82' lang='lat' dir='ltr'>xlx</span> <span class='ocrx_word' id='word_1_206' title='bbox 691 1940 823 1973; x_wconf 85' lang='lat' dir='ltr'>ianuarii</span> <span class='ocrx_word' id='word_1_207' title='bbox 839 1950 967 1980; x_wconf 64' lang='lat' dir='ltr'>noemi,</span> 
     </span>
     <span class='ocr_line' id='line_1_38' title="bbox 233 1995 699 2040; baseline -0.004 -11"><span class='ocrx_word' id='word_1_208' title='bbox 233 1995 431 2040; x_wconf 79' lang='lat' dir='ltr'>pontificatus</span> <span class='ocrx_word' id='word_1_209' title='bbox 455 1995 555 2028; x_wconf 88' lang='lat' dir='ltr'>nostri</span> <span class='ocrx_word' id='word_1_210' title='bbox 578 2005 659 2027; x_wconf 86' lang='lat' dir='ltr'>anno</span> <span class='ocrx_word' id='word_1_211' title='bbox 681 2005 699 2027; x_wconf 88' lang='lat'>1.</span> 
     </span>
    </p>
   </div>
   <div class='ocr_carea' id='block_1_4' title="bbox 263 2057 899 2093">
    <p class='ocr_par' dir='ltr' id='par_1_5' title="bbox 263 2057 899 2093">
     <span class='ocr_line' id='line_1_39' title="bbox 263 2057 899 2093; baseline -0.005 -7"><span class='ocrx_word' id='word_1_212' title='bbox 263 2059 320 2086; x_wconf 88' lang='lat' dir='ltr'>Dat.</span> <span class='ocrx_word' id='word_1_213' title='bbox 338 2059 380 2086; x_wconf 86' lang='lat' dir='ltr'>die</span> <span class='ocrx_word' id='word_1_214' title='bbox 398 2058 430 2086; x_wconf 87' lang='lat'>19</span> <span class='ocrx_word' id='word_1_215' title='bbox 445 2058 560 2086; x_wconf 84' lang='lat' dir='ltr'>ianuarii</span> <span class='ocrx_word' id='word_1_216' title='bbox 578 2058 660 2092; x_wconf 72' lang='lat'>1656,</span> <span class='ocrx_word' id='word_1_217' title='bbox 678 2057 771 2093; x_wconf 69' lang='lat' dir='ltr'>pontis,</span> <span class='ocrx_word' id='word_1_218' title='bbox 795 2066 865 2084; x_wconf 88' lang='lat' dir='ltr'>anuo</span> <span class='ocrx_word' id='word_1_219' title='bbox 882 2064 899 2084; x_wconf 89' lang='lat'>1.</span> 
     </span>
    </p>
   </div>
   <div class='ocr_carea' id='block_1_5' title="bbox 545 2263 658 2296">
    <p class='ocr_par' dir='ltr' id='par_1_6' title="bbox 545 2263 658 2296">
     <span class='ocr_line' id='line_1_40' title="bbox 545 2263 658 2296; baseline -0.009 0"><span class='ocrx_word' id='word_1_220' title='bbox 545 2263 658 2296; x_wconf 73' lang='lat' dir='ltr'>Lxxtt.</span> 
     </span>
    </p>
   </div>
   <div class='ocr_carea' id='block_1_6' title="bbox 229 2368 974 2521">
    <p class='ocr_par' dir='ltr' id='par_1_7' title="bbox 229 2368 974 2521">
     <span class='ocr_line' id='line_1_41' title="bbox 229 2368 973 2411; baseline -0.007 -7"><span class='ocrx_word' id='word_1_221' title='bbox 229 2372 416 2405; x_wconf 77' lang='lat' dir='ltr'>Facultates</span> <span class='ocrx_word' id='word_1_222' title='bbox 442 2370 473 2403; x_wconf 85' lang='lat' dir='ltr'>S.</span> <span class='ocrx_word' id='word_1_223' title='bbox 498 2370 535 2403; x_wconf 87' lang='lat' dir='ltr'>R.</span> <span class='ocrx_word' id='word_1_224' title='bbox 555 2370 589 2403; x_wconf 90' lang='lat' dir='ltr'>E.</span> <span class='ocrx_word' id='word_1_225' title='bbox 612 2369 836 2401; x_wconf 75' lang='lat' dir='ltr'>cardinalium</span> <span class='ocrx_word' id='word_1_226' title='bbox 852 2378 910 2411; x_wconf 82' lang='lat' dir='ltr'>pro</span> <span class='ocrx_word' id='word_1_227' title='bbox 929 2368 973 2400; x_wconf 68' lang='grc' dir='ltr'>ὐί-</span> 
     </span>
     <span class='ocr_line' id='line_1_42' title="bbox 274 2422 974 2466; baseline -0.006 -9"><span class='ocrx_word' id='word_1_228' title='bbox 274 2425 427 2457; x_wconf 75' lang='lat' dir='ltr'>silatione</span> <span class='ocrx_word' id='word_1_229' title='bbox 451 2424 659 2456; x_wconf 74' lang='lat' dir='ltr'>ecclesiarum</span> <span class='ocrx_word' id='word_1_230' title='bbox 686 2427 714 2455; x_wconf 79' lang='lat' dir='ltr'>et</span> <span class='ocrx_word' id='word_1_231' title='bbox 741 2422 881 2455; x_wconf 81' lang='lat' dir='ltr'>Iocorum</span> <span class='ocrx_word' id='word_1_232' title='bbox 907 2422 974 2466; x_wconf 73' lang='lat' dir='ltr'>pio-</span> 
     </span>
     <span class='ocr_line' id='line_1_43' title="bbox 277 2478 750 2521; baseline -0.002 -10"><span class='ocrx_word' id='word_1_233' title='bbox 277 2489 349 2511; x_wconf 76' lang='lat' dir='ltr'>rum</span> <span class='ocrx_word' id='word_1_234' title='bbox 380 2478 474 2511; x_wconf 80' lang='lat' dir='ltr'>Urbis</span> <span class='ocrx_word' id='word_1_235' title='bbox 495 2482 750 2521; x_wconf 77' lang='lat' dir='ltr'>assumptorum.</span> 
     </span>
    </p>
   </div>
   <div class='ocr_carea' id='block_1_7' title="bbox 813 181 1142 204">
    <p class='ocr_par' dir='ltr' id='par_1_8' title="bbox 813 181 1142 204">
     <span class='ocr_line' id='line_1_44' title="bbox 813 181 1142 204; baseline -0.003 0"><span class='ocrx_word' id='word_1_236' title='bbox 813 181 997 204; x_wconf 57' lang='lat' dir='ltr'>MENANDER</span> <span class='ocrx_word' id='word_1_237' title='bbox 1025 181 1068 203; x_wconf 68' lang='grc' dir='ltr'>ΠΙ</span> <span class='ocrx_word' id='word_1_238' title='bbox 1096 182 1142 204; x_wconf 77' lang='lat' dir='ltr'>PF.</span> 
     </span>
    </p>
   </div>
   <div class='ocr_carea' id='block_1_8' title="bbox 978 240 993 2622">
    <p class='ocr_par' dir='ltr' id='par_1_9' title="bbox 978 240 993 2622">
     <span class='ocr_line' id='line_1_45' title="bbox 978 240 993 2622; baseline 0 0"><span class='ocrx_word' id='word_1_239' title='bbox 978 240 993 2622; x_wconf 95' lang='lat' dir='ltr'> </span> 
     </span>
    </p>
   </div>
   <div class='ocr_carea' id='block_1_9' title="bbox 271 2582 894 2676">
    <p class='ocr_par' dir='ltr' id='par_1_10' title="bbox 271 2582 894 2676">
     <span class='ocr_line' id='line_1_46' title="bbox 271 2582 864 2616; baseline -0.003 -5"><span class='ocrx_word' id='word_1_240' title='bbox 271 2587 278 2611; x_wconf 91' lang='grc'>1</span> <span class='ocrx_word' id='word_1_241' title='bbox 304 2584 369 2610; x_wconf 80' lang='lat' dir='ltr'>Male</span> <span class='ocrx_word' id='word_1_242' title='bbox 386 2584 441 2609; x_wconf 86' lang='lat' dir='ltr'>edit</span> <span class='ocrx_word' id='word_1_243' title='bbox 469 2582 546 2609; x_wconf 83' lang='lat' dir='ltr'>Maia.</span> <span class='ocrx_word' id='word_1_244' title='bbox 564 2582 629 2616; x_wconf 80' lang='lat' dir='ltr'>tegit</span> <span class='ocrx_word' id='word_1_245' title='bbox 643 2582 760 2609; x_wconf 71' lang='lat' dir='ltr'>redditu</span> <span class='ocrx_word' id='word_1_246' title='bbox 774 2583 813 2616; x_wconf 84' lang='lat' dir='ltr'>(n.</span> <span class='ocrx_word' id='word_1_247' title='bbox 829 2582 864 2609; x_wconf 63' lang='grc' dir='ltr'>Τ.)</span> 
     </span>
     <span class='ocr_line' id='line_1_47' title="bbox 298 2645 894 2676; baseline -0.008 0"><span class='ocrx_word' id='word_1_248' title='bbox 298 2646 376 2676; x_wconf 77' lang='lat' dir='ltr'>Butt.</span> <span class='ocrx_word' id='word_1_249' title='bbox 397 2646 481 2675; x_wconf 85' lang='lat' dir='ltr'>Rom.</span> <span class='ocrx_word' id='word_1_250' title='bbox 503 2661 535 2665; x_wconf 89' lang='lat'>—</span> <span class='ocrx_word' id='word_1_251' title='bbox 560 2646 616 2675; x_wconf 74' lang='lat' dir='ltr'>Vol.</span> <span class='ocrx_word' id='word_1_252' title='bbox 639 2645 714 2672; x_wconf 74' lang='lat' dir='ltr'><em>XVI.</em></span> <span class='ocrx_word' id='word_1_253' title='bbox 862 2646 894 2672; x_wconf 86' lang='lat'>15</span> 
     </span>
    </p>
   </div>
   <div class='ocr_carea' id='block_1_10' title="bbox 996 225 1742 704">
    <p class='ocr_par' dir='ltr' id='par_1_11' title="bbox 996 225 1742 704">
     <span class='ocr_line' id='line_1_48' title="bbox 996 225 1741 261; baseline -0.005 -6"><span class='ocrx_word' id='word_1_254' title='bbox 996 228 1165 255; x_wconf 80' lang='lat' dir='ltr'>Venerabili</span> <span class='ocrx_word' id='word_1_255' title='bbox 1184 228 1271 256; x_wconf 84' lang='lat' dir='ltr'>fratri</span> <span class='ocrx_word' id='word_1_256' title='bbox 1293 231 1396 256; x_wconf 85' lang='lat' dir='ltr'>nostro</span> <span class='ocrx_word' id='word_1_257' title='bbox 1417 227 1524 255; x_wconf 73' lang='lat' dir='ltr'>Martio</span> <span class='ocrx_word' id='word_1_258' title='bbox 1541 227 1680 261; x_wconf 62' lang='lat' dir='ltr'>episcopo</span> <span class='ocrx_word' id='word_1_259' title='bbox 1694 225 1741 251; x_wconf 76' lang='lat' dir='ltr'>At-</span> 
     </span>
     <span class='ocr_line' id='line_1_49' title="bbox 1031 270 1740 303; baseline -0.006 -4"><span class='ocrx_word' id='word_1_260' title='bbox 1031 272 1157 299; x_wconf 85' lang='lat' dir='ltr'>banensi</span> <span class='ocrx_word' id='word_1_261' title='bbox 1179 272 1308 303; x_wconf 81' lang='lat' dir='ltr'>Ginetto‚</span> <span class='ocrx_word' id='word_1_262' title='bbox 1329 279 1443 300; x_wconf 85' lang='lat' dir='ltr'>necnon</span> <span class='ocrx_word' id='word_1_263' title='bbox 1461 271 1580 299; x_wconf 81' lang='lat' dir='ltr'>dilectis</span> <span class='ocrx_word' id='word_1_264' title='bbox 1594 270 1666 297; x_wconf 82' lang='lat' dir='ltr'>filiis</span> <span class='ocrx_word' id='word_1_265' title='bbox 1687 277 1740 296; x_wconf 88' lang='lat' dir='ltr'>no-</span> 
     </span>
     <span class='ocr_line' id='line_1_50' title="bbox 1032 315 1740 347; baseline -0.004 -4"><span class='ocrx_word' id='word_1_266' title='bbox 1032 317 1105 343; x_wconf 82' lang='lat' dir='ltr'>stris</span> <span class='ocrx_word' id='word_1_267' title='bbox 1135 316 1272 343; x_wconf 86' lang='lat' dir='ltr'>Ulderico</span> <span class='ocrx_word' id='word_1_268' title='bbox 1303 317 1330 343; x_wconf 91' lang='lat' dir='ltr'>S.</span> <span class='ocrx_word' id='word_1_269' title='bbox 1366 316 1546 342; x_wconf 79' lang='lat' dir='ltr'>Anastasiae</span> <span class='ocrx_word' id='word_1_270' title='bbox 1581 315 1740 347; x_wconf 71' lang='lat' dir='ltr'>flamineo,</span> 
     </span>
     <span class='ocr_line' id='line_1_51' title="bbox 1033 360 1740 388; baseline -0.004 0"><span class='ocrx_word' id='word_1_271' title='bbox 1033 361 1132 388; x_wconf 83' lang='lat' dir='ltr'>Marco</span> <span class='ocrx_word' id='word_1_272' title='bbox 1152 360 1280 387; x_wconf 87' lang='lat' dir='ltr'>Antonio</span> <span class='ocrx_word' id='word_1_273' title='bbox 1307 361 1334 387; x_wconf 88' lang='lat' dir='ltr'>S.</span> <span class='ocrx_word' id='word_1_274' title='bbox 1365 360 1477 386; x_wconf 79' lang='lat' dir='ltr'>Mariae</span> <span class='ocrx_word' id='word_1_275' title='bbox 1500 362 1534 386; x_wconf 83' lang='lat' dir='ltr'>de</span> <span class='ocrx_word' id='word_1_276' title='bbox 1555 360 1630 386; x_wconf 80' lang='lat' dir='ltr'>Pace</span> <span class='ocrx_word' id='word_1_277' title='bbox 1652 360 1740 385; x_wconf 83' lang='lat' dir='ltr'>Fran-</span> 
     </span>
     <span class='ocr_line' id='line_1_52' title="bbox 1033 403 1742 438; baseline -0.003 -7"><span class='ocrx_word' id='word_1_278' title='bbox 1033 405 1137 438; x_wconf 85' lang='lat' dir='ltr'>ciotto,</span> <span class='ocrx_word' id='word_1_279' title='bbox 1158 405 1316 431; x_wconf 69' lang='lat' dir='ltr'>francisco</span> <span class='ocrx_word' id='word_1_280' title='bbox 1338 405 1448 438; x_wconf 71' lang='lat' dir='ltr'>Angclo</span> <span class='ocrx_word' id='word_1_281' title='bbox 1470 403 1497 430; x_wconf 93' lang='lat' dir='ltr'>S.</span> <span class='ocrx_word' id='word_1_282' title='bbox 1521 403 1667 430; x_wconf 81' lang='lat' dir='ltr'>Caeciliae</span> <span class='ocrx_word' id='word_1_283' title='bbox 1689 403 1742 429; x_wconf 81' lang='lat' dir='ltr'>Ra-</span> 
     </span>
     <span class='ocr_line' id='line_1_53' title="bbox 1032 448 1740 483; baseline -0.004 -7"><span class='ocrx_word' id='word_1_284' title='bbox 1032 450 1187 483; x_wconf 77' lang='lat' dir='ltr'>paccielo,</span> <span class='ocrx_word' id='word_1_285' title='bbox 1214 448 1335 476; x_wconf 84' lang='lat' dir='ltr'>Nicolao</span> <span class='ocrx_word' id='word_1_286' title='bbox 1367 449 1395 475; x_wconf 86' lang='lat' dir='ltr'>S.</span> <span class='ocrx_word' id='word_1_287' title='bbox 1425 448 1535 474; x_wconf 63' lang='lat' dir='ltr'>Mariae</span> <span class='ocrx_word' id='word_1_288' title='bbox 1563 448 1740 481; x_wconf 74' lang='lat' dir='ltr'>Angelorum</span> 
     </span>
     <span class='ocr_line' id='line_1_54' title="bbox 1033 492 1741 525; baseline -0.004 -5"><span class='ocrx_word' id='word_1_289' title='bbox 1033 494 1201 523; x_wconf 81' lang='lat' dir='ltr'>Ludovisio,</span> <span class='ocrx_word' id='word_1_290' title='bbox 1219 494 1324 520; x_wconf 81' lang='lat' dir='ltr'>Iacobo</span> <span class='ocrx_word' id='word_1_291' title='bbox 1341 493 1367 519; x_wconf 87' lang='lat' dir='ltr'>S.</span> <span class='ocrx_word' id='word_1_292' title='bbox 1380 493 1492 519; x_wconf 80' lang='lat' dir='ltr'>Mariae</span> <span class='ocrx_word' id='word_1_293' title='bbox 1503 492 1741 525; x_wconf 81' lang='lat' dir='ltr'>Transpontinae</span> 
     </span>
     <span class='ocr_line' id='line_1_55' title="bbox 1033 536 1741 571; baseline -0.003 -6"><span class='ocrx_word' id='word_1_294' title='bbox 1033 538 1176 571; x_wconf 79' lang='lat' dir='ltr'>corrado,</span> <span class='ocrx_word' id='word_1_295' title='bbox 1199 537 1356 565; x_wconf 83' lang='lat' dir='ltr'>Laurentio</span> <span class='ocrx_word' id='word_1_296' title='bbox 1383 537 1410 563; x_wconf 91' lang='lat' dir='ltr'>S.</span> <span class='ocrx_word' id='word_1_297' title='bbox 1441 537 1621 570; x_wconf 69' lang='lat' dir='ltr'>Chrysogoni</span> <span class='ocrx_word' id='word_1_298' title='bbox 1647 536 1741 569; x_wconf 83' lang='lat' dir='ltr'>Impe-</span> 
     </span>
     <span class='ocr_line' id='line_1_56' title="bbox 1031 580 1740 615; baseline -0.004 -6"><span class='ocrx_word' id='word_1_299' title='bbox 1031 582 1113 615; x_wconf 84' lang='lat' dir='ltr'>riali‚</span> <span class='ocrx_word' id='word_1_300' title='bbox 1129 585 1160 609; x_wconf 82' lang='lat' dir='ltr'>et</span> <span class='ocrx_word' id='word_1_301' title='bbox 1176 582 1294 609; x_wconf 75' lang='lat' dir='ltr'>Giherto</span> <span class='ocrx_word' id='word_1_302' title='bbox 1311 582 1356 608; x_wconf 89' lang='lat' dir='ltr'>Ss.</span> <span class='ocrx_word' id='word_1_303' title='bbox 1373 581 1494 607; x_wconf 80' lang='lat' dir='ltr'>loannis</span> <span class='ocrx_word' id='word_1_304' title='bbox 1515 584 1545 607; x_wconf 75' lang='lat' dir='ltr'>et</span> <span class='ocrx_word' id='word_1_305' title='bbox 1565 581 1650 607; x_wconf 88' lang='lat' dir='ltr'>Pauli</span> <span class='ocrx_word' id='word_1_306' title='bbox 1665 580 1740 606; x_wconf 81' lang='lat' dir='ltr'>titu-</span> 
     </span>
     <span class='ocr_line' id='line_1_57' title="bbox 1032 624 1739 660; baseline -0.004 -7"><span class='ocrx_word' id='word_1_307' title='bbox 1032 627 1130 653; x_wconf 86' lang='lat' dir='ltr'>lorum</span> <span class='ocrx_word' id='word_1_308' title='bbox 1150 626 1339 660; x_wconf 82' lang='lat' dir='ltr'>preshyteris</span> <span class='ocrx_word' id='word_1_309' title='bbox 1369 625 1396 652; x_wconf 86' lang='lat' dir='ltr'>S.</span> <span class='ocrx_word' id='word_1_310' title='bbox 1419 626 1450 651; x_wconf 77' lang='lat' dir='ltr'>R.</span> <span class='ocrx_word' id='word_1_311' title='bbox 1478 624 1508 651; x_wconf 83' lang='lat' dir='ltr'>E.</span> <span class='ocrx_word' id='word_1_312' title='bbox 1535 624 1739 651; x_wconf 76' lang='lat' dir='ltr'>cardinalibus</span> 
     </span>
     <span class='ocr_line' id='line_1_58' title="bbox 1032 669 1613 704; baseline -0.005 -6"><span class='ocrx_word' id='word_1_313' title='bbox 1032 671 1208 698; x_wconf 75' lang='lat' dir='ltr'>Borromaeo</span> <span class='ocrx_word' id='word_1_314' title='bbox 1226 670 1395 704; x_wconf 73' lang='lat' dir='ltr'>respective</span> <span class='ocrx_word' id='word_1_315' title='bbox 1417 669 1613 703; x_wconf 77' lang='lat' dir='ltr'>nuncupatis,</span> 
     </span>
    </p>
   </div>
   <div class='ocr_carea' id='block_1_11' title="bbox 1192 727 1541 761">
    <p class='ocr_par' dir='ltr' id='par_1_12' title="bbox 1192 727 1541 761">
     <span class='ocr_line' id='line_1_59' title="bbox 1192 727 1541 761; baseline -0.009 -5"><span class='ocrx_word' id='word_1_316' title='bbox 1192 728 1358 756; x_wconf 76' lang='lat' dir='ltr'>Alexander</span> <span class='ocrx_word' id='word_1_317' title='bbox 1378 729 1458 761; x_wconf 81' lang='lat' dir='ltr'>Papa</span> <span class='ocrx_word' id='word_1_318' title='bbox 1478 727 1541 753; x_wconf 89' lang='lat' dir='ltr'>Vll.</span> 
     </span>
    </p>
   </div>
   <div class='ocr_carea' id='block_1_12' title="bbox 997 787 1741 869">
    <p class='ocr_par' dir='ltr' id='par_1_13' title="bbox 997 787 1741 869">
     <span class='ocr_line' id='line_1_60' title="bbox 997 787 1741 822; baseline -0.008 -3"><span class='ocrx_word' id='word_1_319' title='bbox 997 791 1182 819; x_wconf 80' lang='lat' dir='ltr'>Venerabilis</span> <span class='ocrx_word' id='word_1_320' title='bbox 1209 791 1303 817; x_wconf 69' lang='lat' dir='ltr'>frater</span> <span class='ocrx_word' id='word_1_321' title='bbox 1331 793 1451 822; x_wconf 83' lang='lat' dir='ltr'>noster,</span> <span class='ocrx_word' id='word_1_322' title='bbox 1474 796 1508 816; x_wconf 85' lang='lat' dir='ltr'>ac</span> <span class='ocrx_word' id='word_1_323' title='bbox 1538 788 1642 815; x_wconf 74' lang='lat' dir='ltr'>dilecti</span> <span class='ocrx_word' id='word_1_324' title='bbox 1670 787 1741 821; x_wconf 84' lang='lat' dir='ltr'>filii,</span> 
     </span>
     <span class='ocr_line' id='line_1_61' title="bbox 1032 832 1705 869; baseline -0.007 -6"><span class='ocrx_word' id='word_1_325' title='bbox 1032 838 1161 864; x_wconf 85' lang='lat' dir='ltr'>salutem</span> <span class='ocrx_word' id='word_1_326' title='bbox 1187 840 1217 862; x_wconf 81' lang='lat' dir='ltr'>et</span> <span class='ocrx_word' id='word_1_327' title='bbox 1238 834 1435 869; x_wconf 79' lang='lat' dir='ltr'>apostolicam</span> <span class='ocrx_word' id='word_1_328' title='bbox 1454 832 1705 861; x_wconf 75' lang='lat' dir='ltr'>benedictionem.</span> 
     </span>
    </p>
   </div>
   <div class='ocr_carea' id='block_1_13' title="bbox 997 912 1751 2622">
    <p class='ocr_par' dir='ltr' id='par_1_14' title="bbox 997 912 1742 1550">
     <span class='ocr_line' id='line_1_62' title="bbox 1041 912 1741 958; baseline -0.009 -10"><span class='ocrx_word' id='word_1_329' title='bbox 1041 916 1115 949; x_wconf 90' lang='lat' dir='ltr'>Cum</span> <span class='ocrx_word' id='word_1_330' title='bbox 1132 915 1161 947; x_wconf 90' lang='lat' dir='ltr'>in</span> <span class='ocrx_word' id='word_1_331' title='bbox 1177 914 1325 958; x_wconf 83' lang='lat' dir='ltr'>pastorali</span> <span class='ocrx_word' id='word_1_332' title='bbox 1338 912 1522 954; x_wconf 87' lang='lat' dir='ltr'>visitatione,</span> <span class='ocrx_word' id='word_1_333' title='bbox 1534 922 1626 955; x_wconf 89' lang='lat' dir='ltr'>quam</span> <span class='ocrx_word' id='word_1_334' title='bbox 1641 921 1741 954; x_wconf 87' lang='lat' dir='ltr'>prope</span> 
     </span>
     <span class='ocr_line' id='line_1_63' title="bbox 997 963 1740 1007; baseline -0.009 -5"><span class='ocrx_word' id='word_1_335' title='bbox 997 969 1080 1002; x_wconf 90' lang='lat' dir='ltr'>diem</span> <span class='ocrx_word' id='word_1_336' title='bbox 1106 968 1256 1001; x_wconf 85' lang='lat' dir='ltr'>ineboare</span> <span class='ocrx_word' id='word_1_337' title='bbox 1273 973 1302 1000; x_wconf 61' lang='lat' dir='ltr'>et,</span> <span class='ocrx_word' id='word_1_338' title='bbox 1320 968 1382 1000; x_wconf 81' lang='lat' dir='ltr'>Deo</span> <span class='ocrx_word' id='word_1_339' title='bbox 1403 965 1569 998; x_wconf 76' lang='lat' dir='ltr'>adiuvante</span> <span class='ocrx_word' id='word_1_340' title='bbox 1593 963 1740 1007; x_wconf 84' lang='lat' dir='ltr'>prosequi</span> 
     </span>
     <span class='ocr_line' id='line_1_64' title="bbox 998 1018 1740 1062; baseline -0.009 -7"><span class='ocrx_word' id='word_1_341' title='bbox 998 1021 1199 1062; x_wconf 84' lang='lat' dir='ltr'>intendimus,</span> <span class='ocrx_word' id='word_1_342' title='bbox 1218 1021 1292 1054; x_wconf 81' lang='lat' dir='ltr'>cleri</span> <span class='ocrx_word' id='word_1_343' title='bbox 1307 1020 1457 1052; x_wconf 89' lang='lat' dir='ltr'>nimirum</span> <span class='ocrx_word' id='word_1_344' title='bbox 1481 1018 1613 1059; x_wconf 87' lang='lat' dir='ltr'>romani,</span> <span class='ocrx_word' id='word_1_345' title='bbox 1628 1023 1658 1049; x_wconf 85' lang='lat' dir='ltr'>et</span> <span class='ocrx_word' id='word_1_346' title='bbox 1673 1028 1740 1049; x_wconf 90' lang='lat' dir='ltr'>om-</span> 
     </span>
     <span class='ocr_line' id='line_1_65' title="bbox 997 1071 1740 1115; baseline -0.008 -6"><span class='ocrx_word' id='word_1_347' title='bbox 997 1077 1084 1109; x_wconf 88' lang='lat' dir='ltr'>nium</span> <span class='ocrx_word' id='word_1_348' title='bbox 1099 1076 1198 1108; x_wconf 82' lang='lat' dir='ltr'>almae</span> <span class='ocrx_word' id='word_1_349' title='bbox 1213 1076 1305 1107; x_wconf 85' lang='lat' dir='ltr'>liuius</span> <span class='ocrx_word' id='word_1_350' title='bbox 1327 1074 1418 1107; x_wconf 70' lang='lat' dir='ltr'>l&#39;rliis</span> <span class='ocrx_word' id='word_1_351' title='bbox 1439 1072 1652 1113; x_wconf 75' lang='lat' dir='ltr'>eeclesiarum⁷</span> <span class='ocrx_word' id='word_1_352' title='bbox 1672 1071 1740 1115; x_wconf 84' lang='lat' dir='ltr'>pio-</span> 
     </span>
     <span class='ocr_line' id='line_1_66' title="bbox 998 1125 1740 1174; baseline -0.008 -11"><span class='ocrx_word' id='word_1_353' title='bbox 998 1141 1133 1174; x_wconf 85' lang='lat' dir='ltr'>rumque</span> <span class='ocrx_word' id='word_1_354' title='bbox 1157 1131 1300 1163; x_wconf 80' lang='lat' dir='ltr'>locorum</span> <span class='ocrx_word' id='word_1_355' title='bbox 1327 1135 1356 1161; x_wconf 86' lang='lat' dir='ltr'>et</span> <span class='ocrx_word' id='word_1_356' title='bbox 1381 1138 1530 1172; x_wconf 84' lang='lat' dir='ltr'>operum,</span> <span class='ocrx_word' id='word_1_357' title='bbox 1562 1137 1615 1159; x_wconf 66' lang='lat' dir='ltr'>ros</span> <span class='ocrx_word' id='word_1_358' title='bbox 1643 1125 1740 1169; x_wconf 79' lang='lat' dir='ltr'>potis—</span> 
     </span>
     <span class='ocr_line' id='line_1_67' title="bbox 998 1181 1739 1217; baseline -0.007 -1"><span class='ocrx_word' id='word_1_359' title='bbox 998 1184 1112 1217; x_wconf 89' lang='lat' dir='ltr'>simum</span> <span class='ocrx_word' id='word_1_360' title='bbox 1151 1194 1185 1216; x_wconf 81' lang='lat' dir='ltr'>ex</span> <span class='ocrx_word' id='word_1_361' title='bbox 1219 1194 1309 1216; x_wconf 82' lang='lat' dir='ltr'>sacro</span> <span class='ocrx_word' id='word_1_362' title='bbox 1347 1181 1574 1214; x_wconf 64' lang='lat' dir='ltr'>venerabilium</span> <span class='ocrx_word' id='word_1_363' title='bbox 1608 1181 1739 1212; x_wconf 77' lang='lat' dir='ltr'>fratrum</span> 
     </span>
     <span class='ocr_line' id='line_1_68' title="bbox 999 1235 1741 1279; baseline -0.007 -8"><span class='ocrx_word' id='word_1_364' title='bbox 999 1244 1179 1271; x_wconf 89' lang='lat' dir='ltr'>nostrorum</span> <span class='ocrx_word' id='word_1_365' title='bbox 1207 1237 1340 1279; x_wconf 68' lang='lat' dir='ltr'>collegio</span> <span class='ocrx_word' id='word_1_366' title='bbox 1358 1236 1580 1279; x_wconf 70' lang='lat' dir='ltr'>delegerimus,</span> <span class='ocrx_word' id='word_1_367' title='bbox 1603 1239 1631 1268; x_wconf 84' lang='lat' dir='ltr'>et</span> <span class='ocrx_word' id='word_1_368' title='bbox 1652 1235 1741 1267; x_wconf 79' lang='lat' dir='ltr'>uobis</span> 
     </span>
     <span class='ocr_line' id='line_1_69' title="bbox 1000 1289 1740 1332; baseline -0.008 -7"><span class='ocrx_word' id='word_1_369' title='bbox 1000 1293 1028 1324; x_wconf 90' lang='lat' dir='ltr'>in</span> <span class='ocrx_word' id='word_1_370' title='bbox 1051 1303 1087 1325; x_wconf 90' lang='lat' dir='ltr'>eo</span> <span class='ocrx_word' id='word_1_371' title='bbox 1114 1302 1243 1324; x_wconf 78' lang='lat' dir='ltr'>munere</span> <span class='ocrx_word' id='word_1_372' title='bbox 1268 1291 1428 1323; x_wconf 88' lang='lat' dir='ltr'>adiutores</span> <span class='ocrx_word' id='word_1_373' title='bbox 1459 1289 1740 1332; x_wconf 73' lang='lat' dir='ltr'>assumpserimus,</span> 
     </span>
     <span class='ocr_line' id='line_1_70' title="bbox 999 1343 1742 1389; baseline -0.007 -11"><span class='ocrx_word' id='word_1_374' title='bbox 999 1346 1140 1389; x_wconf 83' lang='lat' dir='ltr'>adeoque</span> <span class='ocrx_word' id='word_1_375' title='bbox 1158 1347 1260 1378; x_wconf 76' lang='lat' dir='ltr'>restra</span> <span class='ocrx_word' id='word_1_376' title='bbox 1286 1346 1384 1388; x_wconf 79' lang='lat' dir='ltr'>opera</span> <span class='ocrx_word' id='word_1_377' title='bbox 1407 1344 1436 1376; x_wconf 91' lang='lat' dir='ltr'>in</span> <span class='ocrx_word' id='word_1_378' title='bbox 1454 1343 1614 1376; x_wconf 82' lang='lat' dir='ltr'>nonnullis</span> <span class='ocrx_word' id='word_1_379' title='bbox 1637 1343 1742 1382; x_wconf 78' lang='lat' dir='ltr'>rebus,</span> 
     </span>
     <span class='ocr_line' id='line_1_71' title="bbox 999 1399 1741 1444; baseline -0.007 -12"><span class='ocrx_word' id='word_1_380' title='bbox 999 1410 1075 1443; x_wconf 88' lang='lat' dir='ltr'>quas</span> <span class='ocrx_word' id='word_1_381' title='bbox 1101 1410 1157 1444; x_wconf 88' lang='lat' dir='ltr'>per</span> <span class='ocrx_word' id='word_1_382' title='bbox 1181 1399 1391 1442; x_wconf 79' lang='lat' dir='ltr'>nosmetipsos</span> <span class='ocrx_word' id='word_1_383' title='bbox 1416 1402 1575 1441; x_wconf 76' lang='lat' dir='ltr'>praestare</span> <span class='ocrx_word' id='word_1_384' title='bbox 1601 1407 1663 1429; x_wconf 91' lang='lat' dir='ltr'>nou</span> <span class='ocrx_word' id='word_1_385' title='bbox 1690 1408 1741 1428; x_wconf 70' lang='lat' dir='ltr'>va-</span> 
     </span>
     <span class='ocr_line' id='line_1_72' title="bbox 1000 1450 1739 1495; baseline -0.005 -9"><span class='ocrx_word' id='word_1_386' title='bbox 1000 1454 1109 1495; x_wconf 71' lang='lat' dir='ltr'>lemus,</span> <span class='ocrx_word' id='word_1_387' title='bbox 1135 1453 1303 1495; x_wconf 68' lang='lat' dir='ltr'>diligenter</span> <span class='ocrx_word' id='word_1_388' title='bbox 1328 1451 1523 1495; x_wconf 82' lang='lat' dir='ltr'>inquirendis</span> <span class='ocrx_word' id='word_1_389' title='bbox 1556 1450 1739 1483; x_wconf 76' lang='lat' dir='ltr'>examinan-</span> 
     </span>
     <span class='ocr_line' id='line_1_73' title="bbox 1000 1505 1597 1550; baseline -0.007 -11"><span class='ocrx_word' id='word_1_390' title='bbox 1000 1508 1046 1539; x_wconf 88' lang='lat' dir='ltr'>dis</span> <span class='ocrx_word' id='word_1_391' title='bbox 1072 1513 1101 1539; x_wconf 88' lang='lat' dir='ltr'>et</span> <span class='ocrx_word' id='word_1_392' title='bbox 1127 1505 1316 1550; x_wconf 84' lang='lat' dir='ltr'>exequendis</span> <span class='ocrx_word' id='word_1_393' title='bbox 1342 1506 1385 1537; x_wconf 92' lang='lat' dir='ltr'>uti</span> <span class='ocrx_word' id='word_1_394' title='bbox 1413 1505 1597 1548; x_wconf 79' lang='lat' dir='ltr'>cupiamus:</span> 
     </span>
    </p>

    <p class='ocr_par' dir='ltr' id='par_1_15' title="bbox 1000 1557 1751 2622">
     <span class='ocr_line' id='line_1_74' title="bbox 1044 1557 1743 1603; baseline -0.006 -10"><span class='ocrx_word' id='word_1_395' title='bbox 1044 1561 1058 1603; x_wconf 73' lang='grc' dir='ltr'>ξ</span> <span class='ocrx_word' id='word_1_396' title='bbox 1084 1561 1112 1593; x_wconf 80' lang='lat' dir='ltr'>l.</span> <span class='ocrx_word' id='word_1_397' title='bbox 1138 1560 1270 1600; x_wconf 82' lang='lat' dir='ltr'>Idcirco,</span> <span class='ocrx_word' id='word_1_398' title='bbox 1296 1565 1329 1591; x_wconf 86' lang='lat' dir='ltr'>ut</span> <span class='ocrx_word' id='word_1_399' title='bbox 1352 1564 1491 1591; x_wconf 71' lang='lat' dir='ltr'>vestrum</span> <span class='ocrx_word' id='word_1_400' title='bbox 1517 1560 1552 1590; x_wconf 75' lang='lat' dir='ltr'>ea</span> <span class='ocrx_word' id='word_1_401' title='bbox 1572 1558 1600 1589; x_wconf 90' lang='lat' dir='ltr'>in</span> <span class='ocrx_word' id='word_1_402' title='bbox 1628 1568 1660 1589; x_wconf 86' lang='lat' dir='ltr'>re</span> <span class='ocrx_word' id='word_1_403' title='bbox 1687 1557 1743 1589; x_wconf 86' lang='lat' dir='ltr'>ini-</span> 
     </span>
     <span class='ocr_line' id='line_1_75' title="bbox 1000 1612 1742 1657; baseline -0.004 -11"><span class='ocrx_word' id='word_1_404' title='bbox 1000 1614 1164 1646; x_wconf 84' lang='lat' dir='ltr'>nisterium</span> <span class='ocrx_word' id='word_1_405' title='bbox 1190 1614 1259 1657; x_wconf 85' lang='lat' dir='ltr'>plus</span> <span class='ocrx_word' id='word_1_406' title='bbox 1286 1613 1394 1645; x_wconf 77' lang='lat' dir='ltr'>lrabeat</span> <span class='ocrx_word' id='word_1_407' title='bbox 1421 1612 1616 1644; x_wconf 71' lang='lat' dir='ltr'>auctoritatis</span> <span class='ocrx_word' id='word_1_408' title='bbox 1638 1617 1664 1643; x_wconf 84' lang='lat' dir='ltr'>et</span> <span class='ocrx_word' id='word_1_409' title='bbox 1688 1612 1742 1643; x_wconf 85' lang='lat' dir='ltr'>lir-</span> 
     </span>
     <span class='ocr_line' id='line_1_76' title="bbox 1002 1665 1742 1710; baseline -0.005 -10"><span class='ocrx_word' id='word_1_410' title='bbox 1002 1668 1137 1708; x_wconf 78' lang='lat' dir='ltr'>mitatis,</span> <span class='ocrx_word' id='word_1_411' title='bbox 1164 1667 1408 1710; x_wconf 69' lang='lat' dir='ltr'>uluja‘iorenique</span> <span class='ocrx_word' id='word_1_412' title='bbox 1441 1666 1477 1697; x_wconf 89' lang='lat' dir='ltr'>ad</span> <span class='ocrx_word' id='word_1_413' title='bbox 1512 1666 1614 1697; x_wconf 72' lang='lat' dir='ltr'>tadtus</span> <span class='ocrx_word' id='word_1_414' title='bbox 1647 1665 1742 1697; x_wconf 64' lang='lat' dir='ltr'>divini</span> 
     </span>
     <span class='ocr_line' id='line_1_77' title="bbox 1003 1719 1745 1765; baseline -0.005 -11"><span class='ocrx_word' id='word_1_415' title='bbox 1003 1722 1262 1765; x_wconf 60' lang='lat' dir='ltr'>propagatiom‘a‘n</span> <span class='ocrx_word' id='word_1_416' title='bbox 1279 1726 1308 1753; x_wconf 84' lang='lat' dir='ltr'>et</span> <span class='ocrx_word' id='word_1_417' title='bbox 1325 1721 1502 1752; x_wconf 88' lang='lat' dir='ltr'>animarum</span> <span class='ocrx_word' id='word_1_418' title='bbox 1525 1719 1656 1752; x_wconf 76' lang='lat' dir='ltr'>salutem</span> <span class='ocrx_word' id='word_1_419' title='bbox 1679 1719 1745 1750; x_wconf 79' lang='lat' dir='ltr'>llei-</span> 
     </span>
     <span class='ocr_line' id='line_1_78' title="bbox 1001 1772 1745 1819; baseline -0.005 -11"><span class='ocrx_word' id='word_1_420' title='bbox 1001 1786 1061 1819; x_wconf 85' lang='lat' dir='ltr'>que</span> <span class='ocrx_word' id='word_1_421' title='bbox 1086 1775 1219 1818; x_wconf 69' lang='lat' dir='ltr'>gloriam</span> <span class='ocrx_word' id='word_1_422' title='bbox 1255 1774 1355 1818; x_wconf 80' lang='lat' dir='ltr'>pariat</span> <span class='ocrx_word' id='word_1_423' title='bbox 1387 1776 1546 1813; x_wconf 79' lang='lat' dir='ltr'>l&#39;ruetuui,</span> <span class='ocrx_word' id='word_1_424' title='bbox 1578 1772 1745 1815; x_wconf 67' lang='lat' dir='ltr'>providere</span> 
     </span>
     <span class='ocr_line' id='line_1_79' title="bbox 1002 1826 1746 1868; baseline -0.005 -7"><span class='ocrx_word' id='word_1_425' title='bbox 1002 1829 1150 1868; x_wconf 84' lang='lat' dir='ltr'>volentes,</span> <span class='ocrx_word' id='word_1_426' title='bbox 1177 1829 1265 1861; x_wconf 77' lang='lat' dir='ltr'>vobis</span> <span class='ocrx_word' id='word_1_427' title='bbox 1290 1833 1317 1859; x_wconf 79' lang='lat' dir='ltr'>et</span> <span class='ocrx_word' id='word_1_428' title='bbox 1345 1832 1482 1859; x_wconf 74' lang='lat' dir='ltr'>resti-uui</span> <span class='ocrx_word' id='word_1_429' title='bbox 1502 1826 1629 1858; x_wconf 67' lang='lat' dir='ltr'>cuilibet</span> <span class='ocrx_word' id='word_1_430' title='bbox 1653 1826 1681 1857; x_wconf 92' lang='lat' dir='ltr'>in</span> <span class='ocrx_word' id='word_1_431' title='bbox 1701 1837 1746 1858; x_wconf 81' lang='lat' dir='ltr'>so-</span> 
     </span>
     <span class='ocr_line' id='line_1_80' title="bbox 1002 1880 1747 1923; baseline -0.007 -8"><span class='ocrx_word' id='word_1_432' title='bbox 1002 1883 1099 1915; x_wconf 86' lang='lat' dir='ltr'>lidum</span> <span class='ocrx_word' id='word_1_433' title='bbox 1117 1883 1201 1915; x_wconf 79' lang='lat' dir='ltr'>eirea</span> <span class='ocrx_word' id='word_1_434' title='bbox 1218 1881 1427 1915; x_wconf 71' lang='lat' dir='ltr'>visitationem</span> <span class='ocrx_word' id='word_1_435' title='bbox 1447 1880 1557 1923; x_wconf 81' lang='lat' dir='ltr'>ipsam,</span> <span class='ocrx_word' id='word_1_436' title='bbox 1576 1882 1675 1922; x_wconf 76' lang='lat' dir='ltr'>eaque</span> <span class='ocrx_word' id='word_1_437' title='bbox 1693 1880 1747 1911; x_wconf 82' lang='lat' dir='ltr'>du-</span> 
     </span>
     <span class='ocr_line' id='line_1_81' title="bbox 1003 1934 1746 1978; baseline -0.005 -9"><span class='ocrx_word' id='word_1_438' title='bbox 1003 1941 1100 1976; x_wconf 82' lang='lat' dir='ltr'>rante,</span> <span class='ocrx_word' id='word_1_439' title='bbox 1122 1936 1268 1968; x_wconf 85' lang='lat' dir='ltr'>mandata</span> <span class='ocrx_word' id='word_1_440' title='bbox 1290 1945 1520 1978; x_wconf 73' lang='lat' dir='ltr'>quaecumque,</span> <span class='ocrx_word' id='word_1_441' title='bbox 1542 1935 1634 1967; x_wconf 77' lang='lat' dir='ltr'>etiam</span> <span class='ocrx_word' id='word_1_442' title='bbox 1661 1934 1746 1965; x_wconf 72' lang='lat' dir='ltr'>rixae</span> 
     </span>
     <span class='ocr_line' id='line_1_82' title="bbox 1003 1987 1746 2033; baseline -0.008 -10"><span class='ocrx_word' id='word_1_443' title='bbox 1003 1991 1088 2024; x_wconf 70' lang='lat' dir='ltr'>vocis</span> <span class='ocrx_word' id='word_1_444' title='bbox 1113 1990 1243 2023; x_wconf 80' lang='lat' dir='ltr'>oraculo</span> <span class='ocrx_word' id='word_1_445' title='bbox 1276 2000 1332 2033; x_wconf 88' lang='lat' dir='ltr'>per</span> <span class='ocrx_word' id='word_1_446' title='bbox 1365 1999 1419 2021; x_wconf 73' lang='lat' dir='ltr'>vos</span> <span class='ocrx_word' id='word_1_447' title='bbox 1445 1999 1461 2020; x_wconf 89' lang='lat' dir='ltr'>a</span> <span class='ocrx_word' id='word_1_448' title='bbox 1493 1987 1584 2020; x_wconf 85' lang='lat' dir='ltr'>uobis</span> <span class='ocrx_word' id='word_1_449' title='bbox 1609 1993 1746 2030; x_wconf 74' lang='lat' dir='ltr'>accepta,</span> 
     </span>
     <span class='ocr_line' id='line_1_83' title="bbox 1004 2041 1748 2088; baseline -0.007 -11"><span class='ocrx_word' id='word_1_450' title='bbox 1004 2045 1075 2085; x_wconf 91' lang='lat' dir='ltr'>illis,</span> <span class='ocrx_word' id='word_1_451' title='bbox 1093 2044 1130 2077; x_wconf 87' lang='lat' dir='ltr'>ad</span> <span class='ocrx_word' id='word_1_452' title='bbox 1151 2055 1230 2088; x_wconf 86' lang='lat' dir='ltr'>qnos</span> <span class='ocrx_word' id='word_1_453' title='bbox 1247 2054 1282 2076; x_wconf 89' lang='lat' dir='ltr'>ea</span> <span class='ocrx_word' id='word_1_454' title='bbox 1300 2054 1350 2076; x_wconf 89' lang='lat' dir='ltr'>res</span> <span class='ocrx_word' id='word_1_455' title='bbox 1376 2043 1522 2086; x_wconf 63' lang='lat' dir='ltr'>perfluet,</span> <span class='ocrx_word' id='word_1_456' title='bbox 1538 2041 1706 2079; x_wconf 79' lang='lat' dir='ltr'>referendi,</span> <span class='ocrx_word' id='word_1_457' title='bbox 1718 2046 1748 2073; x_wconf 84' lang='lat' dir='ltr'>et</span> 
     </span>
     <span class='ocr_line' id='line_1_84' title="bbox 1004 2095 1748 2141; baseline -0.007 -10"><span class='ocrx_word' id='word_1_458' title='bbox 1004 2104 1151 2132; x_wconf 86' lang='lat' dir='ltr'>oretenus</span> <span class='ocrx_word' id='word_1_459' title='bbox 1170 2108 1227 2141; x_wconf 88' lang='lat' dir='ltr'>per</span> <span class='ocrx_word' id='word_1_460' title='bbox 1243 2107 1300 2129; x_wconf 85' lang='lat' dir='ltr'>nos</span> <span class='ocrx_word' id='word_1_461' title='bbox 1319 2096 1461 2129; x_wconf 87' lang='lat' dir='ltr'>ordinata</span> <span class='ocrx_word' id='word_1_462' title='bbox 1487 2095 1665 2134; x_wconf 75' lang='lat' dir='ltr'>mandandi,</span> <span class='ocrx_word' id='word_1_463' title='bbox 1683 2095 1748 2137; x_wconf 89' lang='lat' dir='ltr'>qui-</span> 
     </span>
     <span class='ocr_line' id='line_1_85' title="bbox 1005 2148 1745 2184; baseline -0.007 0"><span class='ocrx_word' id='word_1_464' title='bbox 1005 2152 1062 2184; x_wconf 87' lang='lat' dir='ltr'>bus</span> <span class='ocrx_word' id='word_1_465' title='bbox 1087 2151 1232 2184; x_wconf 85' lang='lat' dir='ltr'>relationi</span> <span class='ocrx_word' id='word_1_466' title='bbox 1257 2161 1292 2183; x_wconf 83' lang='lat' dir='ltr'>ae</span> <span class='ocrx_word' id='word_1_467' title='bbox 1318 2149 1471 2182; x_wconf 84' lang='lat' dir='ltr'>mandatis</span> <span class='ocrx_word' id='word_1_468' title='bbox 1496 2148 1608 2181; x_wconf 73' lang='lat' dir='ltr'>vestris</span> <span class='ocrx_word' id='word_1_469' title='bbox 1633 2153 1662 2180; x_wconf 86' lang='lat' dir='ltr'>et</span> <span class='ocrx_word' id='word_1_470' title='bbox 1688 2159 1745 2179; x_wconf 84' lang='lat' dir='ltr'>eu-</span> 
     </span>
     <span class='ocr_line' id='line_1_86' title="bbox 1006 2202 1748 2238; baseline -0.007 0"><span class='ocrx_word' id='word_1_471' title='bbox 1006 2205 1131 2238; x_wconf 84' lang='lat' dir='ltr'>inslibet</span> <span class='ocrx_word' id='word_1_472' title='bbox 1155 2210 1294 2237; x_wconf 80' lang='lat' dir='ltr'>vestrum</span> <span class='ocrx_word' id='word_1_473' title='bbox 1321 2204 1359 2236; x_wconf 87' lang='lat' dir='ltr'>de</span> <span class='ocrx_word' id='word_1_474' title='bbox 1384 2203 1494 2236; x_wconf 87' lang='lat' dir='ltr'>ordine</span> <span class='ocrx_word' id='word_1_475' title='bbox 1526 2207 1635 2234; x_wconf 88' lang='lat' dir='ltr'>nostro</span> <span class='ocrx_word' id='word_1_476' title='bbox 1661 2202 1748 2233; x_wconf 82' lang='lat' dir='ltr'>saetis</span> 
     </span>
     <span class='ocr_line' id='line_1_87' title="bbox 1006 2255 1748 2301; baseline -0.007 -10"><span class='ocrx_word' id='word_1_477' title='bbox 1006 2258 1185 2291; x_wconf 84' lang='lat' dir='ltr'>huiusmodi</span> <span class='ocrx_word' id='word_1_478' title='bbox 1211 2258 1335 2301; x_wconf 83' lang='lat' dir='ltr'>plenam</span> <span class='ocrx_word' id='word_1_479' title='bbox 1362 2262 1392 2289; x_wconf 86' lang='lat' dir='ltr'>et</span> <span class='ocrx_word' id='word_1_480' title='bbox 1417 2256 1577 2288; x_wconf 83' lang='lat' dir='ltr'>indubiam</span> <span class='ocrx_word' id='word_1_481' title='bbox 1598 2255 1748 2287; x_wconf 72' lang='lat' dir='ltr'>[identat]</span> 
     </span>
     <span class='ocr_line' id='line_1_88' title="bbox 1006 2308 1749 2353; baseline -0.007 -9"><span class='ocrx_word' id='word_1_482' title='bbox 1006 2312 1153 2345; x_wconf 87' lang='lat' dir='ltr'>omnibus</span> <span class='ocrx_word' id='word_1_483' title='bbox 1177 2310 1321 2343; x_wconf 81' lang='lat' dir='ltr'>adhiberi</span> <span class='ocrx_word' id='word_1_484' title='bbox 1347 2314 1439 2353; x_wconf 86' lang='lat' dir='ltr'>alque</span> <span class='ocrx_word' id='word_1_485' title='bbox 1464 2309 1598 2341; x_wconf 85' lang='lat' dir='ltr'>tirmiter</span> <span class='ocrx_word' id='word_1_486' title='bbox 1627 2308 1749 2340; x_wconf 86' lang='lat' dir='ltr'>obtem-</span> 
     </span>
     <span class='ocr_line' id='line_1_89' title="bbox 1009 2362 1749 2409; baseline -0.003 -13"><span class='ocrx_word' id='word_1_487' title='bbox 1009 2365 1111 2409; x_wconf 85' lang='lat' dir='ltr'>perari</span> <span class='ocrx_word' id='word_1_488' title='bbox 1134 2370 1293 2408; x_wconf 86' lang='lat' dir='ltr'>tamquam</span> <span class='ocrx_word' id='word_1_489' title='bbox 1320 2363 1474 2396; x_wconf 85' lang='lat' dir='ltr'>mandatis</span> <span class='ocrx_word' id='word_1_490' title='bbox 1491 2362 1606 2395; x_wconf 83' lang='lat' dir='ltr'>nostris</span> <span class='ocrx_word' id='word_1_491' title='bbox 1627 2368 1749 2405; x_wconf 70' lang='lat' dir='ltr'>aposto-</span> 
     </span>
     <span class='ocr_line' id='line_1_90' title="bbox 1007 2415 1749 2458; baseline -0.005 -7"><span class='ocrx_word' id='word_1_492' title='bbox 1007 2419 1074 2451; x_wconf 68' lang='lat' dir='ltr'>licis</span> <span class='ocrx_word' id='word_1_493' title='bbox 1089 2419 1233 2451; x_wconf 66' lang='lat' dir='ltr'>volumus</span> <span class='ocrx_word' id='word_1_494' title='bbox 1248 2424 1277 2450; x_wconf 84' lang='lat' dir='ltr'>et</span> <span class='ocrx_word' id='word_1_495' title='bbox 1291 2417 1445 2455; x_wconf 77' lang='lat' dir='ltr'>iubemus3</span> <span class='ocrx_word' id='word_1_496' title='bbox 1466 2415 1610 2448; x_wconf 86' lang='lat' dir='ltr'>mandata</span> <span class='ocrx_word' id='word_1_497' title='bbox 1624 2425 1749 2458; x_wconf 84' lang='lat' dir='ltr'>quoque</span> 
     </span>
     <span class='ocr_line' id='line_1_91' title="bbox 1008 2469 1749 2516; baseline -0.004 -13"><span class='ocrx_word' id='word_1_498' title='bbox 1008 2479 1037 2505; x_wconf 89' lang='lat' dir='ltr'>et</span> <span class='ocrx_word' id='word_1_499' title='bbox 1062 2476 1232 2516; x_wconf 84' lang='lat' dir='ltr'>praecepta</span> <span class='ocrx_word' id='word_1_500' title='bbox 1263 2480 1481 2514; x_wconf 65' lang='lat' dir='ltr'>quaecumque</span> <span class='ocrx_word' id='word_1_501' title='bbox 1513 2469 1689 2502; x_wconf 81' lang='lat' dir='ltr'>necessaria</span> <span class='ocrx_word' id='word_1_502' title='bbox 1722 2475 1749 2501; x_wconf 83' lang='lat' dir='ltr'>et</span> 
     </span>
     <span class='ocr_line' id='line_1_92' title="bbox 1009 2522 1751 2570; baseline -0.007 -11"><span class='ocrx_word' id='word_1_503' title='bbox 1009 2531 1189 2570; x_wconf 85' lang='lat' dir='ltr'>opportuna</span> <span class='ocrx_word' id='word_1_504' title='bbox 1214 2525 1274 2557; x_wconf 91' lang='lat' dir='ltr'>illis</span> <span class='ocrx_word' id='word_1_505' title='bbox 1289 2524 1319 2556; x_wconf 89' lang='lat' dir='ltr'>in</span> <span class='ocrx_word' id='word_1_506' title='bbox 1338 2524 1442 2563; x_wconf 87' lang='lat' dir='ltr'>rebus,</span> <span class='ocrx_word' id='word_1_507' title='bbox 1468 2533 1547 2566; x_wconf 87' lang='lat' dir='ltr'>quae</span> <span class='ocrx_word' id='word_1_508' title='bbox 1567 2522 1751 2555; x_wconf 69' lang='lat' dir='ltr'>visitationis</span> 
     </span>
     <span class='ocr_line' id='line_1_93' title="bbox 1010 2577 1750 2622; baseline -0.005 -9"><span class='ocrx_word' id='word_1_509' title='bbox 1010 2578 1188 2613; x_wconf 73' lang='lat' dir='ltr'>huiusmodi</span> <span class='ocrx_word' id='word_1_510' title='bbox 1214 2577 1501 2622; x_wconf 85' lang='lat' dir='ltr'>praeparationem,</span> <span class='ocrx_word' id='word_1_511' title='bbox 1526 2579 1650 2617; x_wconf 84' lang='lat' dir='ltr'>statum,</span> <span class='ocrx_word' id='word_1_512' title='bbox 1676 2586 1750 2619; x_wconf 88' lang='lat' dir='ltr'>pro-</span> 
     </span>
    </p>
   </div>
   <div class='ocr_carea' id='block_1_14' title="bbox 1759 1595 1796 1613">
    <p class='ocr_par' dir='ltr' id='par_1_16' title="bbox 1759 1595 1796 1613">
     <span class='ocr_line' id='line_1_94' title="bbox 1759 1595 1796 1613; baseline -0.027 0"><span class='ocrx_word' id='word_1_513' title='bbox 1759 1595 1796 1613; x_wconf 71' lang='lat' dir='ltr'>ced</span> 
     </span>
    </p>
   </div>
   <div class='ocr_carea' id='block_1_15' title="bbox 1786 1567 1800 1587">
    <p class='ocr_par' dir='ltr' id='par_1_17' title="bbox 1786 1567 1800 1587">
     <span class='ocr_line' id='line_1_95' title="bbox 1786 1567 1800 1587; baseline 0 -15"><span class='ocrx_word' id='word_1_514' title='bbox 1786 1567 1800 1587; x_wconf 62' lang='lat' dir='ltr'>F</span> 
     </span>
    </p>
   </div>
   <div class='ocr_carea' id='block_1_16' title="bbox 1644 167 1939 203">
    <p class='ocr_par' dir='ltr' id='par_1_18' title="bbox 1644 167 1939 203">
     <span class='ocr_line' id='line_1_96' title="bbox 1644 167 1939 203; baseline 0.017 -5"><span class='ocrx_word' id='word_1_515' title='bbox 1644 167 1655 198; x_wconf 66' lang='lat' dir='ltr'>‘l</span> <span class='ocrx_word' id='word_1_516' title='bbox 1673 167 1706 199; x_wconf 66' lang='lat'>155</span> <span class='ocrx_word' id='word_1_517' title='bbox 1756 178 1805 203; x_wconf 79' lang='lat' dir='ltr'>Au.</span> <span class='ocrx_word' id='word_1_518' title='bbox 1822 180 1848 202; x_wconf 85' lang='lat' dir='ltr'>t..</span> <span class='ocrx_word' id='word_1_519' title='bbox 1873 176 1939 203; x_wconf 62' lang='lat' dir='ltr'>tt&#39;256</span> 
     </span>
    </p>
   </div>
   <div class='ocr_carea' id='block_1_17' title="bbox 1784 927 1903 948">
    <p class='ocr_par' dir='ltr' id='par_1_19' title="bbox 1784 927 1903 948">
     <span class='ocr_line' id='line_1_97' title="bbox 1784 927 1903 948; baseline 0.008 -1"><span class='ocrx_word' id='word_1_520' title='bbox 1784 927 1903 948; x_wconf 57' lang='lat' dir='ltr'>Exordium.</span> 
     </span>
    </p>
   </div>
   <div class='ocr_carea' id='block_1_18' title="bbox 1801 1567 1944 1613">
    <p class='ocr_par' dir='ltr' id='par_1_20' title="bbox 1801 1567 1944 1613">
     <span class='ocr_line' id='line_1_98' title="bbox 1803 1567 1943 1592; baseline 0 -6"><span class='ocrx_word' id='word_1_521' title='bbox 1803 1567 1885 1586; x_wconf 58' lang='lat' dir='ltr'>mittas</span> <span class='ocrx_word' id='word_1_522' title='bbox 1896 1573 1943 1592; x_wconf 74' lang='lat' dir='ltr'>pro-</span> 
     </span>
     <span class='ocr_line' id='line_1_99' title="bbox 1801 1595 1944 1613; baseline 0.007 -1"><span class='ocrx_word' id='word_1_523' title='bbox 1801 1595 1848 1613; x_wconf 61' lang='lat' dir='ltr'>rudi</span> <span class='ocrx_word' id='word_1_524' title='bbox 1871 1596 1944 1613; x_wconf 65' lang='lat' dir='ltr'>ronti-,1</span> 
     </span>
    </p>
   </div>
   <div class='ocr_carea' id='block_1_19' title="bbox 1798 1626 1913 1646">
    <p class='ocr_par' dir='ltr' id='par_1_21' title="bbox 1798 1626 1913 1646">
     <span class='ocr_line' id='line_1_100' title="bbox 1798 1626 1913 1646; baseline 0.009 -8"><span class='ocrx_word' id='word_1_525' title='bbox 1798 1629 1821 1640; x_wconf 54' lang='lat' dir='ltr'>[vt</span> <span class='ocrx_word' id='word_1_526' title='bbox 1828 1627 1838 1640; x_wconf 65' lang='grc' dir='ltr'>υ</span> <span class='ocrx_word' id='word_1_527' title='bbox 1844 1626 1913 1646; x_wconf 64' lang='lat' dir='ltr'>tlltlllc.</span> 
     </span>
    </p>
   </div>
   <div class='ocr_carea' id='block_1_20' title="bbox 1759 1627 1798 1647">
    <p class='ocr_par' dir='ltr' id='par_1_22' title="bbox 1759 1627 1798 1647">
     <span class='ocr_line' id='line_1_101' title="bbox 1759 1627 1798 1647; baseline -0.026 -6"><span class='ocrx_word' id='word_1_528' title='bbox 1759 1627 1798 1647; x_wconf 48' lang='lat' dir='ltr'>que</span> 
     </span>
    </p>
   </div>
  </div>
 </body>
</html>
