2243 3205
311 218 357 244 An.
375 219 403 244 C,
427 219 492 246 1658

339 598 358 617 lo
367 604 400 617 :nu
411 605 425 615 ¹*
441 598 494 618 XM!

312 626 403 648 regulam
428 625 493 644 sau-ti

312 653 388 674 August
401 657 419 670 ni
446 657 493 671 ravu-

338 1918 360 1939 Et
379 1926 434 1940 irrisi:
453 1927 472 1947 p:
487 1932 494 1937 -

313 1948 395 1972 ittegta.

538 209 602 243 368

1091 222 1267 246 nULLArttUM
1294 222 1446 247 ROMANUM

509 266 684 310 ¹perpetuo
709 267 799 300 firma
822 272 851 301 et
873 267 988 301 illibata
1008 269 1192 312 persistant,
1212 270 1244 302 li-
1277 270 1441 303 absolvere
1466 271 1598 310 valeret;
1624 276 1653 303 et
1676 271 1809 315 denique
1838 272 1922 315 quod
1955 273 2014 316 ipsi

508 320 627 361 beuter,
641 332 710 353 cum
727 331 742 353 a
756 320 847 354 nobis
863 321 989 365 petitur,
1002 323 1162 366 apostolici
1180 334 1244 355 mu-

508 373 634 405 niminis
658 373 821 406 adiicimus
837 374 1036 413 firmitatem,
1054 381 1084 407 ct
1107 375 1244 418 desuper

508 426 672 470 apostolici
697 426 813 460 favoris
841 428 989 461 auxilium
1023 428 1243 472 impertimur,

509 483 604 522 prout
628 479 838 523 conspicimus
863 480 893 512 in
921 480 1054 514 Domino
1079 481 1244 514 salubriter

509 527 676 576 expedires

554 585 568 627 g
592 584 621 617 3.
648 584 770 618 Dudum
797 586 962 630 siquidem,
988 599 1043 632 per
1067 588 1165 622 felicis
1191 599 1241 621 re-

510 637 699 672 cordationis
725 639 870 672 loannem
890 641 1004 684 Papam
1023 642 1102 674 XXll
1121 641 1246 685 praede-

510 700 668 723 cessorem
692 697 835 725 nostrum
860 699 990 737 accepto
1015 694 1098 737 quod
1134 695 1246 727 fratres

509 743 538 776 S.
564 743 650 776 Pauli
682 744 778 788 primi
813 746 960 780 eremitae
994 746 1117 780 Ordinis
1149 748 1245 781 sancti

509 796 674 839 Augustini
700 798 731 830 in
758 799 919 842 Hungaria
952 805 981 832 et
1012 800 1080 833 aliis
1107 800 1247 844 partibus

511 849 681 891 constituti,
696 861 753 894 per
770 851 980 886 austeritatem
998 853 1068 896 piae
1086 853 1176 894 vitae,
1194 853 1247 886 bo-

509 912 687 946 norumque
719 914 851 948 operum
883 905 1041 948 actiones,
1070 905 1147 939 adeo
1179 916 1247 938 sese

509 955 682 989 reddebant
706 957 737 989 in
762 963 931 1001 conspectu
954 958 1008 991 Dei
1029 963 1058 991 et
1081 958 1246 992 hominum

509 1008 686 1050 gratiosos,
705 1010 789 1052 quod
814 1021 924 1043 eorum
950 1011 1095 1055 exemplo
1118 1011 1246 1055 plurimi

508 1061 546 1093 ad
572 1061 694 1104 pietatis
725 1073 823 1106 opera
853 1063 1096 1106 inducerentur⁷
1127 1065 1247 1108 ipsique

509 1113 620 1147 fratres
655 1115 826 1148 secundum
851 1116 882 1148 B.
908 1117 1073 1159 Augustini
1105 1118 1245 1160 regulam

509 1166 728 1200 desiderabant
746 1168 894 1202 virtutum
906 1170 1039 1202 Domino
1057 1175 1246 1214 perpetuum

511 1220 693 1263 impendere
703 1222 897 1263 famulatum,
908 1223 1009 1256 dictus
1019 1224 1149 1256 loannes
1162 1235 1248 1267 prae-

509 1273 666 1315 decessor,
693 1275 873 1309 huiusmodi
899 1277 997 1320 pium,
1027 1277 1192 1319 laudabile,
1218 1284 1247 1311 et

511 1327 706 1361 meritorium
733 1330 930 1373 propositum
944 1336 974 1363 et
991 1330 1177 1375 obsequium
1198 1341 1247 1365 eo-

510 1381 652 1414 rumdem
679 1382 813 1415 fratrum
839 1383 933 1427 digne
956 1384 986 1416 in
1008 1385 1140 1418 Domino
1164 1395 1247 1418 com-

509 1435 679 1476 mendans,
705 1441 734 1468 et
765 1437 920 1479 gloriosae
952 1439 1122 1472 memoriae
1146 1439 1247 1472 Caroli

510 1488 686 1530 Hungariae
703 1490 787 1532 regis
801 1495 830 1522 et
847 1490 1002 1524 dictorum
1027 1492 1159 1524 fratrum
1178 1503 1248 1536 sup-

509 1541 731 1584 plicationibus
763 1552 924 1584 annuens,
950 1544 1066 1577 eisdem
1096 1545 1248 1578 fratribus

508 1594 651 1636 regulam
665 1595 864 1637 antedictam,
878 1607 934 1640 per
947 1607 1000 1630 eos
1015 1602 1044 1630 et
1057 1607 1166 1631 eorum
1182 1609 1247 1632 suc-

509 1657 650 1681 cessores
678 1648 709 1680 in
743 1649 807 1682 suis
831 1649 908 1683 locis
936 1660 1015 1694 quae
1040 1650 1197 1685 habebant
1218 1657 1247 1685 et

508 1706 686 1744 praestante
710 1702 843 1735 Domino
868 1703 899 1735 in
924 1709 1084 1747 posterum
1110 1704 1247 1738 habituri

508 1759 597 1787 erant
627 1755 789 1799 perpetuis
820 1756 934 1789 futuris
963 1757 1161 1800 temporibus
1185 1759 1244 1792 ob-

508 1808 718 1849 servandam,
749 1809 934 1843 auctoritate
966 1811 1136 1854 apostolica
1167 1822 1243 1846 con-

509 1860 611 1893 cessit.

554 1914 609 1957 §4
625 1914 755 1958 Insuper
768 1915 925 1957 fratribus,
940 1925 1113 1960 eorumque
1126 1927 1248 1950 succes-

510 1967 634 2000 soribus
658 1968 835 2012 praedictis,
856 1969 940 2012 quod
962 1969 991 2002 in
1010 1970 1145 2013 capitulo
1168 1971 1248 2014 ipso-

511 2030 591 2061 rum,
601 2022 723 2064 quoties
735 2021 893 2065 expediret
905 2022 1102 2064 celebrando,
1113 2023 1247 2067 aliquem

510 2073 548 2105 de
573 2074 616 2106 eis
644 2074 791 2107 idoneum
817 2075 847 2107 in
872 2085 980 2108 eorum
1002 2076 1140 2119 priorem
1158 2087 1248 2119 gene-

510 2127 607 2160 ralem
630 2128 756 2170 eligere,
774 2128 907 2161 electum
930 2129 1078 2172 recipere,
1102 2129 1247 2173 idemque

511 2180 609 2223 prior,
627 2181 671 2213 sic
693 2182 820 2221 electus,
845 2187 990 2225 receptus
1011 2187 1040 2214 et
1060 2182 1194 2224 habitus,
1217 2183 1248 2215 in

511 2233 611 2266 dictos
631 2234 743 2267 fratres
761 2239 790 2267 et
803 2244 1000 2268 successores
1017 2234 1202 2269 visitationis
1219 2241 1248 2269 et

511 2289 716 2322 correctionis
736 2289 858 2322 debitae
877 2289 1015 2322 officium
1036 2299 1192 2331 exercere,
1213 2300 1249 2323 ac

511 2343 595 2385 ipsos
619 2342 658 2375 ab
684 2342 1017 2376 excommunicationis
1041 2343 1202 2384 sententia,
1223 2343 1248 2375 si

511 2407 605 2440 quam
626 2406 679 2429 eos
697 2400 827 2440 propter
852 2396 1019 2429 violentam
1037 2406 1187 2429 manuum
1208 2396 1249 2429 in-

513 2449 677 2483 iectionem
704 2449 735 2481 in
760 2449 882 2492 seipsos
910 2449 957 2481 vel
982 2454 1113 2492 propter
1137 2454 1249 2482 statuta

513 2503 613 2536 dictae
637 2503 765 2546 regutae
779 2503 923 2536 violanda
947 2503 1109 2536 incurrere
1134 2503 1251 2536 contin-

514 2561 612 2598 geret,
629 2556 713 2590 iuxta
736 2556 870 2589 sormam
895 2556 1052 2590 Ecclesiae
1069 2560 1249 2589 consuetam

553 2620 560 2645 1
585 2617 649 2644 lleic
665 2618 740 2645 deest
761 2618 853 2653 partic.
871 2621 901 2646 ut
918 2619 956 2645 rel
972 2628 1025 2653 quo
1040 2620 1077 2653 (n.
1094 2618 1142 2652 13).

1279 324 1390 354 fratres
1415 328 1444 354 et
1468 333 1665 356 successores
1685 334 1794 357 eorum
1819 325 1850 357 in
1875 325 1967 358 terris
1985 330 2015 357 et

1279 377 1386 416 vineis,
1411 388 1487 419 quas
1511 377 1648 421 propriis
1673 377 1735 410 suis
1761 378 1902 410 manibus
1927 389 2015 411 exco-

1280 430 1391 469 lebant,
1421 435 1449 461 et
1475 430 1504 462 in
1531 436 1690 473 posterum
1717 431 1904 471 excolerent,
1930 431 2014 465 deci-

1279 473 1345 515 mas
1369 483 1490 515 solvere
1505 510 1512 524 ‚
1538 489 1567 516 ct
1590 483 1628 515 ad
1653 483 1787 527 synodos
1814 483 2015 518 dioecesano-

1280 545 1349 567 rum
1368 545 1476 567 eorum
1495 535 1598 568 renire
1617 536 1744 569 minime
1764 542 1954 578 tenerentur,
1968 547 2013 569 ne·

1279 598 1339 631 que
1360 587 1396 619 ad
1415 587 1444 620 id
1462 587 1548 620 inviti
1566 590 1712 632 compelli
1730 589 1859 632 possint,
1877 589 2015 630 indulsit,

1279 646 1373 684 prout
1391 641 1421 673 in
1439 641 1549 674 litteris
1565 643 1744 685 apostolicis
1761 643 1831 686 piae
1845 642 2017 676 memoriae

1279 694 1444 727 Clementis
1470 695 1568 738 Papae
1582 693 1658 738 ,Vu‘
1684 695 1935 739 praedecessoris
1961 705 2017 728 no-

1280 746 1346 786 stri,
1360 757 1418 790 pro
1432 757 1468 780 eo
1483 747 1566 790 quod
1587 747 1757 790 originales
1781 748 1901 780 litterae
1921 747 2018 791 ipsius

1281 800 1404 833 loannis
1430 800 1679 844 praedecessoris
1697 801 1830 834 amissae
1851 805 1948 843 erant,
1967 799 2017 833 de-

1281 862 1374 896 super
1399 853 1568 895 confectis,
1594 864 1726 896 quarum
1752 859 1842 887 tenor
1865 853 2017 898 sequitur,

1282 905 1440 938 videlicet:

1326 958 1385 1001 ἐξ).
1407 959 1548 993 Clemens
1573 960 1748 1003 episcopus,
1776 969 1885 993 servus
1908 969 2015 992 servo-

1281 1021 1355 1043 rnm
1378 1011 1449 1052 Dei,
1473 1011 1598 1045 dilectis
1622 1011 1703 1054 filiis
1728 1013 1832 1055 prior-i
1854 1016 1883 1045 et
1903 1012 2018 1055 fratri-

1281 1064 1336 1096 bus
1361 1064 1393 1097 S.
1421 1063 1517 1097 Pauli
1534 1065 1638 1108 primi
1657 1065 1809 1098 eremitae
1828 1065 1884 1098 sub
1904 1064 2020 1108 requlci

1281 1116 1311 1149 S.
1326 1116 1506 1160 Aiiqustini
1522 1117 1556 1150 in
1574 1117 1752 1161 Hunyarici
1774 1121 1801 1151 et
1822 1117 1900 1151 aliis
1917 1117 2020 1160 parti-

1282 1169 1337 1202 hus
1365 1171 1563 1211 constitutis,
1591 1171 1729 1204 satutem
1756 1176 1785 1204 et
1809 1170 2019 1215 apostolicam

1281 1222 1535 1256 benedictionem.
1561 1224 1752 1257 Prorisionis
1776 1229 1902 1257 nostrae
1926 1223 2019 1257 debet

1281 1277 1447 1319 provenire
1472 1277 1621 1318 subsidio,
1650 1282 1684 1310 ut
1709 1278 1756 1310 ius
1777 1287 1867 1310 suum
1890 1277 2019 1310 cuilibet

1282 1334 1495 1363 conservetur.
1517 1330 1595 1362 lliuc
1619 1335 1665 1362 est
1693 1330 1776 1374 quod
1795 1340 1852 1363 nos
1877 1335 2017 1362 tenorem

1281 1383 1490 1426 quarumdam
1527 1383 1701 1416 litterarum
1735 1383 1833 1416 felicis
1865 1382 2015 1415 recorda-

1282 1435 1374 1468 tionis
1391 1436 1514 1469 loannis
1536 1437 1637 1480 Papae
1659 1436 1738 1469 XXII
1768 1435 2019 1479 praedecessoris

1281 1488 1379 1521 nostri
1394 1488 1425 1521 in
1439 1492 1580 1532 regestro
1598 1489 1694 1533 ipsius
1706 1488 1957 1532 praedecessoris
1970 1498 2020 1521 re-

1282 1547 1453 1586 pertarum,
1477 1553 1533 1586 pro
1559 1553 1595 1576 eo
1620 1542 1715 1586 quod,
1741 1543 1820 1575 sicut
1844 1547 1947 1575 vestra
1966 1552 2020 1586 pe-

1283 1595 1348 1629 titio
1365 1596 1456 1629 nobis
1472 1606 1572 1640 nuper
1589 1595 1727 1629 exhibita
1745 1595 1940 1637 continebat,
1958 1595 2017 1629 ori-

1281 1649 1400 1692 ginales
1421 1650 1542 1682 litterae
1566 1655 1637 1682 sunt
1657 1649 1799 1690 amissae,
1816 1649 1854 1682 de
1877 1654 2020 1692 regestro

1282 1704 1349 1747 ipso
1373 1703 1411 1736 de
1437 1704 1534 1737 verbo
1558 1704 1596 1736 ad
1621 1704 1750 1736 verbum
1776 1703 1963 1744 transcribi,
1991 1709 2021 1736 et

1282 1757 1319 1790 ad
1338 1761 1457 1790 vestrae
1478 1757 1717 1800 supplicationis
1738 1756 1916 1789 instantiam
1933 1766 2021 1800 prae-

1282 1810 1421 1843 sentibus
1446 1810 1588 1843 annotari
1609 1810 1751 1849 fecimus,
1768 1809 1841 1853 (μιί2
1867 1809 1936 1842 talis
1957 1814 2018 1842 est:

1326 1864 1340 1907 ἓ
1365 1863 1393 1896 6.
1419 1863 1555 1896 Ioannes
1581 1863 1756 1906 episcopus,
1784 1872 1892 1895 servus
1920 1872 2020 1896 servo-

1282 1928 1356 1950 rum
1373 1917 1443 1957 Dei,
1465 1916 1506 1949 acl
1529 1920 1719 1959 perpetuam
1743 1916 1791 1948 rei
1814 1915 2015 1948 memoriam.

1283 1971 1340 2004 Per
1365 1975 1489 2002 sanctae
1510 1968 1780 2012 contemplationis
1805 1967 1954 2008 studium,
1973 1967 2019 2000 in-

1282 2023 1422 2056 nocentis
1441 2023 1519 2056 vitae
1534 2021 1691 2063 meritum,
1710 2025 1739 2055 et
1756 2020 1940 2054 exercitium
1957 2020 2020 2053 lau-

1282 2076 1430 2109 dabilium
1446 2075 1602 2108 actionum
1619 2075 1648 2107 in
1663 2074 1734 2107 fidei
1752 2074 1916 2117 fragantia,
1931 2073 2021 2106 devo·

1283 2129 1374 2162 tionis
1388 2129 1580 2169 existentia&
1599 2133 1628 2161 et
1649 2127 1840 2160 abundantia
1858 2126 2018 2159 charitatis

1282 2184 1361 2216 Deus
1381 2183 1581 2226 omnipotens
1605 2187 1698 2225 caput
1717 2181 1874 2215 Ecclesiae
1896 2185 2020 2214 sanctae

1283 2244 1356 2267 suae
1381 2234 1514 2274 colitur,
1541 2239 1571 2266 et
1594 2234 1625 2265 in
1650 2234 1735 2266 cultu
1768 2233 1815 2266 sui
1847 2232 2018 2266 beatissimi

1282 2286 1417 2320 nominis
1437 2286 1573 2319 suaviter
1590 2290 1620 2320 et
1638 2286 1748 2319 devote
1766 2290 1944 2318 sanctorum
1960 2295 2021 2317 me-

1283 2341 1383 2374 moria
1415 2345 1606 2381 renovatur,
1639 2338 1887 2383 rependiturque
1917 2337 2021 2370 divina

1283 2394 1383 2437 gratia
1412 2394 1460 2426 liis
1480 2393 1532 2437 qui
1553 2402 1707 2436 supernae
1731 2391 1900 2425 maiestatis
1925 2390 2021 2423 excel-

1284 2448 1396 2480 lentiae
1421 2447 1514 2480 variis
1539 2451 1569 2479 et
1593 2445 1712 2479 devotis
1745 2444 1908 2478 affectibus
1932 2443 2020 2478 obse-

1320 2528 1330 2553 1
1355 2526 1509 2562 Legeudum
1533 2526 1572 2553 VI
1588 2526 1625 2560 (a.
1642 2526 1691 2559 τ.).

1320 2573 1329 2597 l
1351 2571 1416 2598 Male
1432 2570 1496 2597 edit.
1513 2569 1591 2598 Main.
1608 2569 1673 2604 legit
1689 2577 1762 2603 quae
1778 2575 1824 2603 pro
1840 2567 1891 2602 qui
1906 2566 2000 2602 (exn).

1319 2616 1334 2642 3
1350 2615 1404 2642 Nisi
1422 2614 1527 2650 legend.
1541 2614 1575 2642 sit
1585 2613 1762 2645 eaehz‘benticz,
1775 2612 1816 2640 vel
1826 2611 1912 2639 simile
1922 2612 1959 2646 (u.
1970 2611 2017 2645 T.).

2090 958 2215 994 cummunio?

2033 997 2144 1019 Clementis
2159 998 2189 1020 vl.
2213 991 2216 1023 i

2087 1869 2136 1890 hem
2154 1869 2205 1894 lma¹
2219 1878 2222 1882 ·

2035 1896 2066 1917 uis
2081 1895 2140 1917 ΧΧΙΙ.
