2263 3215
290 236 336 262 An.
361 235 387 262 c.
409 234 475 262 1655
520 226 562 259 36

313 1040 328 1061 D
337 1041 393 1062 uhta.

526 283 636 317 Datum
661 282 799 321 Romae,
826 280 908 324 apud
932 279 962 314 S.
983 279 1110 313 Mariam
1133 280 1223 313 Maio-

486 347 563 378 rem,
581 336 638 369 sub
663 336 778 369 annulo
800 334 988 374 Piscator-is,
1013 333 1063 367 die
1088 343 1131 366 xit
1155 333 1220 365 iulii

486 400 600 431 anem,
624 390 826 434 pontificatus
846 388 946 421 nostri
966 398 1049 421 anno
1069 397 1088 421 1.

520 453 577 482 Dat.
594 453 637 481 die
654 453 685 480 12
700 452 756 480 iulii
772 452 855 485 1655,
872 450 965 487 pontit.
987 458 1057 478 anuo
1074 455 1091 477 1.

483 676 723 710 Declaratz'ones
746 675 863 708 decreti
893 678 1022 707 sanctae
1046 672 1219 706 memoriae

526 729 708 763 Innocentii
724 730 835 772 Papae
858 728 888 761 X
912 738 1008 770 super
1023 726 1219 759 subiectione

524 783 759 825 nonnullorum
773 785 982 815 conventuum
996 779 1219 813 iurisdictioui

526 836 700 871 ordinarii
725 835 795 875 Ioci,
819 845 840 867 α
863 834 956 867 sacrci
973 834 1218 877 conqreqatione

523 900 619 933 super
642 893 729 922 static
752 888 957 931 repularz'itm
981 887 1095 929 editae,
1120 893 1218 931 alque

526 954 545 975 a
569 943 623 976 SS.
650 943 688 975 D.
716 942 755 975 N.
784 941 988 985 approbatae.

525 1023 629 1055 Posito
654 1022 779 1055 decreto
800 1021 898 1054 felicis
922 1021 1150 1054 reeordationis
1170 1020 1218 1053 ln-

481 1076 616 1109 nocentii
641 1076 740 1119 Papae
764 1076 787 1108 X
813 1085 907 1118 super
927 1074 1121 1108 subiectione
1138 1085 1215 1108 non-

480 1129 639 1162 nullorum
663 1132 871 1162 conventuum
898 1128 1087 1161 correctioni
1105 1133 1135 1161 et
1151 1139 1217 1162 om-

481 1181 636 1216 nimodae¹
655 1182 862 1215 iurisdictioni
879 1181 1036 1215 Ordinarii
1053 1182 1113 1215 loci
1130 1187 1213 1215 tam-

479 1247 573 1280 quam
588 1236 674 1269 Sedis
688 1235 884 1279 Apostolicae
904 1235 1049 1278 delegati,
1063 1236 1216 1279 contingit

480 1289 616 1322 dubitari
641 1289 679 1322 de
704 1288 920 1332 infrascriptis:

522 1352 542 1376 1.
573 1343 620 1376 An
648 1343 815 1386 episcopus
844 1343 875 1375 in
906 1342 1110 1375 conventibus
1140 1353 1215 1376 suae

479 1396 723 1430 iurisdictionis²
746 1396 892 1430 subiectis
916 1396 1036 1440 possint
1064 1397 1214 1438 abbates,

478 1451 621 1494 priores,
645 1450 834 1494 guardianos
866 1456 897 1483 et
926 1451 1003 1484 alios
1035 1451 1215 1495 superiores

478 1504 593 1537 locales
617 1504 768 1548 deputare
793 1509 822 1538 et
843 1504 991 1537 familiam
1013 1505 1213 1539 constituere.

522 1568 554 1591 11.
590 1559 635 1591 An
666 1559 764 1602 possit
795 1559 959 1603 episcopus
994 1570 1012 1591 a
1047 1559 1215 1603 praedictis

478 1612 682 1645 conventibus
706 1612 869 1654 religiosos
894 1622 1051 1646 amovere.

521 1675 564 1698 111.
595 1666 640 1698 An
676 1666 837 1708 regulares
861 1666 1046 1699 eorumdem
1072 1677 1211 1700 conven-

477 1723 564 1752 tuum
594 1720 739 1763 compelli
773 1720 895 1763 possint
924 1721 964 1753 ab
996 1721 1145 1765 episcopo
1175 1721 1213 1754 ad

477 1773 667 1806 exhibendos
692 1774 789 1806 libros
814 1774 959 1808 introitus
984 1780 1014 1807 et
1041 1775 1160 1818 exitus,
1184 1780 1214 1808 et

475 1826 648 1859 reddendas
673 1828 809 1860 rationes
834 1828 1122 1861 administrationis.

520 1890 560 1913 ιν.
579 1881 624 1912 An
642 1880 807 1924 episcopus
827 1882 858 1914 in
876 1882 992 1914 eisdem
1008 1882 1212 1915 conventibus

476 1942 509 1964 se
529 1932 673 1975 ingerere
692 1935 790 1977 possit
810 1934 841 1966 in
870 1935 917 1968 liis
934 1946 1013 1979 quae
1030 1936 1210 1979 regularem

477 1985 671 2030 disciplinam
697 1994 899 2021 concernunt.

521 2050 549 2072 v.
574 2041 620 2072 Au
644 2042 792 2075 ecclesiae
809 2042 964 2076 dictorum
988 2049 1209 2086 conventuum,

476 2098 506 2126 et
516 2094 672 2137 cappellae
689 2096 890 2138 grangiarum
912 2097 942 2129 in
962 2098 1074 2141 quibus
1093 2098 1211 2141 degunt

476 2148 618 2180 conversi
642 2159 700 2191 pro
725 2159 873 2191 agrorum
900 2151 1044 2192 cultura,
1075 2152 1113 2184 ab
1138 2151 1207 2195 epi<

476 2210 572 2244 scopo
592 2201 708 2234 visitari
730 2203 857 2246 possint.

519 2263 559 2287 v1.
586 2255 631 2287 An
657 2255 742 2299 ipsae
772 2258 921 2300 grangiae
945 2264 976 2291 et
1005 2259 1148 2292 conversi
1178 2259 1209 2292 in

475 2307 518 2340 cis
542 2308 689 2351 degentes
713 2311 832 2345 subsint
857 2312 1024 2346 visitationi
1057 2314 1208 2357 episcopi.

519 2371 570 2394 vu.
591 2363 668 2401 Quid
683 2363 714 2396 in
728 2365 865 2397 ecclesiis
884 2376 937 2399 seu
951 2367 1102 2410 cappellis
1121 2377 1209 2409 gran-

474 2415 595 2457 giarum
614 2416 643 2449 in
660 2418 772 2460 quibus
792 2420 895 2453 nullus
920 2420 1005 2463 uegit
1029 2431 1208 2462 conversus,

474 2477 513 2500 an
538 2469 680 2502 similiter
705 2471 825 2505 subsint
849 2473 988 2517 episcopi
1013 2475 1192 2508 visitationi.

518 2532 582 2555 vni.
598 2523 643 2555 An
656 2523 745 2557 liceat
759 2526 905 2570 episcopo
923 2528 1047 2562 visitare
1073 2539 1208 2562 conven-

510 2595 521 2620 1
540 2593 608 2621 Edit.
622 2594 699 2621 Main.
716 2596 780 2630 legit
794 2599 957 2626 oimiimorle
973 2601 1009 2634 (n.
1026 2601 1073 2634 τ.).

507 2638 524 2665 2
543 2639 639 2674 Aptius
658 2639 716 2675 tege
734 2641 932 2671 iurisdictioni
951 2646 988 2679 (n.
1004 2646 1051 2680 τ.).

1057 231 1236 256 ommutuit
1262 231 1279 254 n
1285 229 1416 254 minuati

1257 285 1306 311 tus
1331 283 1392 313 tam
1418 285 1614 320 sappi-essm,
1638 277 1668 309 et
1691 279 1799 319 postea
1823 273 1994 315 restitutos,

1255 343 1348 376 quam
1370 341 1432 364 non
1446 339 1645 373 suppi·essOS‚
1662 328 1700 362 ad
1720 328 1864 362 effectum
1882 337 1996 371 cogno-

1255 384 1372 425 scendi,
1396 393 1435 416 an
1461 383 1492 416 in
1512 383 1572 417 illis
1597 393 1631 416 re
1655 382 1725 427 ipsa
1739 382 1860 416 alantur
1878 391 1931 415 sex
1948 391 2000 415 re*

1254 437 1366 480 ligiosi.

1297 501 1339 524 ix.
1356 491 1402 524 An
1415 490 1582 534 episcopus
1595 490 1723 523 visitans
1733 487 1914 522 huiusmodi
1923 497 1994 522 con-

1254 550 1363 577 ventus
1388 555 1462 577 suae
1487 542 1694 577 jurisdictioni
1722 542 1912 586 suppositos,
1940 545 1994 574 aut

1253 608 1405 641 personas
1426 598 1456 631 in
1481 598 1525 631 eis
1549 598 1708 641 degentes,
1722 596 1850 641 possita
1864 594 1993 629 visitatis

1252 652 1508 694 procurationem
1530 653 1655 696 exigere
1679 652 1711 685 in
1735 649 1921 685 victualibus
1945 648 1993 682 vel

1252 704 1282 737 in
1307 706 1452 748 pecunia.

1295 768 1324 791 x.
1355 760 1401 792 An
1437 759 1613 793 iurisdictio
1647 758 1820 793 Ordinariis
1848 758 1991 792 locorum

1251 816 1410 856 tamquam
1434 814 1522 847 Sedis
1547 814 1743 857 Apostolicae
1774 812 1924 856 delegatis
1948 815 1993 844 at-

1251 865 1366 899 tributa
1398 867 1429 899 in
1460 867 1642 911 supradicto
1672 867 1799 900 decreto
1834 870 1994 910 competat

1251 918 1374 952 vicariis
1398 921 1600 963 generalibus
1617 920 1853 964 episcoporum,
1870 928 1994 952 necnon

1249 971 1414 1006 abbatibus
1446 978 1476 1006 et
1499 974 1568 1006 aliis
1594 973 1796 1006 inferioribus
1821 972 1992 1016 praelatis,

1250 1027 1413 1070 proprium
1446 1028 1640 1062 territorium
1677 1038 1713 1061 ac
1744 1026 1992 1060 iurisdictionem

1250 1081 1338 1123 quasi
1363 1081 1575 1125 episcopalem
1601 1081 1800 1114 habentibus.

1295 1144 1333 1167 xi.
1359 1135 1405 1167 An
1430 1136 1639 1179 provinciales
1664 1141 1694 1168 et
1723 1135 1774 1168 alii
1812 1134 1991 1178 superiores

1250 1189 1411 1230 regulares
1436 1190 1556 1233 possint
1580 1189 1734 1223 eiusmodi
1751 1193 1924 1222 conventus
1944 1189 1991 1221 iu-

1250 1241 1422 1275 risdictioni
1448 1243 1604 1276 Ordinarii
1629 1243 1786 1276 subiectos
1813 1247 1843 1275 et
1866 1241 1991 1284 religio-

1249 1305 1299 1328 sos
1323 1295 1353 1328 in
1378 1296 1439 1329 illis
1463 1296 1611 1340 degentes
1629 1297 1764 1338 visitare,
1783 1296 1945 1338 corrigere
1962 1300 1992 1328 et

1248 1349 1369 1392 punire,
1395 1360 1585 1394 omnemque
1609 1350 1856 1384 iurisdictionem
1882 1349 1913 1381 in
1937 1358 1991 1382 eos

1248 1413 1407 1444 exercere,
1432 1403 1513 1437 sicut
1537 1408 1683 1449 poterant
1706 1409 1778 1437 ante
1802 1403 1920 1437 dictum
1941 1401 1992 1435 de-

1248 1461 1381 1489 cretum.

1292 1519 1346 1542 xu.
1361 1510 1391 1543 Si
1406 1510 1552 1554 superior
1568 1510 1724 1553 regularis
1744 1510 1776 1543 in
1793 1510 1887 1543 causa
1904 1519 1992 1554 prae-

1248 1563 1368 1595 venerit
1392 1569 1502 1597 contra
1523 1564 1682 1597 subditum
1704 1564 1871 1607 degentem
1892 1563 1923 1596 ln
1939 1562 1991 1596 ali-

1248 1627 1310 1660 quo
1328 1628 1363 1650 ex
1381 1617 1499 1651 eisdem
1520 1619 1725 1652 conventibus
1742 1617 1908 1652 Ordinario
1921 1616 1991 1650 sub-

1248 1671 1345 1711 iectis,
1359 1671 1541 1706 fabricando
1558 1682 1752 1716 processum,
1770 1672 1818 1704 vel
1832 1681 1904 1704 eum
1921 1680 1990 1704 car-

1247 1725 1311 1757 ceri
1348 1726 1577 1770 mancipando,
1611 1736 1651 1758 an
1686 1726 1854 1769 episcopus
1890 1723 1990 1768 possit

1247 1778 1426 1812 huiusmodi
1452 1790 1579 1813 causam
1603 1789 1811 1822 reassumere,
1837 1789 1872 1811 ac
1896 1788 1989 1823 supe-

1247 1832 1323 1865 riori
1345 1832 1499 1866 inhibere.

1291 1895 1354 1918 xiu.
1372 1886 1403 1918 Si
1426 1897 1442 1918 e
1466 1896 1620 1920 converso
1637 1886 1806 1930 episcopus
1822 1895 1990 1929 praevene-

1246 1937 1286 1970 rit
1304 1939 1335 1971 in
1353 1940 1447 1972 causa
1465 1945 1575 1973 contra
1592 1939 1776 1982 religiosum
1797 1938 1828 1971 in
1849 1938 1901 1971 tali
1917 1948 1988 1972 con-

1246 1997 1339 2024 ventu
1365 1998 1626 2035 commorantem,
1652 2003 1691 2025 an
1716 1991 1874 2036 superiori
1898 2002 1989 2034 regu-

1245 2045 1302 2077 lari
1327 2056 1364 2079 eo
1390 2057 1465 2079 casu
1491 2046 1583 2079 liceat
1608 2046 1695 2079 illum
1721 2056 1878 2087 amovere,
1903 2048 1933 2078 et
1955 2045 1989 2077 in

1245 2098 1305 2132 alio
1331 2106 1486 2133 conventu
1516 2101 1693 2134 collocare:
1727 2105 1757 2133 et
1788 2099 1813 2132 si
1845 2099 1883 2132 de
1907 2098 1988 2132 facto

1244 2153 1465 2195 collocaverit,
1499 2165 1538 2187 an
1578 2153 1785 2187 nibilominus
1820 2152 1988 2196 episcopus

1243 2207 1342 2250 possit
1359 2218 1485 2240 causam
1506 2208 1668 2251 prosequi,
1688 2218 1724 2240 ac
1744 2206 1926 2249 religiosum
1944 2205 1988 2238 sic

1243 2265 1384 2293 amotum
1403 2271 1554 2293 revocare
1570 2260 1609 2292 ad
1629 2260 1768 2304 primum
1789 2262 1986 2293 conventum.

1288 2323 1350 2346 xiv,
1377 2313 1407 2346 Si
1428 2314 1633 2357 provincialis
1651 2314 1698 2346 vel
1719 2312 1864 2357 superior
1880 2311 1988 2344 localis

1243 2367 1379 2399 voluerit
1403 2367 1540 2410 aliquem
1561 2378 1598 2400 ex
1624 2367 1775 2400 fratribus
1799 2377 1817 2399 a
1840 2365 1893 2399 tali
1913 2374 1987 2399 con-

1243 2426 1337 2453 ventu
1361 2431 1536 2463 removere,
1563 2432 1601 2454 an
1628 2421 1796 2466 episcopus
1815 2419 1988 2465 prohibere

1243 2475 1353 2519 possit.

1286 2539 1339 2562 xv.
1365 2528 1395 2562 Si
1421 2539 1437 2562 a
1462 2534 1619 2562 conventu
1647 2529 1786 2572 primum
1808 2537 1987 2572 suppresso,

1242 2593 1278 2615 ao
1302 2582 1413 2616 deinde
1447 2583 1592 2626 religioni
1626 2583 1793 2624 restituto,
1819 2581 1921 2615 absint
1949 2591 1987 2615 ex

1241 2637 1346 2681 aliqua
1369 2637 1548 2670 rationabili
1569 2639 1675 2679 causa,
1692 2642 1722 2670 et
1739 2636 1779 2671 ad
1795 2636 1892 2671 breve
1911 2640 1988 2670 tem-

2001 225 2053 252 An.
2073 224 2104 253 C.
2123 223 2191 253 1655
