2243 3205
316 244 364 271 An.
386 243 414 270 C.
432 244 499 271 1658
544 235 607 268 342

452 763 499 801 ⁴2..¹.'s
515 769 688 803 dinationcs
706 771 892 815 praedictae7
918 771 974 803 snb
992 776 1152 814 praetextu
1170 769 1252 813 quod

451 816 499 855 ¹2¹.ss
515 823 608 856 nimis
633 824 795 867 rigorosae
819 825 893 865 sint,
924 825 953 856 in
979 824 1086 856 eadem
1114 823 1195 856 Urbe
1221 829 1252 855 ut

318 891 348 909 tra
360 894 395 914 sep

317 918 435 935 sterwrnm.

513 303 572 335 que
590 292 716 334 gradus,
734 301 786 323 scu
806 292 991 331 visitatores,
1010 297 1071 324 tam
1090 293 1252 333 ordinarii,

513 354 605 387 quam
631 343 774 386 delegati,
791 344 844 387 qui
870 345 1005 388 colloqui
1031 355 1251 389 praesumpse-

514 397 575 428 rint
600 407 670 428 eum
696 397 884 429 monialibus
905 398 1038 440 (etiamsi
1064 398 1250 440 abbatissae7

513 450 680 493 priorissae
697 477 704 490 ,
732 456 784 482 aut
808 451 956 484 officiales
990 452 1251 485 monasteriorum

514 504 642 548 fuerint)
668 510 754 537 extra
779 511 880 538 aetum
908 506 1149 546 confessionum,
1179 515 1251 537 eon-

514 557 638 589 cionum
667 564 719 590 aut
751 558 961 591 visitationum
997 558 1194 597 huiusmodi,
1224 563 1270 589 et*

514 609 598 651 alias,
624 616 717 653 prout
746 611 776 643 in
803 611 934 643 diversis
959 611 1093 644 decretis
1119 611 1270 653 desuper¹

515 664 666 696 emanatis
690 663 820 697 uberius
846 665 1031 698 continetur.

559 718 573 760 ξ
597 716 625 749 3.
651 717 726 749 Cum
752 724 866 758 autem,
887 719 964 751 sieut
990 718 1179 761 accepimus,
1206 711 1271 759 ors]

465 869 500 908 5³¹3
515 877 686 920 plurimum
713 888 774 910 non
800 878 1019 917 observentur,
1046 877 1179 920 indeque
1204 887 1272 908 va-t

516 931 561 962 ria
588 931 785 964 incommoda
816 937 845 963 et,
881 931 1133 974 perturbationes
1159 941 1252 974 prae-

515 983 605 1015 dietis
624 984 813 1017 monialibus
827 985 902 1016 oriri
921 984 1028 1016 doceat
1045 983 1253 1027 experientia:

516 1048 593 1077 neS,
619 1042 829 1081 opportunum
863 1038 936 1070 liuie
962 1038 1043 1071 malo
1080 1037 1273 1078 remediumt

515 1090 664 1122 adbibere
690 1091 862 1134 cupientes,
880 1091 917 1122 de
944 1090 1167 1123 venerabilium
1188 1091 1251 1122 sra-

516 1150 598 1176 trum
632 1150 812 1178 nostrorum
843 1145 871 1177 S.
904 1146 937 1178 l‘..
968 1145 999 1177 E.
1029 1145 1273 1189 cardinalium„

515 1208 636 1230 necnon
661 1197 847 1231 dilectorum
870 1198 1006 1230 tiliorum
1027 1199 1182 1230 Romanae
1201 1195 1273 1242 eu-jff

516 1250 580 1283 riae
606 1251 817 1294 praelatorum
845 1262 940 1294 super
957 1251 1089 1293 negotiis
1111 1251 1256 1283 visitatio-

516 1305 562 1335 nis
588 1305 775 1347 apostolicae
801 1305 1003 1337 eeclesiarum
1033 1316 1067 1337 ae
1101 1310 1273 1346 monaste-3

515 1357 637 1389 riorum
655 1357 747 1389 Urbis
768 1358 945 1401 praedictae
959 1368 974 1388 a
993 1357 1081 1389 nobis
1099 1357 1255 1389 institutae

516 1409 734 1453 deputatorum
761 1410 902 1451 consilio,
928 1410 1104 1453 supradicta
1129 1410 1273 1443 decretal

517 1464 707 1505 innovantes,
729 1464 962 1508 praemissaque
984 1464 1013 1496 in
1040 1465 1083 1496 eis
1109 1468 1273 1508 contenta¹

515 1518 552 1550 de
578 1529 657 1551 novo
683 1524 851 1550 statuentes
883 1524 974 1561 atque
1000 1523 1166 1560 angentes,
1193 1511 1273 1550 oni-l

515 1572 607 1604 nibus
635 1577 664 1604 et
689 1572 819 1614 singulis
852 1571 1066 1614 superioribus
1094 1561 1273 1614 generali-¹

516 1625 584 1665 bus,
598 1625 852 1668 proxincialiluis,
866 1625 1043 1663 abbatibus,
1059 1625 1254 1668 praepositis,

516 1678 676 1721 prioribus
697 1684 726 1710 et
743 1678 958 1721 superioribus
979 1678 1130 1710 localibus
1155 1678 1254 1710 dietae

515 1730 606 1764 Urbis
634 1732 859 1775 cuiuscumque
880 1731 1015 1771 ttrdinis,
1041 1731 1255 1774 congregatio-

515 1785 562 1816 nis
580 1791 606 1816 et
628 1785 768 1826 instituti,
795 1791 855 1817 tani
883 1785 1136 1826 mendicantium,
1161 1796 1253 1829 quam

515 1848 576 1870 non
604 1838 860 1877 mendicantium,
879 1843 908 1869 et
926 1838 1113 1871 elericorum
1135 1838 1255 1880 regula-
1271 1854 1273 1869 z

516 1891 617 1931 rium,
639 1890 730 1923 etiam
757 1891 880 1934 speciali
905 1892 978 1923 nota
1001 1896 1026 1922 et
1054 1891 1272 1934 expressione*

515 1944 628 1986 dignis,
653 1944 768 1986 quibus
797 1943 1081 1976 sanctimonialium
1108 1954 1183 1975 cura
1208 1943 1272 1986 in·¹

516 1996 644 2036 eumbit,
661 1996 717 2027 sub
738 1996 921 2039 privationis
947 1996 1030 2028 vocis
1057 2001 1118 2027 tam
1136 1996 1272 2038 activae}

516 2060 608 2092 quam
637 2049 786 2093 passivae,
808 2059 927 2082 necnon
945 2060 1053 2082 eorum
1078 2041 1272 2081 officiorum*

518 2107 547 2136 et
563 2102 765 2146 dignitatum,
785 2114 820 2135 ae
847 2103 1048 2135 inhabilitatis
1073 2102 1110 2135 ad
1134 2113 1169 2135 ea
1193 2113 1273 2151 am-⁴

516 2156 596 2199 plius
617 2156 784 2189 obtinenda
805 2157 913 2200 poenis
939 2167 975 2189 eo
1001 2156 1066 2200 ipso
1092 2154 1272 2189 incurrens

516 2209 574 2251 dis,
600 2210 748 2243 adversus
774 2221 849 2254 quas
875 2221 967 2243 nemo
992 2210 1051 2242 nisi
1071 2200 1091 2242 'a
1116 2210 1207 2242 nobis
1225 2214 1272 2246 et¹

517 2261 655 2296 ltomano
675 2264 822 2297 Pontilice
846 2274 904 2307 pro
937 2268 1075 2307 tempore
1104 2255 1272 2295 existente]

518 2316 704 2359 reintegrari
731 2317 839 2356 valeat,
864 2316 1034 2359 apostolica
1059 2315 1253 2356 auctoritate,

517 2374 624 2401 tenore
649 2369 871 2413 praesentium,
897 2369 1080 2401 mandamus
1104 2374 1134 2401 et
1158 2379 1251 2412 prae--

516 2422 659 2465 cipimus,
680 2428 723 2462 nt,
743 2423 821 2455 intra
840 2423 1006 2455 terminum
1025 2422 1116 2455 unius
1139 2423 1272 2456 mensis¹

515 2486 532 2508 a
546 2476 595 2509 die
608 2477 826 2520 publicationis
841 2477 1021 2510 earumdem
1041 2477 1252 2520 praesentium

516 2531 771 2573 computandum,
789 2532 993 2571 consessores,
1012 2541 1186 2575 eorumque
1206 2541 1255 2563 so-

516 2583 591 2622 cios,
612 2583 850 2617 concionatores
880 2589 908 2616 et
934 2584 1010 2617 alios
1039 2593 1255 2626 quoscumque

517 2636 688 2678 regulares,
712 2636 795 2679 apud
821 2637 1010 2670 monasteria
1035 2637 1273 2678 sanctimoniap

1100 244 1278 269 BULLARIUM
1304 245 1459 269 noittANUM

1287 293 1362 325 lium
1390 294 1419 324 in
1445 292 1555 324 eadem
1578 292 1660 325 Urbe
1686 293 1847 326 existentia
1876 294 1921 326 vel
1948 303 2022 326 con-

1288 346 1371 377 tinue
1404 346 1449 377 rel
1476 345 1513 377 ad
1545 350 1670 389 tempus
1702 355 1900 390 quocumque
1932 346 2022 379 titulo

1287 403 1474 442 pernoctare
1500 398 1628 437 solitos,
1654 398 1691 430 ad
1717 398 1851 430 claustra
1876 409 2024 432 revocare

1287 452 1442 493 debeant,
1469 462 1570 495 neque
1595 451 1632 484 de
1658 455 1762 485 celero
1787 452 1920 496 amplius
1945 463 2024 496 per—

1289 505 1410 536 mittant
1440 504 1564 537 eosdem
1585 515 1636 537 seu
1659 504 1736 537 alios
1761 505 1921 547 regulares
1945 504 2025 537 intra

1288 568 1341 589 sen
1367 568 1465 601 prope
1497 563 1582 602 septa
1616 557 1878 590 monasteriorum
1911 557 2022 590 buius-

1288 611 1372 643 modi
1398 611 1558 650 babitare,
1585 611 1677 654 idque
1703 611 1795 644 etiam
1822 611 1880 643 sub
1905 610 2022 643 eisdem

1269 664 1397 709 ypoenis
1428 669 1588 708 praestare
1613 670 1642 696 et
1667 664 1835 697 observare
1861 668 2025 697 teneantur

1290 717 1409 761 ipsimet
1433 718 1612 761 superiores
1629 728 1722 762 snpra
1739 717 1900 759 nominati,
1912 717 2026 761 aliique

1288 782 1345 814 pro
1359 777 1500 814 tempore
1517 782 1627 804 eorum
1647 782 1836 812 sucessores,
1851 771 2026 804 cuiuscum-

1270 818 1349 867 ³que
1373 824 1489 867 gradus
1514 825 1643 863 t'ncrint3
1669 825 1781 868 quibus
1806 824 1952 857 omnibus
1977 835 2026 857 ex-

1290 888 1396 921 presse
1421 879 1635 922 probibemus,
1661 879 1775 912 nedum
1805 879 1886 923 apud
1913 889 2022 912 mona-

1289 932 1382 963 steria
1409 932 1567 974 praedicta
1593 937 1793 975 pernoctare,
1824 937 1877 964 aut
1901 931 2026 974 degere,

1271 1014 1273 1020 ,
1290 995 1397 1016 rerum
1413 984 1505 1016 etiam
1525 994 1561 1016 ne
1580 984 1723 1016 diurnam
1743 984 1868 1028 quidem
1887 984 2028 1026 resectio-

1291 1048 1359 1070 nem
1379 1049 1513 1080 sumere,
1535 1044 1756 1082 praeterquam
1783 1038 1813 1070 in
1838 1038 1961 1070 casibus
1977 1047 2027 1070 ne-

1271 1082 1273 1092 ⁴
1290 1091 1441 1123 cessitatis
1455 1101 1471 1124 a
1489 1092 1579 1123 nobis
1594 1097 1622 1123 et
1641 1103 1698 1135 pro
1718 1097 1858 1135 tempore
1874 1092 2024 1124 existente

1290 1145 1431 1177 Romano
1452 1146 1601 1177 Pontitiee
1627 1145 1861 1189 approbandae.

1334 1198 1347 1241 ἓ
1365 1198 1393 1230 si.
1410 1199 1454 1242 Et,
1473 1203 1503 1231 ut
1524 1199 1648 1232 tollatur
1666 1198 1767 1231 omnis
1789 1198 1912 1230 occasio
1930 1203 2027 1231 trans-

1272 1244 1471 1292 ]gressionis,
1499 1251 1709 1294 praecipimus
1735 1250 1952 1294 superioribus
1980 1260 2027 1282 su-

1291 1305 1438 1347 pradietis
1453 1305 1510 1337 sub
1525 1305 1640 1337 eisdem
1657 1305 1774 1349 poenis,
1788 1310 1831 1346 ut,
1850 1304 1929 1336 intra
1944 1315 2027 1336 eum-

1290 1358 1359 1390 dem
1384 1358 1563 1397 terminum,
1581 1368 1795 1401 quascumque
1816 1358 1920 1397 cellas,
1939 1368 2026 1390 man-

1290 1412 1412 1453 siones,
1439 1423 1491 1444 seu
1525 1412 1670 1445 cubicula
1702 1422 1803 1456 prope
1838 1411 2026 1445 monasteria

1290 1465 1448 1507 praedicta
1472 1465 1509 1496 ad
1536 1475 1625 1498 usum
1653 1470 1900 1498 memoratorum
1927 1474 2023 1508 regu-

1291 1518 1402 1550 larium
1430 1517 1602 1558 existentia,
1628 1518 1652 1549 si
1678 1518 1840 1551 clausurae
1866 1521 2024 1552 monaste-

1272 1571 1409 1604 ¹riorum
1436 1571 1617 1604 earumdem
1645 1571 1926 1604 sanctimonialium
1953 1581 2027 1604 con·

1290 1625 1375 1667 tigna
1400 1625 1537 1663 suerint,
1569 1625 1685 1657 eisdem
1719 1625 1834 1657 includi
1867 1624 1913 1656 vel
1945 1624 2027 1657 dirui

1289 1678 1418 1710 omnino
1433 1677 1554 1719 saciant,
1573 1678 1597 1709 si
1616 1688 1689 1710 vero
1707 1683 1794 1710 extra
1811 1682 1907 1721 septa,
1925 1676 2026 1719 vendi,

1289 1732 1487 1775 pretiumque
1513 1732 1541 1763 in
1569 1731 1831 1764 monasteriorum
1863 1730 2027 1763 utilitatem

1289 1786 1448 1825 converti,
1474 1796 1530 1817 nee
1563 1786 1592 1817 in
1627 1791 1786 1828 posterum
1820 1785 1878 1817 alia
1913 1784 2027 1817 similia

1289 1838 1407 1881 aptari,
1432 1838 1600 1879 aedificari,
1619 1843 1670 1869 aut
1691 1837 1750 1870 emi
1765 1837 1937 1881 respective
1957 1847 2028 1880 per-

1290 1891 1420 1923 mittant.
1440 1891 1483 1923 Ad
1509 1891 1585 1923 haee
1611 1891 1718 1923 iisdem
1734 1891 1952 1934 superioribus
1969 1890 2027 1922 sub

1290 1945 1398 1988 poenis
1424 1944 1591 1988 praedietis
1618 1945 1801 1977 mandamus
1819 1950 1847 1977 et
1873 1943 2027 1988 praeeipi-

1290 2008 1380 2038 mus,
1407 2002 1439 2031 ut
1464 1998 1640 2031 nullatenus
1666 1997 1825 2041 patiantur
1851 1997 1941 2040 coqui
1973 2006 2028 2029 seu

1289 2051 1391 2094 parari
1417 2051 1502 2083 eibos
1516 2061 1532 2082 a
1546 2051 1743 2091 monialibus,
1757 2051 1820 2083 sive
1838 2050 1932 2082 lintea
1956 2050 2029 2082 alia-

1289 2114 1348 2146 que
1370 2103 1524 2141 utensilia,
1547 2109 1606 2135 tam
1632 2103 1768 2147 propriis
1792 2113 1913 2143 eorum,
1933 2113 2025 2146 quam

1289 2157 1482 2199 regularium
1517 2166 1791 2200 (piorumeumque
1815 2155 1922 2188 usibus
1947 2165 2024 2198 sup-

1290 2209 1433 2252 peditari.
1457 2209 1656 2242 Cousessorcs
1686 2219 1811 2253 quoque
1841 2214 1870 2241 et
1899 2208 2026 2242 concio-

1289 2268 1414 2296 natores
1438 2263 1515 2295 nibil
1541 2263 1669 2295 omnino
1694 2263 1804 2306 quovis
1828 2267 1991 2306 praetextu
2009 2272 2026 2294 a

1290 2316 1478 2349 monialibus
1503 2316 1646 2360 accipere
1670 2316 1801 2360 possint,
1830 2316 1888 2348 sub
1913 2315 2023 2348 iisdem

1289 2370 1407 2414 poenis,
1426 2375 1551 2414 praeter
1575 2370 1652 2403 duos
1669 2370 1761 2402 iulios
1779 2374 1922 2402 monetae
1939 2378 2027 2413 prae-

1289 2423 1387 2456 dictae
1415 2424 1443 2455 in
1468 2423 1600 2466 pecunia
1625 2424 1798 2465 numerata,
1816 2422 1840 2455 si
1858 2432 1915 2466 per
1939 2422 2026 2454 insti-

1290 2480 1388 2510 tutum
1415 2477 1559 2519 regulare
1586 2476 1728 2518 licuerit,
1755 2487 1812 2519 pro
1837 2475 2026 2519 quotidianis

1289 2539 1398 2562 eorum
1421 2529 1576 2562 alimentis
1595 2529 1632 2562 ad
1652 2533 1772 2574 teinpus
1796 2528 1915 2562 servitii
1939 2538 2026 2572 prae-

1289 2582 1362 2623 stiti,
1378 2586 1407 2616 et
1426 2592 1488 2616 non
1505 2583 1598 2623 ultra,
1618 2582 1815 2626 procuratori
1829 2591 1939 2615 eorum
1955 2591 2026 2615 eon-

1290 2642 1398 2669 ventm
1419 2637 1591 2680 respective
1618 2636 1803 2675 solvendos;
1829 2636 1874 2668 sin
1900 2636 2024 2679 minus,

2035 245 2083 273 An.
2103 246 2131 275 C.
2146 247 2209 278 18⁵8

2065 1235 2069 1238 μ
2115 1209 2214 1237 Praecipit
2236 1215 2238 1232 t

2041 1234 2127 1256 alienari
2161 1241 2215 1258 mu-
2235 1241 2242 1255 ι’

2041 1261 2110 1282 sinnas
2138 1262 2213 1290 religio·
2235 1270 2237 1282 ι

2041 1293 2110 1308 sorum
2155 1294 2236 1316 prom*

2041 1315 2166 1336 monasteria
2175 1321 2214 1338 m·
2234 1309 2236 1345 ξ

2041 1341 2125 1362 nialium
2139 1342 2193 1364 sitat.
2233 1348 2243 1375 Γ

2233 1379 2235 1389 t

2235 1947 2238 1965 ,.
2233 1865 2241 1933 ,-“,-
2235 1810 2242 1849 »,-.
2239 1770 2243 1794 ,-
2239 1746 2243 1755 μ
