2243 3205
247 219 295 245 Au.
313 218 340 245 c.
364 219 431 246 1660
477 210 540 242 (302

446 277 513 299 esse
529 267 672 299 volumus
686 271 716 299 et
730 266 941 310 decernimus)
951 267 1108 308 ecclesias,
1120 278 1183 301 mo-

447 318 581 351 nasteria
606 324 636 351 et
660 319 828 359 beneficia,
855 329 890 352 ac
918 320 1095 363 pensiones,
1129 331 1183 353 seu

449 372 578 414 fructus,
596 378 648 405 aut
669 372 794 405 illorum
815 377 935 416 partem
956 374 1136 407 huiusmodi
1154 374 1184 406 in

449 424 558 458 eodem
581 424 720 457 dominio
738 436 937 468 quocumque
955 426 1021 458 iure
1039 437 1074 459 ac
1096 426 1184 458 titulo

449 477 662 510 obtinentibus
678 483 708 510 et
725 479 910 519 obtenturis‚
928 489 1050 512 necnon
1067 479 1104 510 ab
1122 478 1187 511 uni-

450 530 548 562 versis
572 530 664 562 etiam
693 530 884 572 oeconomis,
903 531 1186 573 commendatariis,

451 588 543 626 atque
562 583 870 616 administratoribus
891 584 1051 627 perpetuis
1069 589 1098 616 et
1116 589 1189 616 tcm-

451 635 877 679 poralibus,usufructuariis
901 636 1045 669 similiter
1069 637 1189 669 fructus

452 698 561 720 omnes
578 689 625 721 vel
643 689 768 722 illorum
786 694 891 732 partes
911 689 980 722 loco
1004 688 1188 732 pensionum

452 751 638 782 annuarum,
654 742 700 774 vel
714 742 880 785 pensiones
890 745 919 775 et
935 741 995 774 alia
1011 740 1190 774 huiusmodi

454 795 523 827 iura
540 806 575 828 ex
596 806 795 839 quacumque
813 796 997 829 auctoritate
1017 794 1191 838 apostolica

454 847 485 879 in
504 853 567 881 toto
596 849 643 881 vel
665 849 696 881 in
721 853 809 892 parte
826 853 984 880 reservata
1004 846 1192 880 habentibus

455 905 485 932 et
508 900 678 942 habituris,
704 902 768 933 sive
793 900 996 940 secularibus,
1021 900 1085 932 sive
1110 909 1191 942 quo-

456 965 666 997 rumcumque
686 954 843 993 ordinum,
864 953 1144 995 congregationum
1166 957 1195 984 et

456 1006 639 1039 militiarum
666 1006 899 1050 praedictorum
924 1005 1124 1048 regularibus
1138 1032 1145 1045 ‚
1166 1010 1196 1037 et

457 1059 496 1091 ab
524 1060 598 1102 ipsis
624 1059 717 1092 etiam
743 1059 904 1100 ecclesiis,
929 1058 1095 1102 capitulis,
1120 1068 1195 1091 con-

457 1112 611 1153 ventibus,
626 1112 798 1154 ordinibus,
810 1111 1197 1155 congregationibus,per-

459 1165 554 1205 sonis,
580 1166 742 1208 collegiis,
769 1165 908 1206 militiis,
934 1165 1043 1197 massis
1069 1170 1098 1197 et
1122 1164 1198 1197 locis

458 1218 627 1262 praedictis
652 1229 850 1262 quacumque
874 1218 1066 1261 amplissima
1092 1222 1122 1250 et
1147 1217 1199 1249 sn·-

460 1272 600 1305 missima
625 1271 833 1315 exemptione,
852 1276 882 1304 et
900 1271 1096 1303 immunitate
1113 1270 1199 1310 reali,

461 1325 617 1370 personali
644 1326 690 1357 vel
715 1325 822 1365 mixta,
836 1325 962 1368 antiqua
983 1329 1012 1357 et
1036 1325 1200 1357 immemo-

462 1379 564 1418 rabili,
582 1378 710 1422 pacifica
733 1383 762 1411 et
779 1378 937 1418 continua,
952 1378 1043 1410 etiam
1062 1388 1098 1410 ex
1113 1377 1201 1410 titulo

463 1431 663 1476 quantumvis
688 1441 823 1464 oneroso
848 1430 1202 1472 suffultis,integraliter

465 1489 494 1517 et
516 1494 587 1517 cum
613 1483 726 1516 effectu
744 1483 965 1524 numerandas,
980 1482 1203 1527 persolvendas

466 1542 495 1570 et
520 1537 764 1580 consignandas3
794 1537 935 1577 ulterius,
960 1536 1146 1579 supradictis
1169 1546 1203 1568 ex

467 1591 584 1631 causis,
603 1601 638 1623 ac
655 1590 799 1633 exemplo
816 1589 983 1623 Clementis
999 1595 1029 1621 et
1046 1589 1149 1630 Pauli,
1170 1600 1205 1622 ac

467 1644 629 1687 Gregorii,
655 1654 777 1677 necnon
809 1643 944 1685 Urbani,
969 1654 1004 1675 ac
1035 1643 1205 1675 Innocentii

467 1698 745 1741 praedecessorum
785 1696 1020 1740 praedictorum
1057 1695 1206 1736 adducti,

469 1756 566 1792 motu,
586 1750 713 1783 scientia
729 1755 758 1782 et
771 1749 931 1793 potestatis
956 1749 1147 1792 plenitudine
1172 1748 1208 1781 si-

471 1804 596 1836 milibus
621 1803 813 1847 imponimus
843 1808 872 1835 et
904 1802 1071 1835 indicimus
1095 1812 1206 1835 novem

471 1857 609 1890 decimas
634 1857 773 1889 omnium
789 1861 819 1889 et
839 1867 1113 1899 quorumcumque
1138 1856 1205 1888 sru-

473 1915 591 1949 ctuum,
606 1909 782 1942 reddituum
799 1912 828 1942 et
844 1913 1051 1952 proventuum
1067 1908 1104 1940 ad
1116 1908 1210 1941 Cassi-

472 1973 600 1995 nensem
618 1963 692 1994 alias
717 1962 746 1995 S.
771 1962 905 1994 Iustinae
926 1962 963 1994 de
982 1961 1100 2001 padua,
1121 1962 1209 1994 Late-

474 2026 649 2055 ranensem,
675 2016 937 2055 Carthusiensem,
962 2015 1072 2048 Montis
1090 2015 1210 2055 Oliveti,

475 2069 503 2102 S.
530 2068 707 2108 Salvator-is,
734 2068 1020 2107 Camaldulensem,
1045 2067 1073 2100 S.
1099 2068 1211 2100 Mariae

475 2121 757 2160 Vallisumbrosae,
789 2121 818 2154 S.
844 2120 963 2163 Giorgii
994 2121 1024 2152 in
1052 2121 1129 2163 Alga
1155 2121 1211 2153 Ve-

476 2174 652 2215 netiarum⁷
678 2173 935 2213 Caelestinorum,
961 2173 1211 2207 Cisterciensium

476 2229 657 2272 provinciae
678 2228 894 2268 Lombardiae,
915 2228 1157 2270 Cruciserorum,
1179 2239 1213 2262 ac

478 2282 507 2315 S.
532 2281 714 2325 Hieronymi
744 2281 1014 2323 congregationes,
1043 2292 1214 2325 earumque

480 2335 687 2374 monasteria,
713 2334 883 2368 abbatiales
903 2336 951 2368 vel
976 2336 1213 2377 conventuales,

480 2393 532 2420 aut
549 2388 623 2420 alias
641 2398 773 2428 mensas,
788 2388 956 2431 prioratus,
970 2388 1213 2432 praeceptorias,

480 2440 735 2484 praeposituras,
760 2440 911 2474 beneficia
936 2446 966 2473 et
994 2441 1114 2482 officia,
1144 2452 1214 2473 cum

483 2495 559 2525 cura
577 2499 605 2525 et
629 2493 694 2526 sine
719 2495 803 2535 cura,
831 2494 981 2535 membra,
1006 2494 1163 2537 grangias,
1188 2500 1218 2527 et

484 2545 542 2577 alia
559 2546 708 2579 beneficia
723 2547 782 2579 illis
803 2547 965 2580 annevain
978 2547 1061 2580 dicto
1078 2547 1218 2580 dominio

486 2598 693 2639 consistentia,
706 2599 815 2643 quovis
830 2599 923 2633 modo
942 2600 1140 2645 pertinentia,
1161 2600 1220 2633 sol-

1018 220 1196 244 BULLAlllUM
1222 220 1375 244 ROMANUM

1216 267 1329 300 vendas
1354 267 1447 300 etiam
1473 277 1529 311 per
1565 268 1645 311 ipsas
1669 269 1950 311 congregationes,

1217 330 1386 362 earumque
1417 320 1606 363 superiores,
1636 319 1785 361 abbates,
1811 320 1951 363 priores,

1217 373 1420 415 praepositos,
1435 378 1617 414 conventus,
1639 373 1775 416 capitula
1796 378 1826 405 et
1849 384 1953 416 perso-

1218 435 1272 457 nas
1297 425 1391 468 (ultra
1415 426 1551 458 subsidia
1572 426 1684 459 montis
1703 426 1883 468 Religionis,
1900 436 1955 458 seu

1218 477 1520 520 quadringentorum
1558 478 1689 510 millium
1729 483 1890 511 scutorum
1926 483 1956 510 et

1219 535 1347 573 quartae
1371 531 1468 574 partis
1492 531 1675 564 eorumdem
1696 531 1864 572 fructuum,
1884 530 1956 564 red-

1221 582 1341 614 dituum
1357 588 1387 615 ct
1401 588 1611 626 proventuum
1629 587 1659 617 et
1674 583 1734 616 alia
1754 593 1860 624 onera,
1878 593 1958 626 quae

1223 645 1279 678 per
1303 635 1413 668 Sedent
1435 636 1646 679 Apostolicam
1664 636 1708 669 eis
1734 635 1889 679 imposita,
1906 640 1959 668 aut

1223 688 1297 720 alias
1316 688 1508 731 persolvunt,
1524 699 1577 721 seu
1603 689 1781 732 persolvere
1805 688 1957 732 promise-

1224 741 1309 784 runt)
1320 741 1462 773 similiter
1471 741 1689 783 numerandas,
1700 740 1922 785 persolvendas
1931 746 1962 774 et

1225 793 1452 836 consignandas
1483 794 1654 827 secundum
1686 804 1960 827 vei-umsannuum

1226 847 1363 880 valorem
1384 847 1554 888 fructuum,
1572 847 1749 881 reddituum
1775 851 1805 879 et
1829 857 1963 890 proven-

1226 904 1313 932 tuum
1336 900 1578 943 praedictorum.
1604 901 1641 933 Et
1657 900 1694 932 ad
1711 899 1868 940 effectum,
1891 899 1964 933 licet

1228 953 1325 985 felicis
1343 953 1569 986 recordationis
1586 953 1658 986 Pius
1678 953 1700 986 V
1718 952 1875 986 nonnullis
1891 957 1965 986 tunc

1229 1006 1329 1038 causis
1343 1006 1504 1046 adductus,
1519 1011 1548 1038 et
1572 1006 1724 1046 Clemens,
1749 1015 1870 1038 necnon
1889 1005 1966 1038 Pau-

1230 1060 1278 1092 lus
1296 1064 1325 1092 et
1342 1060 1512 1102 Gregorius
1529 1059 1788 1103 praedecessores
1804 1057 1966 1103 praedicti,

1963 220 2013 247 An.
2029 220 2059 248 C.
2080 220 2146 249 1660

1231 1113 1324 1146 etiam
1350 1124 1385 1146 ex
1411 1114 1479 1146 aliis
1501 1119 1572 1147 tunc
1597 1113 1753 1157 expressis
1779 1112 1890 1154 causis,
1904 1123 1967 1145 eas-

1231 1167 1301 1199 dem
1323 1167 1583 1209 congregationes
1603 1177 1620 1199 a
1635 1166 1765 1199 decimis
1788 1176 1882 1209 super
1900 1165 1967 1199 fru-

1233 1221 1333 1253 ctibus
1347 1226 1375 1253 et
1389 1220 1562 1253 redditibus
1587 1219 1804 1253 ecclesiasticis
1822 1219 1969 1262 deinceps

1234 1273 1333 1306 ubivis
1351 1273 1443 1307 etiam
1466 1273 1497 1306 in
1521 1273 1660 1306 dominio
1677 1274 1866 1306 Venetorum
1883 1277 1913 1305 et
1932 1282 1969 1305 ex

1234 1337 1432 1370 quacumque
1456 1328 1550 1359 causa
1574 1325 1771 1369 imponendis
1802 1325 1916 1358 liberas
1940 1329 1971 1357 et

1236 1380 1391 1412 immunes
1416 1379 1566 1420 fecerint,
1590 1379 1658 1423 pari
1690 1384 1797 1420 motu,
1823 1377 1970 1419 scientia,

1235 1433 1439 1473 auctoritate,
1472 1438 1502 1466 et
1532 1432 1570 1465 de
1598 1432 1788 1476 apostolicae
1811 1430 1972 1475 potestatis

1236 1486 1438 1530 plenitudine,
1453 1485 1555 1528 quoad
1569 1486 1698 1526 fructus,
1708 1485 1847 1519 redditus
1860 1490 1890 1518 et
1903 1495 1973 1529 pro-

1238 1544 1348 1572 ventus
1373 1539 1410 1572 ad
1435 1539 1518 1583 ipsas
1539 1539 1799 1582 congregationes
1816 1544 1845 1571 et
1864 1549 1974 1582 quam-

1239 1591 1313 1623 libet
1338 1600 1446 1623 earum
1471 1590 1503 1622 in
1527 1590 1666 1623 dominio
1692 1591 1879 1623 Venetorum
1903 1600 1975 1634 spe-

1240 1649 1368 1684 ctantes,
1386 1643 1607 1684 immunitates,
1622 1643 1845 1687 exemptioneS,
1860 1654 1895 1676 ac
1912 1654 1975 1677 om-

1240 1707 1294 1730 nes
1312 1702 1342 1729 et
1358 1707 1574 1740 quoscumque
1588 1701 1776 1739 contractus,
1795 1696 1974 1740 scripturas,

1241 1750 1479 1790 conventiones,
1506 1749 1746 1791 transactiones,
1773 1749 1976 1791 concordias,

1241 1808 1339 1846 pacta,
1357 1803 1574 1842 instrumenta,
1595 1802 1812 1845 obligationes,
1833 1802 1925 1835 etiam
1945 1802 1977 1835 in

1243 1857 1343 1889 forma
1363 1866 1506 1888 camerae
1523 1855 1726 1899 apostolicae,
1747 1861 1776 1888 et
1801 1856 1978 1890 iuramento

1244 1910 1289 1942 vel
1315 1909 1375 1942 alia
1401 1910 1509 1952 quavis
1534 1909 1682 1942 firmitate
1706 1909 1863 1951 roborata,
1887 1919 1978 1952 prae·

1243 1963 1351 1996 sertim
1376 1963 1457 1995 inter
1482 1963 1570 1995 Pium
1590 1968 1619 1995 et
1634 1962 1823 1996 Clementem
1842 1973 1877 1995 ac
1894 1962 1976 1995 Pau-

1245 2017 1307 2049 lum
1343 2026 1464 2049 necnon
1500 2015 1686 2058 Gregorium
1722 2015 1980 2059 praedecessores

1245 2075 1383 2109 nostros,
1409 2073 1438 2103 et
1462 2079 1619 2102 cameram
1644 2069 1858 2113 apostolicam,
1877 2074 1907 2102 et
1923 2080 1981 2113 pro

1245 2124 1281 2155 ea
1297 2124 1326 2156 S.
1349 2123 1382 2155 R.
1402 2123 1435 2156 E.
1460 2122 1668 2155 camerarium
1684 2123 1730 2155 vel
1749 2122 1981 2156 thesaurarium

1246 2176 1436 2218 generalem,
1453 2176 1569 2209 aliosve
1587 2186 1802 2219 quoscumque
1823 2181 1896 2209 tunc
1919 2176 1982 2209 exi-

1247 2235 1362 2262 stentes
1398 2220 1428 2261 et
1464 2228 1603 2261 eiusdem
1639 2239 1782 2261 camerae
1822 2229 1983 2275 ministros

1247 2281 1447 2325 quantumvis
1471 2282 1576 2325 ampla
1601 2287 1631 2314 et
1654 2281 1819 2314 sufficienti
1840 2281 1984 2315 facultate

1248 2335 1285 2367 ad
1309 2334 1481 2378 praemissa
1501 2334 1641 2367 facienda
1661 2334 1803 2368 suffultos
1816 2345 1853 2367 ex
1865 2336 1937 2377 una,
1956 2340 1985 2368 et

1249 2388 1509 2431 congregationes
1552 2387 1761 2421 ultimodictas
1797 2387 1985 2432 illarumque

1249 2447 1470 2485 procuratores
1499 2451 1535 2474 ex
1563 2442 1659 2474 altera
1684 2440 1836 2484 partibus,
1860 2451 1896 2474 ac
1923 2451 1986 2474 om-

1251 2495 1301 2526 nia
1326 2500 1356 2527 et
1380 2504 1597 2537 quaecumque
1628 2494 1812 2538 privilegia,
1847 2494 1985 2535 indulta,

1252 2547 1420 2587 libertates,
1438 2547 1661 2590 exemptiones,
1682 2547 1902 2590 immunitates,
1928 2547 1985 2581 hac

1252 2600 1289 2634 de
1321 2601 1414 2633 causa
1446 2600 1477 2633 in
1509 2600 1592 2633 hunc
1623 2611 1720 2645 usque
1753 2601 1834 2634 diem
1869 2600 1986 2635 eisdem

2201 215 2205 252 l

2237 225 2243 250 l
