2243 3205
33 171 77 198 nn.
98 168 128 196 G.
140 161 212 196 '1659

816 163 1000 189 ALEXANDBR
1025 164 1069 188 vn
1092 165 1141 188 PP.

225 213 465 247 cellentissimus
477 213 624 248 dominus
643 213 788 248 Octavius
805 212 963 257 quondam

224 266 344 300 domini
368 267 450 300 Petri
475 267 640 311 Augustini
664 267 702 300 de
725 267 838 307 Flisco,
858 271 964 300 eontu-

225 325 274 354 tor
287 325 316 353 et
328 327 516 354 concurator
541 332 611 355 cum
626 321 708 354 dicta
725 321 852 354 domina
871 321 965 353 Anto-

224 374 277 406 nia
293 374 494 408 dominorum
510 375 638 409 Victorii
656 375 777 416 Felicis,
803 372 962 407 Francisci

226 427 349 467 Mariae,
373 428 496 472 losephi
518 428 675 462 Benedicti
695 433 725 461 et
749 428 832 461 Petri
853 428 963 466 Lucae,

225 486 320 523 prout
343 481 381 513 de
406 482 473 514 eius
501 482 598 515 tutela
623 487 653 514 et
677 482 753 514 cura
778 484 899 514 constat
927 490 962 512 ex

226 533 428 577 deputatione
452 535 533 568 sacta
570 535 627 567 sub
653 535 702 567 die
726 533 883 578 praesenti
908 543 960 566 re-

226 586 316 630 cepta
340 592 371 620 et
393 589 503 630 rogata
535 598 591 631 per
622 587 786 621 dominum
819 587 963 621 Carolum

225 639 426 673 Franciscum
452 641 653 684 Bornengum
678 640 838 674 notarium
864 645 893 673 et
918 650 965 672 se-

226 694 396 726 cretarium
421 694 611 734 Messerani,
637 699 666 727 et
699 694 788 727 cuius
819 699 910 726 tenor
934 693 966 725 in

226 746 311 779 calce
325 747 498 790 praesentis
516 747 715 780 instrumenti
733 746 965 789 registrabitur,

225 805 335 842 sponte
360 804 390 832 et
414 810 450 832 ex
476 802 561 833 certa
586 800 726 840 scientia,
747 809 921 843 eorumque
938 809 967 832 a·

225 852 311 885 nimo
324 853 506 895 deliberato,
525 854 707 887 nominibus
724 853 881 887 dictorum
899 853 966 886 eius

226 906 418 950 pupillorum
431 912 461 939 et
472 907 647 948 infantium,
665 907 886 950 dictorumque
897 906 967 939 liae-

227 958 337 991 redum
352 964 382 992 et
401 970 629 1002 successorum,
651 960 793 993 fecerunt
813 965 842 993 et
863 960 968 1003 quisli-

226 1012 278 1046 bet
294 1022 404 1046 eorum
428 1013 502 1045 facit
523 1024 646 1057 puram,
665 1023 786 1046 meram
805 1018 834 1046 et
852 1013 968 1046 irrevo-

227 1066 359 1099 cabilem
373 1066 585 1108 donationem,
599 1077 679 1111 quae
692 1067 807 1100 dicitur
820 1066 858 1099 ad
876 1077 967 1110 prae-

227 1130 297 1153 sens
321 1125 352 1152 et
376 1119 458 1153 inter
483 1121 579 1161 vivos,
603 1121 755 1164 nulloque
770 1120 847 1153 vitio
866 1120 969 1163 ingra-

228 1172 368 1206 titudinis
393 1174 601 1207 revocandam
617 1201 624 1214 ,
659 1179 784 1207 sanctae
810 1174 968 1207 Romanae

227 1225 394 1269 Ecclesiae,
418 1227 549 1261 Summo
574 1227 728 1267 Pontifici,
753 1227 880 1270 suisque
901 1238 969 1260 suc-

228 1279 417 1320 cessoribus,
431 1285 461 1313 et
486 1280 698 1314 illustrissimo
719 1280 847 1314 domino
864 1280 967 1313 Marco

228 1333 330 1366 Tullio
353 1333 559 1367 Camoneolae
591 1334 795 1378 gubernatori
831 1344 890 1378 pro
915 1334 965 1366 di-

230 1388 278 1421 cta
303 1387 332 1421 S.
357 1387 392 1420 R.
418 1387 451 1421 E.
481 1398 669 1431 summoque
704 1387 855 1421 Pontifice
887 1387 969 1420 eius-

229 1450 290 1484 que
307 1441 541 1473 successoribus
562 1441 718 1484 praesenti
739 1446 769 1473 et
785 1440 968 1484 acceptanti,

230 1493 268 1526 de
292 1494 440 1527 omnibus
465 1504 575 1528 eorum
604 1494 725 1526 iuribus
760 1494 969 1536 omnibusque

230 1546 406 1580 actionibus
430 1552 458 1579 et
484 1547 660 1580 rationibus
685 1557 765 1591 quae
781 1552 902 1590 etquas
920 1548 970 1580 ha-

230 1600 305 1634 bent
328 1606 358 1634 et
382 1601 413 1633 in
436 1601 576 1634 futurum
602 1601 719 1634 habere
744 1601 865 1645 possint
883 1601 914 1633 in
941 1605 970 1635 et

231 1664 325 1698 super
346 1654 445 1687 feudis
471 1654 667 1698 principatus
690 1654 869 1694 Messerani,
890 1664 970 1686 mar-

231 1707 395 1741 chionatus
407 1707 598 1751 Crepacorii,
612 1707 689 1740 locis
703 1712 733 1740 et
746 1707 838 1740 terris
853 1707 968 1740 eisdem

231 1760 457 1802 adiacentibus,
489 1760 527 1793 ad
555 1760 746 1801 habendum,
778 1760 968 1802 tenendum,

231 1813 399 1847 fruendum
425 1819 455 1847 et
484 1814 728 1858 possidendum,
761 1818 791 1847 et
818 1814 970 1858 quidquid

232 1867 332 1900 eidem
358 1867 387 1900 S.
404 1868 439 1900 R.
457 1867 490 1900 E.
508 1867 701 1911 Summoque
719 1866 861 1900 Pontifici
887 1867 971 1900 dein-

233 1930 307 1964 ceps
323 1921 478 1964 placuerit
497 1926 651 1964 perpetuo
672 1921 859 1961 faciendum,
877 1921 970 1954 simul

233 1984 304 2007 cum
330 1974 477 2007 omnibus
501 1974 564 2007 suis
581 1974 703 2007 iuribus
722 1979 752 2007 et
775 1975 971 2018 pertinentiis

233 2027 324 2061 dictis
348 2027 447 2060 feudis
472 2038 568 2072 supra
597 2028 720 2061 donatis
753 2028 784 2060 in
812 2029 969 2071 integrum

234 2081 447 2125 spectantibus
482 2086 512 2114 et
541 2081 791 2125 pertinentibus,
825 2082 971 2115 cedentes

235 2134 405 2178 supradicti
430 2134 548 2167 domini
566 2134 604 2167 de
620 2134 732 2177 Fliseo,
758 2135 884 2168 nomine
902 2146 973 2179 pro-

235 2188 305 2231 prio
319 2193 348 2220 et
363 2187 478 2221 tutorio
493 2187 619 2220 nomine
632 2198 694 2231 quo
712 2198 816 2231 supra,
830 2189 971 2221 omnium

235 2251 345 2274 eorum
372 2241 449 2281 iura,
470 2251 641 2285 omnesque
666 2241 804 2274 actiones
830 2247 859 2274 et
883 2242 973 2275 ratio-

236 2303 291 2327 nes
316 2304 436 2334 meras,
462 2294 572 2327 mixtas
598 2298 628 2327 et
656 2294 912 2338 hypothecarias,
938 2306 973 2328 ac

237 2347 268 2379 in
292 2347 407 2387 locum,
433 2347 490 2387 ius,
515 2350 629 2380 statum
655 2351 685 2379 et
703 2347 846 2389 gradum,
865 2347 894 2379 in
912 2358 974 2391 quo

236 2400 387 2444 praedicti
412 2400 530 2433 domini
555 2400 593 2433 de
614 2400 714 2433 Flisco
735 2404 805 2434 ante
830 2411 975 2444 praesen-

238 2457 300 2486 tem
324 2453 523 2486 donationem
550 2458 659 2493 erant,
685 2452 800 2485 dictam
825 2452 854 2485 S.
880 2453 914 2486 R.
941 2453 973 2486 E.

237 2506 465 2551 Summumque
499 2506 681 2540 Pontificem
717 2510 747 2539 et
776 2515 974 2540 successores

238 2569 310 2594 suos
334 2565 497 2606 ponentes,
514 2560 734 2606 promittentes
749 2559 901 2606 praedicti
917 2559 973 2594 do-

998 212 1073 245 mini
1088 212 1125 245 de
1139 212 1250 253 Fliseo,
1265 218 1327 246 tarn
1342 213 1470 247 nornine
1488 213 1628 257 proprio,
1643 222 1737 257 quam

998 266 1115 298 tutorio
1149 266 1278 299 nomine
1313 266 1548 310 praedictorum
1580 265 1738 299 dictorum

998 319 1141 359 fratrum,
1159 318 1242 351 dicta
1259 319 1328 352 iura
1348 330 1443 363 supra
1464 319 1578 352 donata
1592 330 1651 363 pro
1665 319 1737 353 dato

998 378 1027 405 et
1051 372 1132 405 facto
1157 382 1267 405 eorum
1295 376 1414 406 tantum
1439 373 1477 406 de
1501 373 1569 405 iure
1598 373 1739 415 legitime

997 425 1164 458 defendere
1179 429 1208 459 et
1225 425 1263 458 de
1281 426 1444 468 evictione‚
1468 426 1653 469 nullumque
1667 436 1740 459 eon-

999 483 1132 511 tractum
1152 484 1182 511 et
1198 478 1382 512 distractum
1408 479 1564 523 praesenti
1579 479 1739 513 donationi

999 532 1223 576 praeiudiciale
1255 532 1387 573 fecisse,
1420 533 1642 567 constituentes
1671 543 1739 566 sese

998 586 1150 629 praedicti
1175 585 1295 619 domini
1320 585 1358 618 de
1383 585 1499 626 Fliseo,
1525 591 1586 619 tani
1611 586 1739 619 nomine

999 649 1108 672 eorum
1146 639 1299 683 proprio,
1335 649 1428 682 quam
1462 639 1563 672 dietus
1594 639 1740 673 dominus

999 692 1143 726 Octavius
1160 692 1278 726 tutorio
1290 692 1418 725 nomine
1434 692 1669 736 praedictorum
1689 693 1741 726 do-

1001 745 1159 778 minorum
1185 746 1251 778 eius
1277 746 1410 779 fratrum
1436 745 1608 786 minorum,
1630 751 1659 778 et
1683 756 1741 789 per

1001 808 1068 831 sese
1091 808 1265 842 eorumque
1297 798 1449 831 haeredes
1473 803 1503 830 et
1526 808 1740 840 successores,

1000 851 1082 884 dicta
1107 851 1174 883 iura
1194 856 1228 883 ut
1252 861 1347 894 supra
1368 851 1484 884 donata
1500 856 1608 884 tenere
1625 856 1654 884 et
1669 861 1742 894 pos-

1001 904 1102 937 sidere
1125 905 1254 938 nomine
1277 909 1307 939 et
1331 905 1397 938 vice
1422 905 1522 939 dictae
1546 904 1575 938 S.
1602 905 1635 937 R.
1662 905 1694 937 E.
1712 910 1742 938 et

1001 958 1122 991 Summi
1149 958 1308 991 Pontificis
1338 959 1468 1002 eiusque
1499 968 1740 997 successorum,

1002 1011 1101 1044 donee
1125 1011 1164 1044 de
1188 1012 1265 1055 ipsis
1285 1011 1484 1055 corporalem
1511 1012 1741 1055 possessionem

1002 1067 1178 1109 acceperit3
1199 1076 1293 1109 quam
1319 1065 1504 1109 accipiendi,
1526 1071 1556 1099 et
1579 1071 1740 1109 acceptam

1003 1124 1157 1162 perpetuo
1183 1119 1214 1151 in
1239 1129 1271 1152 se
1296 1119 1451 1152 retinendi
1480 1119 1742 1162 quandocumque

1003 1172 1137 1204 voluerit
1150 1172 1217 1204 eius
1230 1172 1363 1215 propria
1377 1172 1573 1212 auctoritate,
1583 1172 1741 1204 licentiam

1002 1224 1217 1257 omnimodam
1229 1226 1439 1267 contulerunt,
1451 1225 1605 1257 dederunt
1624 1230 1653 1257 et
1669 1225 1743 1257 dant

1003 1277 1198 1320 requirentes
1213 1277 1365 1321 praedicti
1379 1277 1498 1311 domini
1518 1277 1673 1310 donatarii
1687 1288 1743 1321 per

1004 1341 1052 1364 me
1077 1331 1295 1375 subsignatum
1327 1332 1487 1364 notarium
1512 1331 1550 1364 de
1575 1331 1743 1364 donatione

1002 1384 1161 1428 praedicta
1198 1385 1358 1428 publicum
1389 1385 1634 1418 instrumentum
1671 1395 1742 1418 cum

1002 1438 1212 1481 promissione
1236 1438 1390 1481 praecisa,
1413 1449 1507 1481 quam
1529 1444 1638 1471 tenore
1657 1448 1744 1481 prae-

1003 1492 1097 1524 sentis
1122 1492 1322 1524 instrumenti
1348 1492 1474 1531 faciunt,
1497 1491 1535 1524 de
1559 1491 1744 1525 ratificando

1003 1550 1201 1589 praesentem
1226 1545 1428 1579 donationem
1454 1545 1484 1577 in
1510 1545 1622 1578 maiori
1647 1549 1677 1579 et
1696 1555 1744 1577 va*

1003 1598 1107 1631 lidiori
1132 1598 1252 1640 forma,
1277 1609 1340 1642 quo
1366 1598 1466 1641 magis
1491 1603 1521 1631 et
1548 1598 1680 1631 validius
1705 1598 1743 1631 de

1004 1652 1071 1685 iure
1095 1651 1164 1692 erit,
1189 1652 1283 1684 etiam
1310 1663 1380 1685 cum
1402 1652 1542 1685 clausula
1563 1652 1743 1684 clausularii

1004 1705 1138 1746 romani,
1162 1706 1264 1739 statim
1291 1716 1353 1749 quo
1377 1704 1582 1749 pervenerint
1605 1705 1637 1738 in
1660 1705 1743 1738 alma

1003 1759 1081 1791 urbe
1107 1759 1233 1798 Romae,
1260 1769 1322 1801 qua
1345 1759 1552 1792 ratificatione
1569 1759 1633 1792 ullo
1651 1759 1744 1792 modo

1004 1811 1303 1855 intenduntaliquod
1317 1811 1547 1855 praeiudicium
1562 1811 1675 1845 afferre
1689 1822 1745 1845 seu

1004 1864 1174 1897 invalidare
1197 1870 1396 1908 praesentem
1417 1864 1617 1898 donationem
1635 1871 1744 1899 tenore

1004 1918 1177 1962 praesentis
1203 1919 1412 1958 instrumenti;
1438 1919 1632 1952 declarantes
1653 1919 1743 1952 vide-

1005 1972 1076 2005 licet
1099 1971 1171 2004 dieti
1197 1971 1316 2004 domini
1330 1972 1495 2012 donatarii,
1515 1972 1745 2016 supplicantes-

1004 2035 1064 2069 que
1089 2025 1183 2058 Suam
1209 2025 1435 2058 Beatitudinem
1451 2053 1458 2066 ‚
1488 2031 1641 2069 quatenus
1665 2026 1745 2059 infra

1006 2089 1127 2112 menses
1152 2089 1203 2112 sex
1236 2079 1384 2122 dignetur
1413 2084 1611 2122 praesentem
1642 2079 1744 2112 dona-

1006 2133 1121 2166 tionem
1148 2138 1310 2176 acceptare
1335 2136 1364 2166 et
1389 2133 1545 2166 ratificare
1571 2133 1671 2165 facere
1689 2133 1745 2165 sti-

1006 2186 1197 2230 pulationem
1210 2186 1320 2219 saetam
1335 2196 1351 2218 a
1365 2185 1524 2229 praedicto
1534 2185 1745 2219 illustrissimo

1006 2239 1133 2272 domino
1158 2239 1377 2281 gubernatore,
1403 2250 1481 2283 quae
1507 2239 1676 2283 promissio
1698 2249 1745 2272 ac-

1007 2292 1192 2336 ceptationis
1211 2292 1388 2325 declaratur
1401 2303 1462 2325 non
1480 2303 1572 2336 posse
1587 2292 1744 2336 suspendi,

1007 2356 1107 2389 neque
1121 2345 1338 2388 praeiudicare
1352 2345 1529 2389 praedictae
1541 2345 1744 2389 stipulationi,

1007 2404 1037 2431 ct
1060 2398 1143 2442 quod
1168 2403 1276 2432 exacto
1301 2399 1384 2431 dicto
1411 2399 1565 2441 termino,
1596 2399 1745 2442 nullaque

1008 2454 1113 2484 secuta
1127 2452 1349 2495 acceptatione,
1361 2461 1508 2495 praesens
1519 2451 1645 2485 donatio
1659 2452 1745 2485 nulla

1008 2504 1208 2547 intelligatur,
1233 2509 1263 2536 et
1287 2504 1437 2548 praedicti
1454 2504 1573 2538 domini
1590 2505 1744 2538 donatarii

1008 2563 1189 2593 remaneant
1218 2558 1249 2591 in
1277 2569 1387 2593 corum
1419 2558 1530 2603 primis
1562 2558 1683 2593 iuribus
1715 2564 1744 2592 et

1643 154 1704 189 461
1754 164 1804 192 Au.
1824 164 1852 192 c,
1870 165 1938 193 ¹659
