2243 3205
217 195 266 222 An.
284 194 312 222 G.
338 195 402 223 ¹660
448 187 511 220 52³»ss

416 245 532 283 locum,
558 247 587 276 et
612 242 790 276 reducenda
813 252 881 276 esse
898 243 1002 276 onmia
1018 244 1056 277 ad
1073 254 1157 277 eum-

417 296 487 328 dem
514 301 639 338 statum,
666 296 697 328 in
721 306 783 339 quo
808 301 897 328 erant
921 300 991 330 ante
1017 297 1085 330 eius
1114 297 1156 329 in-

418 359 560 391 gressum
571 348 602 380 in
614 348 785 392 provincia,
796 354 891 392 prout
903 359 960 392 per
974 354 1157 393 praesentes

419 411 587 442 cassamus,
613 401 773 435 irritamus
797 407 827 434 et
850 402 1046 443 reducimus;
1062 403 1158 436 licere

421 454 565 487 ministro
582 454 720 496 generali
737 454 888 498 deputare
912 455 1087 489 visitatores
1104 466 1159 488 seu

421 506 674 547 commissarios,
703 506 875 540 dummodo
901 507 931 539 in
955 507 1096 541 futurum
1121 507 1159 540 dc

422 559 532 593 eodem
558 559 649 592 tertio
674 559 790 594 Ordine
814 560 1069 603 congregationis
1093 560 1160 593 Gal-

421 612 540 645 licanae
565 612 755 656 deputentur
778 613 884 657 <salvis
910 617 1012 647 tamen
1038 613 1160 645 iuribus

422 674 641 697 successorum
659 664 690 697 in
706 665 913 710 generalatu);
931 666 1015 698 iuxta
1033 675 1160 698 consue-

423 718 574 761 tudinem,
596 728 650 751 seu
668 724 849 752 consuetam
873 719 1057 763 petitionem
1075 729 1091 751 a
1109 718 1162 751 de-

424 771 563 805 finitorio
587 772 774 813 faciendam,
798 783 890 816 posse
918 782 1045 816 quoque
1070 771 1161 804 mini-

424 828 523 858 strum
554 825 779 869 provincialem
811 826 960 869 deputare
986 825 1162 869 praesidem

425 888 480 911 seu
494 878 744 911 comi‘nissarium
766 889 822 922 pro
841 878 1052 912 celebratione
1067 878 1164 910 futuri

426 931 562 975 proximi
587 931 756 964 delinitorii
774 931 985 975 provincialis
1004 932 1102 964 Porro
1116 931 1165 963 be-

427 985 521 1027 nigne
535 985 746 1026 concedimus,
761 990 803 1027 ut,
814 985 940 1028 quando
955 985 986 1017 in
998 983 1166 1028 Aquitania

427 1048 578 1070 numerus
604 1043 814 1071 conventuum
831 1038 926 1071 suerit
942 1043 1053 1070 auctus
1067 1047 1166 1081 usque

428 1091 467 1123 ad
492 1096 579 1133 octo,
613 1090 714 1134 possit
739 1091 777 1123 ad
800 1101 858 1124 nos
883 1101 938 1123 seu
962 1091 999 1123 ad
1025 1090 1167 1123 eamdem

429 1144 635 1178 cardinalium
666 1144 943 1187 congregationem
973 1143 1082 1176 haberi
1111 1154 1164 1176 re-

430 1208 540 1231 cursus
554 1208 612 1241 pro
632 1198 813 1242 opportuna
834 1198 1024 1241 provisione;
1043 1197 1167 1230 interim

431 1256 534 1284 autem
561 1251 723 1290 volumus,
748 1250 832 1294 quod
857 1260 965 1283 omnes
989 1250 1170 1283 subiaceant

431 1303 639 1337 iurisdictioni
663 1304 798 1336 ministri
823 1303 1041 1348 provincialis,
1066 1303 1165 1347 impo-

432 1358 535 1391 nendo
555 1367 651 1402 super
675 1357 857 1401 praemissis
874 1362 1064 1401 perpetuum
1082 1357 1171 1389 silen—

434 1413 532 1454 tium,
557 1418 587 1446 et
617 1413 777 1456 signanter
800 1417 864 1445 tam
893 1422 989 1456 super
1014 1411 1171 1444 validitate

434 1465 600 1499 erectionis
624 1465 725 1498 dictae
757 1464 939 1509 provinciae
970 1465 1077 1509 (quam
1110 1465 1171 1497 iam

434 1519 509 1552 alias
528 1524 718 1552 memoratus
735 1518 934 1552 Innocentius
950 1518 1173 1562 praedecessor

436 1573 493 1606 sub
522 1573 571 1605 die
605 1583 681 1606 xxw
717 1573 789 1605 maii
829 1581 965 1606 Mnchlx
1005 1571 1175 1604 declaravit

436 1627 533 1660 fuisse
553 1637 679 1670 semper
703 1626 782 1658 bene
807 1626 956 1669 erectam)
974 1630 1004 1658 et
1023 1625 1175 1658 electione

438 1680 530 1714 etiam
567 1680 707 1723 legitima
743 1679 878 1714 ministri
910 1679 1112 1724 provincialis
1147 1683 1177 1711 et

438 1734 571 1767 aliorum
589 1734 781 1776 officialium⁷
801 1743 894 1776 quam
916 1743 1011 1777 super
1029 1732 1177 1766 omnibus

439 1787 507 1820 aliis
532 1787 756 1831 praenarratis.
791 1787 956 1820 Praeterea
980 1786 1177 1818 declaramus

439 1840 558 1884 pariter
581 1845 611 1873 et
635 1839 834 1873 decernimus
866 1839 1011 1872 standum
1045 1849 1112 1871 esse
1148 1839 1177 1871 in

441 1894 575 1927 decretis
600 1904 657 1937 per
681 1893 795 1927 dictam
821 1893 1098 1936 congregationem
1121 1892 1178 1926 sub

441 1947 491 1979 die
527 1957 583 1980 xm
620 1947 723 1979 martii
755 1946 898 1990 proxime
930 1945 1113 1989 praeteriti,
1151 1949 1180 1977 et

442 1999 700 2043 praecipiendum
718 1999 807 2033 sicuti
824 2009 880 2042 per
896 2003 1076 2042 praesentes
1092 2008 1180 2042 prae-

443 2052 576 2096 cipimus
601 2052 708 2085 stricte
731 2052 893 2096 praedicto
912 2051 1006 2084 Leoni
1027 2051 1180 2084 Tolosano

444 2110 473 2140 et
494 2106 559 2139 eius
584 2106 668 2139 socio
686 2105 800 2139 Didaco
825 2105 1065 2149 Pisquasquensi
1091 2105 1181 2147 laico,

445 2164 617 2204 quatenus,
642 2164 713 2203 post
738 2164 800 2191 tres
824 2158 889 2191 dies
913 2168 930 2190 a
954 2158 1182 2201 significatione

446 2213 627 2247 earumdem
641 2212 864 2256 praesentium,
878 2212 1023 2245 secedant
1036 2214 1121 2245 recta
1134 2213 1182 2244 via

445 2267 563 2310 absque
588 2266 651 2298 ulla
677 2267 767 2299 mora
792 2269 821 2299 et
844 2265 1040 2299 diversiculis
1058 2265 1089 2297 in
1110 2275 1184 2299 con-

447 2325 571 2353 ventum
586 2320 615 2353 S.
629 2319 777 2352 Ludovici
797 2329 893 2363 penes
918 2319 1105 2362 Lugdunum
1124 2319 1183 2352 sibi

447 2384 464 2405 a
490 2372 633 2406 ministro
653 2371 837 2416 provinciali
855 2371 1058 2415 assignatum,
1079 2371 1183 2405 subia-

449 2431 600 2469 ceantque
624 2426 655 2458 in
679 2425 825 2459 omnibus
845 2430 874 2458 et
893 2435 951 2469 per
967 2425 1073 2458 omnia
1097 2425 1186 2458 iuris-

451 2478 579 2511 dictioni
605 2478 739 2510 ministri
764 2477 967 2522 provincialis
984 2477 1068 2510 iuxta
1088 2477 1186 2510 deela-

451 2531 603 2563 rationem
629 2532 739 2564 saetam
764 2542 781 2564 a
806 2531 950 2565 ministro
975 2531 1112 2574 generali
1128 2532 1185 2564 sub

452 2583 501 2617 die
525 2594 579 2616 xm
605 2584 792 2628 septembris
817 2585 972 2618 currentis
997 2585 1090 2628 anni,
1124 2594 1187 2618 non

992 195 1169 220 BULLMtlUM
1194 195 1345 220 ROMANUM

1190 243 1385 277 obstantibus
1405 253 1515 277 eorum
1541 244 1802 287 oppositionibus,
1820 246 1925 289 appel-

1190 297 1358 329 lationibus
1376 301 1405 329 et
1422 297 1489 329 aliis
1513 296 1776 340 quibuscumque3
1793 307 1850 330 nec
1867 298 1926 330 sus-

1192 349 1330 391 frag-etur
1354 349 1443 381 aliter
1468 348 1569 381 eidem
1594 348 1689 381 Leoni
1718 348 1926 383 rehabilitatio

1191 412 1208 434 a
1233 402 1316 434 dicto
1342 401 1484 435 ministro
1513 401 1650 444 generali
1677 411 1843 443 concessa,
1868 402 1928 434 nisi

1192 464 1209 486 a
1228 455 1327 497 poena
1353 453 1537 497 privationis
1561 458 1686 486 actuum
1711 453 1928 496 legitimorum

1193 507 1318 540 incursa
1342 518 1400 550 pro
1425 508 1481 540 sua
1506 507 1717 541 inobedientia
1742 507 1929 548 contumaci,

1193 570 1256 593 non
1281 571 1354 593 vero
1379 560 1417 592 ad
1441 560 1518 594 alios
1548 570 1637 593 casus
1671 560 1756 593 iuxta
1788 559 1931 593 eamdem

1194 613 1437 646 declarationem
1451 613 1586 646 ministri
1603 613 1774 656 generalis3
1792 612 1884 645 salvis
1899 612 1931 645 in

1195 665 1341 698 omnibus
1366 665 1434 698 aliis
1458 665 1579 698 iuribus
1602 665 1758 698 dictorum
1778 665 1934 699 ministro-

1196 728 1265 750 rum
1284 718 1438 760 generalis
1456 722 1485 752 et
1505 717 1716 761 provincialis.
1741 717 1778 749 Et
1798 722 1831 750 ut
1847 727 1935 761 prae-

1197 770 1257 803 fata
1270 770 1374 803 omnia
1388 771 1516 814 plenum
1530 774 1761 814 consequantur
1778 769 1934 813 effectum,

1198 824 1428 857 venerabilibus
1462 824 1614 857 fratribus
1647 822 1870 866 Lugdunensi¹
1905 828 1936 856 et

1198 878 1351 911 Tolosano
1372 878 1628 921 archiepiscopis
1656 883 1686 910 et
1714 877 1836 910 dilectis
1864 876 1937 909 filiis

1199 941 1308 963 eorum
1341 930 1548 971 officialibus,
1579 941 1634 963 seu
1658 930 1747 963 alteri
1781 940 1817 962 ex
1841 929 1937 973 ipsis,

1199 995 1255 1028 per
1280 988 1460 1027 praesentes
1486 983 1721 1023 committimus,
1741 988 1775 1015 ut
1792 982 1850 1015 sub
1870 992 1939 1015 cen-

1201 1038 1281 1071 suris
1305 1043 1335 1071 et
1358 1038 1426 1070 aliis
1451 1048 1561 1071 eorum
1586 1036 1716 1070 arbitrio
1730 1036 1839 1080 poenis
1852 1046 1940 1080 prae-

1201 1091 1283 1124 dicta
1306 1091 1413 1124 omnia
1436 1091 1620 1124 auctoritate
1637 1090 1745 1123 nostra
1762 1089 1939 1123 executioni

1201 1144 1382 1178 demandari
1407 1144 1521 1177 sacient
1544 1149 1574 1176 et
1598 1143 1775 1190 mandent..

1246 1197 1303 1241 §3
1317 1198 1524 1230 Decernentes
1545 1196 1668 1229 easdem
1689 1200 1869 1240 praesentes
1888 1195 1940 1228 lit-

1204 1256 1285 1284 teras
1309 1250 1436 1291 tirmas,
1461 1255 1537 1291 etc.,
1562 1254 1592 1283 et
1615 1249 1653 1282 ab
1678 1249 1738 1282 illis
1767 1248 1941 1292 respective

1205 1304 1426 1338 inviolabiliter
1453 1302 1630 1344 observari,
1662 1303 1769 1346 sicque
1793 1302 1825 1335 in
1848 1311 1941 1346 prae-

1206 1358 1306 1391 missis
1332 1368 1389 1401 per
1409 1367 1627 1400 quoscumque
1652 1356 1781 1396 iudices,
1798 1360 1868 1396 etc.,
1882 1354 1940 1387 de-

1205 1412 1288 1445 finiri
1308 1411 1433 1453 debere⁷
1447 1421 1483 1443 ac
1503 1410 1627 1444 irritum
1648 1415 1678 1443 et
1706 1410 1816 1450 inane,
1840 1409 1866 1442 si
1893 1419 1942 1442 se·

1206 1477 1270 1506 cus,
1295 1470 1370 1505 etc.,
1394 1463 1562 1506 contigerit
1586 1463 1742 1496 attentari.

1252 1520 1266 1563 ἓ
1296 1519 1325 1552 4.
1350 1519 1419 1552 Non
1449 1517 1643 1551 obstantibus
1674 1515 1944 1560 oppositionibus,

1208 1571 1471 1616 appellationibus
1496 1576 1526 1604 et
1550 1570 1618 1603 aliis
1643 1570 1894 1614 quibuscumque
1914 1568 1946 1601 in

1210 1625 1403 1659 contrarium
1422 1623 1574 1665 deductis,
1589 1629 1619 1656 et
1631 1623 1802 1667 praecipue
1819 1622 1946 1656 decreto

1210 1679 1310 1712 dictae
1335 1676 1589 1720 congregationis
1613 1686 1688 1710 xxtv
1709 1675 1858 1709 februarii
1875 1686 1948 1720 pro-

1212 1732 1292 1765 xime
1316 1729 1477 1775 praeteriti
1502 1740 1519 1761 a
1543 1732 1718 1762 memorato
1748 1729 1851 1762 Leone
1881 1729 1944 1762 To—

1212 1786 1319 1817 losano
1343 1784 1488 1824 obtento,
1515 1787 1545 1815 et
1569 1793 1625 1826 per
1650 1787 1772 1814 nostras
1797 1781 1829 1814 in
1854 1781 1947 1814 simili

1213 1838 1311 1870 forma
1338 1836 1444 1869 Brevis
1468 1835 1586 1869 litteras
1610 1835 1659 1868 die
1677 1844 1744 1868 xxu
1761 1833 1863 1868 martii
1879 1833 1950 1866 sub·

1213 1891 1372 1935 sequentis
1396 1890 1593 1930 confirmato,
1617 1899 1739 1922 necnon
1764 1887 1951 1922 recolendae

1215 1944 1385 1978 memoriae
1411 1943 1560 1976 Bonifacii
1586 1943 1688 1986 Papae
1721 1942 1784 1975 VIII
1813 1941 1948 1986 praede-

1215 1997 1348 2031 cessoris
1373 1997 1491 2041 pariter
1515 1996 1613 2029 nostri
1628 1996 1666 2028 de
1679 1996 1752 2036 una,
1773 2000 1803 2028 et
1827 1994 1952 2028 concilii

1215 2050 1371 2095 generalis
1395 2050 1433 2083 de
1457 2049 1579 2083 duabus
1603 2048 1711 2091 dietis,
1736 2053 1805 2091 etc.,
1831 2053 1860 2081 et
1884 2048 1953 2081 aliis

1217 2104 1490 2138 constitutionibus
1500 2107 1529 2137 et
1539 2101 1788 2136 ordinationibus
1798 2100 1952 2145 apostoli-

1217 2159 1278 2199 cis,
1304 2157 1478 2206 ceterisque
1503 2156 1669 2190 contrariis
1693 2155 1954 2200 quibuscumque.

1261 2213 1371 2245 Datum
1397 2212 1524 2251 Romae,
1546 2210 1629 2254 apud
1653 2210 1681 2243 S.
1702 2209 1829 2242 Mariam
1859 2208 1954 2242 Maio-

1218 2265 1364 2307 rem‚sub
1377 2265 1492 2298 annulo
1518 2264 1695 2305 Piscatoris,
1714 2263 1763 2296 die
1776 2273 1807 2297 lx
1822 2261 1955 2296 ianuarii

1218 2329 1333 2362 noem,
1353 2318 1552 2363 pontificatus
1574 2317 1673 2351 nostri
1694 2327 1775 2350 anno
1800 2326 1830 2349 v.

1255 2381 1312 2408 Dat.
1330 2381 1372 2408 die
1387 2382 1402 2408 9
1418 2380 1533 2408 ianuarii
1552 2380 1629 2415 1660,
1645 2379 1740 2416 pontis.
1755 2384 1825 2407 anno
1840 2386 1866 2406 ν.

1254 2488 1265 2513 ‘l
1283 2486 1348 2514 Male
1364 2486 1430 2514 edit.
1444 2485 1524 2513 Main.
1541 2485 1604 2521 legit
1624 2485 1799 2520 Luydtmum
1816 2486 1852 2520 (R.
1870 2483 1918 2518 τ.).

1935 198 1982 225 Αη.
2003 199 2032 226 G.
2056 199 2122 227 ¹660

2003 733 2131 754 Exocutoros

1949 760 2044 787 deputat.

1995 1209 2086 1229 Litteras
2101 1208 2139 1228 hu·

1955 1235 2045 1255 iusmodi
2064 1234 2140 1255 counr-

1955 1265 2006 1283 mat.

1960 1527 2070 1548 Contraria
2083 1526 2143 1547 toltit.
