2202 3190
278 213 325 238 An.
345 212 373 239 C.
393 212 455 240 ¹661

302 1921 421 1943 clausulae.

507 205 569 238 712

477 262 560 303 dicti,
571 262 833 303 Cisterciensium,
848 264 1215 306 Praemonstratensium‚

477 314 737 355 cluniacensium,
752 321 804 349 aut
821 317 898 358 aliis,
917 317 955 350 de
973 318 1086 361 quibus
1100 319 1215 362 specia-

477 367 513 399 lis
533 367 647 400 mentio
662 368 729 400 sieri
748 368 867 411 debeat,
883 371 928 402 vel
943 371 1129 415 cuicumque
1145 382 1213 404 cou-

476 420 652 462 gregationi
670 425 723 454 aut
740 422 888 465 societati,
907 423 999 455 etiam
1020 425 1100 464 Iesu,
1121 424 1213 456 etiam

476 473 655 516 particulari
681 475 754 507 nota
784 475 906 518 dignae,
931 477 987 509 sub
1012 477 1215 520 quibuscum-

475 536 536 570 que
555 526 722 559 verborum
738 528 897 561 tenoribus
915 534 945 561 et
961 529 1080 570 formis,
1099 540 1133 562 ac
1151 529 1214 572 qui-

476 579 580 612 busvis
594 579 685 612 etiam
704 580 975 623 derogatoriarum
994 582 1223 625 derogatoriis,

475 633 734 676 praeservativis,
764 635 876 667 mentis
900 635 1091 675 attestativis,
1117 635 1213 667 resti—

477 685 614 726 tutionis,
631 686 762 730 aliisque
784 688 1021 728 efficacioribus,
1043 688 1214 721 efficacissi—

476 738 534 770 mis
559 742 589 772 et
612 739 745 773 insolitis
770 740 927 782 clausulis,
953 752 988 773 ac
1020 741 1213 773 irritantibus

477 796 506 823 et
530 791 598 824 aliis
622 792 765 835 decretis,
785 793 814 825 in
832 804 947 836 genere
976 794 1020 826 vel
1046 794 1076 826 in
1097 794 1212 837 specie,

475 844 567 877 etiam
586 851 682 887 motu,
700 846 829 879 scientia
851 852 881 879 et
901 847 1062 890 potestatis
1082 847 1213 890 plenitu-

476 898 548 932 dine
572 900 712 943 paribuS‚
727 905 779 932 aut
799 900 837 933 ad
861 901 1043 943 quarumvis
1067 911 1212 944 persona-

474 963 556 995 rum,
574 953 666 985 etiam
681 953 845 997 imperiali,
860 954 967 996 regali,
984 953 1095 993 ducali,
1114 953 1212 986 aliave

475 1007 614 1050 qualibet
634 1007 791 1039 mundana
821 1008 868 1039 vel
889 1007 1098 1040 ecclesiastica
1115 1007 1212 1049 digni-

474 1066 536 1093 tate
560 1060 784 1103 praeditarum,
802 1060 989 1100 instantiam,
1009 1070 1044 1092 ac
1064 1060 1212 1093 consisto-

475 1114 604 1154 rialiter,
622 1119 652 1146 et
675 1114 750 1146 alias
774 1113 1011 1157 quomodolibet
1036 1113 1067 1145 in
1091 1118 1212 1145 contra-

474 1166 555 1199 rium
581 1167 828 1210 praemissorum
854 1166 1118 1210 quandocumque
1143 1176 1212 1198 con-

474 1229 570 1259 cessa,
584 1230 620 1252 ac
639 1219 902 1263 quantiscumque
916 1218 1035 1251 vicibus
1048 1219 1212 1251 confirma-

475 1277 513 1313 ta,
527 1272 698 1316 approbata
716 1276 745 1305 et
761 1272 916 1312 innovata,
939 1282 1074 1315 quorum
1093 1271 1211 1314 vigore,

474 1327 590 1367 colore,
611 1337 664 1359 seu
691 1331 854 1370 praetextu
877 1326 1033 1369 praefatae
1058 1335 1211 1368 personae

474 1380 655 1423 regulares,
680 1390 697 1412 a
722 1380 935 1412 iurisdictione
970 1379 1209 1413 Ordinariorum

474 1439 646 1476 exemptae,
663 1433 826 1476 dictaeque
847 1433 916 1466 Sedi
943 1432 1122 1465 immediate
1139 1432 1211 1464 sub-

473 1486 592 1527 iectae,
617 1490 825 1520 memoratum
850 1486 999 1519 nuncium
1032 1496 1090 1529 pro
1115 1484 1208 1518 Ordi-

473 1539 562 1573 nario
584 1545 613 1573 et
637 1540 800 1583 superiore
825 1540 908 1572 iuxta
925 1539 1136 1583 supradictam
1155 1539 1211 1571 Ur—

472 1593 545 1626 bani
562 1592 815 1637 praedecessoris
834 1593 1022 1625 voluntatem
1040 1601 1211 1634 agnoscere

473 1657 542 1680 sese
566 1657 628 1680 non
653 1646 774 1688 teneri,
806 1657 860 1679 seu
893 1645 937 1678 illi
962 1656 1024 1678 non
1048 1645 1211 1678 subiacere

473 1700 583 1744 quovis
609 1700 702 1734 modo
727 1699 931 1744 praetendere
955 1705 1090 1742 possent,
1108 1698 1211 1732 denuo

473 1764 668 1794 revocamus,
690 1764 725 1786 ac
750 1763 919 1795 cassamus,
938 1752 1098 1785 irritamus
1115 1757 1145 1784 et
1162 1762 1211 1784 an-

473 1808 631 1840 nullamus
671 1807 852 1850 viribusque
887 1810 917 1840 et
941 1805 1052 1839 effectu
1087 1805 1210 1849 penitus

475 1867 506 1894 et
530 1861 658 1894 omnino
683 1871 862 1893 vacuamus.

519 1914 534 1958 ἓ
562 1915 591 1947 2.
628 1914 835 1947 Decernentes
872 1913 995 1946 easdem
1030 1916 1210 1956 praesentes

475 1968 604 2006 litteras,
629 1972 659 2000 et
684 1967 715 1999 in
739 1967 783 1999 eis
808 1971 954 1999 contenta
982 1975 1211 2009 quaecumque,

474 2021 566 2055 etiam
593 2031 628 2053 ex
652 2031 689 2053 eo
714 2020 797 2062 quod
822 2019 952 2062 quilibet
980 2019 1010 2050 in
1031 2017 1212 2062 praemissis

474 2074 624 2108 interesse
648 2074 798 2106 habentes
832 2083 887 2115 seu
908 2073 1024 2105 habere
1042 2072 1213 2115 quomodo-

473 2128 550 2161 libet
574 2127 823 2171 praetendentes,
847 2126 982 2160 cuiusvis
1006 2131 1120 2166 status,
1144 2136 1213 2168 gra-

475 2181 543 2222 dus,
568 2180 706 2222 ordinis,
738 2180 942 2219 conditionis,
967 2178 1212 2223 praeminentiae

476 2240 506 2267 et
529 2234 687 2277 dignitatis
718 2233 810 2267 etiam
841 2233 967 2277 speciali
992 2237 1022 2265 et
1053 2232 1211 2265 individua

476 2287 634 2320 mentione
657 2287 770 2329 dignae
803 2286 955 2325 existant,
983 2285 1021 2317 ad
1046 2295 1081 2317 ea
1106 2285 1210 2325 citati,

475 2341 574 2373 vocati
600 2346 629 2373 et
652 2340 749 2373 auditi
773 2350 834 2372 non
859 2339 983 2380 suerint,
1008 2349 1065 2371 nec
1089 2348 1210 2379 causae,

474 2397 603 2437 propter
620 2404 697 2437 quas
718 2394 802 2437 ipsae
819 2397 998 2436 praesentes
1015 2396 1211 2432 emanarunt,

475 2446 625 2478 adductae
648 2451 678 2478 et
702 2446 885 2479 iustilicatae
910 2445 1077 2487 extiterint,
1096 2456 1150 2478 seu
1175 2457 1211 2478 ex

475 2499 535 2531 alia
559 2510 756 2543 quacumque
781 2500 981 2543 quantumvis
1005 2499 1147 2541 iuridica,
1173 2500 1211 2532 le-

1046 218 1224 243 BULLARIUM
1249 218 1403 243 ROMANUM

1250 266 1292 299 ris
1318 267 1446 308 clauso,
1482 267 1569 299 nullo
1605 276 1743 310 unquam
1781 271 1922 311 tempore
1948 268 1987 302 de

1250 320 1462 363 subreptionis
1476 321 1522 352 vel
1543 320 1738 363 obreptionis
1761 331 1815 353 seu
1836 321 1987 354 nullitatis

1249 378 1301 404 aut
1327 373 1526 406 invaliditatis
1551 373 1635 413 vitio,
1660 384 1714 406 seu
1739 373 1917 407 intentionis
1934 385 1988 407 uo-

1248 432 1331 458 strae
1355 431 1408 459 aut
1432 427 1582 459 interesse
1607 426 1788 459 habentium
1818 437 1987 460 consensus

1989 221 2039 248 An.
2059 221 2088 249 C.
2114 221 2177 250 ¹661

1249 479 1348 512 aliove
1372 480 1513 523 quolibet
1537 481 1629 512 etiam
1656 480 1779 513 formali
1800 485 1830 512 et
1849 480 1989 512 substan—

1249 531 1312 564 tiali
1339 532 1461 565 defectu
1485 533 1596 572 notari,
1623 532 1813 575 impugnari,
1835 531 1986 575 infringi,

1248 584 1591 627 restringi,invalidari,
1618 584 1791 624 retractari,
1806 584 1836 616 in
1862 589 1987 618 contro-

1249 637 1382 669 versiam
1409 638 1568 678 revocari,
1593 642 1645 670 aut
1669 637 1707 669 ad
1732 637 1884 670 terminos
1908 636 1986 669 iuris

1248 690 1366 730 reduci,
1381 701 1435 723 seu
1460 690 1609 724 adversus
1628 691 1694 723 illas
1711 690 1895 734 aperitionis
1912 689 1986 730 oris,

1248 743 1454 776 restitutionis
1479 743 1509 775 in
1534 743 1713 786 integrum,
1738 742 1861 776 aliudve
1885 742 1985 786 quod-

1247 808 1382 841 cumque
1406 797 1492 839 iuris,
1518 798 1588 830 facti
1607 798 1653 830 vel
1672 797 1790 839 gratiae
1811 795 1985 829 remedium

1247 850 1409 893 impetrari
1436 851 1483 883 vel
1509 850 1664 892 intentari,
1680 856 1732 882 aut
1746 850 1923 893 impetrato,
1938 849 1985 881 vel

1248 904 1341 935 etiam
1367 909 1472 945 motu,
1498 903 1626 937 scientia
1652 908 1682 935 et
1705 902 1866 946 potestatis
1890 901 1986 945 pleni-

1247 956 1354 989 tudine
1375 956 1503 1000 paribus
1522 961 1676 995 emanato,
1697 955 1876 999 quempiam
1894 955 1926 987 in
1942 954 1986 987 iu-

1246 1009 1329 1042 dicio
1356 1010 1403 1042 vel
1429 1015 1515 1042 extra
1547 1009 1621 1041 illud
1655 1009 1697 1041 uti
1729 1019 1784 1041 seu
1815 1018 1847 1041 se
1879 1008 1986 1041 iuvare

1246 1073 1346 1105 posse,
1367 1073 1424 1095 nec
1449 1062 1573 1095 easdem
1592 1066 1771 1105 praesentes
1789 1060 1908 1093 litteras
1926 1060 1983 1093 sub

1246 1115 1408 1158 quibusvis
1433 1115 1582 1147 similium
1609 1115 1655 1147 vel
1691 1114 1892 1147 dissimilium
1923 1114 1980 1147 de-

1246 1167 1369 1201 claratis
1393 1178 1476 1200 nunc
1501 1167 1736 1201 revocationum
1754 1173 1784 1200 et
1800 1167 1985 1200 annullatio-

1246 1231 1318 1252 num
1346 1221 1607 1260 revocationibus
1633 1220 1913 1264 suspensionibus,
1940 1220 1983 1252 li-

1246 1274 1470 1315 mitationibus,
1491 1280 1541 1307 aut
1566 1275 1634 1307 aliis
1652 1274 1817 1307 contrariis
1853 1273 1984 1317 disposi-

1246 1327 1382 1360 tionibus
1407 1338 1464 1371 pro
1496 1333 1639 1371 tempore
1673 1327 1910 1371 quomodolibet
1933 1327 1980 1359 fa-

1245 1380 1372 1421 ciendis,
1386 1391 1523 1423 unquam
1538 1380 1772 1424 comprehendi,
1790 1380 1843 1413 sed
1857 1390 1983 1423 semper

1244 1433 1282 1465 ab
1317 1433 1377 1465 illis
1412 1439 1576 1477 exceptas,
1602 1439 1818 1477 perpetuoque
1849 1433 1956 1466 firmas
1975 1459 1982 1473 ,

1245 1485 1361 1518 validas
1386 1491 1415 1518 et
1439 1486 1580 1519 efficaces
1605 1487 1739 1519 existere
1754 1492 1783 1519 et
1802 1487 1878 1526 sore,
1899 1496 1983 1519 suos-

1245 1549 1306 1582 que
1330 1539 1489 1583 plenarios
1515 1545 1544 1572 et
1569 1540 1707 1582 integros
1733 1539 1860 1573 effectus
1876 1539 1983 1572 sortiri

1245 1598 1274 1625 et
1298 1593 1444 1631 obtineri,
1469 1603 1505 1625 ac
1529 1593 1566 1625 ab
1592 1593 1667 1633 illis,
1693 1593 1730 1625 ad
1755 1603 1834 1636 quos
1866 1597 1984 1637 spectat

1245 1651 1274 1677 et
1294 1656 1353 1689 pro
1377 1651 1519 1689 tempore
1544 1645 1780 1689 quomodolibet
1810 1646 1982 1689 spectabit,

1245 1699 1467 1732 inviolabiliter
1483 1705 1513 1732 et
1530 1700 1714 1732 inconcusse
1731 1699 1904 1739 observari,
1922 1699 1981 1732 sic-

1245 1763 1305 1795 que
1326 1758 1355 1785 et
1371 1763 1433 1786 non
1457 1753 1546 1786 aliter
1568 1753 1598 1785 in
1616 1753 1794 1796 praemissis
1814 1763 1870 1796 per
1893 1763 1984 1795 quos—

1245 1816 1380 1849 cumque
1405 1806 1524 1839 iudices
1549 1806 1725 1839 ordinarios
1749 1811 1778 1838 et
1802 1805 1982 1848 delegatos,

1245 1859 1337 1891 etiam
1364 1870 1528 1892 causarum
1546 1859 1652 1903 palatii
1673 1858 1838 1902 apostolici
1863 1858 1983 1892 audito-

1245 1923 1305 1952 res,
1319 1923 1354 1945 ac
1368 1913 1396 1945 S.
1414 1914 1448 1946 R.
1462 1913 1494 1946 E.
1513 1913 1697 1953 cardinales,
1719 1912 1810 1945 etiam
1829 1912 1868 1945 de
1884 1913 1982 1945 latere

1246 1965 1375 2008 legatos,
1392 1971 1422 1998 et
1436 1966 1522 1999 Sedis
1539 1966 1696 2009 praefatae
1710 1965 1851 2007 nuncios,
1866 1965 1982 1999 aliosve

1245 2019 1401 2062 quoslibet
1424 2029 1622 2062 quacumque
1647 2019 1832 2052 auctoritate
1859 2024 1889 2051 et
1918 2029 1980 2063 po-

1248 2077 1355 2105 testate
1379 2073 1543 2115 fungentes
1567 2078 1597 2105 et
1620 2073 1792 2113 functurOS,
1818 2072 1849 2104 in
1873 2072 1982 2115 quavis

1246 2129 1338 2159 causa
1368 2131 1398 2158 et
1422 2126 1581 2165 instantia,
1607 2125 1725 2158 sublata
1751 2125 1795 2158 eis
1818 2130 1848 2158 et
1872 2136 1982 2158 eorum

1246 2179 1374 2212 cuilibet
1388 2179 1496 2222 quavis
1512 2179 1602 2211 aliter
1616 2178 1772 2211 iudicandi
1786 2182 1815 2212 et
1828 2178 1981 2221 interpre-

1246 2232 1329 2264 tandi
1358 2232 1502 2265 facultate
1526 2237 1555 2264 et
1579 2231 1772 2273 auctoritate,
1797 2231 1928 2263 iudicari
1953 2236 1983 2263 et

1245 2285 1368 2318 definiri
1393 2285 1518 2325 debere,
1536 2295 1571 2318 ac
1592 2284 1715 2317 irritum
1733 2289 1763 2317 et
1784 2284 1883 2323 inane,
1898 2284 1922 2316 si
1936 2294 1982 2316 se-

1245 2349 1299 2371 cus
1324 2349 1418 2382 super
1445 2339 1492 2371 his
1516 2349 1532 2370 a
1550 2348 1722 2381 quoquam,
1746 2337 1855 2380 quavis
1879 2341 1982 2371 aucto-

1245 2392 1346 2432 ritate,
1371 2392 1505 2425 scienter
1530 2392 1578 2424 vel
1602 2391 1794 2434 ignoranter,
1814 2390 1980 2433 contigerit

1244 2445 1396 2479 attentari.

1289 2499 1304 2541 g
1328 2498 1357 2531 3.
1383 2499 1451 2531 Non
1476 2497 1671 2530 obstantibus
1695 2496 1877 2540 praemissis
1892 2523 1899 2537 ,
1923 2506 1979 2536 ac,

476 2551 595 2595 gitima,
620 2553 669 2594 pia
695 2557 724 2583 et
748 2552 940 2595 privilegiata
967 2554 1070 2593 causa,
1095 2553 1210 2593 colore,
1246 2559 1397 2596 quatenus
1422 2563 1500 2595 opus
1524 2551 1572 2590 sit,
1591 2553 1698 2584 nostra
1723 2556 1753 2582 et
1777 2549 1980 2582 cancellariae

478 2610 639 2649 praetextu
663 2610 693 2636 et
716 2605 827 2648 capite,
852 2605 944 2637 etiam
962 2605 993 2636 in
1018 2615 1152 2649 corpore
1170 2605 1211 2638 iu·
1245 2605 1433 2649 apostolicae
1458 2605 1568 2647 regula
1591 2603 1629 2636 de
1653 2613 1715 2636 non
1751 2601 1888 2636 tollendo
1911 2601 1979 2635 iure

2026 2500 2117 2531 [tei-oga
2123 2503 2170 2520 eon-

1995 2530 2070 2548 trariis.
