2202 3190
253 146 302 170 An.
318 145 428 172 &1661

278 525 363 548 Mutii-a,

275 1110 355 1131 Sacrae
380 1116 433 1130 con-

249 1137 377 1162 gregationis
397 1138 432 1157 de·

249 1166 336 1184 cretum.

261 1748 372 1769 Decretum
382 1754 429 1769 con-

247 1775 321 1796 firmat.

479 136 542 169 744

494 193 582 236 qim‘s
606 196 634 225 et
659 193 826 235 vinrtyris,
844 192 930 235 quod
955 192 994 225 ab
1011 192 1192 225 mziversali

495 245 638 279 Ecclesia
655 245 709 278 sub
724 246 792 278 ritu
805 244 1013 289 semiduplici
1024 245 1189 287 recitatur,

492 299 626 342 posthac
658 299 726 331 ritu
751 298 876 342 duplici
900 298 1033 331 recitari
1052 298 1185 342 possit¹.

644 388 807 414 Alexander
832 387 910 420 Papa
929 387 993 419 vn,

592 432 629 458 ad
644 432 777 459 futuram
792 431 837 458 rei
857 432 1039 459 memoriam.

495 509 510 552 g
539 509 563 541 l.
590 508 751 542 Emanavit
776 508 860 550 alias,
879 509 917 541 ad
939 508 1116 541 instantiam
1141 508 1186 540 di-

450 562 521 594 lecti
538 562 593 594 tilii
611 562 710 595 nostri
727 562 846 595 Camilli
864 562 892 595 S.
908 562 941 594 R.
960 562 992 594 E.
1012 561 1187 605 presbyteri

450 614 616 648 cardinalis
634 615 740 647 Astalii
765 614 946 658 nuncupati,
967 614 1117 648 ecclesiae
1137 614 1188 647 Ca-

449 667 597 700 taniensis
622 678 657 700 ex
683 668 884 701 concessione
902 672 931 702 et
955 667 1187 711 dispensatione

448 720 619 764 apostolica
644 721 808 765 praesulis,
832 732 867 754 ac
891 721 1076 753 dilectorum
1105 720 1186 753 filio-

448 785 519 807 rum
545 774 778 807 communitatis
803 779 832 807 et
857 774 1020 807 hominum
1054 773 1186 806 civitatis

448 827 647 868 Cataniensis,
665 838 682 860 a
699 827 944 871 congregatione
960 826 1185 859 venerabilium

448 880 581 913 fratrum
607 885 788 915 nostrorum
815 880 953 913 eiusdem
969 880 999 916 S.
1018 881 1052 913 R.
1069 880 1101 913 E.
1119 891 1186 913 car-

448 933 597 966 dinalium
623 934 721 966 sacris
739 933 849 966 ritibus
866 933 1119 977 praepositorum
1136 933 1186 966 de-

448 992 567 1020 cretum
595 987 711 1021 tenoris
736 987 788 1031 qui
813 987 963 1030 sequitur,
989 986 1152 1020 videlicet:

581 1041 698 1076 Catani
701 1041 784 1073 ensis
795 1051 803 1073 ;

492 1094 640 1127 Precibus
666 1093 904 1127 eminentissimi
935 1093 1054 1127 domini
1087 1093 1186 1126 cardi-

447 1148 525 1180 nalis
549 1148 655 1181 Astalii
673 1147 812 1191 episcopi
839 1157 961 1180 necnon
980 1147 1111 1180 civitatis
1131 1148 1185 1181 Ca-

448 1201 548 1234 taniae
573 1201 707 1245 benigne
724 1202 870 1234 inclinata
886 1211 1049 1234 sacrorum
1067 1201 1184 1234 rituum

447 1256 651 1299 congregatio
668 1255 796 1288 indulsit
812 1261 845 1288 ut
874 1256 905 1288 in
922 1255 1068 1288 universo
1086 1265 1184 1298 regno

447 1309 571 1342 Siciliae
603 1310 741 1342 officium
773 1309 802 1342 S.
827 1309 966 1352 Agathae
1001 1309 1132 1351 virginis
1156 1314 1185 1341 et

446 1363 602 1408 martyris,
620 1363 704 1407 quod
729 1363 766 1396 ab
787 1363 955 1396 universali
971 1363 1111 1396 Ecclesia
1127 1362 1184 1395 sub

446 1417 506 1449 ritu
538 1416 736 1460 semiduplici
772 1416 942 1457 recitatur,
966 1416 1098 1460 posthac
1122 1416 1184 1450 ritu

444 1468 561 1514 duplici
585 1469 710 1502 recitari
734 1470 842 1513 possit.

489 1523 543 1556 Die
568 1533 578 1556 1
602 1523 752 1564 octobris,
776 1533 904 1563 nnccm,

489 1577 509 1609 1.
536 1576 630 1620 episc.
656 1576 844 1617 sabinensis,
869 1576 952 1609 card.
970 1576 1182 1611 SACCHETTUS.

490 1629 686 1663 Fnsnmscus
722 1630 825 1663 MARIA
859 1629 1046 1671 PnossssEus,
1076 1641 1183 1664 sacrae

533 1683 650 1716 rituum
669 1683 922 1726 congregationis
943 1683 1128 1716 secretarius
1155 1696 1181 1717 ›>.

489 1737 504 1780 ἓ
527 1736 556 1769 02.
581 1736 656 1770 Cum
682 1740 803 1778 autem,
834 1737 913 1769 sicut
937 1737 1011 1769 dicti
1036 1737 1183 1771 Camillus

445 1790 611 1823 cardinalis
631 1801 667 1824 ac
691 1790 900 1823 communitas
917 1796 946 1823 et
964 1791 1107 1824 homines
1131 1801 1183 1824 no-

444 1844 492 1876 bis
515 1854 617 1888 nuper
642 1844 753 1888 exponi
774 1844 923 1886 fecerunt,
943 1845 1002 1888 ipsi
1022 1845 1181 1877 decretum

444 1897 634 1938 huiusmodi,
648 1908 707 1941 pro
725 1898 857 1930 firmiori
873 1898 955 1930 illius
969 1897 1181 1938 subsistentia,

444 1951 634 1994 apostolicae
659 1950 906 1984 confirmationis
924 1957 1048 1984 nostrae
1067 1951 1182 1984 robore

445 2004 632 2037 communiri
658 2015 858 2048 summopere
883 2004 1080 2037 desiderent:
1106 2015 1182 2046 nos,

445 2058 584 2090 eiusdem
609 2058 729 2091 Camilli
750 2057 916 2091 cardinalis
937 2058 1014 2090 votis
1031 2064 1180 2102 quantum

446 2122 516 2144 cum
541 2111 674 2145 Domino
699 2121 865 2155 possumus
890 2111 1101 2145 favorabiliter
1128 2123 1182 2145 an-

444 2175 542 2198 nuere
559 2165 707 2207 volcntes,
721 2175 756 2198 ac
774 2164 929 2198 dictorum
948 2165 1182 2199 communitatis

445 2224 475 2252 et
505 2219 667 2252 homines²
692 2219 866 2262 singulares
890 2229 1040 2263 personas
1064 2230 1081 2252 a
1106 2221 1177 2264 qui-

443 2272 549 2306 busvis
567 2272 908 2313 excommunicationis,
922 2273 1135 2316 suspensionis
1153 2278 1181 2306 et

443 2326 612 2367 interdicti,
627 2326 756 2370 aliisque
773 2326 992 2360 ecclesiasticis
1009 2326 1180 2367 sententiis,

445 2380 584 2413 censuris
608 2385 638 2412 et
661 2380 780 2424 poenis,
794 2390 811 2412 a
828 2380 895 2412 iure
910 2380 956 2412 vel
981 2379 1019 2412 ab
1041 2380 1179 2420 homine,

445 2434 551 2476 quavis
576 2433 739 2467 occasione
755 2433 800 2466 vel
822 2433 1006 2474 causantis,
1020 2433 1045 2466 si
1065 2433 1179 2476 quibus

482 2505 490 2530 1
515 2503 551 2530 Ex
572 2503 678 2538 Regest.
699 2503 725 2530 in
745 2504 851 2530 Secret.
872 2503 949 2530 Brev.

480 2548 496 2575 2
517 2547 606 2574 Potius
625 2548 682 2582 lege
702 2549 852 2575 hominum
871 2551 908 2584 (R.
930 2550 978 2583 T.).

1015 145 1194 168 BULLARIUM
1219 143 1372 168 ROMANUM

1225 190 1461 234 quomodolibet
1483 191 1648 224 innodatae
1673 191 1816 234 existunt,
1832 191 1870 224 ad
1890 191 1960 225 effe-

1224 250 1307 277 ctum
1334 243 1545 287 praesentium
1576 243 1736 276 dumtaxat
1766 254 1957 288 consequen-

1223 297 1433 338 dum‚harum
1459 297 1539 329 serie
1564 296 1759 330 absolventes
1784 302 1814 329 et
1837 297 1959 331 absolu-

1223 356 1268 382 tas
1282 350 1347 383 sore
1361 355 1532 392 censentes,
1547 349 1828 393 supplicationibus
1849 360 1957 383 eorum

1223 402 1350 435 nomine
1374 403 1465 436 nobis
1482 413 1577 446 super
1594 403 1654 435 hoc
1671 402 1833 435 humiliter
1853 413 1961 446 porre-

1223 457 1279 489 ctis
1298 456 1445 497 inclinass,
1465 456 1625 489 decretum
1650 455 1889 499 praeinsertum,
1911 466 1961 489 au-

1223 509 1364 543 ctoritate
1386 509 1555 553 apostolica
1570 536 1577 550 ,
1607 514 1714 542 tenore
1739 509 1960 552 praesentium,

1222 563 1447 596 confirmamus
1472 568 1502 595 et
1526 562 1763 606 approbamus,
1788 562 1894 604 illique
1919 562 1961 595 in-

1223 616 1378 649 violabilis
1395 616 1584 659 apostolicae
1601 615 1759 648 firmitatis
1775 615 1872 648 robur
1889 615 1962 648 adii-

1222 669 1336 709 cimus;
1355 670 1438 702 salva
1460 674 1564 702 tamen
1581 679 1705 712 semper
1725 668 1756 700 in
1780 668 1960 711 praemissis

1222 722 1406 756 auctoritate
1430 722 1610 766 praedictae
1627 721 1880 764 congregationis
1897 732 1962 754 car-

1221 775 1383 808 dinatium.

1265 830 1280 873 ἓ
1303 829 1332 862 3.
1358 829 1426 863 Non
1457 829 1652 862 obstantibus
1686 827 1960 862 constitutionibus

1221 888 1251 916 et
1277 883 1527 916 ordinationibus
1551 882 1754 926 apostolicis,
1784 882 1959 925 ceterisque

1221 937 1387 970 contrariis
1411 937 1671 980 quibuscumque.

1263 991 1375 1024 Datum
1400 992 1528 1033 Romae,
1549 990 1631 1034 apud
1655 990 1683 1023 S.
1710 989 1838 1023 Mariam
1863 989 1958 1022 Maio-

1220 1055 1298 1087 rem,
1312 1045 1369 1077 sub
1383 1044 1498 1077 annulo
1513 1043 1691 1084 Piscatoris,
1705 1043 1755 1076 die
1769 1053 1823 1077 x1v
1838 1042 1959 1076 decem-

1220 1098 1285 1131 bris
1305 1108 1432 1140 MDCLXI,
1458 1097 1659 1141 pontificatus
1682 1096 1783 1130 nostri
1803 1106 1884 1129 anno
1902 1105 1956 1129 vn.

1257 1160 1313 1187 Dat..
1336 1159 1379 1187 die
1400 1160 1432 1187 14
1448 1159 1600 1187 decembris
1616 1159 1694 1193 1661,
1708 1158 1803 1194 pontif.
1822 1166 1892 1185 anno
1908 1165 1956 1185 ru.

1506 1302 1676 1337 CCCLXIX.

1219 1385 1319 1417 Breve
1344 1382 1591 1425 beatificationis
1615 1381 1786 1415 Francisci
1805 1382 1844 1415 de
1866 1382 1957 1416 Sales

1406 1436 1545 1480 episcopi
1571 1435 1770 1469 Genevensis.

1413 1516 1580 1543 Alexander
1599 1516 1677 1550 Papa
1695 1516 1757 1550 vn,

1341 1561 1376 1588 ad
1397 1563 1571 1595 perpetuam
1590 1560 1636 1587 rei
1655 1560 1834 1588 memoriam.

1261 1631 1398 1675 Spiritus
1422 1631 1572 1671 Sanctus,
1600 1630 1654 1674 qui
1686 1641 1741 1664 suo
1778 1630 1955 1674 incompre-

1218 1684 1361 1717 hensibili
1388 1684 1502 1717 iudicio
1528 1684 1736 1717 humilitatem
1761 1689 1852 1727 atque
1873 1683 1956 1716 infir-

1219 1738 1356 1771 mitatem
1374 1743 1512 1772 nostram
1531 1738 1635 1782 posuit
1652 1748 1763 1781 regere
1783 1737 1954 1771 Ecclesiam

1217 1793 1280 1834 Dei,
1299 1804 1395 1836 quum
1414 1793 1444 1824 in
1463 1792 1576 1825 divinis
1593 1791 1757 1836 scripturis
1782 1791 1865 1824 viros
1885 1791 1954 1834 glo-

1217 1847 1327 1887 riosos,
1341 1846 1491 1878 nimirum
1505 1845 1644 1886 Sanaos,
1658 1844 1777 1878 laudari
1792 1844 1954 1888 praecipit,

1217 1910 1389 1943 eorumque
1414 1898 1596 1942 sapientiam
1622 1904 1650 1931 et
1682 1897 1806 1930 laudem
1832 1897 1953 1930 narrari

1216 1964 1232 1985 a
1257 1953 1380 1996 populis
1412 1958 1441 1985 et
1471 1952 1613 1984 nunciari
1639 1952 1677 1983 ab
1704 1951 1851 1991 Ecclesia,
1864 1950 1956 1984 docet

1216 2016 1272 2038 uos
1297 2011 1389 2049 atque
1418 2005 1571 2038 illuminat
1604 2005 1679 2048 quid
1710 2004 1825 2038 nostris
1861 2005 1953 2037 etiam

1217 2059 1411 2103 temporibus
1435 2070 1529 2102 agere
1553 2059 1732 2092 debeamus.
1758 2058 1954 2102 Quapropter

1216 2114 1403 2157 apostolicae
1424 2112 1660 2155 gubernationis
1681 2123 1788 2145 curam
1815 2117 1844 2144 et
1871 2111 1954 2154 cogi-

1217 2168 1347 2200 tationes
1373 2167 1403 2199 in
1428 2166 1456 2199 id
1473 2166 1605 2199 sollicite
1626 2165 1826 2206 intendimus,
1840 2168 1873 2199 ut
1891 2174 1954 2198 non

1218 2221 1310 2254 modo
1336 2230 1445 2254 eorum
1471 2220 1523 2263 qui
1541 2219 1663 2263 priscis,
1685 2218 1737 2251 sed
1762 2223 1792 2250 et
1815 2217 1867 2261 qui
1885 2228 1955 2261 pro-

1216 2273 1306 2306 ximis
1331 2273 1422 2305 aetati
1448 2277 1572 2305 nostrae
1592 2271 1715 2313 seculiS,
1741 2271 1902 2304 sanctitate
1919 2281 1954 2303 ac

1215 2326 1381 2359 virtutibus
1413 2325 1526 2358 eximie
1552 2326 1752 2366 claruerunt,
1777 2334 1892 2357 nomen
1923 2329 1954 2356 et

1214 2379 1314 2423 gloria
1334 2379 1450 2423 ubique
1474 2378 1615 2421 gentium
1636 2378 1818 2419 innotescat,
1836 2378 1952 2421 pioque

1213 2433 1351 2466 fidelium
1377 2433 1462 2465 cultu
1495 2438 1525 2464 et
1549 2432 1670 2464 honore
1695 2431 1798 2474 palam
1824 2440 1952 2463 venere-

1214 2490 1273 2520 tur.
1295 2487 1393 2529 Atque
1418 2486 1488 2518 ideo
1512 2485 1711 2518 tendentibus
1739 2494 1839 2527 nuper
1864 2484 1896 2515 in
1919 2482 1949 2515 id

1216 2540 1318 2584 ipsum
1337 2539 1397 2585 piis
1414 2539 1640 2575 catholicorum
1658 2548 1769 2581 regum
1792 2536 1948 2581 precibus,

1972 146 2025 172 An.
2042 145 2070 174 C.
2085 147 2149 176 166¹

1975 840 2084 863 Contraria
2093 842 2152 865 tollit.
2196 870 2198 873 ι

1996 1639 2133 1661 Prooemium.
