2243 3205
282 198 330 222 An,
347 197 376 223 c.
395 197 462 225 1660
507 188 569 222 628

479 245 570 288 legati
596 245 633 277 de
665 244 760 277 latere
795 248 946 288 potestate
978 249 1008 277 et
1032 244 1215 277 auctoritate

479 300 658 341 fungantur,
676 308 802 342 semper
826 303 856 331 et
880 303 1032 341 perpetuo
1053 297 1216 330 inviolabi-

478 351 549 383 liter
574 356 603 383 et
627 351 810 383 inconcusse
832 350 990 383 observari
1016 350 1141 391 debere,
1162 359 1216 382 ne-

479 414 539 446 que
558 403 639 447 ipsas
656 407 834 446 praesentes
859 403 989 443 litteras,
1008 403 1100 436 etiam
1119 413 1156 435 ex
1178 412 1215 434 eo

479 456 562 499 quod
580 456 711 499 quilibet
735 456 765 488 in
790 456 971 500 praemissis
988 456 1140 489 interesse
1165 455 1215 487 lia-

476 509 594 550 bentes,
615 519 668 541 seu
687 509 802 541 habere
821 508 1060 553 quomodolibet
1076 512 1216 552 praeten-

477 561 595 601 dentes,
621 562 680 594 illis
705 572 766 595 non
792 562 1016 603 consenserint,
1040 566 1094 593 aut
1118 561 1155 593 ad
1181 570 1216 593 ea

476 615 575 648 vocati
598 620 627 647 et
652 615 758 655 auditi,
784 625 967 658 causaeque,
985 619 1117 658 propter
1139 624 1215 657 quas

476 668 561 711 ipsae
578 673 756 712 praesentes
774 672 968 709 emanarunt,
989 668 1141 700 adductae
1164 670 1216 700 aut

476 721 653 754 verificatae
678 725 707 754 et
732 721 915 754 iustilicatae
936 731 996 754 non
1014 720 1139 760 suerint,
1160 730 1213 752 seu

475 784 511 805 ex
538 774 597 807 alia
623 774 772 818 qualibet,
796 773 1008 817 quamtumvis
1033 773 1123 813 iusta,
1142 772 1215 815 legi-

475 826 572 868 tima,
598 827 650 869 pia
675 832 704 859 et
729 826 924 870 privilegiata
949 827 1062 866 causa,
1088 825 1213 866 colore,

474 884 637 922 praetextu
655 884 684 912 et
701 880 811 923 capite,
832 879 923 912 etiam
942 879 972 911 in
987 889 1120 922 corpore
1138 878 1214 911 iuris

475 932 599 972 clauso,
624 932 716 964 etiam
742 932 899 972 enormis,
924 931 1161 965 enormissimae
1185 937 1214 964 et

474 985 577 1017 totalis
598 985 755 1023 laesionis,
771 985 836 1018 ullo
856 994 992 1028 unquam
1018 988 1159 1027 tempore
1176 984 1213 1016 de

474 1037 687 1081 subreptionis
706 1038 750 1070 vel
769 1037 965 1081 obreptionis
992 1042 1045 1070 aut
1064 1037 1213 1070 nullitatis

474 1090 558 1131 vitio,
577 1091 623 1122 vel
643 1090 823 1123 intentionis
840 1096 965 1123 nostrae
982 1095 1033 1123 aut
1063 1090 1212 1123 interesse

473 1143 654 1176 habentium
691 1154 882 1186 consensus,
913 1144 1012 1177 aliove
1047 1143 1211 1187 quolibet,

473 1197 684 1239 quamtumvis
712 1196 906 1229 substantiali
933 1207 968 1229 ac
1004 1197 1212 1239 inexcogitato

473 1254 504 1281 et
518 1249 747 1292 inexcogitabili
762 1249 1008 1290 desectunotari‚
1023 1249 1211 1293 impugnari,

473 1301 648 1342 invalidari,
666 1302 824 1345 restringi,
842 1302 1015 1343 retractari,
1034 1302 1064 1334 in
1090 1307 1212 1335 contro-

472 1355 607 1387 versiam
637 1355 790 1395 revocari,
820 1361 873 1388 aut
897 1355 934 1388 ad
959 1356 1111 1388 terminos
1137 1355 1212 1388 iuris

473 1407 591 1450 reduci,
610 1418 663 1440 seu
681 1407 830 1440 adversus
852 1408 920 1440 illas
940 1408 1124 1451 aperitionis
1138 1408 1211 1449 oris,

473 1462 681 1495 restitutionis
695 1462 724 1494 in
746 1462 914 1504 integrum,
938 1462 986 1495 vel
1015 1462 1097 1494 aliud
1118 1462 1213 1505 quod-

473 1525 606 1558 cumque
624 1514 711 1555 iuris,
729 1514 799 1547 sacti
819 1515 867 1547 vel
892 1514 1011 1558 gratiae
1036 1515 1210 1547 remedium

473 1568 648 1611 impetrari,
666 1573 718 1600 aut
740 1569 918 1611 impetrato,
937 1568 983 1600 vel
1002 1569 1095 1600 etiam
1114 1573 1210 1610 motu,

472 1620 601 1653 scientia
627 1625 656 1653 et
681 1620 843 1663 potestatis
864 1620 1057 1664 plenitudine
1082 1620 1212 1663 paribus

473 1684 633 1714 concesso,
659 1673 838 1717 quempiam
863 1674 894 1706 in
918 1673 1035 1707 iudicio
1054 1674 1099 1706 vel
1126 1678 1212 1706 extra

473 1726 550 1759 illud
574 1727 617 1759 uti
636 1737 691 1759 seu
711 1737 744 1759 se
774 1727 880 1759 iuvare
897 1737 999 1770 posse,
1017 1727 1071 1759 sed
1088 1727 1209 1759 easdem

472 1785 653 1823 praesentes
677 1780 797 1812 litteras
817 1790 942 1823 semper
959 1779 1076 1819 firmas,
1093 1779 1210 1812 validas

473 1838 504 1865 et
529 1833 669 1865 efficaces
694 1833 827 1865 existere
848 1838 877 1865 et
901 1832 978 1872 fore,
998 1843 1033 1865 ac
1054 1843 1126 1865 suos
1147 1832 1211 1876 ple-

472 1886 578 1919 narios
599 1892 628 1919 et
652 1887 791 1929 integros
816 1885 945 1919 effectus
970 1885 1075 1919 sortii‘i
1101 1891 1131 1918 et
1155 1885 1210 1918 ob-

473 1939 590 1980 tinere,
616 1939 722 1982 sicque
739 1944 769 1971 et
792 1949 854 1971 non
874 1938 964 1970 aliter
981 1938 1011 1970 in
1031 1938 1211 1981 praemissis

473 1992 619 2025 omnibus
640 1997 669 2024 et
693 1991 824 2034 singulis
838 1991 969 2030 censeri,
987 1996 1079 2034 atque
1097 1991 1138 2023 ita
1154 2001 1212 2034 per

472 2056 687 2088 quoscumque
719 2045 837 2078 iudices
867 2044 1043 2078 ordinarios
1068 2049 1098 2077 et
1122 2044 1212 2077 dele-

473 2103 572 2140 gatos,
600 2098 691 2130 etiam
718 2107 882 2130 causarum
913 2096 1019 2140 palatii
1045 2097 1209 2140 apostolici

473 2151 642 2192 auditores,
658 2161 693 2183 ac
710 2150 848 2183 eiusdem
866 2150 895 2184 S.
908 2151 940 2182 P..
952 2151 983 2183 E.
1002 2150 1209 2183 camerarium

474 2208 503 2237 et
527 2205 603 2237 alios
628 2204 812 2244 cardinales,
829 2204 921 2236 etiam
948 2204 985 2236 de
1010 2204 1106 2236 latere
1131 2204 1211 2246 lega-

474 2262 531 2297 tos,
556 2267 677 2289 necnon
702 2266 844 2289 camerae
871 2261 997 2289 nostrae
1021 2256 1211 2299 apostolicae

473 2310 703 2342 thesaurarium
740 2309 941 2352 generalem,
977 2309 1209 2352 praesidenteS,

474 2363 615 2402 clericos,
640 2363 779 2405 aliosque
811 2362 959 2395 officiales
984 2368 1014 2394 et
1039 2361 1208 2403 ministros,

474 2420 504 2447 et
528 2420 657 2457 ceteros,
669 2415 777 2458 quavis
797 2415 981 2448 auctoritate
1006 2419 1035 2447 et
1059 2419 1210 2458 potestate

474 2468 637 2509 fungentes
669 2474 698 2500 ct
733 2467 995 2511 quandocumque
1027 2468 1209 2507 suncturOS,

474 2521 594 2553 sublata
620 2522 663 2553 eis
687 2527 716 2553 et
741 2531 849 2554 eorum
876 2521 1004 2554 cuilibet
1027 2521 1134 2564 quavis
1152 2521 1208 2553 ali-

475 2580 521 2607 ter
547 2573 701 2607 iudicandi
719 2579 749 2606 ct
769 2574 991 2618 interpretandi
1017 2574 1162 2608 facultate
1179 2579 1209 2608 et

1042 196 1220 220 nnttltntuttt
1246 194 1399 219 ROMANUM

1249 243 1444 283 auctoritate,
1463 241 1592 275 iudicari
1617 246 1646 275 et
1670 241 1792 274 definiri
1809 242 1931 286 debere,
1949 252 1985 276 ac

1249 296 1372 328 irritum
1395 300 1424 328 et
1441 296 1542 337 inane,
1563 296 1588 328 si
1608 295 1683 340 quid
1707 305 1796 328 secus
1821 306 1914 340 super
1937 296 1985 329 his

1248 360 1265 382 a
1290 359 1466 392 quoquam,
1491 348 1599 392 quavis
1624 349 1827 391 auctoritate,
1853 349 1985 382 scienter

1250 401 1295 433 vel
1323 402 1513 444 ignoranter,
1539 401 1705 444 contigerit
1731 400 1885 434 attentari.

1293 454 1307 497 ξ
1332 455 1360 487 7.
1393 455 1460 488 Non
1491 454 1685 488 obstantibus
1708 454 1910 498 praemissis,
1935 459 1984 494 et,

1249 512 1401 550 quatenus
1425 518 1505 551 opus
1530 507 1586 547 sit,
1610 508 1717 540 nostra
1735 512 1765 539 et
1782 505 1985 539 cancellariae

1249 560 1438 603 apostolicae
1463 560 1573 602 regula
1602 559 1639 592 de
1668 569 1730 592 non
1755 559 1892 592 tollendo
1917 559 1984 592 iure

1249 613 1400 656 quaesito,
1427 618 1456 645 et
1480 612 1578 645 felicis
1608 612 1836 645 recordationis
1865 611 1908 644 Pii
1933 611 1985 644 Pa-

1249 676 1305 709 pae
1338 666 1374 698 IV
1403 665 1659 709 ,praedecessoris
1690 664 1789 698 nostri
1814 664 1853 697 de
1876 664 1984 708 gratiis

1248 719 1478 762 qualecumque
1517 719 1668 751 interesse
1704 718 1803 751 dictae
1842 727 1984 751 camerae

1249 772 1509 805 concernentibus
1541 772 1582 815 in]
1605 771 1714 804 eedem
1747 771 1872 804 camera
1905 771 1985 804 intra

1249 830 1368 857 certum
1394 830 1467 858 tune
1492 834 1674 868 expressum
1699 829 1824 867 tempus
1840 833 1984 867 praesen-

1249 877 1347 911 tandis
1380 882 1409 910 et
1441 877 1666 920 registrandis,
1700 876 1776 910 itaut
1806 881 1984 920 praesentes

1248 930 1365 963 litteras
1395 929 1509 962 ibidem
1535 929 1727 973 praesentari
1758 934 1788 962 et
1821 927 1983 972 registrari

1247 993 1405 1026 nunquam
1431 993 1559 1016 necesse
1579 982 1627 1023 sit,
1645 982 1776 1025 aliisque
1792 981 1983 1026 apostolicis,

1247 1046 1282 1068 ac
1306 1035 1336 1068 in
1362 1035 1591 1068 universalibus
1616 1035 1923 1078 provincialibusque
1954 1039 1985 1067 et

1247 1089 1446 1133 synodalibus
1460 1089 1600 1122 conciliis
1614 1088 1713 1128 editis,
1730 1087 1927 1130 generalibus
1937 1087 1984 1120 vel

1246 1142 1442 1185 specialibus,
1457 1141 1731 1175 constitutionibus
1756 1146 1785 1173 et
1813 1140 1984 1174 ordinatio-

1246 1195 1347 1234 nibus,
1372 1204 1495 1228 necnon
1515 1194 1684 1234 civitatum,
1709 1193 1907 1236 oppidorum,
1928 1196 1985 1226 ter-

1247 1258 1362 1288 rarum,
1388 1248 1540 1287 locorum,
1566 1257 1600 1280 ac
1624 1247 1838 1287 ecclesiarum,
1859 1256 1984 1279 monas-

1247 1300 1408 1339 teriorum,
1434 1299 1657 1342 collegiorum,
1683 1304 1901 1340 conventuum,
1932 1308 1984 1331 or—

1245 1353 1377 1393 dinum,
1408 1352 1709 1395 congregationum,
1739 1351 1920 1385 societatum
1955 1355 1985 1384 et

1247 1406 1459 1439 institutorum
1485 1405 1708 1449 quorumlibet,
1726 1405 1832 1437 aliisve
1856 1403 1984 1448 quibus-

1247 1460 1300 1499 vis,
1322 1459 1414 1492 etiam
1440 1459 1626 1501 iuramento,
1647 1457 1885 1491 confirmatione
1909 1466 1984 1500 apo-

1246 1513 1366 1553 stolica,
1380 1513 1426 1545 vel
1440 1512 1548 1556 quavis
1573 1512 1721 1544 firmitate
1738 1511 1797 1543 alia
1817 1510 1983 1550 roboratis,

1246 1566 1377 1607 statutis,
1402 1566 1521 1606 usibus,
1543 1566 1627 1609 stylis
1644 1570 1673 1598 et
1690 1563 1981 1605 consuetudinibus,

1246 1619 1338 1652 etiam
1364 1619 1677 1659 immemorabilibus,
1700 1617 1873 1662 privilegiis
1897 1628 1980 1662 quo-

1245 1682 1325 1716 que,
1351 1672 1477 1705 indultis
1512 1677 1541 1704 et
1565 1670 1676 1705 litteris
1700 1670 1901 1714 apostolicis,
1926 1669 1983 1703 sub

1245 1726 1493 1769 quibuscumque
1513 1725 1682 1757 verborum
1704 1723 1866 1756 tenoribus
1879 1728 1910 1756 et
1926 1723 1984 1756 sor-

1247 1780 1313 1820 mis,
1328 1790 1362 1812 ac
1384 1790 1454 1812 cum
1474 1779 1634 1822 quibusvis
1652 1778 1743 1811 etiam
1769 1777 1983 1820 derogatoria-

1245 1844 1314 1865 rum
1339 1832 1557 1875 derogatoriis,
1583 1832 1714 1875 aliisque
1743 1830 1982 1871 efficacioribus,

1245 1885 1468 1918 efficacissimis
1493 1888 1522 1918 et
1546 1884 1678 1917 insolitis
1704 1883 1871 1924 clausulis,
1903 1882 1978 1915 irri-

1245 1939 1445 1981 tantibusque
1462 1943 1491 1970 et
1508 1937 1575 1970 aliis
1592 1937 1735 1977 decretis,
1757 1937 1787 1969 in
1805 1945 1920 1979 genere
1934 1934 1981 1968 vel

1246 1992 1275 2023 in
1299 1991 1413 2034 specie,
1438 2001 1474 2023 ac
1491 1991 1567 2023 alias
1580 1990 1610 2022 in
1625 1989 1816 2023 contrarium
1834 1988 1983 2033 praemis-

1244 2054 1350 2077 sorum
1365 2042 1776 2087 quomodolibetconcessis‚
1790 2041 1981 2075 confirmatis

1245 2102 1274 2129 et
1299 2097 1466 2135 innovatis,
1482 2096 1594 2140 quibus
1619 2095 1765 2128 omnibus
1789 2098 1818 2128 et
1839 2093 1980 2137 singulis,

1245 2150 1362 2184 etiamsi
1379 2160 1436 2193 pro
1451 2150 1575 2182 illorum
1594 2148 1758 2181 sufficienti
1779 2147 1981 2190 derogatione

1245 2203 1281 2235 de
1314 2203 1374 2235 illis
1406 2213 1580 2245 eorumque
1612 2201 1683 2234 totis
1715 2201 1876 2234 tenoribus
1910 2210 1979 2243 spe-

1245 2255 1351 2296 cialis,
1377 2255 1543 2298 specifica,
1575 2264 1722 2297 expressa
1747 2258 1777 2286 et
1800 2252 1980 2293 individua,

1244 2318 1279 2341 ac
1304 2308 1341 2340 de
1366 2308 1462 2340 verbo
1487 2307 1525 2340 ad
1546 2307 1689 2347 verbum,
1713 2316 1775 2339 non
1799 2311 1902 2339 autem
1923 2315 1980 2349 per

1245 2361 1396 2394 clausulas
1437 2361 1598 2403 generales
1635 2360 1716 2392 idem
1753 2360 1979 2403 importantes,

1245 2413 1361 2446 mentio
1381 2424 1434 2446 seu
1455 2413 1582 2457 quaevis
1599 2413 1659 2445 alia
1683 2412 1843 2456 expressio
1860 2417 1913 2445 aut
1928 2411 1980 2444 ali-

1243 2477 1302 2510 qua
1320 2467 1380 2499 alia
1405 2466 1558 2510 exquisita
1575 2466 1676 2499 forma
1692 2466 1730 2498 ad
1750 2466 1809 2498 hoc
1828 2463 1978 2498 servanda

1242 2521 1331 2561 foret,
1346 2525 1470 2554 tenores
1486 2519 1667 2553 huiusmodi
1684 2518 1899 2563 praesentibus
1916 2527 1975 2562 pro

1241 2575 1333 2619 plene
1357 2579 1387 2607 et
1410 2574 1601 2608 sufficienter
1625 2573 1781 2617 expressis
1798 2576 1828 2605 et
1852 2571 1976 2605 insertis

1995 195 2050 222 An.
2066 195 2094 223 C.
2109 197 2175 228 ¹6⁶0
2207 203 2210 219 ¹

2022 465 2132 488 Contrariis
2140 469 2172 490 ‹10-

2001 495 2065 517 rogat.
