2243 3205
5 3159 18 3205 ..v

86 182 136 212 Au.
159 181 189 210 G.
208 180 275 209 1662

122 723 173 744 ΰηη
190 723 266 745 ambas

82 749 204 776 rengiones.

105 2003 221 2025 Nonnullae
231 2009 263 2025 oi·-

77 2031 204 2052 diuationes.

882 179 1070 204 ALEXANDER
1094 179 1138 203 vn
1163 179 1211 203 1³1³.

282 227 419 262 iusmodi
440 227 622 272 proveniret
639 227 880 270 incrementum,
899 234 928 260 et
945 228 1026 260 inter

282 282 425 328 ipsarum
445 282 728 325 congregationum
746 282 940 326 professores
958 282 1026 314 clia-

281 335 392 376 ritatis,
413 335 611 379 aliarumque
634 335 856 378 religiosarum
875 335 1024 367 virtutum

282 388 385 422 studia
409 389 509 432 magis
544 389 705 432 magisque
730 389 761 421 in
786 389 851 421 dies
876 388 1026 421 florerent

283 447 313 474 et
338 442 499 485 vigerent:
525 442 598 474 hinc
623 446 669 474 est
693 442 777 484 quod
809 452 887 483 nos,
913 452 950 474 ex
974 452 1025 484 pa-

283 495 391 528 storali
411 495 505 529 officii
518 495 619 528 nostri
635 494 741 529 debito
758 495 940 528 earumdem
955 505 1026 528 con-

283 547 504 592 gregationum
528 548 610 581 felici
631 548 724 580 statui
744 553 774 581 et
792 547 967 581 commodis
981 558 1025 580 sa-

283 601 429 643 lubriter,
455 606 605 645 quantum
624 601 716 635 nobis
737 612 773 634 ex
791 601 852 635 alto
879 601 1021 634 concedi—

283 660 343 696 tur,
368 655 536 699 providere
560 656 732 699 cupientes,

326 710 342 753 ξ
365 709 394 744 2.
420 709 504 742 Motu
520 709 660 753 proprio,
681 714 711 742 et
727 719 764 742 ex
785 711 870 742 certa
895 707 1023 742 scientia

281 773 318 796 ac
343 764 465 795 matura
500 762 726 795 deliberatione
761 762 898 803 nostris,
923 762 1023 806 deque

281 816 470 860 apostolieae
488 817 651 860 potestatis
667 816 870 863 plenitudine,
898 816 1022 849 easdem

281 870 542 913 congregationes
578 870 805 903 monachorum
832 869 925 902 Vallis
950 869 1022 902 Um-

279 922 392 956 brosae
421 928 451 956 et
474 923 731 957 Silvestrinorum
756 928 1022 966 nuncupatorum,

280 987 316 1010 ae
341 976 446 1009 omnia
478 982 508 1008 et
539 976 662 1019 singula
698 976 862 1019 utriusque
896 976 1021 1008 illarum

282 1029 484 1069 monasteria,
505 1028 663 1072 grangias,
680 1034 861 1069 conventus,
880 1029 1021 1061 membra

279 1090 310 1118 et
326 1084 387 1117 alia
403 1084 472 1118 loca
488 1083 646 1127 regularia
673 1094 890 1127 quaecumque
903 1083 940 1115 ad
955 1083 1022 1115 illas

279 1137 389 1182 quovis
414 1137 508 1170 modo
532 1137 714 1181 spectantia,
735 1142 765 1170 et
788 1136 826 1169 ab
841 1136 927 1180 ‘ipsis
952 1147 1022 1169 con-

279 1192 515 1235 gregationibus
533 1219 540 1232 ,
565 1202 738 1236 earumque
763 1191 961 1224 monasteriis
993 1195 1022 1224 et

278 1246 355 1280 locis
376 1246 577 1289 regularibus
598 1245 894 1289 quomodocumque
909 1249 1021 1287 etqua-

279 1299 489 1342 litercumque
514 1298 732 1343 dependentia,
759 1298 789 1330 in
821 1308 914 1330 unam
940 1307 1018 1330 con-

279 1353 507 1397 gregationem,
526 1363 606 1396 quae
617 1352 826 1395 Congregatio
846 1351 937 1384 Vallis
952 1351 1021 1383 Um-

278 1406 392 1441 brosae
417 1412 448 1439 et
471 1406 653 1440 Silvestrina
670 1405 794 1439 Ordinis
812 1404 908 1437 saneti
928 1404 1021 1436 Bene-

278 1459 352 1493 dicti
376 1460 570 1503 nuncupari,
600 1464 630 1491 et
656 1457 831 1492 coniunctis
856 1457 1020 1489 ambarum

279 1513 561 1556 congregationum
587 1512 818 1556 praedictarum
845 1510 1020 1553 insignibus

278 1567 323 1601 uti
347 1567 470 1608 debeat,
488 1571 597 1600 tenore
627 1565 838 1610 praesentium
864 1570 1019 1608 perpetuo

278 1620 500 1663 coniungimus
518 1625 548 1653 et
572 1619 715 1652 unimus:
734 1619 885 1658 volentes,
903 1623 937 1650 ut
954 1618 1019 1650 uni—

278 1684 368 1707 versa
390 1673 598 1716 Congregatio
616 1673 660 1705 sic
677 1683 712 1705 ex
734 1672 856 1704 duabus
874 1671 907 1704 in
924 1682 1017 1704 unam

278 1727 465 1768 coalescens,
485 1726 516 1758 in
542 1730 604 1760 tres
628 1725 840 1769 professiones
866 1726 898 1757 in
923 1725 1019 1758 omni-

276 1781 335 1815 bus
360 1780 441 1814 inter
463 1790 506 1820 se,
524 1790 558 1813 ac
580 1779 704 1823 penitus
729 1785 759 1812 et
783 1779 910 1812 omnino
928 1789 1018 1812 coae-

278 1839 399 1880 quatas‚
417 1844 550 1877 quarum
569 1843 631 1866 una
646 1833 675 1867 S.
691 1833 860 1874 Benedicti,
874 1838 904 1865 et
921 1834 1018 1866 altera

277 1889 307 1924 S.
328 1887 451 1922 Ioannis
476 1886 648 1927 Gualberti,
668 1897 704 1920 ac
728 1887 820 1920 tertia
836 1887 1018 1920 Silvestrina

277 1941 450 1986 respective
474 1945 639 1982 vocentur,
664 1940 762 1972 divisa
787 1940 840 1972 sit:

322 1995 337 2038 ἓ
352 1993 382 2028 3.
400 1993 518 2027 Electio
534 1998 636 2026 autem
659 1993 779 2026 abbatis
804 1992 959 2035 generalis
979 1993 1019 2025 al-

278 2048 426 2081 ternatim
457 2053 487 2080 et
518 2058 576 2091 per
608 2052 735 2079 turnum
776 2046 857 2079 inter
893 2047 1017 2079 easdem

276 2101 487 2146 professiones
515 2101 578 2141 siat,
603 2104 632 2134 et
656 2100 752 2133 abbas
777 2100 933 2143 generalis
960 2111 1018 2144 pro

277 2160 420 2200 tempore
451 2155 568 2188 electus
600 2154 764 2187 universae
787 2153 1015 2197 Congregatio-

275 2210 324 2244 nis
349 2208 529 2243 huiusmodi
549 2213 641 2252 eaput
656 2207 775 2240 existat.
800 2207 1018 2246 Quandocum-

276 2275 338 2309 que
365 2274 439 2296 vero
463 2262 558 2295 abbas
579 2261 735 2304 generalis
753 2271 789 2294 ex
809 2262 871 2294 una
897 2261 1018 2304 profes-

277 2318 366 2352 sione
390 2317 501 2358 fuerit,
528 2315 702 2349 visitatores
732 2325 769 2348 ex
801 2314 869 2347 aliis
898 2314 1018 2347 duabus

276 2370 526 2425 professionibus
550 2374 758 2402 assumantur.
785 2368 883 2401 Porro
908 2367 1018 2401 electio

277 2425 399 2460 abbatis
427 2423 581 2467 generalis
604 2427 674 2466 post
690 2422 876 2455 modernum
896 2432 931 2454 ex
954 2427 1017 2455 toto

278 2478 400 2523 gremio
424 2476 552 2521 capituli
576 2475 730 2519 generalis
750 2475 788 2508 de
808 2476 943 2519 persona
967 2476 1018 2508 lia-

277 2531 333 2565 bili
357 2531 420 2571 fiat,
444 2529 531 2563 nullo
553 2528 659 2561 habito
683 2528 820 2561 adullam
845 2528 1015 2573 professio-

277 2595 349 2620 nem
374 2587 531 2626 respectu,
548 2587 578 2615 et
601 2581 689 2615 finito
713 2582 895 2624 generalatu
915 2580 1016 2623 electi,

361 2645 442 2676 Butl.
462 2646 545 2674 Rom.
587 2645 646 2673 Vol.
667 2644 741 2674 XVI.
903 2643 937 2672 98

1062 227 1171 260 eadem
1202 227 1303 260 forma
1334 226 1467 269 eligatur
1491 226 1529 258 ad
1561 225 1802 258 subsecuturum

1061 279 1302 323 quadriennium
1321 290 1400 312 unus
1426 290 1459 312 ex
1485 279 1680 323 professione
1704 278 1802 311 Silve-

1061 334 1170 374 sti-ina,
1197 334 1255 366 nIsi
1281 339 1384 366 tamen
1409 344 1445 366 ex
1466 333 1518 365 itta
1543 339 1721 376 assumptus
1742 332 1803 365 fue-

1061 387 1101 419 rit
1125 386 1221 419 abbas
1240 386 1395 429 generalis
1416 397 1473 429 pro
1491 386 1697 429 quadriennio
1718 389 1803 418 ante-

1061 439 1193 479 cedenti,
1213 439 1290 472 itaut
1318 449 1335 471 a
1363 439 1467 483 primo
1492 439 1591 472 electo
1616 444 1727 471 turnus
1748 449 1802 470 seu

1060 493 1243 526 alternatira
1268 493 1404 536 incipiat.

1105 546 1119 589 ἓ
1143 546 1173 578 4.
1199 546 1376 579 Statuentes
1407 550 1441 578 ut
1474 545 1598 589 quando
1622 544 1717 577 abbas
1742 555 1799 587 ge-

1060 599 1175 632 neralis
1200 599 1295 632 fuerit
1320 610 1355 632 ex
1382 598 1486 642 aliqua
1510 599 1664 632 dictarum
1686 599 1803 642 profes-

1060 653 1183 686 sionum
1202 652 1231 685 S.
1251 652 1408 686 Benedicti
1440 657 1471 684 et
1495 652 1524 685 S.
1555 651 1678 684 loannis
1702 652 1798 685 Gual-

1059 707 1161 747 berti,
1188 707 1322 740 vicarius
1355 706 1511 749 generalis
1548 706 1801 749 congregationis

1058 760 1238 794 huiusmodi
1264 771 1388 804 semper
1410 760 1448 792 sit
1477 770 1513 792 ex
1537 759 1729 803 professione
1743 759 1801 792 Sit-

1060 815 1206 854 vestrina,
1224 819 1252 847 et
1278 815 1343 847 vice
1372 813 1473 853 versa,
1495 814 1519 846 si
1547 824 1581 846 ex
1606 813 1800 856 professione

1058 867 1240 901 Silvestrina
1264 867 1360 900 fuerit
1383 867 1480 899 abbas
1505 866 1671 909 generalis,
1688 877 1724 898 ex
1746 866 1801 898 ali-

1057 922 1119 963 qua
1144 920 1375 963 praedictarum
1394 920 1422 953 S.
1441 919 1599 952 Benedicti
1620 924 1649 952 et
1666 920 1694 952 S.
1713 919 1800 952 Ioan-

1057 973 1104 1005 nis
1120 973 1280 1007 Gualberti
1300 973 1533 1017 professionum
1559 977 1736 1005 assumatur
1753 973 1798 1005 vi-

1057 1027 1160 1059 carius
1184 1027 1349 1069 generalis.
1375 1027 1463 1066 Quod
1480 1026 1505 1060 si
1522 1026 1610 1070 prius
1635 1027 1751 1059 electus
1768 1026 1799 1058 in

1057 1080 1201 1113 abbatem
1227 1080 1425 1124 generalem¹
1444 1091 1523 1114 unus
1541 1091 1576 1113 ex
1597 1080 1646 1112 itta
1663 1080 1796 1112 aliarum

1057 1134 1190 1167 duarum
1216 1134 1461 1178 professionum,
1483 1144 1562 1177 quae
1587 1133 1730 1166 abbatem
1749 1144 1799 1176 ge-

1056 1188 1195 1220 neralem
1214 1187 1244 1219 in
1261 1187 1350 1230 prius
1367 1186 1546 1219 immediate
1563 1197 1625 1219 non
1643 1186 1796 1220 habuerit.

1058 1241 1197 1273 Vicarius
1232 1246 1336 1274 autem
1370 1241 1527 1283 generalis
1559 1240 1731 1273 secundum
1767 1240 1797 1272 in

1057 1293 1204 1326 universa
1227 1293 1477 1336 Congregatione
1494 1293 1674 1326 huiusmodi
1693 1293 1796 1325 locum

1057 1347 1190 1387 habeat,
1211 1347 1360 1391 omnique
1384 1347 1530 1380 facultate
1545 1373 1552 1387 ,
1577 1357 1655 1389 quae
1682 1346 1797 1379 vicario

1055 1401 1194 1443 generali
1231 1407 1410 1445 competere
1447 1401 1525 1434 solet
1550 1400 1796 1444 (praeterquam

1055 1454 1201 1497 eligendi,
1219 1455 1267 1488 vel
1292 1454 1473 1488 removendi
1499 1454 1678 1497 superiores
1703 1459 1732 1486 et
1756 1454 1797 1487 of-

1056 1507 1181 1548 ficiales,
1199 1518 1234 1540 ac
1259 1508 1409 1548 mutandi,
1424 1518 1478 1540 seu
1504 1506 1708 1539 transferendi
1735 1517 1796 1539 mo-

1027 1567 1031 1570 ’
1054 1561 1170 1594 nachos
1195 1561 1233 1594 ab
1259 1571 1320 1594 uno
1334 1561 1403 1594 loco
1419 1561 1449 1593 in
1463 1561 1557 1593 alium
1572 1560 1689 1603 absque
1709 1570 1796 1593 occa-

1054 1614 1142 1647 sione
1166 1614 1270 1657 gravis
1296 1613 1432 1647 scandali
1458 1618 1488 1645 et
1513 1623 1603 1645 casus
1629 1613 1794 1656 urgentis)

1053 1668 1201 1711 potiatur,
1220 1672 1250 1700 et
1266 1667 1297 1699 in
1311 1677 1384 1700 casu
1402 1666 1571 1700 vacationis
1596 1666 1794 1708 generalatus

1053 1720 1198 1753 succedat
1226 1720 1360 1753 vicarius
1377 1719 1532 1762 generalis
1554 1719 1584 1751 in
1602 1718 1747 1751 omnibus
1766 1722 1795 1752 et

1053 1784 1109 1817 per
1127 1774 1241 1814 omnia,
1259 1784 1329 1806 eum
1355 1772 1539 1805 auctoritate
1559 1772 1679 1804 abbatis
1704 1782 1795 1815 gene-

1054 1829 1125 1862 ralis
1151 1839 1250 1872 usque
1284 1828 1322 1860 ad
1353 1838 1466 1861 novam
1503 1827 1689 1860 electionem
1714 1838 1794 1870 quae

1053 1883 1144 1916 tertia
1168 1882 1326 1915 dominica
1351 1887 1421 1925 post
1441 1881 1558 1914 Pascha
1583 1881 1794 1914 Resurrectio-

1052 1937 1100 1969 nis
1122 1936 1302 1969 Dominieae
1326 1935 1518 1967 vacationem
1536 1934 1716 1967 huiusmodi
1737 1934 1794 1966 im-

1053 1989 1186 2023 mediate
1210 1989 1422 2032 subsequente
1446 1987 1514 2020 fieri
1539 1987 1659 2020 debeat.

1097 2043 1112 2086 ἓ
1136 2042 1164 2075 5.
1191 2042 1355 2075 Praeterea
1380 2041 1554 2082 statuimus,
1572 2045 1605 2072 ut
1629 2039 1793 2073 universae

1052 2095 1310 2138 Congregationis
1334 2094 1512 2138 praedictae
1530 2094 1560 2126 in
1582 2094 1723 2126 Romana
1744 2104 1794 2125 cu-

1053 2152 1099 2183 ria
1120 2155 1308 2194 procurator
1333 2149 1498 2192 generalis,
1524 2149 1736 2193 pariformiter
1757 2149 1792 2180 si-

1053 2209 1104 2237 cut
1129 2204 1224 2236 abbas
1249 2203 1414 2246 generalis,
1435 2203 1610 2236 alternatim
1636 2202 1790 2244 eligatur,

1053 2268 1123 2291 eum
1149 2257 1334 2290 restrictivis
1353 2261 1382 2290 et
1399 2256 1546 2290 clausulis
1560 2266 1654 2299 supra
1668 2266 1792 2299 expres-

1052 2312 1093 2345 sis
1118 2311 1221 2355 quoad
1246 2311 1428 2344 electionem
1463 2309 1583 2342 abbatis
1619 2309 1790 2351 generalis;

1053 2366 1093 2398 ita
1119 2371 1220 2398 tamen
1240 2369 1282 2404 ut,
1302 2364 1327 2397 si
1352 2364 1455 2407 prima
1481 2364 1546 2396 rice
1571 2362 1666 2395 abbas
1691 2373 1788 2406 genc-

1052 2418 1125 2451 ralis
1150 2429 1185 2451 ex
1211 2417 1405 2461 professione
1438 2415 1618 2450 Silvestrina
1642 2426 1704 2450 non
1730 2416 1787 2449 eli-

1088 2499 1097 2524 l
1116 2497 1209 2524 Nullus
1224 2504 1319 2523 sensus
1331 2499 1380 2528 est,
1393 2494 1443 2521 nisi
1454 2494 1537 2521 addas
1549 2502 1580 2521 ex
1595 2494 1659 2521 edit.
1671 2494 1789 2522 Cherub.

1050 2542 1086 2569 sit
1107 2550 1142 2568 ea:
1159 2541 1336 2577 professione
1351 2540 1381 2567 S.
1398 2539 1546 2573 Syhestri,
1564 2541 1628 2573 post
1643 2540 1719 2566 hunc
1739 2539 1790 2566 eli-

1049 2590 1136 2623 ,qacur
1155 2587 1187 2616 in
1203 2587 1334 2616 abbatem
1349 2586 1525 2621 yeme-ratem,
1546 2589 1598 2613 etc.
1615 2585 1652 2620 (a.
1669 2584 1717 2619 T.).

1711 168 1772 201 777
1819 176 1871 202 An.
1889 175 1915 202 C.
1934 174 2003 202 1662
