2202 3190
273 204 321 231 ΑΒ.
342 203 370 230 C.
389 204 450 231 teet

322 268 456 288 Confirmatio

274 295 362 315 det-rent

276 1563 279 1566 Ι
290 1535 400 1557 Decretum
421 1537 446 1557 ir-

262 1565 336 1584 filans.

277 2224 391 2246 cunum-iis
407 2226 443 2246 de-

261 2253 328 2277 rogat.

502 195 564 228 716

516 254 530 295 g
554 253 583 285 1.
608 253 682 285 Cum
700 258 814 293 autem,
834 253 913 287 sicut
933 254 1040 287 eadem
1056 256 1208 299 expositio

472 306 689 348 subiungebat,
707 306 751 338 et¹
766 307 838 339 dieti
855 313 1044 350 exponentes
1056 309 1145 341 nobis
1157 320 1210 341 nu—

471 369 527 402 per
544 359 654 402 exponi
681 359 831 400 fecerunt,
849 360 905 404 ipsi
924 361 1083 393 decretum
1107 362 1209 394 liuius-

472 412 574 451 modi,
611 423 667 455 pro
704 413 836 445 firmiori
875 414 957 447 illius
991 415 1207 455 subsistentia,

470 465 660 508 apostolieae
681 466 928 500 confirmationis
948 473 1072 500 nostrae
1095 468 1208 501 robore

470 518 658 550 communiri
689 529 891 562 summopere
917 519 1109 553 desiderent:
1136 531 1207 560 nos,

469 571 634 613 specialem
662 571 737 614 ipsis
755 573 984 615 exponentibus
1011 573 1142 615 gratiam
1168 575 1209 606 sa-

469 634 540 655 ccre
563 624 716 665 volentes,
743 631 772 657 et
797 636 906 658 eorum
933 626 1106 668 singulares
1136 638 1207 669 per-

469 687 559 709 sonas
596 688 612 709 a
651 678 812 721 quibusvis
853 680 1207 721 exeomtminieationis,

468 731 681 774 suspensionis
706 737 735 764 et
761 732 934 774 interdicti,
959 733 1089 776 aliisquo
1113 734 1208 766 eccle-

468 784 599 817 siasticis
624 785 795 827 sententiis,
821 786 962 818 censuris
988 791 1017 818 et
1041 787 1164 829 poeniS‚
1191 797 1207 818 a

467 836 534 869 iure
553 838 598 869 xel
620 838 658 870 ab
680 838 816 879 homine,
843 839 950 881 quavis
976 839 1139 872 occasione
1159 840 1204 871 vel

467 892 559 921 causa
585 891 664 931 latis,
685 891 710 923 si
728 891 841 934 quibus
858 892 1095 934 quomodolibet
1122 893 1207 925 inno-

466 941 554 975 datae
580 943 729 985 existunt,
755 944 792 976 ad
818 944 963 976 effectum
993 945 1204 988 praesentium

465 995 626 1028 dumtaxat
644 997 908 1040 consequendum,
926 998 1038 1030 harum
1059 999 1138 1031 serie
1156 999 1205 1031 ab·

465 1049 620 1081 solventes
641 1054 670 1082 et
686 1050 842 1083 absolutas
859 1050 927 1083 sore
946 1056 1116 1093 censentes,
1132 1062 1205 1095 sup-

464 1102 686 1144 plicationibus
712 1113 820 1135 eorum
846 1103 974 1136 nomine
998 1104 1088 1137 nobis
1111 1115 1206 1148 super

464 1154 524 1187 hoc
549 1155 709 1188 humiliter
734 1156 888 1198 porrectis
914 1157 1066 1199 inclinati,
1100 1158 1205 1191 decre-

464 1211 528 1241 tum
553 1209 793 1251 praeinsertum,
819 1210 1003 1243 auctoritate
1024 1212 1204 1254 apostolica,

464 1266 572 1294 tenore
600 1262 822 1305 praesentium,
849 1263 1074 1296 confirmamus
1098 1269 1127 1297 et
1152 1275 1204 1308 ap-

464 1314 650 1357 probamus,
677 1316 784 1359 illique
801 1316 990 1349 inviolabilis
1015 1318 1204 1360 apostolicae

463 1368 619 1401 firmitatis
648 1369 748 1401 robur
776 1369 956 1410 adiieimus;
986 1370 1069 1402 salva
1100 1375 1203 1404 tamen

464 1430 589 1464 semper
604 1421 633 1453 in
648 1421 830 1464 praemissis
844 1423 1029 1455 auctoritaie
1046 1424 1203 1466 praefatae

464 1475 716 1516 congregationis
743 1475 959 1508 cardinalium.

506 1527 520 1569 ἓ
549 1527 577 1559 2.
614 1528 822 1561 Decernentes
858 1529 982 1561 easdem
1020 1535 1202 1572 praesentes

462 1579 580 1612 litteras
597 1591 722 1624 semper
738 1582 855 1622 firmas,
876 1583 991 1614 validas
1013 1588 1042 1614 et
1060 1583 1201 1616 efficaces

461 1633 593 1666 existere
617 1640 647 1666 et
672 1635 748 1675 sore,
773 1646 909 1679 suosque
934 1636 1093 1679 plenarios
1110 1642 1140 1669 et
1158 1637 1201 1669 in-

459 1690 566 1729 tegros
591 1687 719 1720 effectus
744 1689 848 1722 sortiri
875 1694 905 1721 et
929 1689 1082 1730 obtinere,
1107 1700 1142 1722 ac
1164 1690 1200 1722 il-

458 1739 506 1779 lis,
531 1740 569 1772 ad
593 1751 670 1784 quos
685 1745 803 1784 spectat
827 1746 857 1774 et
883 1753 943 1785 pro
964 1748 1107 1786 tempore
1132 1754 1201 1787 spe-

458 1794 574 1836 ctabit,
604 1795 785 1838 plenissime
810 1795 997 1838 suffragari,
1030 1797 1137 1840 sicque
1169 1798 1200 1829 in

456 1847 637 1890 praemissis
653 1859 708 1891 per
726 1859 942 1892 quoscumque
967 1849 1084 1883 iudices
1109 1850 1197 1883 ordi-

456 1900 561 1932 narios
579 1905 608 1932 et
621 1900 790 1943 delegatos,
804 1902 898 1934 etiam
913 1913 1079 1935 causarum
1095 1904 1198 1946 palatii

456 1953 617 1995 apostolici
647 1954 826 1997 auditores,
856 1955 986 1987 iudicari
1012 1961 1041 1988 et
1072 1956 1198 1989 definiri

456 2005 592 2048 debere,
619 2017 654 2040 ac
679 2007 802 2039 irritum
825 2013 855 2040 et
875 2008 975 2049 inane,
997 2008 1021 2041 si
1047 2019 1135 2042 secus
1153 2020 1199 2042 su-

456 2069 514 2103 per
544 2059 591 2092 his
616 2070 633 2092 a
657 2071 838 2104 quoquam,
867 2062 974 2104 quavis
1001 2063 1196 2105 auctoritate,

457 2111 590 2145 scienter
614 2113 661 2145 vel
687 2113 883 2156 ignoranter,
904 2114 1071 2157 contigerit
1099 2120 1198 2148 atten-

458 2166 525 2198 tari.

502 2218 558 2262 53.
576 2220 642 2252 Non
656 2219 850 2253 obstantibus
870 2221 1144 2254 constitutionibus
1168 2227 1197 2255 et

458 2272 706 2306 ordinationibus
727 2274 916 2316 apostolicis,
937 2285 1069 2317 necnon,
1093 2280 1197 2318 quate-

458 2334 515 2357 nus
540 2335 620 2369 opus
644 2326 692 2366 sit,
718 2327 900 2369 quorumvis
921 2327 1083 2368 ordinum,
1102 2329 1194 2361 etiam

458 2377 648 2419 iuramento,
673 2380 911 2414 confirmatione
936 2381 1121 2424 apostolica,
1147 2382 1194 2414 vel

457 2431 564 2473 quavis
595 2432 742 2465 firmitate
770 2434 830 2466 alia
865 2434 1042 2475 roboratis,
1072 2435 1194 2468 statutis

457 2488 487 2515 et
505 2486 792 2528 consuctudinibus,
806 2487 979 2531 privilegiis
996 2499 1130 2532 quoque,
1151 2488 1194 2520 in-

495 2602 506 2627 1
528 2601 667 2629 Coniunct.
683 2604 707 2629 et
722 2610 772 2629 nos
791 2602 915 2631 addimus
929 2605 967 2638 (R.
983 2604 1032 2638 T.).

1043 207 1221 232 BULLARIUM
1244 206 1399 231 ROMANUM

1243 255 1336 287 (tultis
1354 260 1383 287 et
1399 254 1510 287 litteris
1535 255 1723 298 apostolicis,
1744 256 1773 288 in
1789 258 1980 291 contrarium

1244 308 1487 351 praemissorum
1498 309 1732 352 quomodolibet
1742 311 1904 351 concessis,
1912 322 1981 344 eon-

1242 361 1374 393 lirmatis
1398 367 1427 394 et
1452 361 1622 402 innovatis,
1640 362 1753 405 quibus
1784 363 1928 396 omnibus
1952 369 1982 397 et

1243 414 1382 456 singulis,
1403 414 1528 448 illorum
1551 420 1675 448 tenores
1692 415 1907 459 praesentibus
1924 427 1981 459 pro

1242 468 1332 510 plene
1350 472 1378 501 et
1395 469 1584 501 sufficienter
1605 469 1760 513 expressis
1781 475 1810 502 et
1830 469 1866 502 de
1886 470 1981 503 verbo

1243 520 1279 552 ad
1306 521 1436 554 verbum
1463 522 1588 554 insertis
1611 523 1783 562 habentes,
1816 522 1877 554 illis
1906 522 1981 555 alias

1242 573 1272 605 in
1299 585 1355 607 suo
1381 575 1495 608 robore
1520 576 1746 619 permansuris,
1771 575 1808 608 ad
1830 576 1981 619 praemis-

1242 636 1348 658 sorum
1375 628 1529 669 effectum,
1551 629 1608 661 liae
1626 629 1692 661 viee
1717 629 1886 668 dumtaxat,
1908 639 1980 672 spe-

1241 679 1362 712 cialiter
1376 687 1404 713 et
1419 692 1563 725 expresse
1581 682 1788 725 derogamus3
1807 682 1981 726 ceterisque

1241 734 1406 766 contrariis
1431 735 1691 779 quibuscumque.

1284 786 1395 819 Datum
1424 787 1455 819 in
1480 789 1560 821 Arce
1585 789 1772 832 Gandulplii‚
1798 789 1980 821 Albancnsis

1240 839 1402 880 dioecesis,
1429 841 1485 873 sub
1499 842 1614 875 annulo
1629 842 1806 883 Piscatoris‚
1826 842 1875 874 die
1890 852 1980 876 xxvn

1240 893 1377 925 octobris
1408 903 1533 934 MDCth,
1561 895 1760 938 pontificatus
1791 895 1890 928 nostri
1918 905 1980 927 an-

1239 955 1279 978 no
1298 956 1350 979 vlt.

1275 1006 1333 1034 Dat.
1356 1008 1398 1035 die
1414 1008 1446 1036 27
1464 1009 1583 1036 octobris
1599 1011 1678 1043 1661,
1696 1011 1790 1046 pontif.
1809 1018 1878 1037 anno
1896 1018 1941 1038 vu.

1540 1151 1681 1184 CCCLlX.

1238 1228 1438 1271 Approbatio
1471 1230 1737 1263 constitutionum
1763 1236 1790 1263 el
1816 1232 1973 1274 reforma-

1284 1282 1408 1314 tionum
1437 1282 1646 1325 colleqiorum
1675 1284 1923 1327 Caprctm'censis
1947 1289 1977 1318 et

1281 1334 1438 1375 Nardini,
1452 1347 1521 1368 cum
1544 1338 1767 1379 suppressione
1788 1339 1976 1380 protectoris

1281 1388 1360 1419 dicti
1384 1388 1513 1431 collegye'e‘
1539 1390 1799 1432 Cupram'ceusz's,
1825 1401 1872 1431 ac,
1899 1401 1977 1434 qua-

1283 1445 1373 1473 tenus
1390 1452 1469 1484 opus
1485 1441 1539 1481 sil,
1564 1453 1645 1474 uova
1664 1445 1820 1476 concessio
1840 1444 1976 1476 iurisdi-

1282 1494 1407 1533 ctiom‘s,
1432 1495 1586 1537 [suberm'i
1610 1499 1638 1527 et
1663 1495 1808 1528 aliorum
1832 1496 1976 1529 eiusdem

1281 1547 1409 1590 colleqii
1433 1548 1618 1580 custodibus
1645 1553 1673 1581 et
1703 1549 1974 1591 qubernatoribus

1279 1601 1652 1644 areliiconsrateruz'lalis
1673 1602 1704 1635 S.
1731 1602 1910 1635 Salvatorz‘s
1930 1602 1973 1635 ad

1279 1654 1398 1686 Sancta
1411 1654 1602 1687 Sanctorum
1622 1655 1716 1688 iuxta
1729 1656 1868 1698 formam
1882 1666 1976 1699 prae-

1279 1706 1443 1739 dictarum
1467 1708 1743 1741 constitutionmn.

1427 1787 1592 1814 Alexander
1617 1789 1696 1822 Papa
1716 1789 1779 1820 vn,

1359 1831 1395 1858 ad
1415 1834 1589 1865 perpetuam
1609 1832 1653 1859 rei
1669 1833 1849 1860 memoriam.

1278 1901 1292 1944 ἓ
1318 1901 1346 1933 1.
1372 1902 1463 1944 Alias,
1482 1907 1648 1945 postquam
1675 1903 1776 1935 bonae
1801 1903 1973 1936 memoriae

1233 1954 1414 1987 Dominicus
1435 1966 1530 1987 unum
1549 1955 1775 1999 Capranicense
1800 1961 1829 1989 et
1845 1956 1973 2000 Stepha-

1232 2017 1290 2039 nus
1314 2007 1343 2040 S.
1370 2009 1402 2041 R.
1430 2009 1462 2040 E.
1488 2008 1662 2041 cardinales
1686 2009 1723 2042 de
1748 2009 1917 2052 Capranica
1941 2015 1972 2043 et

1232 2060 1406 2102 Nardinus,
1433 2061 1604 2104 respective
1629 2062 1811 2105 nuncupati,
1836 2062 1969 2096 alterum

1232 2113 1402 2146 Nardinum
1424 2115 1598 2157 respective
1630 2120 1809 2158 nuncupata
1837 2116 1969 2158 collegia

1232 2167 1262 2199 in
1288 2167 1369 2200 Urbe
1393 2168 1617 2210 fundaverant,
1642 2174 1806 2201 erexerant
1826 2174 1856 2202 et
1880 2169 1968 2202 dota-

1232 2225 1358 2261 verant,
1389 2231 1424 2253 ac
1456 2221 1692 2255 constitutiones
1717 2227 1746 2254 et
1771 2227 1885 2254 statuta
1909 2233 1968 2265 pro

1232 2275 1307 2314 vita,
1333 2274 1487 2313 moribus,
1513 2274 1630 2317 babitu,
1656 2275 1768 2308 vestitu
1793 2279 1822 2308 et
1846 2275 1965 2318 profes-

1230 2327 1317 2360 sione
1343 2327 1417 2360 inibi
1444 2327 1633 2360 studentium
1652 2328 1842 2360 scholarium
1867 2327 1969 2360 edide-

1229 2386 1313 2420 rant,
1338 2392 1373 2413 ac
1398 2381 1581 2414 eorumdem
1612 2381 1817 2424 collegiorum
1850 2381 1967 2424 guber-

1228 2438 1353 2466 natores
1380 2439 1452 2466 tunc
1482 2438 1511 2466 et
1543 2444 1602 2477 pro
1631 2439 1774 2477 tempore
1799 2433 1964 2467 existentes

1228 2486 1373 2520 custodes
1406 2487 1448 2530 pii
1482 2487 1646 2530 hospitalis
1671 2487 1820 2530 lmaginis
1844 2486 1874 2519 S.
1903 2486 1965 2519 Sal-

1227 2540 1343 2573 vatoris
1367 2539 1405 2572 ad
1429 2540 1541 2573 Sancta
1572 2541 1758 2573 Sanctorum
1786 2540 1825 2572 de
1855 2538 1963 2572 eadem

1227 2594 1309 2628 Urbe
1333 2599 1514 2628 creaverant
1525 2599 1556 2628 et
1568 2604 1636 2628 esse
1652 2594 1823 2637 voluerant,
1840 2602 1963 2627 necnon

1994 209 2042 237 An.
2063 209 2094 238 G.
2109 210 2174 241 ¹66¹

2011 1911 2098 1935 Μοιίνι.
