2243 3205
219 183 266 208 An.
284 183 312 208 c.
338 182 403 210 ¹658
449 172 512 206 38ss

225 457 334 477 Contraria
347 455 404 473 tollit,

270 1889 292 1909 Ti
299 1892 416 1915 ansuinpto⁴

235 1921 278 1936 rum
295 1916 353 1936 fides.

419 229 541 262 definiri
568 229 703 271 debere,
729 240 764 262 ac
788 229 912 263 irritum
938 235 968 262 et
992 230 1103 271 inane,
1132 231 1174 264 sit

419 293 508 315 secus
533 292 628 325 super
654 282 700 314 bis
731 292 748 314 a
776 292 946 326 quoquam,
975 283 1083 326 quavis
1108 258 1175 327 ati-i

421 335 573 375 ctoritate,
588 335 722 368 scienter
740 335 787 367 vel
808 335 1001 378 ignoranter,
1023 337 1158 379 contige·
1174 352 1175 355 ¹

421 387 460 420 rit
485 388 640 420 attentari.

466 440 521 483 ἐῢ.
541 441 608 474 Non
629 440 824 474 obstantibus
838 441 1112 474 constitutionibus
1131 447 1160 474 et

423 493 672 526 ordinationibus
697 493 895 536 apostolicis,
919 494 1012 526 etiam
1045 494 1075 525 in
1106 504 1158 536 ge-

422 545 581 578 neralibus
606 546 746 579 conciliis
772 545 871 589 editis,
892 546 1066 590 privilegiis
1086 541 1177 590 quo-¹

423 610 492 642 que,
514 599 642 632 indultis
667 605 696 632 et
718 599 830 632 litteris
854 600 1044 643 apostolicis,
1061 600 1177 650 eccle-⁴¹

423 653 486 694 siis,
512 654 627 697 regnis,
652 653 805 697 personis,
831 654 987 697 capitulis,
1009 653 1177 687 monaste-¹

423 706 494 746 riis,
521 706 741 747 conventibus,
766 706 907 750 collegiis
932 712 961 739 et
984 706 1052 739 aliis
1071 697 1178 750 prae-i

424 759 535 800 dictis,
568 759 624 792 sub
657 759 907 803 quibuscumque
939 759 1100 792 tenoribus
1132 763 1178 791 et*

424 812 548 853 formis,
574 823 608 846 ac
634 823 705 845 cum
730 812 890 856 quibusvis
915 811 1007 845 etiam
1033 811 1162 854 deroga-

425 865 577 898 toriarum
604 865 827 908 derogatoriis‚
852 865 983 908 aliisque
1009 864 1179 897 efficacio-=

424 918 525 959 ribus
552 919 774 952 efficacissimis
799 924 828 952 et
853 918 984 952 insolitis
1005 917 1162 959 clausulis,

424 971 687 1015 irritantibusque
705 976 734 1005 et
751 971 819 1004 aliis
836 971 978 1013 decretis,
999 970 1029 1017 in
1046 980 1162 1014 genere

426 1025 473 1057 vel
498 1025 529 1057 in
554 1025 667 1068 specie,
685 1035 720 1058 ac
734 1025 808 1057 alias
821 1024 852 1057 in
866 1016 1059 1057 contrariuin
1074 1034 1163 1068 prae-

426 1078 596 1110 missorum
610 1077 848 1121 quomodolibet
868 1077 1034 1118 concessis,
1051 1087 1163 1121 appro-

426 1131 506 1164 batis
521 1134 550 1165 et
563 1131 734 1171 innovatis3
759 1130 873 1174 quibus
897 1131 1044 1164 omnibus
1059 1137 1089 1164 et
1106 1131 1164 1163 sin-

427 1184 519 1228 gulis,
543 1185 663 1218 etiamsi
688 1196 747 1229 pro
767 1185 933 1218 sufficienti
957 1185 1083 1219 illorum
1104 1186 1160 1219 de-

427 1239 591 1282 rogatione
604 1239 642 1272 de
656 1239 716 1272 illis
726 1249 901 1283 eorumque
916 1240 988 1273 totis
1003 1240 1164 1274 tenoribus

427 1293 583 1336 specialis,
594 1292 741 1336 specifica
751 1297 781 1325 et
791 1292 961 1334 individua,
973 1304 1008 1326 ac
1017 1294 1054 1327 de
1069 1294 1164 1328 verbo

429 1347 465 1379 ad
481 1347 621 1387 verbum,
639 1357 702 1380 non
719 1350 822 1380 autem
835 1357 891 1390 per
904 1347 1058 1380 clausulas
1075 1358 1165 1390 gene·
1180 1390 1182 1401 Ι

428 1400 510 1433 rales
530 1400 612 1433 idem
634 1400 850 1443 importantes,
868 1400 985 1433 mentio
1003 1410 1057 1433 seu
1075 1412 1165 1444 quae·
1180 1417 1182 1425 ι

429 1453 474 1486 vis
499 1454 557 1485 alia
582 1453 741 1497 expressio
762 1453 905 1486 habenda
922 1459 1013 1494 esset,
1038 1454 1164 1488 illorum

428 1511 569 1547 tenores,
595 1518 629 1539 ac
650 1507 674 1539 si
699 1506 737 1539 de
755 1506 853 1540 verbo
870 1507 908 1539 ad
933 1507 1062 1540 verbum
1088 1507 1165 1540 nihil

429 1560 553 1605 penitus
577 1559 693 1593 omisso
718 1560 981 1603 exprimerentur,
998 1561 1167 1604 praesenti-

429 1614 488 1646 bus
514 1623 573 1656 pro
593 1613 683 1656 plene
701 1618 731 1645 et
748 1613 941 1645 sufficienter
965 1613 1121 1657 expressis
1138 1619 1168 1646 et

430 1666 554 1699 insertis
572 1666 731 1707 babentes,
749 1665 809 1698 illis
831 1665 906 1699 alias
930 1666 962 1698 in
979 1676 1035 1699 suo
1052 1666 1168 1700 robore

431 1719 657 1762 permansuriS,
682 1718 719 1751 ad
748 1719 994 1762 praemissorum
1023 1719 1168 1753 effectum

432 1772 608 1816 specialiter
630 1777 659 1804 et
683 1783 829 1816 expresse
853 1772 1062 1816 derogamus,
1087 1778 1186 1809 cete-³

433 1826 538 1869 risque
563 1826 728 1858 contrariis
753 1826 1015 1871 quibuscumque.
1185 1844 1186 1857 i

477 1882 491 1922 ς’
518 1880 544 1911 7.
573 1880 609 1912 Ut
634 1883 736 1913 autem
766 1885 945 1923 praesentes
972 1885 1097 1914 nostrae
1121 1881 1187 1914 lit-³

434 1939 529 1975 torae,
556 1944 626 1966 cum
653 1944 730 1977 opus
756 1933 858 1974 suerit,
873 1933 910 1966 ad
925 1934 1064 1967 omnium
1090 1935 1169 1968 noti-

433 1988 506 2018 tiam
526 1986 646 2019 facilius
663 1986 810 2020 devenirc
825 1987 954 2030 possint,
969 1988 1170 2021 decernimus

432 2045 467 2071 ut
484 2050 590 2072 earum
617 2039 776 2083 exemplis,
795 2040 887 2072 etiam
913 2040 1084 2084 impressis,
1110 2052 1171 2075 ina-

432 2103 475 2126 nu
502 2092 632 2125 alicuius
652 2093 765 2125 notarii
786 2093 903 2136 publici
927 2094 1122 2138 subscriptis,
1143 2101 1172 2128 et

432 2157 585 2191 personae
606 2146 634 2178 in
653 2146 802 2189 dignitate
824 2148 1033 2181 ecclesiastica
1058 2150 1172 2182 consti-

434 2205 517 2232 tutae
535 2199 637 2242 sigillo
655 2200 792 2240 munitis,
813 2200 921 2233 eadem
948 2212 1078 2244 prorsus
1096 2202 1189 2246 fides,

435 2253 467 2284 in
492 2252 607 2285 iudicio
633 2258 659 2285 et
679 2256 765 2286 extra
783 2253 978 2295 adhibeatur,
1003 2266 1081 2298 quac
1100 2251 1190 2302 ipsis}

436 2306 653 2350 praesentibus
679 2307 889 2349 adhiberetur,
915 2307 940 2340 si
964 2308 1063 2341 forent
1090 2309 1174 2343 exbi-

436 2359 517 2392 bitae
543 2360 588 2392 vel
615 2365 765 2392 ostensae.

481 2411 591 2444 Datum
614 2412 741 2453 Romae,
763 2413 845 2456 apud
871 2414 899 2446 S.
925 2413 1052 2446 Mariam
1079 2414 1173 2448 Maio-

438 2474 514 2505 rem,
526 2465 583 2497 sub
595 2466 711 2498 annulo
726 2466 904 2507 piscatoris,
915 2467 965 2499 die
975 2477 1027 2501 xlv
1037 2473 1174 2512 septem-

437 2517 503 2549 bris
524 2519 889 2562 MDCLVltt,pont1'slCfltus
909 2521 1007 2553 nostri
1025 2531 1107 2554 anno
1128 2531 1170 2554 ιν.

474 2578 530 2606 Dat.
549 2579 590 2607 (lie
614 2581 643 2606 14
659 2581 822 2616 septembris
843 2582 918 2617 1658,
935 2582 1031 2618 pontif.
1052 2590 1121 2612 anno
1137 2591 1172 2611 1v.

1004 183 1181 207 BULLARIUM
1208 184 1359 208 ROMANUM

1513 231 1609 265 CCIX.

1193 301 1403 343 Confirmatio
1419 302 1585 343 facultatis
1601 302 1809 345 coynoscendi
1825 308 1926 336 certas

1236 364 1349 386 causas
1381 353 1639 396 appellationum
1668 354 1926 396 praesidentibus

1236 405 1365 448 colleqz'i
1389 405 1554 438 doctorum
1582 406 1666 438 iuris
1690 406 1862 449 utriusque
1886 407 1927 439 ci-

1237 458 1349 490 vitatis
1371 458 1553 491 Perusinae
1569 469 1589 490 a
1604 458 1708 491 Leone
1720 458 1750 491 X
1768 468 1929 492 concessae

1237 515 1266 543 el
1283 521 1301 543 a
1321 510 1481 545 Clemente
1506 510 1587 544 VIII
1605 510 1839 553 confirmatae¹.

1387 589 1554 616 Alexander
1573 589 1652 623 Papa
1671 589 1733 623 VII,

1334 633 1370 660 ad
1391 633 1524 660 futuram
1543 633 1588 660 rei
1609 633 1788 660 memoriam.

1237 704 1411 739 Constantis
1436 704 1507 737 fidei
1533 709 1563 737 et
1591 704 1731 738 sincerae
1756 704 1930 738 devotionis

1195 757 1334 800 affectus,
1359 768 1452 802 quem
1472 757 1576 790 dilecti
1601 757 1656 790 filii
1676 757 1884 790 communitas
1901 763 1932 791 et

1195 810 1339 844 homines
1364 810 1499 843 civitatis
1523 815 1648 843 nostrae
1673 810 1840 843 Perusinae
1855 820 1932 853 erga

1195 874 1252 896 nos
1284 867 1313 898 et
1342 864 1513 897 Romanam
1546 873 1657 906 gerere
1686 863 1932 907 comprobantur

1196 916 1377 957 Ecclesiam,
1402 921 1620 960 promeretur,
1648 921 1681 949 ut
1705 926 1757 949 eos
1787 916 1932 960 specialis

1196 971 1302 1004 favore
1325 970 1444 1013 gratiae
1468 980 1708 1014 prosequamur.

1241 1024 1256 1067 g
1280 1023 1309 1056 1.
1335 1023 1454 1067 Exponi
1479 1022 1633 1067 siquidem
1658 1022 1749 1056 nobis
1769 1033 1870 1067 nuper
1889 1024 1932 1057 fe-

1198 1082 1307 1109 cerunt
1330 1076 1537 1110 communitas
1562 1082 1592 1109 et
1611 1076 1754 1110 homines
1770 1076 1933 1121 praedicti,

1197 1129 1281 1174 quod
1301 1129 1418 1162 dudum
1436 1129 1532 1163 felicis
1548 1129 1775 1163 recordationis
1791 1130 1933 1164 Clemens

1198 1184 1281 1227 Papa
1298 1184 1374 1225 VIII,
1392 1183 1616 1227 praedecessor
1630 1189 1746 1227 noster,
1767 1195 1825 1229 per
1840 1195 1933 1229 quas-

1198 1237 1268 1270 dam
1294 1247 1364 1270 suas
1390 1236 1420 1269 in
1445 1237 1538 1269 simili
1564 1237 1665 1271 forma
1683 1238 1789 1272 Brevis
1806 1238 1856 1272 die
1872 1251 1934 1275 xxx

1198 1292 1264 1326 iulii
1281 1302 1420 1326 mocxcm
1437 1292 1596 1336 expeditas
1615 1292 1744 1335 litteras,
1762 1293 1843 1327 inter
1864 1293 1934 1336 alia,

1199 1346 1433 1380 concessionem
1449 1356 1544 1389 super
1564 1345 1709 1379 facultate
1725 1347 1936 1389 cognoscendi

1200 1411 1256 1444 per
1280 1399 1495 1444 praesidentes
1520 1400 1645 1443 collegii
1669 1400 1834 1434 doctorum
1858 1400 1936 1435 iuris

1199 1454 1364 1497 utriusque
1388 1452 1597 1486 universitatis
1614 1453 1707 1486 studii
1725 1453 1880 1497 generalis
1896 1454 1937 1488 ci-

1200 1507 1300 1539 vitatis
1325 1506 1482 1550 praefatae
1511 1516 1619 1540 causas
1650 1507 1896 1551 appellationum
1919 1505 1938 1542 a

1200 1560 1360 1593 sententiis
1393 1560 1657 1603 vicelegatorum,
1689 1560 1937 1604 gubernatorum

1201 1619 1231 1646 ct
1254 1613 1389 1646 aliorum
1413 1623 1687 1658 quorumcumque
1718 1614 1857 1648 eiusdem
1887 1615 1935 1649 ci-

1201 1666 1304 1699 vitatis
1328 1666 1476 1708 iudicum,
1501 1677 1656 1700 summam
1688 1672 1813 1701 centum
1837 1668 1935 1702 duca-

1203 1725 1306 1753 torum
1331 1730 1394 1753 non
1418 1720 1612 1762 excedentes,
1630 1731 1646 1753 a
1665 1721 1849 1755 recolendae
1873 1732 1937 1756 me-

1203 1773 1321 1807 moriae
1360 1774 1462 1807 Leone
1500 1774 1583 1818 Papa
1627 1775 1651 1808 X
1696 1775 1940 1818 praedecessore

1202 1827 1319 1871 pariter
1343 1831 1451 1861 nostro
1476 1827 1605 1870 factam,
1637 1837 1672 1860 ac
1704 1827 1803 1872 ipsius
1828 1829 1939 1863 Leonis

1203 1880 1455 1924 praedecessoris
1479 1880 1597 1914 litteras
1618 1880 1752 1925 desuper
1769 1882 1939 1926 expeditas,

1203 1940 1356 1978 quatenus
1381 1938 1483 1967 essent
1514 1933 1544 1966 in
1575 1945 1655 1975 usu,
1691 1935 1888 1969 confirmavit
1912 1939 1942 1970 et

1204 1987 1405 2032 approbavit,
1431 1987 1576 2021 inhibens
1603 1987 1734 2030 legatis,
1762 1988 1941 2033 vicelegatis

1205 2047 1235 2074 et
1266 2039 1530 2084 gubernatoribus
1556 2040 1734 2085 praedictis,
1762 2041 1795 2074 in
1827 2041 1941 2076 virtute

1205 2100 1330 2129 sanctae
1354 2094 1560 2136 obedientiae,
1583 2105 1621 2128 ne
1646 2106 1682 2128 ex
1701 2100 1772 2128 tunc
1790 2095 1821 2128 in
1842 2100 1943 2140 poste-

1206 2160 1277 2182 rum
1303 2149 1362 2192 ipsi
1381 2149 1427 2181 vel
1445 2159 1555 2182 eorum
1580 2148 1692 2193 aliquis
1710 2159 1819 2183 causas
1838 2150 1944 2184 huius-

1206 2202 1301 2243 modi,
1325 2205 1490 2245 postquam
1515 2212 1622 2236 coram
1647 2202 1738 2235 dictis
1762 2203 1942 2247 praesiden-

1206 2255 1288 2288 tibus
1312 2255 1508 2289 introductae
1524 2255 1665 2296 fuissent,
1686 2266 1818 2290 avocare
1832 2260 1861 2290 et
1875 2256 1944 2290 aliis

1188 2307 1362 2364 ,iudicibus
1387 2308 1592 2349 committere,
1617 2313 1669 2342 aut
1693 2319 1821 2354 quoquo
1850 2309 1944 2344 modo

1207 2361 1454 2394 iurisdictionem
1491 2361 1591 2405 ipsam
1623 2361 1776 2406 impedire
1808 2362 1945 2396 valerent

1207 2425 1261 2447 seu
1286 2419 1540 2458 praesuinerent;
1571 2425 1607 2448 ac
1638 2415 1809 2449 decernens
1839 2416 1945 2449 omnia

1208 2473 1237 2501 et
1263 2468 1383 2511 singula
1401 2473 1509 2502 contra
1528 2469 1702 2512 praemissa
1726 2474 1803 2511 acta,
1820 2480 1944 2514 proces-

1219 2565 1222 2568 *
1246 2585 1253 2610 1
1278 2583 1315 2610 Ex
1331 2583 1438 2620 Regest.
1454 2583 1480 2610 in
1497 2584 1600 2611 Secret.
1619 2584 1699 2612 Brev-

1939 186 1988 212 Αῃ.
2008 186 2035 212 C.
2054 184 2120 214 1658

1971 727 2111 749 Prooemium.

1975 1046 2091 1073 Expositum
