2263 3215
317 210 366 237 Λη.
384 210 410 237 c.
433 210 501 237 msc
545 202 609 234 ΜΞ

1098 210 1274 234 nuncianum

845 259 927 292 XCV.

517 332 660 364 Litterae
681 341 847 373 processus
872 331 929 364 Ss',
950 330 987 363 D.
1006 330 1046 362 N.
1070 330 1257 364 Aleoeamlri

561 386 673 427 Papae
695 384 759 416 VII
783 384 880 417 lectae
903 384 955 416 die
975 385 1096 418 Comme
1112 385 1255 425 Domini,

561 448 648 470 amm
674 447 800 471 ΜυοωῚ,

708 517 878 544 Alexander
897 517 1070 551 Episcopus,

709 573 814 593 servus
832 573 984 593 servorum
1000 566 1066 599 Dei,

660 611 695 636 ad
716 610 849 637 futuram
868 610 912 637 rei
932 611 1112 637 memoriam.

564 682 730 715 pastoralis
741 682 870 715 Romani
886 682 1043 715 Pontitlcis
1059 682 1216 724 vigilantia
1231 682 1276 714 etl

519 734 718 777 sollicimdo',
734 746 804 768 cum
825 736 854 767 in
873 735 957 768 omni
975 735 1141 768 cristianae
1159 735 1260 779 reipu-

519 789 619 821 blicae
649 800 725 833 paee
755 793 783 823 et
809 789 1036 832 tranquillitate
1061 779 1277 833 prot-uranch

520 852 578 886 pro
595 841 641 874 sui
669 842 807 875 muneris
833 842 936 875 ossicio
960 842 1083 875 assidue
1108 847 1259 884 versatur,

520 900 585 928 tum
611 895 808 940 potissimum
835 895 865 928 in
892 896 1062 929 catholicae
1087 895 1169 936 fidei,
1195 896 1260 928 sine

521 959 582 992 qua
608 949 799 992 impossibile
824 955 869 982 est
894 950 1018 993 placere
1042 949 1116 991 Deo,
1145 950 1260 982 unitate

522 1008 614 1046 atquc
632 1002 808 1045 integritate
823 1003 985 1035 retinenda
1000 1009 1029 1036 et
1049 1003 1261 1036 conservanda
1277 1009 1278 1024 ¹

523 1057 657 1089 maxime
683 1057 792 1090 clucet.
814 1057 980 1100 Nimirum,
998 1063 1028 1090 ut
1048 1058 1154 1090 fideles
1174 1058 1261 1091 Chri-

522 1111 559 1143 sti
586 1121 646 1143 non
679 1111 739 1143 sint
772 1112 894 1155 parvuli
927 1112 1134 1151 fluctuantes,
1160 1122 1261 1155 neque

523 1164 785 1198 circumferantur
810 1165 894 1198 omni
919 1169 1011 1199 vento
1042 1165 1203 1198 doctrinae
1231 1166 1261 1198 in

522 1219 658 1262 nequitia
694 1219 858 1252 bominum
888 1219 925 1252 ad
962 1220 1260 1253 circumventionem

523 1273 658 1313 erroris,
684 1273 737 1305 sed
766 1284 875 1306 omnes
906 1279 1072 1306 occurrant
1100 1274 1129 1305 in
1156 1273 1280 1306 unita-2

524 1332 585 1358 tem
604 1325 675 1358 sulci
694 1331 723 1358 et
740 1326 908 1368 agnitionis
926 1326 994 1358 Filii
1020 1326 1085 1368 Dei,
1105 1326 1134 1357 in
1161 1326 1280 1362 virum:

524 1379 697 1422 perfectum
714 1406 721 1419 ,
746 1389 847 1422 neque
873 1389 904 1411 sc
931 1379 961 1411 in
986 1379 1079 1411 liuius
1114 1379 1192 1411 vitae
1218 1367 1280 1419 sor]

525 1432 633 1464 cietate
659 1439 688 1465 et
712 1433 932 1465 coinmunionc
958 1432 1089 1474 laedant,
1107 1438 1156 1465 aut
1184 1433 1264 1466 inter

524 1496 556 1516 se
581 1486 659 1518 alter
683 1485 771 1518 alteri
798 1485 1003 1519 offensionem
1029 1485 1188 1529 praebeat,
1210 1485 1281 1518 sed*

524 1538 627 1581 potius
644 1539 674 1571 in
693 1539 816 1571 vinculo
833 1538 994 1571 charitatis
1008 1538 1176 1579 coniuncti,
1191 1543 1264 1570 tam-
1279 1551 1281 1572 t

525 1603 618 1636 quam
637 1592 728 1625 unius
745 1592 888 1636 corporis
906 1592 1047 1625 membra
1065 1592 1122 1624 sub
1142 1592 1264 1626 Christo
1280 1613 1282 1633 ᾖ

525 1645 626 1689 capite
651 1646 780 1690 eiusque
806 1646 836 1678 in
863 1646 954 1679 terris
980 1646 1097 1679 vicario
1125 1635 1282 1686 Romano}

526 1698 675 1731 pontifice
687 1699 857 1732 beatissimi
868 1699 948 1732 Petri
964 1709 1155 1739 successore,
1172 1710 1189 1732 a
1203 1710 1265 1742 quo
1281 1691 1283 1719 7

528 1752 620 1785 totius
637 1753 794 1785 Ecclesiae
813 1753 914 1786 unitas
931 1753 1079 1795 dimanat,
1092 1758 1266 1796 augeantur

527 1807 557 1838 in
578 1806 836 1848 aedificationem,
858 1812 950 1850 atque
975 1807 1015 1839 ita
1036 1807 1138 1839 diviua
1164 1807 1265 1849 gratia

527 1859 679 1892 adiutrice
697 1860 741 1892 sie
767 1860 940 1904 praesentis
961 1860 1038 1892 vitae
1060 1860 1163 1902 quiete
1191 1870 1267 1902 gau-

528 1913 785 1953 ‹le2111t,²l'tittlt·ae
802 1924 926 1957 quoque
942 1913 1135 1946 beatitudine.
1148 1914 1267 1956 perfru-

528 1970 629 1999 antur.
648 1966 693 1999 Ob
708 1977 785 2009 quas
798 1976 871 1999 sane
892 1976 1000 1998 causas
1015 1966 1143 1998 Romani
1168 1965 1284 1999 Ponti-⁴}

529 2021 603 2052 tices
620 2019 879 2062 praedecessores
904 2019 1014 2058 nostri,
1033 2018 1184 2051 hodierna
1207 2018 1267 2058 (lie,

529 2084 608 2116 quac
622 2073 834 2105 anniversaria
852 2073 1032 2106 Dominicac
1049 2073 1168 2106 Coenae
1187 2083 1267 2105 com-

530 2126 757 2159 memoratione
775 2127 923 2159 solemnis
941 2132 997 2166 est,
1015 2126 1208 2169 spiritualem
1222 2136 1268 2157 cc·
1283 2144 1285 2150 ι

530 2180 910 2223 clesiastieaedisciplinae
927 2180 1065 2223 gladium
1081 2185 1109 2212 et
1122 2179 1268 2211 salutaria

530 2232 665 2267 iustitiae
682 2244 770 2266 arma
795 2244 850 2277 per
876 2233 1083 2265 ministerium
1110 2232 1224 2265 summi
1242 2242 1285 2264 a-‘

531 2287 703 2330 postulatus
728 2287 766 2320 ad
795 2287 848 2319 Dei
881 2287 1014 2330 gloriam
1039 2291 1069 2320 ct
1093 2286 1286 2318 animarum¹

532 2340 663 2373 salutem
701 2341 882 2375 solemniter
917 2351 1065 2373 exercere
1097 2342 1286 2376 consueve-i'

532 2400 613 2426 runt.
638 2394 700 2427 Nos
725 2394 834 2436 igitur,
860 2394 975 2437 quibus
999 2393 1077 2426 nihil
1102 2393 1270 2436 optabilius

532 2453 586 2489 est,
612 2458 704 2490 quam
732 2447 802 2479 tidei
828 2447 1007 2479 inviolatam
1034 2446 1246 2488 integritatem
1262 2468 1287 2487 ‚,

569 2530 579 2553 1
602 2526 706 2553 Similes
726 2527 829 2553 litteras
854 2526 912 2553 vide
941 2526 1015 2553 Pauli
1035 2527 1056 2552 V
1085 2526 1110 2552 in
1132 2530 1202 2552 tomo
1223 2531 1270 2557 x1,

533 2579 594 2607 pag.
615 2571 666 2598 0¹7
682 2575 709 2599 et
727 2579 785 2607 seq.
806 2572 906 2599 relatas
925 2574 965 2606 (n.
983 2572 1032 2606 τ.).

568 2617 584 2643 ‘2
602 2616 715 2643 'videtur
736 2616 829 2643 deesse
850 2616 981 2651 particula
1006 2619 1032 2641 ut
1054 2616 1092 2650 (n.
1108 2614 1155 2649 Γ).

1301 209 1452 233 ιιοΜᾸΝυΜ

1290 257 1446 301 publicam
1465 267 1574 300 pacem
1592 255 1793 297 ctiustitianu
1808 255 1870 289 Deo
1889 259 2027 297 auctore,

1292 311 1382 351 tucri,
1401 315 1554 343 vetustum
1573 313 1603 343 et
1622 309 1793 342 solemnem
1809 309 1892 342 bunc
1905 318 2026 341 morem

1291 368 1472 407 sequentes:

1337 427 1354 449 ι.
1373 417 1655 449 Excomunicamus
1672 421 1701 448 et
1714 415 2026 454 anathematizamus,

1292 481 1327 503 ex
1354 476 1441 514 parte
1466 470 1519 502 Dei
1544 469 1778 512 omnipotentis,
1796 468 1895 501 Patris
1912 473 1943 501 et
1960 467 2029 500 Filii

1273 543 1274 546 =
1292 530 1321 556 et
1335 524 1468 567 Spiritus
1481 523 1595 563 Sancti,
1613 522 1798 556 auctoritate
1813 532 1938 566 quoque
1955 521 2028 554 bea-

1294 584 1396 610 torum
1422 578 1636 620 apostolorum
1659 576 1741 609 Petri
1766 581 1795 608 ct
1820 575 1905 608 Pauli
1925 585 1961 608 ac
1977 585 2030 608 no-

1273 622 1275 631 ⁴
1293 632 1367 671 stra,
1384 640 1600 674 quoscumque
1621 629 1772 669 Ilussitas,
1793 628 2030 672 Wicklephitas,

1293 685 1474 723 Lutcranos,
1499 683 1709 725 Zuinglianos,
1737 682 1928 722 Calvinsstas,
1953 681 2032 724 Ugo-

1294 743 1408 779 nouos,
1427 736 1655 780 Anabaptistas,
1675 735 1860 768 Trinitarios
1878 740 1907 768 et
1922 745 1938 767 a
1953 735 2033 768 chri-

1294 791 1392 824 stiana
1419 791 1480 823 side
1504 795 1682 834 apostatas,
1708 800 1744 822 ac
1776 799 1886 822 omnes
1910 799 1946 821 ac
1969 788 2031 821 sin-

1294 845 1384 887 gulos
1402 844 1479 877 alios
1496 843 1672 876 haereticos
1690 853 1889 886 quocumque
1906 842 2033 875 nomine

1295 904 1490 938 censeantur,
1515 903 1545 931 et
1569 897 1796 940 cuiuscumque
1820 901 1922 929 sectae
1946 895 2030 929 exis-

1296 957 1369 994 taint,
1394 963 1429 985 ac
1454 952 1498 984 eis
1523 951 1696 992 credentes,
1722 960 1894 993 eorumque
1919 959 2031 993 recep-

1296 1011 1421 1047 tatores,
1448 1006 1585 1038 fautores
1610 1010 1639 1037 et
1663 1004 1853 1047 generaliter
1877 1003 2035 1047 quoslibet

1297 1059 1421 1092 illorum
1447 1058 1637 1098 defensores,
1662 1068 1696 1090 ac
1717 1057 1900 1090 eorumdem
1925 1056 2033 1097 libros,

1296 1112 1451 1144 haeresim
1470 1111 1663 1144 continentes
1682 1110 1727 1143 vel
1749 1110 1786 1143 de
1806 1109 1958 1153 religione
1976 1114 2036 1142 tra-

1296 1171 1424 1205 ctantes,
1449 1165 1514 1198 sine
1542 1164 1728 1197 auctoritate
1756 1165 1863 1196 nostra
1891 1166 1920 1197 ct
1948 1161 2035 1196 Sedis

1296 1218 1491 1263 Apostolicae
1508 1218 1642 1251 scienter
1659 1218 1808 1260 legentes,
1827 1221 1880 1249 aut
1903 1216 2037 1249 retinen-

1298 1278 1352 1312 tes,
1377 1272 1611 1316 imprimentes,
1637 1282 1690 1304 seu
1724 1269 1961 1314 quomodolibet
1986 1269 2036 1302 de-

1297 1325 1457 1358 fendentes
1490 1336 1526 1358 cx
1557 1325 1665 1368 quavis
1695 1326 1809 1364 causa,
1840 1323 1963 1366 publice
1989 1322 2036 1355 vel

1297 1379 1428 1419 occulte,
1453 1379 1562 1422 quovis
1587 1377 1713 1421 ingenio
1738 1378 1783 1410 vel
1809 1377 1932 1417 colore,
1957 1386 2033 1409 nec-

1296 1443 1358 1465 non
1384 1431 1600 1464 scliismatieos
1624 1436 1653 1463 et
1677 1441 1730 1463 eos
1754 1429 1807 1473 qui
1832 1439 1864 1462 se
1888 1440 1905 1462 a
1928 1429 2037 1462 nostra

1298 1491 1327 1518 et
1352 1484 1482 1518 Romani
1517 1483 1675 1517 Pontificis
1700 1494 1757 1527 pro
1783 1488 1925 1526 tempore
1950 1481 2034 1515 exis-

1299 1539 1391 1571 tentis
1416 1537 1592 1571 obedientia
1618 1537 1821 1581 pertinaciter
1848 1535 2039 1568 subtrahunt

1301 1592 1345 1624 rel
1371 1591 1542 1624 recedunt:

1344 1655 1374 1678 ur
1397 1645 1472 1678 ltcin
1491 1643 1800 1677 excommunicamus
1818 1648 1848 1676 ct
1864 1642 2040 1676 anatliema-

1301 1698 1431 1731 tizamus
1456 1709 1565 1732 omncs
1591 1703 1620 1731 et
1645 1697 1795 1740 singulos,
1814 1697 2039 1740 cuiuscumque

1300 1758 1417 1794 status,
1449 1752 1566 1794 gradus
1598 1762 1653 1783 scu
1684 1749 1873 1784 conditionis
1906 1749 2039 1790 fuerint,

1302 1805 1516 1839 universitates
1552 1816 1644 1845 vcro,
1669 1804 1802 1846 collegia
1827 1809 1855 1836 et
1881 1802 2040 1847 capitula,

1301 1869 1503 1902 quocumque
1520 1857 1646 1891 nominc
1667 1862 1898 1900 nuncupentur,
1917 1855 2042 1889 interdi-

1301 1912 1412 1952 cimus,
1435 1911 1440 1927 ¹
1467 1911 1505 1944 ab
1533 1910 1785 1944 ordinationibus
1812 1920 1864 1942 seu
1886 1909 2041 1942 mandatis

1301 1965 1417 1998 nostris
1449 1976 1483 1997 ac
1516 1965 1729 1997 Romanorum
1762 1963 1949 1996 Pontificum
1983 1973 2041 2006 pro

1303 2022 1442 2062 tempore
1469 2018 1668 2050 existentium
1697 2017 1735 2050 ad
1760 2016 1936 2049 universale
1959 2016 2040 2048 futu-

1283 2082 1372 2124 trum
1397 2071 1564 2104 concilium
1591 2070 1802 2114 appellantes,
1828 2079 1950 2102 necnon
1978 2079 2042 2110 eos,

1302 2135 1437 2168 quorum
1464 2124 1600 2166 auxilio,
1626 2123 1757 2156 consilio
1783 2123 1829 2156 vel
1854 2123 1960 2156 favore
1991 2130 2043 2166 ap-

1302 2178 1450 2221 pellatum
1476 2177 1589 2210 suerit:

1345 2241 1390 2264 111.
1419 2231 1495 2264 Item
1524 2218 1835 2266 excommunicamus
1861 2236 1890 2263 et
1914 2229 2043 2263 anathe-

1304 2284 1486 2317 matizamus
1516 2294 1625 2317 omnes
1655 2284 1786 2327 piratas,
1811 2282 1980 2326 cursor-105,
2007 2292 2043 2316 ae

1303 2338 1496 2371 latrunculos
1519 2337 1704 2378 maritimos,
1723 2337 1936 2370 discurrentes
1957 2346 2043 2370 mare

1303 2397 1464 2431 nostruin,
1489 2391 1657 2435 praecipue
1682 2403 1699 2424 a
1727 2391 1829 2424 Monte
1857 2389 2043 2433 Argentario

1306 2455 1402 2488 usque
1429 2444 1466 2476 ad
1494 2444 1706 2485 Terracinam,
1732 2454 1767 2477 ac
1796 2454 1904 2477 omnes
1933 2453 2043 2476 eorum

1305 2498 1452 2541 fautores,
1471 2502 1681 2542 receptatores
1698 2504 1727 2532 et
1748 2498 1942 2531 defensores:

1339 2570 1352 2596 1
1375 2569 1595 2597 coniunctionem
1615 2572 1641 2596 et
1660 2570 1812 2604 importune
1832 2569 1966 2596 intrusum
1979 2568 2044 2595 hinc

1286 2638 1288 2646 ,
1305 2614 1448 2641 abiieimus
1471 2621 1504 2649 γ..
1522 2615 1569 2647 τ.).

2240 0 2263 17 Ιῖ

2042 205 2090 232 An.
2107 205 2135 233 c.
2156 206 2218 239 ¹656
2243 179 2244 202 ¹

2079 424 2221 447 Excommnni-
2244 419 2245 437 ἶ

2021 467 2027 472 .
2044 454 2078 472 cat
2099 451 2221 476 haereticos.

2096 2232 2238 2256 Excommuni·
2249 2242 2251 2244 ·

2058 2262 2095 2282 cat
2112 2261 2225 2283 cut-sarion.
