2263 3215
263 224 311 251 An.
328 223 355 251 C.
376 223 446 252 1655

281 552 379 582 Chiis-ula
390 557 449 578 prae-

268 582 382 600 servativa.

491 215 532 249 66

460 278 490 305 et
513 272 748 312 confirmamus,
774 270 897 314 illisque
921 269 1110 302 inviolabilis
1126 279 1198 312 apo-

461 325 587 359 stolicae
622 324 778 357 firmitatis
814 323 912 356 robur
943 322 1128 362 adiicimus‚
1163 332 1199 354 ac

462 389 571 412 omnes
596 383 625 410 et
649 377 789 419 singulos
819 380 881 408 tam
907 375 983 408 iuris
1008 385 1100 418 quam
1128 374 1199 407 sacti

463 431 610 471 defectus,
629 429 718 473 siqui
740 429 877 473 desuper
902 427 1139 472 quomodolibet
1160 427 1202 459 in-

465 483 654 517 tervenerint
678 482 708 514 in
733 481 860 523 eisdem,
876 482 1068 525 supplemus.

509 536 523 579 g
546 535 575 568 3.
601 535 808 567 Decernentes
829 534 889 576 illa,
916 543 1036 566 necnon
1060 542 1202 576 praesen-

465 594 510 621 tes
540 588 676 628 litteras,
701 597 825 631 semper
851 591 881 619 et
905 591 1058 630 perpetuo
1088 583 1201 626 valida,

465 642 555 674 firma
570 646 599 673 et
616 641 752 673 efficacia
777 640 910 672 existere
928 644 957 672 et
974 639 1050 678 fore,
1067 647 1203 681 suosque

465 694 622 738 plenarios
654 699 684 726 et
716 694 856 736 integros
888 692 1016 725 effectus
1046 690 1151 724 sortiri
1176 693 1205 724 et

466 748 617 789 obtinere,
642 758 677 780 ac
701 747 739 779 ab
764 747 911 779 omnibus
936 750 965 778 et
989 744 1141 788 singulis,
1166 744 1204 776 ad

467 811 545 845 quos
569 805 686 844 spectat
706 805 736 832 et
761 800 791 832 in
817 799 957 832 futurum
980 809 1038 842 pro
1062 803 1204 842 tempore

467 853 705 897 quomodolibet
734 851 905 896 spectabit,
931 850 1152 884 inviolabiliter
1176 855 1206 883 et

468 908 652 941 inconcusse
670 910 821 951 perpetuo
839 904 1011 946 observari,
1029 904 1136 950 sieque
1150 914 1206 948 per

468 971 683 1006 quoscumque
715 960 833 993 iudices
861 959 1038 993 ordinarios
1068 963 1097 993 et
1121 958 1206 991 dele-

469 1019 573 1059 gatos,
599 1014 691 1047 etiam
720 1023 884 1047 causarum
910 1012 1017 1056 palatii
1042 1012 1206 1056 apostolici

469 1068 637 1110 auditores,
652 1067 783 1100 iudicari
807 1071 837 1099 et
862 1065 986 1099 definiri
1001 1065 1147 1106 debere,
1172 1076 1208 1099 ac

470 1123 594 1156 irritum
626 1125 656 1156 et
688 1121 796 1161 inane,
829 1120 855 1153 si
885 1130 975 1154 secus
1000 1130 1095 1163 super
1119 1119 1167 1152 his
1191 1130 1208 1152 a

471 1186 640 1220 quoquam,
665 1174 774 1219 quavis
798 1173 993 1214 auctoritate,
1011 1173 1144 1207 scienter
1161 1173 1207 1206 vel

472 1231 663 1274 ignoranter,
678 1228 845 1272 contigerit
863 1227 1018 1268 attentari,
1036 1227 1067 1260 in
1087 1232 1210 1262 contra-

471 1283 553 1316 rium
579 1282 762 1316 facientibus
787 1292 849 1315 non
875 1282 1070 1316 obstantibus
1086 1281 1210 1326 quibus-

475 1347 618 1380 cumque.

518 1391 630 1423 Datum
652 1391 780 1430 Romae,
805 1389 890 1434 apud
915 1389 944 1423 S.
968 1389 1096 1423 Mariam
1121 1389 1212 1423 Maio-

474 1455 556 1485 rem,
580 1443 638 1476 sub
667 1443 782 1476 annulo
810 1443 994 1484 piscatoris,
1022 1442 1072 1476 die
1096 1453 1135 1477 xv
1163 1453 1211 1476 se-

474 1497 627 1542 ptembris
640 1507 754 1537 amem,
768 1496 968 1541 pontificatus
984 1496 1083 1530 nostri
1097 1506 1178 1530 anno
1192 1507 1210 1530 1.

513 1560 573 1588 Dat.
590 1561 632 1588 die
650 1560 681 1588 15
696 1559 858 1596 septembris
876 1560 953 1593 1655,
971 1560 1066 1596 pontif.
1083 1568 1153 1588 anno
1168 1568 1187 1587 1.

782 1731 885 1764 XXXV
889 1731 909 1763 l.

480 1821 573 1855 Circa
594 1821 770 1864 paritatem
795 1824 940 1853 votorum
970 1820 1005 1853 in
1032 1820 1216 1863 clefinitorio

523 1873 780 1917 congregationis
803 1873 1043 1916 Hispam'arttm
1072 1873 1217 1918 fratrum

524 1926 799 1959 Discatceatorum
824 1927 1054 1960 Sanctissimae
1072 1927 1216 1960 Trinita-

527 1979 567 2011 tis
597 1979 836 2022 Retlemptiom's
863 1980 1092 2023 Captiwrum,
1120 1984 1166 2020 ut,
1190 1981 1219 2012 εἰ

524 2037 595 2076 post
621 2031 691 2065 tres¹
717 2033 868 2065 sessiones
893 2043 964 2065 cnm
992 2033 1077 2065 trino
1098 2034 1134 2066 in
1158 2034 1219 2066 sin-

526 2085 613 2128 yttlis
637 2086 790 2118 scrutinio
812 2086 964 2119 resolutio
982 2087 1138 2119 canonica
1155 2097 1219 2119 non

529 2138 739 2178 emanaverit,
770 2143 844 2172 tutte
868 2149 952 2171 unus
977 2150 1014 2172 ex
1035 2140 1219 2183 provincia-

530 2192 613 2224 libus
648 2193 840 2231 successive,
876 2197 903 2225 et
939 2193 1129 2226 alternatim
1163 2205 1221 2237 per

531 2249 682 2285 turnum,
708 2246 802 2278 inccta
822 2247 1052 2289 antiquitatem
1084 2258 1221 2280 suarum

528 2299 785 2342 provinciarum,
798 2303 905 2331 votum
924 2300 1039 2333 habere
1063 2300 1172 2334 debeat
1188 2302 1222 2334 m

530 2351 713 2393 slefim'tor'io
734 2362 795 2396 pro
820 2352 882 2385 ittet
910 2354 992 2394 vice,
1021 2354 1140 2397 absque
1173 2358 1221 2387 ta-

532 2414 603 2436 men
625 2405 854 2448 praev-oyativtt
881 2410 937 2437 aut
962 2406 1141 2448 ‹lefim'tort's
1170 2417 1221 2450 ye-

532 2457 655 2489 neralz's
679 2456 971 2492 ‹teuomz'natione².

528 2581 537 2606 l
554 2579 621 2606 Male
637 2578 702 2607 edit.
717 2578 796 2606 Μαίη.
813 2579 876 2615 legit
889 2588 933 2608 eas
949 2588 996 2616 pro
1013 2583 1068 2609 tres
1085 2583 1120 2616 (n.
1135 2580 1183 2616 32).

526 2623 542 2650 2
557 2623 593 2650 Ex
611 2623 716 2659 Regest.
734 2623 758 2650 in
775 2624 875 2651 Secrct.
897 2624 977 2652 Brev.

1030 221 1208 246 BULLARIL'M
1233 220 1386 246 ROMANUM

1424 265 1590 294 Alexander
1614 265 1693 299 Papa
1712 264 1775 298 VH,

1378 311 1414 338 ad
1433 311 1566 337 futuram
1585 310 1631 338 rei
1645 310 1824 338 memoriam.

1278 374 1293 417 g
1316 373 1344 406 1.
1371 371 1493 416 Exponi
1517 371 1607 404 nobis
1631 366 1732 416 nuper
1751 372 1823 405 fecit
1839 372 1971 406 dilectus

1234 425 1317 458 filius
1341 425 1470 458 Ioannes
1498 435 1515 457 a
1543 424 1572 458 S.
1599 424 1836 468 Bonaventura,
1861 435 1973 469 procu-

1235 483 1322 511 rator
1341 478 1496 521 generalis
1524 478 1777 521 congregationis
1806 478 1973 522 Hispaniae

1236 531 1367 563 fratrum
1393 531 1657 564 Discalceatorum
1688 530 1812 564 Ordinis
1837 531 1972 564 Sanctis-

1237 584 1334 616 simae
1359 584 1518 617 Trinitatis
1542 584 1754 628 Captivorum,
1782 583 1865 627 quod
1889 584 1973 628 capi-

1238 637 1336 669 tulum
1373 637 1585 670 definitorium
1612 636 1795 670 eorumdem
1820 637 1974 680 fratrum,

1238 693 1384 724 constans
1408 700 1445 722 ex
1469 690 1614 724 ministro
1639 690 1779 733 generali
1796 694 1826 723 et
1842 694 1976 734 quatuor

1238 744 1467 785 definitoribus,
1492 745 1522 777 in
1547 745 1609 777 vim
1635 744 1762 788 capituli
1782 754 1833 778 xm
1849 744 1977 787 regulae

1239 797 1410 842 apostolica
1435 797 1619 831 auctoritate
1638 797 1829 842 approbatae
1849 802 1880 831 et
1906 807 1977 830 con-

1240 850 1436 884 stitutionum
1472 850 1572 885 dictae
1608 850 1862 894 congregationis
1894 849 1977 894 capi-

1240 904 1340 937 tulum
1365 904 1510 947 generale
1535 904 1566 936 in
1591 904 1738 937 omnibus
1763 914 1842 947 quae
1867 913 1978 937 occur-

1241 962 1314 991 runt
1327 962 1413 991 extra
1431 957 1615 1001 capitulum,
1633 962 1694 990 tam
1709 957 1811 1000 quoad
1829 956 1980 1000 provisio-

1241 1022 1295 1045 nes
1317 1012 1516 1056 superiorum
1528 1022 1563 1045 ac
1577 1011 1757 1044 officialium
1772 1021 1865 1053 quam
1877 1009 1980 1054 quoad

1242 1065 1384 1109 regimen
1405 1064 1478 1098 dicti
1496 1064 1631 1105 Ordinis,
1649 1069 1871 1108 repraesentat.

1287 1120 1301 1163 g
1325 1119 1353 1152 2.
1377 1119 1491 1151 Verum
1518 1119 1599 1162 quia,
1625 1118 1704 1151 sicut
1729 1117 1837 1150 eadem
1862 1118 1982 1161 exposi-

1244 1174 1285 1206 tio
1310 1172 1527 1216 subiungebat,
1553 1172 1742 1217 quandoque
1767 1171 1929 1215 contingit,
1948 1176 1983 1204 ut

1245 1227 1290 1260 vel
1315 1237 1372 1270 per
1396 1226 1534 1266 obitum,
1560 1226 1607 1258 vel
1625 1235 1681 1269 per
1701 1224 1981 1267 renunciationem,

1243 1280 1462 1325 privationem,
1476 1279 1733 1324 assumptionem,
1754 1284 1807 1312 aut
1826 1279 1918 1311 aliam
1943 1278 1982 1312 ob

1245 1344 1382 1376 causam,
1407 1343 1488 1366 unus
1513 1344 1549 1366 ex
1575 1333 1665 1367 dictis
1683 1332 1903 1366 definitoribus
1928 1332 1982 1365 de-

1246 1387 1343 1428 ficiat,
1361 1387 1402 1419 ita
1418 1392 1452 1419 ut
1471 1391 1541 1419 vota
1562 1397 1616 1419 seu
1638 1386 1788 1429 sutfragia
1802 1389 1984 1419 remaneant

1247 1440 1344 1484 paria,
1362 1450 1397 1473 ae
1421 1445 1590 1483 propterea
1614 1439 1771 1472 difficilius
1795 1438 1921 1472 decerni
1948 1448 1985 1472 ac

1247 1494 1316 1527 elici
1350 1494 1470 1537 possint
1500 1493 1669 1526 canonicae
1697 1492 1904 1525 resolutiones
1929 1502 1986 1536 per

1248 1547 1457 1591 pluralitatem
1472 1552 1626 1586 votorum,
1639 1546 1709 1579 ideo
1723 1545 1760 1578 de
1774 1555 1854 1578 anno
1868 1554 1986 1579 MDCLm

1248 1601 1436 1645 capitulares
1455 1600 1582 1644 capituli
1602 1599 1758 1643 generalis
1775 1598 1913 1632 eiusdem
1932 1598 1987 1632 Or-

1248 1655 1329 1688 dinis
1360 1654 1392 1687 in
1417 1654 1540 1687 civitate
1574 1654 1722 1687 Toletana
1749 1652 1887 1695 legitime
1912 1661 1986 1685 con-

1249 1708 1370 1751 gregati
1409 1707 1600 1740 mandarunt
1638 1705 1878 1750 supplicandum
1916 1704 1987 1738 Sedi

1249 1761 1457 1805 Apostolicae,
1482 1766 1516 1793 ut
1540 1760 1770 1804 disponeretur,
1788 1758 1871 1802 quod
1896 1759 1927 1791 in
1952 1758 1989 1791 si-

1251 1815 1376 1847 milibus
1407 1814 1572 1858 paritatis¹
1606 1818 1749 1846 votorum
1784 1812 1927 1854 casibus,
1963 1812 1988 1845 si

1251 1874 1320 1913 post
1344 1873 1407 1901 tres
1431 1868 1606 1908 sessiones,
1636 1867 1668 1899 in
1696 1877 1828 1910 quarum
1858 1865 1990 1909 singulis

1253 1923 1309 1956 tria
1335 1923 1485 1956 scrutinia
1509 1921 1746 1963 fieridcbeant,
1771 1920 1920 1954 resolutio
1940 1930 1990 1953 ca-

1252 1977 1364 2010 nonica
1387 1986 1450 2010 non
1475 1980 1658 2015 emanasset,
1677 1981 1750 2007 tunc
1771 1985 1851 2007 unus
1876 1984 1911 2007 ex
1937 1974 1990 2006 mi-

1253 2030 1359 2063 nistris
1382 2029 1628 2074 provincialibus
1652 2028 1752 2061 dictae
1773 2027 1991 2070 congregatio-

1253 2084 1300 2117 nis
1325 2084 1510 2123 successive,
1535 2088 1565 2116 et
1588 2082 1762 2115 alternatim
1777 2092 1833 2125 per
1853 2086 1991 2122 turnum,

1255 2138 1338 2172 iuxta
1355 2137 1571 2180 antiquitatem
1594 2146 1723 2169 suarum
1748 2135 1992 2179 provinciarum,

1255 2197 1360 2224 votum
1393 2195 1422 2223 et
1453 2189 1638 2232 suffragium
1673 2188 1790 2221 habere
1821 2188 1932 2221 debeat
1961 2187 1994 2220 in

1256 2244 1417 2289 praedicto
1435 2243 1614 2276 definitorio
1636 2253 1694 2286 pro
1715 2242 1766 2274 illa
1784 2241 1859 2281 vice,
1876 2241 1994 2286 absque

1257 2304 1359 2330 tamen
1384 2295 1604 2340 praerogativa
1629 2295 1691 2327 ulla
1720 2299 1772 2328 aut
1805 2294 1992 2327 denomina-

1256 2351 1339 2384 tione
1364 2350 1540 2383 definitoris
1557 2348 1722 2392 generaliS,
1736 2346 1995 2392 p1=ae1nissaque2,

1256 2404 1346 2438 toties
1374 2404 1496 2446 quoties
1521 2413 1611 2436 casus
1634 2401 1816 2435 huiusmodi
1840 2401 1996 2435 occurris-

1293 2493 1302 2518 1
1323 2491 1388 2518 Male
1404 2491 1467 2518 edit.
1484 2491 1564 2518 Main.
1580 2491 1646 2525 legit
1662 2491 1841 2526 paritatibus
1861 2492 1900 2521 (a.
1915 2490 1964 2523 τ.).

1292 2535 1308 2562 ⁶2
1322 2535 1412 2562 Lectio
1426 2535 1465 2562 vel
1477 2539 1566 2562 errata
1576 2535 1615 2562 vel
1625 2535 1756 2562 defectiva
1768 2534 1883 2567 videtur;
1895 2541 1992 2569 nempe

1259 2579 1299 2607 vel
1319 2579 1490 2606 subdendum
1506 2579 1666 2614 dispositio,
1687 2578 1727 2606 vel
1742 2582 1836 2613 postea
1850 2577 1996 2613 legendum

1258 2626 1444 2653 servarentur
1463 2632 1512 2659 pro
1532 2626 1695 2652 servaretur
1717 2623 1756 2658 (n.
1773 2622 1820 2658 12).

1981 219 2028 246 An.
2051 218 2080 246 C.
2099 219 2166 249 1655

2013 385 2154 414 snpplicatio.
