2243 3205
34 176 79 202 Λπ.
99 172 127 199 C.
146 171 212 198 lsssO

99 1193 203 1219 Supradi-

23 1223 75 1242 etum
90 1219 202 1240 Octavium

23 1247 201 1273 archiepiscopum

23 1273 110 1295 iudicem
127 1279 202 1294 causa-

23 1306 64 1322 rum
75 1302 95 1321 et.
106 1300 201 1320 decreto-

23 1333 65 1348 rum
88 1330 201 1353 exequulo-
218 1343 224 1349 .

23 1359 63 1375 rom
77 1354 192 1375 consumit.

818 169 1002 195 ALEXANDER
1027 169 1071 194 vii
1094 171 1142 194 PP.

226 218 444 263 praesentibus
469 219 543 263 ipsis
568 219 784 260 adhiberetur,
815 219 839 252 si
865 219 966 252 forent

226 272 383 305 exhibitae
408 273 455 305 vel
481 277 633 307 ostensae.

269 326 379 360 Datum
390 326 517 367 Romae,
528 327 610 371 apud
626 327 654 360 S
664 326 791 359 Mariam
805 326 964 366 Maiorem,

223 378 281 411 sub
321 380 437 413 annulo
474 381 658 420 piscatoris,
687 380 735 412 die
768 389 858 413 xxvii
892 378 964 411 maii

224 442 339 475 tiDch,
357 433 556 477 pontificatus
580 433 680 466 nostri
706 443 788 466 anno
813 443 854 465 vi.

260 493 318 521 Dat.
337 494 379 521 die
395 495 428 522 27
444 495 505 521 maii
525 495 600 529 1660,
619 495 714 530 pontif.
730 503 799 521 anno
816 501 850 521 vt.

554 638 630 672 CCC.

221 718 396 762 Deputalt'o
421 717 541 751 iucli‘cz's
566 728 740 751 causarum
765 722 793 751 et
818 729 964 762 exequu—

267 772 344 804 torz's
368 771 567 805 decretorum
591 772 790 804 visitationis
816 772 963 805 ecclesia-

263 835 340 857 rum
360 824 454 857 Urbis
472 836 490 857 a
506 825 686 858 Sanctitate
703 825 769 859 Stat
786 825 930 858 indictae
943 825 961 858 ¹.

273 905 440 932 Venerabili
460 905 548 932 fratri
569 905 701 939 Octavio,
722 906 907 939 Patracensi,

479 950 704 984 archiepiscopo

411 1004 578 1031 Alexander
604 1005 682 1038 Papa
701 1005 762 1031 Vll.

429 1065 612 1093 Venerabilis
632 1066 744 1100 frater,

251 1111 382 1138 salutem
402 1113 432 1138 et
451 1111 646 1144 apostolicam
671 1111 922 1138 benedictionem.

261 1182 322 1225 gl.
344 1182 380 1216 Ut
399 1192 444 1222 ea,
466 1192 545 1225 quae
566 1181 596 1214 in
617 1181 793 1215 visitatione
814 1182 956 1215 ecclcsia-

217 1246 286 1268 rum
313 1236 412 1268 almae
438 1235 530 1268 Urbis
559 1246 575 1268 a
608 1236 698 1269 nobis
723 1246 777 1269 seu
807 1236 836 1270 S.
864 1237 897 1270 R.
924 1237 956 1269 Ε.

216 1289 428 1323 cardinalibus
453 1290 483 1322 in
507 1289 667 1322 auditores
692 1290 876 1324 visitationis
899 1291 957 1324 hu-

216 1343 353 1377 iusmodi
373 1354 430 1388 per
453 1354 511 1377 nos
532 1344 708 1388 specialiter
725 1346 892 1389 assumptis
910 1356 957 1378 sa-

216 1396 350 1430 lubriter
374 1397 499 1431 decreta
523 1402 595 1430 sunt
619 1403 649 1430 et
667 1397 886 1441 decernentur,
904 1399 957 1432 de-

215 1450 298 1484 bitae
328 1452 529 1496 exequutioni
562 1452 796 1496 quamprimum
822 1453 953 1486 deman-

215 1503 340 1546 dentur,
365 1510 395 1538 et
420 1505 651 1539 controversiae
669 1505 751 1538 illius
774 1507 956 1547 occasione,

214 1558 402 1601 praesertim
428 1558 509 1591 inter
533 1569 685 1603 personas
710 1559 955 1602 ecclesiasticas,

213 1621 291 1655 quas
314 1611 416 1644 litium
442 1611 614 1656 dispendiis
630 1623 647 1644 a
664 1612 717 1645 Dei
735 1612 861 1646 servitio
886 1624 956 1646 avo-

214 1663 277 1697 cari
293 1664 423 1698 minime
437 1665 535 1707 decet,
553 1665 590 1698 ad
608 1671 747 1699 nostram
763 1666 953 1700 audientiam

213 1717 365 1752 deductae
383 1723 412 1753 et
432 1718 643 1761 deducendae,
670 1720 880 1763 quantocitius
899 1724 956 1754 ter-

213 1771 383 1814 minentur,
394 1778 433 1813 te,
443 1773 481 1806 de
495 1773 583 1806 cuius
598 1773 755 1817 probitate
769 1777 798 1807 et
813 1773 954 1807 doctrina

211 1826 385 1870 plurimum
404 1827 434 1859 in
455 1827 587 1860 Domino
602 1827 799 1869 confidimus,
818 1827 952 1862 iudicem

212 1889 378 1912 causarum
397 1885 427 1912 ct
443 1886 667 1924 exequutorcm
683 1880 882 1915 decretorum
901 1881 955 1914 hu-

211 1932 347 1965 iusmodi
360 1933 554 1974 visitationis,
568 1934 752 1968 auctoritate
769 1935 953 1978 apostolica,

211 1989 319 2019 tenore
343 1987 573 2030 praesentium,
602 1988 821 2021 constituimus
846 1994 876 2021 et
900 1988 953 2021 de—

209 2043 374 2083 putamus,
400 2041 508 2073 dantes
532 2041 588 2074 tibi
616 2041 740 2085 plenam
766 2048 795 2075 et
820 2042 951 2075 liberam

209 2093 400 2135 facultatem,
425 2105 505 2138 quae
529 2105 545 2128 a
569 2095 660 2128 nobis
686 2100 716 2128 et
739 2095 952 2129 cardinalibus

209 2147 379 2191 praedictis
404 2148 434 2180 in
460 2148 567 2181 eadem
604 2148 780 2183 visitatione
805 2149 951 2191 decreta,

210 2205 324 2234 statuta
350 2206 379 2234 et
405 2201 548 2235 ordinata
573 2205 646 2236 sunt
665 2207 695 2235 et
720 2207 822 2243 erunt,
841 2202 950 2246 exequi

209 2259 240 2287 et
264 2254 425 2288 observari
448 2255 590 2298 faciendi,
610 2261 719 2289 contra
737 2255 951 2289 inobedientes

210 2313 240 2341 et
263 2309 468 2352 negligentes,
495 2320 617 2343 necnon
642 2310 870 2353 cuiuscumque
894 2309 951 2342 cri·

209 2362 312 2402 minis,
328 2363 492 2396 occasione
510 2363 609 2395 dictae
628 2363 812 2397 visitationis
827 2362 950 2403 detecti,

208 2426 280 2449 reos
297 2422 327 2449 et
344 2416 570 2460 delinquentes,
588 2427 760 2460 corumque
781 2416 951 2460 complices

209 2474 238 2503 et
251 2470 398 2514 fautores,
414 2470 640 2515 cuiuscumque
657 2476 764 2511 status,
778 2470 949 2514 dignitatis,

246 2588 255 2614 1
280 2586 314 2614 Ex
338 2587 444 2622 llegest.
467 2587 491 2614 in
512 2588 611 2615 Secret
637 2587 711 2615 llrcv,

1646 158 1705 193 581

1000 218 1120 251 ordinis
1144 223 1174 251 et
1198 218 1385 252 conditionis
1416 218 1553 257 fuerint,
1577 228 1636 261 per
1659 217 1739 250 viam

999 271 1217 313 accusationis,
1236 272 1383 316 querelae
1408 272 1456 305 vel
1480 270 1740 311 denunciationis,

1000 323 1091 356 etiam
1118 325 1300 365 summarie,
1325 325 1510 369 simpliciter
1527 324 1611 358 etde
1635 324 1739 367 plano,

1000 376 1065 410 sine
1089 378 1222 421 strepitu
1247 382 1277 410 et
1300 378 1402 420 figura
1428 378 1553 418 iudicii,
1577 378 1643 410 sola
1667 377 1739 410 sacti

999 430 1128 465 veritate
1143 431 1294 474 inspecta,
1309 432 1487 474 inquirendi
1499 436 1526 464 et
1537 430 1739 475 procedendi,

999 494 1143 528 reosque,
1168 490 1264 528 prout
1288 485 1457 518 canonicae
1481 476 1646 528 requirunt
1670 494 1740 517 san-

999 539 1128 579 ctiones,
1142 544 1172 572 et
1189 539 1264 572 alias
1281 545 1388 572 nostro
1405 550 1459 572 seu
1474 539 1658 572 eorumdem
1675 549 1740 572 car-

999 592 1149 625 dinalium
1175 592 1316 633 arbitrio,
1333 592 1494 636 puniendi,
1512 602 1547 625 ac
1563 598 1626 625 tam
1644 602 1739 636 super

999 645 1189 689 praemissis,
1210 656 1304 689 quam
1321 646 1414 678 etiarn
1433 646 1508 678 alias
1522 656 1737 690 quascumque

1000 699 1030 731 in
1047 699 1156 733 eadem
1181 699 1366 741 visitatione,
1384 704 1436 732 aut
1453 700 1545 732 etiam
1562 704 1662 740 antea,
1681 710 1738 743 per

998 763 1054 786 nos
1070 758 1174 785 tamen
1189 753 1243 787 tibi
1261 753 1354 786 etiam
1373 753 1492 796 absque
1510 753 1635 797 speciali
1654 764 1738 787 com-

999 806 1146 840 missione
1174 806 1415 839 committendas
1448 816 1557 839 causas
1590 806 1737 839 ecclesia-

997 860 1089 893 sticas
1110 860 1155 892 vel
1174 858 1331 904 profanas,
1347 859 1464 900 civiles,
1478 859 1667 901 criminales,
1685 864 1737 892 aut

997 913 1117 954 mixtas,
1136 913 1216 946 inter
1233 913 1380 957 capitula,
1395 918 1576 953 conventus,
1594 913 1736 956 collegia,

996 967 1223 1007 universitates,
1249 967 1538 1008 confraternitates,
1564 966 1733 1000 arcliicon-

994 1020 1213 1062 fraternitates,
1231 1031 1404 1064 eorumque
1421 1019 1612 1063 superiores,
1627 1030 1662 1052 ac
1678 1020 1738 1052 sin-

994 1075 1119 1117 gulares
1136 1084 1288 1118 personas
1308 1074 1545 1115 ecclesiasticas,
1567 1074 1735 1114 seculares,

993 1128 1040 1160 vel
1066 1128 1202 1161 cuiusvis
1227 1128 1351 1162 Ordinis
1377 1128 1468 1160 etiam
1494 1127 1734 1161 Mendicantium

993 1182 1164 1224 regulares,
1183 1182 1275 1214 etiam
1301 1187 1474 1225 exemptas,
1492 1187 1522 1214 et
1546 1181 1656 1224 quovis
1670 1180 1736 1225 pri-

993 1235 1106 1279 vilegio
1131 1241 1161 1268 et
1186 1236 1383 1268 immunitate
1403 1235 1555 1275 suffultas,
1573 1235 1666 1267 etiam
1684 1245 1737 1268 no—

992 1289 1039 1322 bis
1065 1295 1094 1322 et
1118 1289 1316 1333 Apostolicae
1334 1289 1404 1323 Sedi
1431 1289 1610 1321 immediate
1635 1288 1737 1321 subie-

992 1348 1066 1384 ctas,
1084 1354 1139 1376 seu
1156 1344 1249 1376 etiam
1275 1343 1356 1376 inter
1372 1343 1468 1376 laicos
1493 1347 1593 1376 motas
1618 1347 1648 1375 et
1673 1353 1737 1376 mo-

992 1396 1116 1438 vendaS,
1135 1407 1205 1429 cum
1227 1407 1335 1429 earum
1354 1396 1500 1429 omnibus
1515 1395 1734 1437 incidentibuS,

991 1450 1237 1493 emergentibus,
1256 1450 1384 1484 annexis
1409 1455 1437 1483 et
1463 1450 1622 1492 connexis,
1641 1450 1733 1483 etiam

991 1504 1172 1547 summarie,
1188 1504 1373 1548 simpliciter
1387 1509 1416 1537 et
1430 1504 1467 1537 de
1485 1504 1588 1547 plano,
1603 1508 1632 1537 et
1649 1504 1734 1546 alias,

990 1562 1024 1590 ut
1059 1558 1259 1602 praefertur,
1291 1558 1434 1591 terminis
1474 1557 1733 1590 substantialibus

991 1611 1084 1645 unico
1108 1616 1255 1645 contextu
1280 1611 1327 1644 vel
1361 1611 1454 1643 etiam
1489 1621 1551 1644 non
1584 1611 1733 1651 servatis,

990 1665 1043 1698 sed
1067 1665 1192 1698 illorum
1224 1666 1294 1698 loco
1325 1665 1464 1708 praefixo
1490 1664 1624 1697 termino
1649 1664 1733 1697 arbi-

991 1718 1050 1752 trio
1074 1724 1128 1752 tuo
1158 1723 1187 1751 ct
1207 1718 1246 1751 de
1270 1717 1409 1750 eiusdem
1435 1717 1620 1750 visitationis
1645 1728 1733 1750 man—

989 1772 1061 1805 dato
1085 1771 1292 1816 procedendi,
1317 1770 1463 1804 audiendi
1488 1776 1518 1803 et
1542 1770 1603 1803 fine
1627 1770 1732 1805 debito

989 1825 1187 1867 terminandi,
1203 1830 1231 1857 et
1245 1824 1282 1857 ad
1297 1825 1381 1857 bunc
1395 1827 1638 1868 ceterorumque
1655 1834 1729 1857 con-

990 1879 1175 1923 tingentium
1209 1878 1354 1911 effectum
1391 1887 1607 1921 quoscumque
1637 1877 1730 1910 etiam

989 1944 1046 1977 per
1063 1933 1198 1966 edictum
1220 1932 1381 1976 publicum
1400 1931 1534 1965 constito
1560 1931 1731 1964 summarie

988 1992 1016 2020 ct
1041 1986 1319 2020 extraiudicialiter
1343 1985 1381 2018 de
1405 1995 1468 2018 non
1494 1989 1560 2017 tuto
1585 1995 1731 2025 accessu,

988 2041 1102 2074 citandi
1128 2045 1157 2073 et
1182 2039 1352 2079 monendi,
1378 2038 1485 2082 eisque
1513 2049 1547 2071 ac
1568 2038 1731 2082 quibusvis

987 2095 1155 2135 iudicibus,
1180 2100 1210 2127 et
1235 2094 1347 2127 ceteris
1372 2093 1537 2137 personis,
1563 2092 1676 2137 quibus
1701 2097 1731 2125 et

986 2148 1108 2192 quoties
1134 2158 1212 2192 opus
1230 2147 1333 2187 suerit,
1352 2147 1443 2180 etiam
1470 2157 1526 2190 per
1551 2146 1653 2179 simile
1670 2146 1732 2178 edi-

986 2207 1090 2241 ctum,
1116 2211 1151 2234 ac
1184 2201 1276 2233 etiam
1310 2199 1367 2233 sub
1401 2199 1542 2233 censuris
1567 2204 1596 2232 et
1620 2199 1729 2242 poenis

985 2254 1216 2296 ecclesiasticis,
1230 2264 1352 2287 necnon
1369 2253 1561 2298 pecuniariis
1578 2258 1632 2285 tuo
1646 2252 1729 2285 arbi-

986 2308 1046 2341 trio
1064 2307 1265 2341 moderandis
1280 2313 1310 2339 et
1326 2307 1530 2351 applicandis,
1549 2306 1728 2347 inhibendi,

985 2367 1094 2394 contra
1125 2361 1338 2394 inobedientes
1371 2370 1590 2404 quoscumque
1614 2370 1726 2393 censu-

984 2425 1035 2447 ras
1060 2420 1089 2447 et
1114 2425 1229 2458 poenas
1250 2415 1331 2457 ipsas
1349 2414 1440 2447 etiam
1463 2414 1581 2446 iteratis
1606 2414 1726 2447 vicibus

984 2469 1186 2511 aggravandi,
1204 2468 1417 2512 auxiliumque
1436 2467 1555 2501 brachii
1575 2467 1725 2500 secularis

984 2523 1157 2565 invocandi,
1176 2522 1330 2563 mandata,
1347 2521 1586 2566 prohibitiones,
1612 2521 1726 2554 inbibi-

984 2577 1083 2611 tiones
1109 2582 1137 2610 ct
1164 2577 1351 2617 monitoria,
1384 2577 1476 2609 ctiam
1501 2576 1559 2609 suli
1584 2575 1725 2609 censuris

1758 168 1806 193 An.

1742 2393 1795 2414 Octa

1742 2423 1783 2440 tem

1742 2454 1763 2468 re

1827 167 1855 194 C.
1872 168 1941 196 ¹660

1800 2367 1927 2393 Snpradicto

1799 2400 1831 2413 νιιι
1842 2394 1928 2414 faculta-

1825 2421 1926 2446 puniendl

1767 2454 1788 2467 os
1804 2447 1911 2468 concedit.
