2243 3205
263 203 312 228 An.
331 204 358 230 (2.
385 204 448 231 1658
494 197 556 230 416

281 1492 391 1511 namium
409 1493 435 1512 ir-

302 2081 433 2101 Ohs¹.iiitiu1u

251 2111 346 2128 remotim

283 2239 406 2265 't‘rzmzunqvt
419 2249 432 2258 ι·

250 2272 293 2287 rum
311 2267 368 2287 hules.

466 253 538 286 cisci
557 253 594 286 dc
612 254 816 288 tthserrantia
834 263 1086 300 nuncupatorum
1111 259 1202 291 nobis

462 306 638 350 expositum
664 307 731 347 suit,
750 307 809 351 ipsi
829 308 991 342 decretum
1012 311 1200 353 huiusmodi,

459 370 517 402 pro
542 359 675 393 liriniOri
702 359 784 393 illius
807 361 1006 395 subsistentia
1032 369 1061 396 et
1086 363 1197 397 obscr-

463 413 593 453 xatione,
607 414 798 457 apostolicae
815 415 1062 450 confirmationis
1076 421 1201 451 nostrae

459 466 633 510 patrocinio
654 468 843 501 communiri
861 479 1062 514 summopere
1079 470 1199 503 deside-

459 526 546 553 rent:
571 531 646 561 nos,
679 521 847 565 specialem
873 522 949 567 ipsis
974 524 1199 568 exponentibus

459 573 592 616 gratiam
617 574 719 608 facere
753 575 910 618 volentes,
942 583 972 610 et
1002 588 1111 610 eorum
1137 578 1199 610 sin-

458 626 585 669 gulares
620 638 771 671 personas
812 639 829 661 a
869 629 1030 672 quibusvis
1065 641 1195 663 excom-

457 680 688 723 municationis,
713 682 925 725 suspensionis
957 687 986 716 et
1017 683 1196 724 interdicti,

457 732 588 775 aliisque
616 733 834 767 ecclesiasticis
865 735 1036 778 sententiis,
1055 736 1196 769 censuris

457 789 487 818 et
510 785 630 828 poenis,
656 797 672 818 a
698 786 766 820 iure
793 788 840 820 vel
865 787 903 820 ab
928 788 1067 829 homine,
1087 789 1196 833 quavis

456 838 621 872 occasione
648 839 694 872 xel
719 841 812 873 causa
838 841 917 881 latis,
943 841 967 874 si
993 841 1106 885 quibus
1122 853 1195 885 quo-

455 890 629 926 modolibet
646 892 811 926 innodatae
831 893 975 935 existunt,
992 894 1030 926 ad
1048 894 1192 928 effectum

454 944 667 987 praesentium
685 945 845 978 dumtaxat
862 947 1127 990 consequendum,
1144 947 1194 980 ha-

454 1007 525 1029 rum
551 997 631 1030 serie
655 998 850 1032 absolventes
875 1005 904 1032 et
935 999 1094 1033 absolutas
1126 1001 1194 1033 sore

455 1057 627 1091 censentes,
641 1052 921 1095 supplicationibus
939 1063 1049 1087 eorum
1066 1054 1193 1087 nomine

455 1102 544 1136 nobis
569 1114 664 1148 super
696 1105 755 1138 hoc
780 1106 942 1139 humiliter
965 1107 1121 1151 porrectis
1147 1107 1191 1139 in-

455 1156 577 1197 clinati,
603 1157 764 1191 decretum
789 1159 1030 1202 praeinsertum,
1055 1160 1191 1194 auctori-

454 1213 514 1242 tate
541 1211 723 1254 apostolica,
742 1217 849 1245 tenore
873 1213 1097 1256 praesentium,
1123 1224 1192 1247 con-

453 1263 617 1297 firmamus
631 1270 660 1298 et
673 1265 897 1310 approbamus,
913 1267 1019 1311 illique
1033 1267 1192 1301 inviolabi-

453 1317 489 1350 lis
508 1318 696 1362 apostolica«,¹
712 1320 870 1354 firmitatis
891 1321 989 1354 robur
1008 1322 1190 1365 adiicimus;

452 1372 535 1405 salv-a
570 1385 694 1418 semper
729 1376 760 1408 in
791 1377 972 1419 praemissis
1005 1378 1189 1411 auctoritate

451 1426 609 1469 praefatae
634 1429 887 1472 congregationis
912 1430 1128 1464 cardinalium.

495 1480 553 1524 53.
571 1482 780 1516 Decernentes
801 1483 925 1516 easdem
946 1491 1126 1528 praesentes
1147 1486 1192 1520 lit-

451 1537 531 1567 teras
556 1546 683 1580 semper
715 1538 840 1578 firmas,
873 1538 990 1571 validas
1004 1544 1032 1571 et
1049 1539 1191 1573 efficaces

450 1587 584 1622 existere
602 1594 632 1622 et
650 1589 718 1622 sore
731 1617 738 1631 ‚
756 1601 792 1624 ac
807 1590 878 1632 illis,
903 1591 941 1624 ad
974 1603 1052 1636 quos
1073 1598 1191 1636 spectat

449 1647 479 1675 et
502 1654 560 1686 pro
586 1649 728 1688 tempore
745 1645 1007 1690 quandocumque
1026 1647 1188 1690 spectabit,

449 1694 631 1738 plenissime
651 1695 829 1739 suffragari,
843 1697 950 1741 sicque
964 1698 994 1730 in
1007 1698 1189 1742 praemissis

448 1759 506 1791 per
522 1760 739 1794 quoscumque
760 1750 878 1783 iudices
903 1750 1080 1785 ordInarios
1094 1757 1124 1785 et
1137 1752 1188 1785 de-

448 1801 577 1845 legatos,
595 1803 687 1836 ctiam
703 1814 869 1837 causarum
896 1805 1002 1848 palatii
1024 1806 1188 1849 apostolici

448 1855 617 1897 auditores,
636 1856 767 1890 iudicari
796 1863 826 1891 et
851 1857 975 1891 definiri
1000 1858 1125 1899 debere,
1153 1870 1188 1893 ac

449 1909 573 1943 irritum
605 1914 634 1945 ct
667 1910 780 1953 inane,
806 1911 831 1944 si
866 1922 955 1945 secus
980 1923 1074 1956 super
1099 1912 1147 1945 his
1171 1923 1188 1945 a

448 1974 625 2007 quoquam,
650 1965 759 2008 quavis
783 1966 977 2006 auctoritate,
992 1966 1126 1999 scienter
1141 1967 1186 1999 vel

448 2017 647 2060 ignoranter,
673 2019 840 2062 contigerit
863 2019 1016 2053 attentari.

493 2072 508 2115 g
540 2071 568 2104 li.
599 2072 666 2106 Non
700 2073 894 2106 obstantibus
926 2074 1127 2117 praemissiS,
1153 2085 1188 2107 ae

449 2125 722 2159 constitutionibus
743 2132 773 2159 et
796 2127 1045 2160 ordinationibus
1062 2133 1186 2171 aposto-

448 2178 525 2220 licis,
540 2176 714 2224 ceterisque
732 2181 897 2214 contrariis
922 2181 1185 2225 quibuscumque.

491 2233 556 2277 55.
589 2234 740 2267 Volumus
771 2240 875 2267 autem
910 2239 943 2267 ut
972 2235 1186 2279 praesentium

448 2286 675 2330 transumptis,
704 2297 798 2320 manu
833 2287 965 2320 alicuius
989 2288 1102 2321 notarii
1131 2300 1188 2332 pu—

447 2339 520 2372 blici
537 2339 734 2384 subscriptis,
753 2345 782 2373 et
799 2340 902 2383 sigillo
922 2351 1076 2385 personae
1094 2341 1125 2374 in
1141 2353 1187 2375 ec-

448 2393 621 2427 clesiastica
656 2394 806 2437 dignitate
836 2395 1022 2428 constitutae
1047 2396 1186 2437 munitis,

449 2447 557 2480 eadem
574 2459 705 2492 prorsus
723 2448 800 2482 tides
819 2449 937 2493 ubique
961 2450 1104 2483 locorum
1125 2453 1185 2484 tam

448 2500 478 2532 in
498 2500 613 2534 iudicio
649 2512 742 2544 quam
769 2506 854 2534 extra
879 2502 1088 2544 adhibeatur,
1107 2514 1186 2546 quae

449 2553 524 2597 ipsis
549 2555 766 2596 praesentibus
798 2555 1021 2596 adhiberetur,
1047 2556 1070 2588 si
1086 2556 1188 2589 forent

450 2606 604 2639 exhibitae
631 2608 675 2639 vel
702 2613 854 2641 ostensae.

1038 211 1214 235 BULLARIUM
1239 211 1391 236 ROMANUM

1281 260 1389 292 Datum
1411 261 1541 302 Romae,
1567 262 1648 305 apud
1677 262 1704 295 S.
1730 263 1856 295 Mariam
1876 262 1971 296 Maio-

1237 324 1312 353 rem,
1329 313 1386 346 sub
1405 314 1519 347 annulo
1540 314 1715 355 piscatoris,
1736 315 1785 348 die
1806 326 1827 349 ιι
1851 316 1969 349 decem-

1235 366 1299 399 bris
1317 377 1468 407 )inchin,
1488 367 1688 411 pontificatus
1704 369 1802 402 nostri
1821 379 1901 402 anno
1926 380 1968 402 iv.

1269 427 1326 455 Dat.
1344 428 1387 455 die
1407 429 1424 454 2
1439 428 1590 456 decembris
1611 430 1685 463 1558,
1702 431 1799 465 pontif.
1818 439 1889 457 anno
1905 437 1940 457 tv.

1538 573 1663 606 CCXXI.

1232 651 1387 684 Fctcullas
1419 653 1534 685 rectori
1568 656 1596 684 el
1631 652 1831 696 sapientibus
1856 663 1970 697 operae

1274 705 1543 748 metropolitanae
1568 705 1715 738 ecclesiae
1747 705 1895 739 Senensis
1919 706 1969 739 de-

1274 757 1430 790 moliendi
1443 758 1573 791 domum
1595 758 1899 802 archiepiscopalem
1919 760 1968 793 Se-

1273 820 1412 851 uensem,
1438 815 1466 843 et
1490 822 1548 854 pro
1574 811 1886 854 archiepiscoporum
1910 813 1968 845 Ιια-

1274 864 1429 896 bz'talione
1454 864 1648 907 assignandi
1673 864 1800 896 domum
1825 864 1968 898 eiusdem

1273 916 1413 959 operae¹.

1421 997 1585 1024 Alexander
1606 997 1683 1031 Papa
1704 997 1770 1031 vn,

1368 1043 1403 1067 ad
1428 1041 1560 1068 futuram
1579 1041 1623 1068 rei
1644 1042 1824 1068 memoriam.

1272 1110 1390 1154 Exponi
1425 1111 1515 1144 nobis
1550 1122 1651 1156 nuper
1687 1112 1827 1145 fecerunt
1861 1113 1964 1146 dilecti

1226 1163 1280 1196 tilii
1308 1170 1412 1198 rector
1437 1170 1466 1197 et
1491 1164 1646 1208 sapientes
1672 1176 1786 1210 operae
1812 1171 1966 1210 metropo-

1227 1217 1338 1250 litanae
1364 1218 1513 1251 ecclesiae
1537 1219 1691 1259 Senensis,
1710 1219 1804 1262 quod,
1823 1230 1894 1252 cum
1914 1219 1965 1253 do-

1226 1281 1295 1303 mus
1308 1271 1586 1315 archiepiscopalis
1600 1272 1756 1313 Senensis,
1770 1283 1849 1316 quae
1863 1272 1964 1306 eidem

1226 1324 1374 1357 ecclesiae
1392 1335 1409 1356 a
1430 1324 1525 1358 latere
1550 1326 1696 1368 contigua
1722 1326 1825 1360 existit
1849 1337 1919 1360 eum
1934 1327 1964 1360 in

1225 1383 1338 1410 statum
1358 1377 1483 1411 redacta
1503 1378 1678 1422 reperiatur
1699 1385 1732 1412 ut
1755 1379 1965 1413 inhabitabilis

1225 1430 1273 1472 sit,
1291 1430 1419 1474 eiusque
1437 1431 1527 1464 ruina
1543 1437 1676 1475 nequeat
1693 1432 1813 1474 evitari,
1834 1433 1894 1477 ipsi
1911 1444 1963 1467 ex-

1224 1490 1375 1527 ponentes
1412 1484 1512 1518 dictae
1552 1485 1703 1518 ecclcsiae
1740 1485 1964 1530 publicumque

1225 1537 1370 1571 decorem
1396 1538 1576 1572 notabiliter
1608 1544 1733 1572 auctum
1759 1539 1798 1572 iri
1823 1539 1962 1582 credunt,

1224 1591 1247 1624 si
1274 1591 1381 1624 eadem
1408 1591 1520 1625 donms
1544 1592 1740 1635 destruatur,
1766 1598 1796 1626 ct
1820 1592 1872 1625 illa
1891 1603 1964 1637 pars

1225 1645 1311 1678 facici
1337 1645 1501 1679 exterioris
1527 1646 1676 1679 ecclesiae
1700 1645 1887 1690 praedictae,
1912 1647 1962 1680 cui

1223 1699 1305 1732 dicta
1341 1700 1452 1732 domus
1484 1699 1758 1743 archiepiscopalis
1792 1699 1961 1743 adhaeret,

1223 1753 1500 1786 incrustationibus
1526 1753 1714 1786 marmoreis
1742 1753 1821 1786 sicut
1841 1753 1962 1797 reliqua

1224 1807 1316 1840 facies
1341 1806 1476 1840 exterior
1507 1805 1605 1849 ipsius
1637 1805 1786 1839 ecclcsiae
1811 1808 1961 1849 ornetur,

1223 1860 1386 1903 scalaeque
1422 1859 1459 1892 ab
1492 1859 1601 1892 eadem
1627 1865 1714 1903 parte
1740 1864 1961 1893 construantur

1222 1913 1339 1946 similes
1365 1913 1445 1955 illis,
1471 1923 1550 1956 quae
1581 1912 1619 1945 ab
1649 1913 1797 1946 anteri0ri
1822 1913 1960 1947 eiusdem

1222 1966 1371 1999 ccclesiae
1397 1971 1486 2010 parte
1512 1965 1657 1998 existunt.

1265 2020 1280 2063 ἓ
1306 2019 1334 2052 l.
1355 2020 1429 2053 Cum
1448 2024 1563 2060 autem,
1578 2012 1657 2052 sicut
1674 2019 1781 2053 eadem
1807 2021 1960 2064 expositio

1221 2072 1440 2115 subiungebat,
1459 2072 1646 2105 venerabilis
1670 2073 1765 2106 frater
1790 2073 1960 2107 modernus

1221 2126 1479 2170 archiepiscopus
1497 2126 1652 2166 Senensis
1670 2126 1734 2170 qui,
1757 2132 1790 2160 ut
1814 2127 1888 2160 dicti
1908 2138 1959 2160 ex-

1220 2183 1370 2223 ponentes
1398 2184 1550 2221 asserunt,
1581 2180 1611 2211 in
1636 2180 1763 2224 propria
1792 2179 1886 2214 domo
1903 2181 1959 2214 sua

1221 2233 1349 2273 habitat,
1367 2233 1479 2265 domus
1493 2233 1768 2277 archiepiscopalis
1782 2234 1959 2277 praedictae

1220 2286 1416 2321 deinolitioni
1430 2287 1613 2327 consentiat,
1628 2287 1750 2331 ipsique
1768 2293 1959 2332 exponentes

1220 2341 1258 2374 ad
1275 2340 1508 2374 demolitionem
1535 2341 1647 2374 domus
1670 2341 1851 2375 huiusmodi
1869 2342 1956 2375 deve-

1219 2395 1297 2435 nire,
1316 2400 1345 2426 et
1361 2405 1419 2437 pro
1444 2394 1622 2428 futur-orum
1643 2394 1958 2438 archiepiscoporum

1219 2448 1403 2481 Senensium
1422 2447 1612 2481 habitatione
1630 2447 1759 2480 domuin
1779 2458 1892 2491 operae
1913 2458 1960 2480 su-

1220 2501 1388 2545 pradictae,
1406 2500 1505 2534 donec
1527 2500 1636 2533 iisdem
1657 2500 1900 2544 archiepiscopis
1920 2499 1958 2533 de

1261 2618 1267 2643 l
1288 2616 1323 2642 Ex
1340 2616 1445 2650 llegest.
1463 2615 1489 2642 in
1503 2616 1605 2643 secret.
1622 2615 1699 2644 Brev.

1982 215 2029 240 An.
2051 214 2079 240 C.
2104 215 2169 243 1658

2006 1125 2122 1152 Expositio.

2002 2028 2131 2056 Supplicauo
