<?xml version="1.0" encoding="UTF-8"?>
<!DOCTYPE html PUBLIC "-//W3C//DTD XHTML 1.0 Transitional//EN"
    "http://www.w3.org/TR/xhtml1/DTD/xhtml1-transitional.dtd">
<html xmlns="http://www.w3.org/1999/xhtml" xml:lang="en" lang="en">
 <head>
  <title>
</title>
<meta http-equiv="Content-Type" content="text/html;charset=utf-8" />
  <meta name='ocr-system' content='tesseract 3.04.00' />
  <meta name='ocr-capabilities' content='ocr_page ocr_carea ocr_par ocr_line ocrx_word'/>
</head>
<body>
  <div class='ocr_page' id='page_1' title='image "./bullarumdiplomat16cath_0816.png"; bbox 0 0 2202 3190; ppageno 0'>
   <div class='ocr_carea' id='block_1_1' title="bbox 238 150 415 178">
    <p class='ocr_par' dir='ltr' id='par_1_1' title="bbox 238 150 415 178">
     <span class='ocr_line' id='line_1_1' title="bbox 238 150 415 178; baseline 0.011 -2"><span class='ocrx_word' id='word_1_1' title='bbox 238 150 325 177; x_wconf 76' lang='lat' dir='ltr'>An.C.</span> <span class='ocrx_word' id='word_1_2' title='bbox 349 150 415 178; x_wconf 68' lang='lat'>¹662</span> 
     </span>
    </p>
   </div>
   <div class='ocr_carea' id='block_1_2' title="bbox 240 688 421 740">
    <p class='ocr_par' dir='ltr' id='par_1_2' title="bbox 240 688 421 740">
     <span class='ocr_line' id='line_1_2' title="bbox 261 688 421 709; baseline 0.006 -1"><span class='ocrx_word' id='word_1_3' title='bbox 261 688 375 708; x_wconf 63' lang='lat' dir='ltr'>Contrariis</span> <span class='ocrx_word' id='word_1_4' title='bbox 387 688 421 709; x_wconf 83' lang='lat' dir='ltr'>de-</span> 
     </span>
     <span class='ocr_line' id='line_1_3' title="bbox 240 718 307 740; baseline 0 -5"><span class='ocrx_word' id='word_1_5' title='bbox 240 718 307 740; x_wconf 73' lang='lat' dir='ltr'>rogat.</span> 
     </span>
    </p>
   </div>
   <div class='ocr_carea' id='block_1_3' title="bbox 277 2439 416 2463">
    <p class='ocr_par' dir='ltr' id='par_1_3' title="bbox 277 2439 416 2463">
     <span class='ocr_line' id='line_1_4' title="bbox 277 2439 416 2463; baseline -0.014 -1"><span class='ocrx_word' id='word_1_6' title='bbox 277 2439 416 2463; x_wconf 71' lang='lat' dir='ltr'>Prooemium.</span> 
     </span>
    </p>
   </div>
   <div class='ocr_carea' id='block_1_4' title="bbox 434 142 1190 1736">
    <p class='ocr_par' dir='ltr' id='par_1_4' title="bbox 434 142 1190 667">
     <span class='ocr_line' id='line_1_5' title="bbox 462 142 524 175; baseline 0 0"><span class='ocrx_word' id='word_1_7' title='bbox 462 142 524 175; x_wconf 70' lang='lat'>782</span> 
     </span>
     <span class='ocr_line' id='line_1_6' title="bbox 434 199 1169 244; baseline 0.001 -12"><span class='ocrx_word' id='word_1_8' title='bbox 434 210 518 241; x_wconf 80' lang='lat' dir='ltr'>nere,</span> <span class='ocrx_word' id='word_1_9' title='bbox 546 210 581 231; x_wconf 87' lang='lat' dir='ltr'>ac</span> <span class='ocrx_word' id='word_1_10' title='bbox 605 199 642 231; x_wconf 92' lang='lat' dir='ltr'>ab</span> <span class='ocrx_word' id='word_1_11' title='bbox 669 199 739 239; x_wconf 83' lang='lat' dir='ltr'>illis,</span> <span class='ocrx_word' id='word_1_12' title='bbox 756 199 792 230; x_wconf 88' lang='lat' dir='ltr'>ad</span> <span class='ocrx_word' id='word_1_13' title='bbox 818 209 895 242; x_wconf 84' lang='lat' dir='ltr'>quos</span> <span class='ocrx_word' id='word_1_14' title='bbox 920 205 1039 243; x_wconf 88' lang='lat' dir='ltr'>spectat</span> <span class='ocrx_word' id='word_1_15' title='bbox 1056 206 1085 233; x_wconf 84' lang='lat' dir='ltr'>et</span> <span class='ocrx_word' id='word_1_16' title='bbox 1109 211 1169 244; x_wconf 89' lang='lat' dir='ltr'>pro</span> 
     </span>
     <span class='ocr_line' id='line_1_7' title="bbox 437 252 1189 295; baseline 0.001 -11"><span class='ocrx_word' id='word_1_17' title='bbox 437 258 576 295; x_wconf 82' lang='lat' dir='ltr'>tempore</span> <span class='ocrx_word' id='word_1_18' title='bbox 591 252 751 295; x_wconf 73' lang='lat' dir='ltr'>spectabit,</span> <span class='ocrx_word' id='word_1_19' title='bbox 764 252 982 285; x_wconf 71' lang='lat' dir='ltr'>inviolabiliter</span> <span class='ocrx_word' id='word_1_20' title='bbox 996 253 1167 293; x_wconf 68' lang='lat' dir='ltr'>observari,</span> <span class='ocrx_word' id='word_1_21' title='bbox 1188 254 1189 261; x_wconf 61' lang='lat'>¹</span> 
     </span>
     <span class='ocr_line' id='line_1_8' title="bbox 435 305 1172 350; baseline 0.003 -14"><span class='ocrx_word' id='word_1_22' title='bbox 435 305 540 348; x_wconf 85' lang='lat' dir='ltr'>sicque</span> <span class='ocrx_word' id='word_1_23' title='bbox 559 305 587 336; x_wconf 94' lang='lat' dir='ltr'>in</span> <span class='ocrx_word' id='word_1_24' title='bbox 616 305 796 348; x_wconf 68' lang='lat' dir='ltr'>praemissis</span> <span class='ocrx_word' id='word_1_25' title='bbox 815 316 871 349; x_wconf 86' lang='lat' dir='ltr'>per</span> <span class='ocrx_word' id='word_1_26' title='bbox 894 317 1109 350; x_wconf 86' lang='lat' dir='ltr'>quoscumque</span> <span class='ocrx_word' id='word_1_27' title='bbox 1127 307 1172 339; x_wconf 92' lang='lat' dir='ltr'>iu-</span> 
     </span>
     <span class='ocr_line' id='line_1_9' title="bbox 436 358 1190 402; baseline 0.001 -11"><span class='ocrx_word' id='word_1_28' title='bbox 436 359 519 391; x_wconf 82' lang='lat' dir='ltr'>dices</span> <span class='ocrx_word' id='word_1_29' title='bbox 537 358 714 392; x_wconf 86' lang='lat' dir='ltr'>ordinarios</span> <span class='ocrx_word' id='word_1_30' title='bbox 736 363 765 392; x_wconf 87' lang='lat' dir='ltr'>ct</span> <span class='ocrx_word' id='word_1_31' title='bbox 784 359 952 402; x_wconf 74' lang='lat' dir='ltr'>delegatos,</span> <span class='ocrx_word' id='word_1_32' title='bbox 976 361 1068 394; x_wconf 85' lang='lat' dir='ltr'>etiam</span> <span class='ocrx_word' id='word_1_33' title='bbox 1098 372 1171 393; x_wconf 89' lang='lat' dir='ltr'>cau-</span> <span class='ocrx_word' id='word_1_34' title='bbox 1188 364 1190 374; x_wconf 78' lang='lat'><em>&#39;</em></span> 
     </span>
     <span class='ocr_line' id='line_1_10' title="bbox 436 412 1171 456; baseline 0.003 -13"><span class='ocrx_word' id='word_1_35' title='bbox 436 422 541 444; x_wconf 80' lang='lat' dir='ltr'>sarum</span> <span class='ocrx_word' id='word_1_36' title='bbox 567 412 672 455; x_wconf 85' lang='lat' dir='ltr'>palatii</span> <span class='ocrx_word' id='word_1_37' title='bbox 698 413 860 456; x_wconf 89' lang='lat' dir='ltr'>apostolici</span> <span class='ocrx_word' id='word_1_38' title='bbox 886 413 1062 454; x_wconf 71' lang='lat' dir='ltr'>auditores,</span> <span class='ocrx_word' id='word_1_39' title='bbox 1092 414 1171 446; x_wconf 90' lang='lat' dir='ltr'>iudi-</span> 
     </span>
     <span class='ocr_line' id='line_1_11' title="bbox 437 465 1173 507; baseline 0.003 -10"><span class='ocrx_word' id='word_1_40' title='bbox 437 466 498 497; x_wconf 87' lang='lat' dir='ltr'>cari</span> <span class='ocrx_word' id='word_1_41' title='bbox 520 471 550 497; x_wconf 93' lang='lat' dir='ltr'>et</span> <span class='ocrx_word' id='word_1_42' title='bbox 574 465 697 498; x_wconf 81' lang='lat' dir='ltr'>definiri</span> <span class='ocrx_word' id='word_1_43' title='bbox 719 466 843 507; x_wconf 88' lang='lat' dir='ltr'>debere,</span> <span class='ocrx_word' id='word_1_44' title='bbox 861 478 896 500; x_wconf 84' lang='lat' dir='ltr'>ac</span> <span class='ocrx_word' id='word_1_45' title='bbox 917 467 1039 500; x_wconf 90' lang='lat' dir='ltr'>irritum</span> <span class='ocrx_word' id='word_1_46' title='bbox 1060 472 1088 499; x_wconf 89' lang='lat' dir='ltr'>et</span> <span class='ocrx_word' id='word_1_47' title='bbox 1110 467 1173 499; x_wconf 87' lang='lat' dir='ltr'>ina-</span> 
     </span>
     <span class='ocr_line' id='line_1_12' title="bbox 436 518 1174 564; baseline 0.004 -14"><span class='ocrx_word' id='word_1_48' title='bbox 436 529 484 558; x_wconf 89' lang='lat' dir='ltr'>ne,</span> <span class='ocrx_word' id='word_1_49' title='bbox 500 518 523 550; x_wconf 90' lang='lat' dir='ltr'>si</span> <span class='ocrx_word' id='word_1_50' title='bbox 553 529 642 551; x_wconf 83' lang='lat' dir='ltr'>secus</span> <span class='ocrx_word' id='word_1_51' title='bbox 660 529 753 563; x_wconf 87' lang='lat' dir='ltr'>super</span> <span class='ocrx_word' id='word_1_52' title='bbox 775 520 823 552; x_wconf 80' lang='lat' dir='ltr'>liis</span> <span class='ocrx_word' id='word_1_53' title='bbox 839 530 855 552; x_wconf 90' lang='lat' dir='ltr'>a</span> <span class='ocrx_word' id='word_1_54' title='bbox 873 531 1040 564; x_wconf 86' lang='lat' dir='ltr'>quoquam,</span> <span class='ocrx_word' id='word_1_55' title='bbox 1066 521 1174 564; x_wconf 78' lang='lat' dir='ltr'>quavis</span> 
     </span>
     <span class='ocr_line' id='line_1_13' title="bbox 436 571 1175 616; baseline 0.004 -14"><span class='ocrx_word' id='word_1_56' title='bbox 436 571 630 612; x_wconf 86' lang='lat' dir='ltr'>auctoritate,</span> <span class='ocrx_word' id='word_1_57' title='bbox 657 571 791 604; x_wconf 82' lang='lat' dir='ltr'>scienter</span> <span class='ocrx_word' id='word_1_58' title='bbox 816 573 860 605; x_wconf 76' lang='lat' dir='ltr'>vel</span> <span class='ocrx_word' id='word_1_59' title='bbox 888 573 1079 616; x_wconf 77' lang='lat' dir='ltr'>ignoranter,</span> <span class='ocrx_word' id='word_1_60' title='bbox 1105 583 1175 605; x_wconf 91' lang='lat' dir='ltr'>con-</span> 
     </span>
     <span class='ocr_line' id='line_1_14' title="bbox 437 624 719 667; baseline 0.007 -11"><span class='ocrx_word' id='word_1_61' title='bbox 437 624 542 667; x_wconf 77' lang='lat' dir='ltr'>tigerit</span> <span class='ocrx_word' id='word_1_62' title='bbox 565 626 719 658; x_wconf 83' lang='lat' dir='ltr'>attentari.</span> 
     </span>
    </p>

    <p class='ocr_par' dir='ltr' id='par_1_5' title="bbox 438 677 1180 1522">
     <span class='ocr_line' id='line_1_15' title="bbox 482 677 1175 723; baseline 0.001 -13"><span class='ocrx_word' id='word_1_63' title='bbox 482 678 496 721; x_wconf 69' lang='lat'><em>§</em></span> <span class='ocrx_word' id='word_1_64' title='bbox 526 677 554 711; x_wconf 81' lang='grc'>3.</span> <span class='ocrx_word' id='word_1_65' title='bbox 588 679 654 711; x_wconf 79' lang='lat' dir='ltr'>Non</span> <span class='ocrx_word' id='word_1_66' title='bbox 688 679 883 712; x_wconf 78' lang='lat' dir='ltr'>obstantibus</span> <span class='ocrx_word' id='word_1_67' title='bbox 908 680 1109 723; x_wconf 85' lang='lat' dir='ltr'>praemissis,</span> <span class='ocrx_word' id='word_1_68' title='bbox 1140 690 1175 711; x_wconf 89' lang='lat' dir='ltr'>ac</span> 
     </span>
     <span class='ocr_line' id='line_1_16' title="bbox 438 730 1175 776; baseline 0.005 -14"><span class='ocrx_word' id='word_1_69' title='bbox 438 730 710 764; x_wconf 56' lang='lat' dir='ltr'>constitutionibus</span> <span class='ocrx_word' id='word_1_70' title='bbox 728 737 756 764; x_wconf 88' lang='lat' dir='ltr'>et</span> <span class='ocrx_word' id='word_1_71' title='bbox 781 732 1029 765; x_wconf 72' lang='lat' dir='ltr'>ordinationibus</span> <span class='ocrx_word' id='word_1_72' title='bbox 1054 738 1175 776; x_wconf 88' lang='lat' dir='ltr'>aposto-</span> 
     </span>
     <span class='ocr_line' id='line_1_17' title="bbox 438 784 1174 828; baseline 0.004 -13"><span class='ocrx_word' id='word_1_73' title='bbox 438 784 516 824; x_wconf 83' lang='lat' dir='ltr'>licis,</span> <span class='ocrx_word' id='word_1_74' title='bbox 534 795 654 818; x_wconf 82' lang='lat' dir='ltr'>necnon</span> <span class='ocrx_word' id='word_1_75' title='bbox 673 786 773 818; x_wconf 77' lang='lat' dir='ltr'>dictae</span> <span class='ocrx_word' id='word_1_76' title='bbox 798 787 1061 828; x_wconf 76' lang='lat' dir='ltr'>congregationis,</span> <span class='ocrx_word' id='word_1_77' title='bbox 1082 786 1174 819; x_wconf 90' lang='lat' dir='ltr'>etiam</span> 
     </span>
     <span class='ocr_line' id='line_1_18' title="bbox 440 837 1175 881; baseline 0.004 -13"><span class='ocrx_word' id='word_1_78' title='bbox 440 837 626 879; x_wconf 89' lang='lat' dir='ltr'>iuramento,</span> <span class='ocrx_word' id='word_1_79' title='bbox 655 839 891 871; x_wconf 72' lang='lat' dir='ltr'>confirmatione</span> <span class='ocrx_word' id='word_1_80' title='bbox 916 839 1103 881; x_wconf 77' lang='lat' dir='ltr'>apostolica,</span> <span class='ocrx_word' id='word_1_81' title='bbox 1130 840 1175 871; x_wconf 77' lang='lat' dir='ltr'>vel</span> 
     </span>
     <span class='ocr_line' id='line_1_19' title="bbox 439 892 1177 934; baseline 0.004 -11"><span class='ocrx_word' id='word_1_82' title='bbox 439 892 546 934; x_wconf 73' lang='lat' dir='ltr'>quavis</span> <span class='ocrx_word' id='word_1_83' title='bbox 571 892 729 925; x_wconf 82' lang='lat' dir='ltr'>tiirmitatc</span> <span class='ocrx_word' id='word_1_84' title='bbox 750 893 807 924; x_wconf 78' lang='lat' dir='ltr'>alia</span> <span class='ocrx_word' id='word_1_85' title='bbox 828 893 995 933; x_wconf 86' lang='lat' dir='ltr'>roboratis,</span> <span class='ocrx_word' id='word_1_86' title='bbox 1008 893 1130 926; x_wconf 88' lang='lat' dir='ltr'>statutis</span> <span class='ocrx_word' id='word_1_87' title='bbox 1148 897 1177 926; x_wconf 85' lang='lat' dir='ltr'>ct</span> 
     </span>
     <span class='ocr_line' id='line_1_20' title="bbox 439 945 1175 989; baseline 0.003 -13"><span class='ocrx_word' id='word_1_88' title='bbox 439 945 739 985; x_wconf 81' lang='lat' dir='ltr'>consuetudinilms,</span> <span class='ocrx_word' id='word_1_89' title='bbox 765 946 936 989; x_wconf 76' lang='lat' dir='ltr'>privilegiis</span> <span class='ocrx_word' id='word_1_90' title='bbox 962 956 1105 989; x_wconf 89' lang='lat' dir='ltr'>quoque,</span> <span class='ocrx_word' id='word_1_91' title='bbox 1131 946 1175 978; x_wconf 89' lang='lat' dir='ltr'>in-</span> 
     </span>
     <span class='ocr_line' id='line_1_21' title="bbox 439 997 1174 1042; baseline 0.003 -13"><span class='ocrx_word' id='word_1_92' title='bbox 439 997 532 1029; x_wconf 87' lang='lat' dir='ltr'>dultis</span> <span class='ocrx_word' id='word_1_93' title='bbox 554 1004 583 1030; x_wconf 86' lang='lat' dir='ltr'>et</span> <span class='ocrx_word' id='word_1_94' title='bbox 606 998 717 1031; x_wconf 87' lang='lat' dir='ltr'>litteris</span> <span class='ocrx_word' id='word_1_95' title='bbox 739 999 916 1042; x_wconf 79' lang='lat' dir='ltr'>apostolicis</span> <span class='ocrx_word' id='word_1_96' title='bbox 933 999 962 1031; x_wconf 91' lang='lat' dir='ltr'>in</span> <span class='ocrx_word' id='word_1_97' title='bbox 984 999 1174 1032; x_wconf 85' lang='lat' dir='ltr'>contrarium</span> 
     </span>
     <span class='ocr_line' id='line_1_22' title="bbox 438 1052 1176 1095; baseline 0.004 -12"><span class='ocrx_word' id='word_1_98' title='bbox 438 1052 684 1094; x_wconf 85' lang='lat' dir='ltr'>praemissorum</span> <span class='ocrx_word' id='word_1_99' title='bbox 726 1052 962 1095; x_wconf 68' lang='lat' dir='ltr'>quomodolibet</span> <span class='ocrx_word' id='word_1_100' title='bbox 1001 1053 1176 1093; x_wconf 77' lang='lat' dir='ltr'>concessis,</span> 
     </span>
     <span class='ocr_line' id='line_1_23' title="bbox 439 1105 1178 1149; baseline 0 -12"><span class='ocrx_word' id='word_1_101' title='bbox 439 1105 630 1139; x_wconf 85' lang='lat' dir='ltr'>confirmatis</span> <span class='ocrx_word' id='word_1_102' title='bbox 656 1111 685 1137; x_wconf 93' lang='lat' dir='ltr'>et</span> <span class='ocrx_word' id='word_1_103' title='bbox 710 1106 879 1145; x_wconf 74' lang='lat' dir='ltr'>innovatis,</span> <span class='ocrx_word' id='word_1_104' title='bbox 901 1106 1013 1149; x_wconf 86' lang='lat' dir='ltr'>quibus</span> <span class='ocrx_word' id='word_1_105' title='bbox 1031 1107 1178 1139; x_wconf 87' lang='lat' dir='ltr'>omuibus</span> 
     </span>
     <span class='ocr_line' id='line_1_24' title="bbox 442 1158 1178 1203; baseline 0.004 -14"><span class='ocrx_word' id='word_1_106' title='bbox 442 1163 469 1190; x_wconf 87' lang='lat' dir='ltr'>et</span> <span class='ocrx_word' id='word_1_107' title='bbox 488 1158 628 1201; x_wconf 76' lang='lat' dir='ltr'>singulis,</span> <span class='ocrx_word' id='word_1_108' title='bbox 658 1159 782 1191; x_wconf 90' lang='lat' dir='ltr'>illorum</span> <span class='ocrx_word' id='word_1_109' title='bbox 810 1165 932 1192; x_wconf 88' lang='lat' dir='ltr'>tenores</span> <span class='ocrx_word' id='word_1_110' title='bbox 958 1160 1178 1203; x_wconf 84' lang='lat' dir='ltr'>praesentibus</span> 
     </span>
     <span class='ocr_line' id='line_1_25' title="bbox 439 1212 1178 1256; baseline 0.003 -13"><span class='ocrx_word' id='word_1_111' title='bbox 439 1222 498 1255; x_wconf 87' lang='lat' dir='ltr'>pro</span> <span class='ocrx_word' id='word_1_112' title='bbox 524 1213 616 1255; x_wconf 88' lang='lat' dir='ltr'>plene</span> <span class='ocrx_word' id='word_1_113' title='bbox 641 1218 669 1244; x_wconf 89' lang='lat' dir='ltr'>et</span> <span class='ocrx_word' id='word_1_114' title='bbox 695 1212 884 1245; x_wconf 75' lang='lat' dir='ltr'>sufficienter</span> <span class='ocrx_word' id='word_1_115' title='bbox 901 1213 1058 1256; x_wconf 79' lang='lat' dir='ltr'>expressis</span> <span class='ocrx_word' id='word_1_116' title='bbox 1081 1224 1116 1246; x_wconf 90' lang='lat' dir='ltr'>ac</span> <span class='ocrx_word' id='word_1_117' title='bbox 1140 1213 1178 1245; x_wconf 83' lang='lat' dir='ltr'>dc</span> 
     </span>
     <span class='ocr_line' id='line_1_26' title="bbox 440 1264 1178 1305; baseline 0.001 -9"><span class='ocrx_word' id='word_1_118' title='bbox 440 1264 535 1297; x_wconf 89' lang='lat' dir='ltr'>verbo</span> <span class='ocrx_word' id='word_1_119' title='bbox 561 1264 598 1296; x_wconf 88' lang='lat' dir='ltr'>ad</span> <span class='ocrx_word' id='word_1_120' title='bbox 624 1265 753 1297; x_wconf 85' lang='lat' dir='ltr'>verbum</span> <span class='ocrx_word' id='word_1_121' title='bbox 780 1265 904 1297; x_wconf 87' lang='lat' dir='ltr'>insertis</span> <span class='ocrx_word' id='word_1_122' title='bbox 934 1266 1093 1305; x_wconf 86' lang='lat' dir='ltr'>habentes,</span> <span class='ocrx_word' id='word_1_123' title='bbox 1119 1266 1178 1297; x_wconf 93' lang='lat' dir='ltr'>illis</span> 
     </span>
     <span class='ocr_line' id='line_1_27' title="bbox 439 1317 1179 1362; baseline 0.003 -13"><span class='ocrx_word' id='word_1_124' title='bbox 439 1317 514 1350; x_wconf 81' lang='lat' dir='ltr'>alias</span> <span class='ocrx_word' id='word_1_125' title='bbox 529 1318 558 1350; x_wconf 93' lang='lat' dir='ltr'>in</span> <span class='ocrx_word' id='word_1_126' title='bbox 574 1329 630 1351; x_wconf 93' lang='lat' dir='ltr'>suo</span> <span class='ocrx_word' id='word_1_127' title='bbox 647 1318 761 1351; x_wconf 88' lang='lat' dir='ltr'>robore</span> <span class='ocrx_word' id='word_1_128' title='bbox 782 1319 1007 1362; x_wconf 74' lang='lat' dir='ltr'>permansuris,</span> <span class='ocrx_word' id='word_1_129' title='bbox 1033 1319 1070 1351; x_wconf 86' lang='lat' dir='ltr'>ad</span> <span class='ocrx_word' id='word_1_130' title='bbox 1091 1329 1179 1362; x_wconf 88' lang='lat' dir='ltr'>prae-</span> 
     </span>
     <span class='ocr_line' id='line_1_28' title="bbox 440 1370 1177 1413; baseline 0 -10"><span class='ocrx_word' id='word_1_131' title='bbox 440 1370 608 1404; x_wconf 86' lang='lat' dir='ltr'>missorum</span> <span class='ocrx_word' id='word_1_132' title='bbox 634 1372 789 1412; x_wconf 78' lang='lat' dir='ltr'>effectum,</span> <span class='ocrx_word' id='word_1_133' title='bbox 816 1372 874 1404; x_wconf 86' lang='lat' dir='ltr'>liac</span> <span class='ocrx_word' id='word_1_134' title='bbox 906 1372 973 1405; x_wconf 84' lang='lat' dir='ltr'>vice</span> <span class='ocrx_word' id='word_1_135' title='bbox 1008 1372 1177 1413; x_wconf 87' lang='lat' dir='ltr'>dumtaxat⁷</span> 
     </span>
     <span class='ocr_line' id='line_1_29' title="bbox 441 1424 1180 1468; baseline 0.001 -12"><span class='ocrx_word' id='word_1_136' title='bbox 441 1424 617 1468; x_wconf 82' lang='lat' dir='ltr'>specialiter</span> <span class='ocrx_word' id='word_1_137' title='bbox 635 1430 663 1456; x_wconf 90' lang='lat' dir='ltr'>et</span> <span class='ocrx_word' id='word_1_138' title='bbox 677 1435 824 1468; x_wconf 80' lang='lat' dir='ltr'>expresse</span> <span class='ocrx_word' id='word_1_139' title='bbox 838 1425 1037 1468; x_wconf 42' lang='lat' dir='ltr'>derogamus</span> <span class='ocrx_word' id='word_1_140' title='bbox 1057 1425 1180 1459; x_wconf 87' lang='lat' dir='ltr'>ceteris-</span> 
     </span>
     <span class='ocr_line' id='line_1_30' title="bbox 440 1478 973 1522; baseline 0.004 -13"><span class='ocrx_word' id='word_1_141' title='bbox 440 1488 501 1520; x_wconf 87' lang='lat' dir='ltr'>que</span> <span class='ocrx_word' id='word_1_142' title='bbox 526 1478 691 1510; x_wconf 79' lang='lat' dir='ltr'>contrariis</span> <span class='ocrx_word' id='word_1_143' title='bbox 712 1478 973 1522; x_wconf 78' lang='lat' dir='ltr'>(piibuscumque.</span> 
     </span>
    </p>

    <p class='ocr_par' dir='ltr' id='par_1_6' title="bbox 441 1530 1181 1680">
     <span class='ocr_line' id='line_1_31' title="bbox 484 1530 1180 1574; baseline 0.003 -13"><span class='ocrx_word' id='word_1_144' title='bbox 484 1530 594 1562; x_wconf 89' lang='lat' dir='ltr'>Datum</span> <span class='ocrx_word' id='word_1_145' title='bbox 628 1531 754 1565; x_wconf 75' lang='lat' dir='ltr'>Romae.</span> <span class='ocrx_word' id='word_1_146' title='bbox 776 1531 858 1574; x_wconf 87' lang='lat' dir='ltr'>apud</span> <span class='ocrx_word' id='word_1_147' title='bbox 890 1532 918 1564; x_wconf 82' lang='lat' dir='ltr'>S.</span> <span class='ocrx_word' id='word_1_148' title='bbox 938 1531 1064 1563; x_wconf 79' lang='lat' dir='ltr'>Mariam</span> <span class='ocrx_word' id='word_1_149' title='bbox 1090 1532 1180 1564; x_wconf 89' lang='lat' dir='ltr'>Maio-</span> 
     </span>
     <span class='ocr_line' id='line_1_32' title="bbox 441 1584 1181 1625; baseline 0.003 -10"><span class='ocrx_word' id='word_1_150' title='bbox 441 1594 519 1623; x_wconf 88' lang='lat' dir='ltr'>rem,</span> <span class='ocrx_word' id='word_1_151' title='bbox 538 1584 595 1615; x_wconf 93' lang='lat' dir='ltr'>sub</span> <span class='ocrx_word' id='word_1_152' title='bbox 613 1585 728 1617; x_wconf 90' lang='lat' dir='ltr'>annulo</span> <span class='ocrx_word' id='word_1_153' title='bbox 747 1585 920 1625; x_wconf 80' lang='lat' dir='ltr'>Piscatoris,</span> <span class='ocrx_word' id='word_1_154' title='bbox 936 1585 984 1617; x_wconf 88' lang='lat' dir='ltr'>die</span> <span class='ocrx_word' id='word_1_155' title='bbox 1002 1595 1075 1618; x_wconf 66' lang='lat' dir='ltr'>xxm</span> <span class='ocrx_word' id='word_1_156' title='bbox 1102 1596 1181 1617; x_wconf 88' lang='lat' dir='ltr'>mar-</span> 
     </span>
     <span class='ocr_line' id='line_1_33' title="bbox 442 1636 1178 1680; baseline 0.004 -13"><span class='ocrx_word' id='word_1_157' title='bbox 442 1636 473 1668; x_wconf 88' lang='lat' dir='ltr'>tii</span> <span class='ocrx_word' id='word_1_158' title='bbox 506 1647 653 1677; x_wconf 75' lang='lat' dir='ltr'>itinCLxu,</span> <span class='ocrx_word' id='word_1_159' title='bbox 678 1637 876 1680; x_wconf 82' lang='lat' dir='ltr'>pontificatus</span> <span class='ocrx_word' id='word_1_160' title='bbox 901 1638 998 1670; x_wconf 83' lang='lat' dir='ltr'>nostri</span> <span class='ocrx_word' id='word_1_161' title='bbox 1024 1648 1105 1671; x_wconf 88' lang='lat' dir='ltr'>anno</span> <span class='ocrx_word' id='word_1_162' title='bbox 1126 1648 1178 1671; x_wconf 83' lang='lat' dir='ltr'>vu.</span> 
     </span>
    </p>

    <p class='ocr_par' dir='ltr' id='par_1_7' title="bbox 478 1699 1120 1736">
     <span class='ocr_line' id='line_1_34' title="bbox 478 1699 1120 1736; baseline 0.005 -11"><span class='ocrx_word' id='word_1_163' title='bbox 478 1699 533 1726; x_wconf 86' lang='lat' dir='ltr'>Dat.</span> <span class='ocrx_word' id='word_1_164' title='bbox 556 1700 599 1726; x_wconf 89' lang='lat' dir='ltr'>die</span> <span class='ocrx_word' id='word_1_165' title='bbox 619 1700 653 1726; x_wconf 79' lang='lat'>29</span> <span class='ocrx_word' id='word_1_166' title='bbox 673 1700 760 1727; x_wconf 86' lang='lat' dir='ltr'>martii</span> <span class='ocrx_word' id='word_1_167' title='bbox 782 1700 856 1733; x_wconf 68' lang='lat'>1662,</span> <span class='ocrx_word' id='word_1_168' title='bbox 879 1701 967 1736; x_wconf 81' lang='lat' dir='ltr'>pontif</span> <span class='ocrx_word' id='word_1_169' title='bbox 991 1709 1061 1728; x_wconf 80' lang='lat' dir='ltr'>anno</span> <span class='ocrx_word' id='word_1_170' title='bbox 1077 1708 1120 1728; x_wconf 82' lang='lat' dir='ltr'>vu.</span> 
     </span>
    </p>
   </div>
   <div class='ocr_carea' id='block_1_5' title="bbox 707 1843 919 1877">
    <p class='ocr_par' dir='ltr' id='par_1_8' title="bbox 707 1843 919 1877">
     <span class='ocr_line' id='line_1_35' title="bbox 707 1843 919 1877; baseline 0 -1"><span class='ocrx_word' id='word_1_171' title='bbox 707 1843 919 1877; x_wconf 79' lang='lat' dir='ltr'>CCCLxxxv.</span> 
     </span>
    </p>
   </div>
   <div class='ocr_carea' id='block_1_6' title="bbox 442 1932 1181 2082">
    <p class='ocr_par' dir='ltr' id='par_1_9' title="bbox 442 1932 1181 2082">
     <span class='ocr_line' id='line_1_36' title="bbox 442 1932 1181 1977; baseline 0 -11"><span class='ocrx_word' id='word_1_172' title='bbox 442 1932 616 1977; x_wconf 77' lang='lat' dir='ltr'>Deputale&#39;o</span> <span class='ocrx_word' id='word_1_173' title='bbox 640 1933 759 1965; x_wconf 69' lang='lat' dir='ltr'>vicarii</span> <span class='ocrx_word' id='word_1_174' title='bbox 776 1933 945 1977; x_wconf 72' lang='lat' dir='ltr'>apostolici</span> <span class='ocrx_word' id='word_1_175' title='bbox 961 1933 1107 1965; x_wconf 53' lang='lat' dir='ltr'>eccles-iae</span> <span class='ocrx_word' id='word_1_176' title='bbox 1124 1933 1181 1966; x_wconf 84' lang='lat' dir='ltr'>Bi-</span> 
     </span>
     <span class='ocr_line' id='line_1_37' title="bbox 486 1986 1180 2019; baseline 0 -1"><span class='ocrx_word' id='word_1_177' title='bbox 486 1987 638 2019; x_wconf 76' lang='lat' dir='ltr'>sunlinae</span> <span class='ocrx_word' id='word_1_178' title='bbox 673 1996 744 2018; x_wconf 76' lang='lat' dir='ltr'>cum</span> <span class='ocrx_word' id='word_1_179' title='bbox 777 1986 975 2018; x_wconf 72' lang='lat' dir='ltr'>revocatione</span> <span class='ocrx_word' id='word_1_180' title='bbox 1008 1986 1180 2018; x_wconf 72' lang='lat' dir='ltr'>cuiuslibet</span> 
     </span>
     <span class='ocr_line' id='line_1_38' title="bbox 487 2038 1176 2082; baseline -0.001 -10"><span class='ocrx_word' id='word_1_181' title='bbox 487 2040 623 2072; x_wconf 76' lang='lat' dir='ltr'>alterius</span> <span class='ocrx_word' id='word_1_182' title='bbox 648 2050 668 2072; x_wconf 79' lang='lat' dir='ltr'>a</span> <span class='ocrx_word' id='word_1_183' title='bbox 692 2039 834 2082; x_wconf 72' lang='lat' dir='ltr'>capitulo</span> <span class='ocrx_word' id='word_1_184' title='bbox 859 2040 1034 2072; x_wconf 63' lang='lat' dir='ltr'>Bisunffino</span> <span class='ocrx_word' id='word_1_185' title='bbox 1055 2038 1176 2072; x_wconf 74' lang='lat' dir='ltr'>clecti&#39;.</span> 
     </span>
    </p>
   </div>
   <div class='ocr_carea' id='block_1_7' title="bbox 444 2119 1181 2285">
    <p class='ocr_par' dir='ltr' id='par_1_10' title="bbox 444 2119 1181 2241">
     <span class='ocr_line' id='line_1_39' title="bbox 444 2119 1181 2151; baseline 0.001 -5"><span class='ocrx_word' id='word_1_186' title='bbox 444 2119 557 2147; x_wconf 82' lang='lat' dir='ltr'>Dilecto</span> <span class='ocrx_word' id='word_1_187' title='bbox 578 2120 638 2146; x_wconf 87' lang='lat' dir='ltr'>filio</span> <span class='ocrx_word' id='word_1_188' title='bbox 660 2119 764 2146; x_wconf 86' lang='lat' dir='ltr'>Ioanni</span> <span class='ocrx_word' id='word_1_189' title='bbox 790 2120 949 2151; x_wconf 82' lang='lat' dir='ltr'>Dorivalio,</span> <span class='ocrx_word' id='word_1_190' title='bbox 972 2120 1181 2147; x_wconf 83' lang='lat' dir='ltr'>archidiacono</span> 
     </span>
     <span class='ocr_line' id='line_1_40' title="bbox 479 2163 1180 2191; baseline 0.001 -1"><span class='ocrx_word' id='word_1_191' title='bbox 479 2163 658 2191; x_wconf 86' lang='lat' dir='ltr'>Luxoviensi</span> <span class='ocrx_word' id='word_1_192' title='bbox 679 2171 713 2191; x_wconf 85' lang='lat' dir='ltr'>ac</span> <span class='ocrx_word' id='word_1_193' title='bbox 733 2164 875 2191; x_wconf 83' lang='lat' dir='ltr'>canonico</span> <span class='ocrx_word' id='word_1_194' title='bbox 897 2164 1045 2191; x_wconf 81' lang='lat' dir='ltr'>eeclesiae</span> <span class='ocrx_word' id='word_1_195' title='bbox 1073 2164 1180 2191; x_wconf 89' lang='lat' dir='ltr'>Bisun-</span> 
     </span>
     <span class='ocr_line' id='line_1_41' title="bbox 480 2208 572 2241; baseline 0.011 -7"><span class='ocrx_word' id='word_1_196' title='bbox 480 2208 572 2241; x_wconf 79' lang='lat' dir='ltr'>tinae,</span> 
     </span>
    </p>

    <p class='ocr_par' dir='ltr' id='par_1_11' title="bbox 629 2251 995 2285">
     <span class='ocr_line' id='line_1_42' title="bbox 629 2251 995 2285; baseline -0.003 -6"><span class='ocrx_word' id='word_1_197' title='bbox 629 2252 794 2279; x_wconf 82' lang='lat' dir='ltr'>Alexander</span> <span class='ocrx_word' id='word_1_198' title='bbox 824 2252 903 2285; x_wconf 82' lang='lat' dir='ltr'>Papa</span> <span class='ocrx_word' id='word_1_199' title='bbox 934 2251 995 2278; x_wconf 82' lang='lat' dir='ltr'><strong>vll.</strong></span> 
     </span>
    </p>
   </div>
   <div class='ocr_carea' id='block_1_8' title="bbox 489 2322 1137 2400">
    <p class='ocr_par' dir='ltr' id='par_1_12' title="bbox 489 2322 1137 2400">
     <span class='ocr_line' id='line_1_43' title="bbox 718 2322 908 2355; baseline 0 -6"><span class='ocrx_word' id='word_1_200' title='bbox 718 2322 833 2350; x_wconf 83' lang='lat' dir='ltr'>Dilecte</span> <span class='ocrx_word' id='word_1_201' title='bbox 853 2322 908 2355; x_wconf 89' lang='lat' dir='ltr'>fili,</span> 
     </span>
     <span class='ocr_line' id='line_1_44' title="bbox 489 2366 1137 2400; baseline -0.002 -7"><span class='ocrx_word' id='word_1_202' title='bbox 489 2367 617 2393; x_wconf 82' lang='lat' dir='ltr'>salutem</span> <span class='ocrx_word' id='word_1_203' title='bbox 632 2370 663 2394; x_wconf 79' lang='lat' dir='ltr'>et</span> <span class='ocrx_word' id='word_1_204' title='bbox 676 2367 871 2400; x_wconf 82' lang='lat' dir='ltr'>apostolicam</span> <span class='ocrx_word' id='word_1_205' title='bbox 887 2366 1137 2393; x_wconf 82' lang='lat' dir='ltr'>benedictionem.</span> 
     </span>
    </p>
   </div>
   <div class='ocr_carea' id='block_1_9' title="bbox 1188 202 1203 2467">
    <p class='ocr_par' dir='ltr' id='par_1_13' title="bbox 1188 202 1203 2467">
     <span class='ocr_line' id='line_1_45' title="bbox 1188 202 1203 2467; baseline 0 0"><span class='ocrx_word' id='word_1_206' title='bbox 1188 202 1203 2467; x_wconf 95' lang='lat' dir='ltr'> </span> 
     </span>
    </p>
   </div>
   <div class='ocr_carea' id='block_1_10' title="bbox 448 2436 1182 2531">
    <p class='ocr_par' dir='ltr' id='par_1_14' title="bbox 448 2436 1182 2531">
     <span class='ocr_line' id='line_1_46' title="bbox 491 2436 1182 2481; baseline 0.001 -13"><span class='ocrx_word' id='word_1_207' title='bbox 491 2436 629 2470; x_wconf 87' lang='lat' dir='ltr'>Ouerosa</span> <span class='ocrx_word' id='word_1_208' title='bbox 662 2438 850 2470; x_wconf 75' lang='lat' dir='ltr'>sacrosancti</span> <span class='ocrx_word' id='word_1_209' title='bbox 882 2437 1075 2481; x_wconf 84' lang='lat' dir='ltr'>apostolatus</span> <span class='ocrx_word' id='word_1_210' title='bbox 1107 2447 1182 2470; x_wconf 85' lang='lat' dir='ltr'>cura</span> 
     </span>
     <span class='ocr_line' id='line_1_47' title="bbox 448 2489 1180 2531; baseline 0.003 -10"><span class='ocrx_word' id='word_1_211' title='bbox 448 2489 614 2522; x_wconf 78' lang='lat' dir='ltr'>humilitati</span> <span class='ocrx_word' id='word_1_212' title='bbox 640 2496 774 2531; x_wconf 88' lang='lat' dir='ltr'>nostrae,</span> <span class='ocrx_word' id='word_1_213' title='bbox 799 2491 885 2523; x_wconf 88' lang='lat' dir='ltr'>nullo</span> <span class='ocrx_word' id='word_1_214' title='bbox 905 2491 977 2523; x_wconf 82' lang='lat' dir='ltr'>licet</span> <span class='ocrx_word' id='word_1_215' title='bbox 995 2491 1180 2523; x_wconf 86' lang='lat' dir='ltr'>meritorum</span> 
     </span>
    </p>
   </div>
   <div class='ocr_carea' id='block_1_11' title="bbox 486 2551 952 2587">
    <p class='ocr_par' dir='ltr' id='par_1_15' title="bbox 486 2551 952 2587">
     <span class='ocr_line' id='line_1_48' title="bbox 486 2551 952 2587; baseline 0.004 -10"><span class='ocrx_word' id='word_1_216' title='bbox 486 2553 494 2577; x_wconf 85' lang='lat' dir='ltr'>t</span> <span class='ocrx_word' id='word_1_217' title='bbox 519 2551 554 2577; x_wconf 81' lang='lat' dir='ltr'>Ex</span> <span class='ocrx_word' id='word_1_218' title='bbox 577 2552 680 2587; x_wconf 62' lang='lat' dir='ltr'>liegest.</span> <span class='ocrx_word' id='word_1_219' title='bbox 703 2553 728 2578; x_wconf 92' lang='lat' dir='ltr'>iu</span> <span class='ocrx_word' id='word_1_220' title='bbox 750 2553 849 2580; x_wconf 81' lang='lat' dir='ltr'>Secret.</span> <span class='ocrx_word' id='word_1_221' title='bbox 872 2554 952 2579; x_wconf 83' lang='lat' dir='ltr'>Brev.</span> 
     </span>
    </p>
   </div>
   <div class='ocr_carea' id='block_1_12' title="bbox 1015 151 1369 176">
    <p class='ocr_par' dir='ltr' id='par_1_16' title="bbox 1015 151 1369 176">
     <span class='ocr_line' id='line_1_49' title="bbox 1015 151 1369 176; baseline 0 0"><span class='ocrx_word' id='word_1_222' title='bbox 1015 152 1191 176; x_wconf 76' lang='lat' dir='ltr'>BULLARIUM</span> <span class='ocrx_word' id='word_1_223' title='bbox 1215 151 1369 176; x_wconf 68' lang='lat' dir='ltr'>ROMANUM</span> 
     </span>
    </p>
   </div>
   <div class='ocr_carea' id='block_1_13' title="bbox 1204 198 1957 2586">
    <p class='ocr_par' dir='ltr' id='par_1_17' title="bbox 1204 198 1945 499">
     <span class='ocr_line' id='line_1_50' title="bbox 1204 198 1942 244; baseline -0.001 -11"><span class='ocrx_word' id='word_1_224' title='bbox 1204 206 1383 233; x_wconf 84' lang='lat' dir='ltr'>nostrorum</span> <span class='ocrx_word' id='word_1_225' title='bbox 1419 198 1586 241; x_wconf 78' lang='lat' dir='ltr'>suffragio,</span> <span class='ocrx_word' id='word_1_226' title='bbox 1615 198 1761 232; x_wconf 87' lang='lat' dir='ltr'>divinitus</span> <span class='ocrx_word' id='word_1_227' title='bbox 1798 199 1942 244; x_wconf 84' lang='lat' dir='ltr'>imposita</span> 
     </span>
     <span class='ocr_line' id='line_1_51' title="bbox 1206 252 1941 296; baseline 0 -11"><span class='ocrx_word' id='word_1_228' title='bbox 1206 254 1351 296; x_wconf 86' lang='lat' dir='ltr'>postulat,</span> <span class='ocrx_word' id='word_1_229' title='bbox 1367 258 1400 285; x_wconf 90' lang='lat' dir='ltr'>ut</span> <span class='ocrx_word' id='word_1_230' title='bbox 1413 263 1522 285; x_wconf 85' lang='lat' dir='ltr'>earum</span> <span class='ocrx_word' id='word_1_231' title='bbox 1541 252 1711 295; x_wconf 85' lang='lat' dir='ltr'>praecipue</span> <span class='ocrx_word' id='word_1_232' title='bbox 1724 253 1941 294; x_wconf 84' lang='lat' dir='ltr'>ecclesiarum,</span> 
     </span>
     <span class='ocr_line' id='line_1_52' title="bbox 1206 305 1938 350; baseline -0.001 -11"><span class='ocrx_word' id='word_1_233' title='bbox 1206 317 1284 350; x_wconf 87' lang='lat' dir='ltr'>quae</span> <span class='ocrx_word' id='word_1_234' title='bbox 1309 306 1487 350; x_wconf 79' lang='lat' dir='ltr'>pastoribus</span> <span class='ocrx_word' id='word_1_235' title='bbox 1511 305 1652 338; x_wconf 82' lang='lat' dir='ltr'>viduatae</span> <span class='ocrx_word' id='word_1_236' title='bbox 1677 306 1938 349; x_wconf 82' lang='lat' dir='ltr'>sunt‚·periculis</span> 
     </span>
     <span class='ocr_line' id='line_1_53' title="bbox 1207 358 1943 393; baseline -0.003 -1"><span class='ocrx_word' id='word_1_237' title='bbox 1207 359 1374 393; x_wconf 79' lang='lat' dir='ltr'>salubriter</span> <span class='ocrx_word' id='word_1_238' title='bbox 1405 369 1573 392; x_wconf 86' lang='lat' dir='ltr'>occurrere</span> <span class='ocrx_word' id='word_1_239' title='bbox 1599 364 1628 391; x_wconf 85' lang='lat' dir='ltr'>et</span> <span class='ocrx_word' id='word_1_240' title='bbox 1652 358 1838 391; x_wconf 83' lang='lat' dir='ltr'>utilitatibus</span> <span class='ocrx_word' id='word_1_241' title='bbox 1870 368 1943 391; x_wconf 89' lang='lat' dir='ltr'>con-</span> 
     </span>
     <span class='ocr_line' id='line_1_54' title="bbox 1207 411 1945 456; baseline -0.001 -11"><span class='ocrx_word' id='word_1_242' title='bbox 1207 413 1310 445; x_wconf 87' lang='lat' dir='ltr'>sulere</span> <span class='ocrx_word' id='word_1_243' title='bbox 1334 417 1484 456; x_wconf 87' lang='lat' dir='ltr'>quantum</span> <span class='ocrx_word' id='word_1_244' title='bbox 1510 412 1600 445; x_wconf 88' lang='lat' dir='ltr'>nobis</span> <span class='ocrx_word' id='word_1_245' title='bbox 1617 422 1652 445; x_wconf 86' lang='lat' dir='ltr'>ex</span> <span class='ocrx_word' id='word_1_246' title='bbox 1675 412 1737 444; x_wconf 84' lang='lat' dir='ltr'>alto</span> <span class='ocrx_word' id='word_1_247' title='bbox 1762 411 1945 445; x_wconf 84' lang='lat' dir='ltr'>conceditur</span> 
     </span>
     <span class='ocr_line' id='line_1_55' title="bbox 1208 466 1396 499; baseline 0 -1"><span class='ocrx_word' id='word_1_248' title='bbox 1208 466 1396 499; x_wconf 84' lang='lat' dir='ltr'>studeamus.</span> 
     </span>
    </p>

    <p class='ocr_par' dir='ltr' id='par_1_18' title="bbox 1209 517 1957 2586">
     <span class='ocr_line' id='line_1_56' title="bbox 1253 517 1945 562; baseline 0 -12"><span class='ocrx_word' id='word_1_249' title='bbox 1253 519 1268 562; x_wconf 66' lang='lat' dir='ltr'>g</span> <span class='ocrx_word' id='word_1_250' title='bbox 1291 519 1320 551; x_wconf 74' lang='lat' dir='ltr'>t.</span> <span class='ocrx_word' id='word_1_251' title='bbox 1345 519 1421 552; x_wconf 87' lang='lat' dir='ltr'>Cum</span> <span class='ocrx_word' id='word_1_252' title='bbox 1440 518 1543 562; x_wconf 88' lang='lat' dir='ltr'>itaque</span> <span class='ocrx_word' id='word_1_253' title='bbox 1560 519 1652 562; x_wconf 85' lang='lat' dir='ltr'>(sicut</span> <span class='ocrx_word' id='word_1_254' title='bbox 1668 517 1861 562; x_wconf 86' lang='lat' dir='ltr'>accepimus)</span> <span class='ocrx_word' id='word_1_255' title='bbox 1883 527 1945 550; x_wconf 87' lang='lat' dir='ltr'>me-</span> 
     </span>
     <span class='ocr_line' id='line_1_57' title="bbox 1209 570 1944 615; baseline -0.001 -11"><span class='ocrx_word' id='word_1_256' title='bbox 1209 572 1397 615; x_wconf 88' lang='lat' dir='ltr'>tropolitana</span> <span class='ocrx_word' id='word_1_257' title='bbox 1416 572 1546 604; x_wconf 84' lang='lat' dir='ltr'>ecclesia</span> <span class='ocrx_word' id='word_1_258' title='bbox 1566 571 1735 611; x_wconf 84' lang='lat' dir='ltr'>Bisuntina,</span> <span class='ocrx_word' id='word_1_259' title='bbox 1752 581 1808 615; x_wconf 90' lang='lat' dir='ltr'>per</span> <span class='ocrx_word' id='word_1_260' title='bbox 1824 570 1944 604; x_wconf 88' lang='lat' dir='ltr'>obitum</span> 
     </span>
     <span class='ocr_line' id='line_1_58' title="bbox 1210 623 1946 658; baseline -0.003 0"><span class='ocrx_word' id='word_1_261' title='bbox 1210 625 1309 658; x_wconf 87' lang='lat' dir='ltr'>bonae</span> <span class='ocrx_word' id='word_1_262' title='bbox 1334 625 1507 658; x_wconf 88' lang='lat' dir='ltr'>memoriae</span> <span class='ocrx_word' id='word_1_263' title='bbox 1531 624 1654 657; x_wconf 89' lang='lat' dir='ltr'>Ioannis</span> <span class='ocrx_word' id='word_1_264' title='bbox 1671 624 1774 657; x_wconf 86' lang='lat' dir='ltr'>lacobi</span> <span class='ocrx_word' id='word_1_265' title='bbox 1796 623 1896 657; x_wconf 86' lang='lat' dir='ltr'>ultimi</span> <span class='ocrx_word' id='word_1_266' title='bbox 1913 624 1946 656; x_wconf 91' lang='lat' dir='ltr'>il-</span> 
     </span>
     <span class='ocr_line' id='line_1_59' title="bbox 1210 677 1945 721; baseline 0 -11"><span class='ocrx_word' id='word_1_267' title='bbox 1210 679 1268 710; x_wconf 90' lang='lat' dir='ltr'>lius</span> <span class='ocrx_word' id='word_1_268' title='bbox 1293 678 1524 721; x_wconf 83' lang='lat' dir='ltr'>archiepiscopi</span> <span class='ocrx_word' id='word_1_269' title='bbox 1542 688 1644 721; x_wconf 90' lang='lat' dir='ltr'>nuper</span> <span class='ocrx_word' id='word_1_270' title='bbox 1667 677 1815 718; x_wconf 83' lang='lat' dir='ltr'>defuncti,</span> <span class='ocrx_word' id='word_1_271' title='bbox 1835 677 1945 710; x_wconf 88' lang='lat' dir='ltr'>solatio</span> 
     </span>
     <span class='ocr_line' id='line_1_60' title="bbox 1210 731 1946 776; baseline -0.001 -12"><span class='ocrx_word' id='word_1_272' title='bbox 1210 732 1344 776; x_wconf 87' lang='lat' dir='ltr'>pastoris</span> <span class='ocrx_word' id='word_1_273' title='bbox 1369 732 1513 764; x_wconf 85' lang='lat' dir='ltr'>destituta</span> <span class='ocrx_word' id='word_1_274' title='bbox 1537 731 1585 772; x_wconf 87' lang='lat' dir='ltr'>sit,</span> <span class='ocrx_word' id='word_1_275' title='bbox 1613 731 1771 775; x_wconf 87' lang='lat' dir='ltr'>ipsiusque</span> <span class='ocrx_word' id='word_1_276' title='bbox 1796 731 1946 764; x_wconf 87' lang='lat' dir='ltr'>ecclesiae</span> 
     </span>
     <span class='ocr_line' id='line_1_61' title="bbox 1210 785 1948 828; baseline -0.001 -10"><span class='ocrx_word' id='word_1_277' title='bbox 1210 786 1380 828; x_wconf 83' lang='lat' dir='ltr'>capitulum</span> <span class='ocrx_word' id='word_1_278' title='bbox 1406 791 1436 817; x_wconf 88' lang='lat' dir='ltr'>et</span> <span class='ocrx_word' id='word_1_279' title='bbox 1461 785 1612 825; x_wconf 87' lang='lat' dir='ltr'>canonici,</span> <span class='ocrx_word' id='word_1_280' title='bbox 1631 795 1666 817; x_wconf 86' lang='lat' dir='ltr'>cx</span> <span class='ocrx_word' id='word_1_281' title='bbox 1689 786 1781 817; x_wconf 78' lang='lat' dir='ltr'>causa</span> <span class='ocrx_word' id='word_1_282' title='bbox 1808 789 1838 817; x_wconf 89' lang='lat' dir='ltr'>et</span> <span class='ocrx_word' id='word_1_283' title='bbox 1862 795 1948 818; x_wconf 85' lang='lat' dir='ltr'>occa-</span> 
     </span>
     <span class='ocr_line' id='line_1_62' title="bbox 1210 837 1948 881; baseline 0 -11"><span class='ocrx_word' id='word_1_284' title='bbox 1210 838 1296 872; x_wconf 83' lang='lat' dir='ltr'>sione</span> <span class='ocrx_word' id='word_1_285' title='bbox 1315 838 1475 871; x_wconf 87' lang='lat' dir='ltr'>electionis</span> <span class='ocrx_word' id='word_1_286' title='bbox 1488 838 1655 881; x_wconf 80' lang='lat' dir='ltr'>Guglielmi</span> <span class='ocrx_word' id='word_1_287' title='bbox 1676 837 1842 871; x_wconf 85' lang='lat' dir='ltr'>IIumberti</span> <span class='ocrx_word' id='word_1_288' title='bbox 1859 838 1948 870; x_wconf 85' lang='lat' dir='ltr'>Prae-</span> 
     </span>
     <span class='ocr_line' id='line_1_63' title="bbox 1211 891 1946 936; baseline -0.003 -11"><span class='ocrx_word' id='word_1_289' title='bbox 1211 892 1323 936; x_wconf 89' lang='lat' dir='ltr'>cipiani</span> <span class='ocrx_word' id='word_1_290' title='bbox 1350 903 1402 924; x_wconf 89' lang='lat' dir='ltr'>seu</span> <span class='ocrx_word' id='word_1_291' title='bbox 1428 892 1465 924; x_wconf 87' lang='lat' dir='ltr'>de</span> <span class='ocrx_word' id='word_1_292' title='bbox 1499 892 1701 935; x_wconf 79' lang='lat' dir='ltr'>praecipiano</span> <span class='ocrx_word' id='word_1_293' title='bbox 1733 892 1763 923; x_wconf 94' lang='lat' dir='ltr'>in</span> <span class='ocrx_word' id='word_1_294' title='bbox 1795 891 1946 924; x_wconf 86' lang='lat' dir='ltr'>decanum</span> 
     </span>
     <span class='ocr_line' id='line_1_64' title="bbox 1211 944 1948 978; baseline -0.001 -1"><span class='ocrx_word' id='word_1_295' title='bbox 1211 945 1348 977; x_wconf 86' lang='lat' dir='ltr'>eiusdem</span> <span class='ocrx_word' id='word_1_296' title='bbox 1377 945 1526 978; x_wconf 84' lang='lat' dir='ltr'>ccclesiae</span> <span class='ocrx_word' id='word_1_297' title='bbox 1546 950 1654 978; x_wconf 87' lang='lat' dir='ltr'>contra</span> <span class='ocrx_word' id='word_1_298' title='bbox 1677 944 1822 977; x_wconf 81' lang='lat' dir='ltr'>mandata</span> <span class='ocrx_word' id='word_1_299' title='bbox 1840 949 1948 977; x_wconf 86' lang='lat' dir='ltr'>nostra</span> 
     </span>
     <span class='ocr_line' id='line_1_65' title="bbox 1212 997 1946 1032; baseline 0 -2"><span class='ocrx_word' id='word_1_300' title='bbox 1212 999 1379 1032; x_wconf 87' lang='lat' dir='ltr'>temerario</span> <span class='ocrx_word' id='word_1_301' title='bbox 1404 1009 1480 1031; x_wconf 88' lang='lat' dir='ltr'>ausu</span> <span class='ocrx_word' id='word_1_302' title='bbox 1507 1004 1673 1031; x_wconf 83' lang='lat' dir='ltr'>attentatae</span> <span class='ocrx_word' id='word_1_303' title='bbox 1698 1003 1727 1031; x_wconf 89' lang='lat' dir='ltr'>et</span> <span class='ocrx_word' id='word_1_304' title='bbox 1751 998 1878 1031; x_wconf 89' lang='lat' dir='ltr'>nulliter</span> <span class='ocrx_word' id='word_1_305' title='bbox 1902 997 1946 1030; x_wconf 78' lang='lat' dir='ltr'>fa-</span> 
     </span>
     <span class='ocr_line' id='line_1_66' title="bbox 1211 1051 1946 1096; baseline -0.001 -11"><span class='ocrx_word' id='word_1_306' title='bbox 1211 1059 1289 1093; x_wconf 84' lang='lat' dir='ltr'>ctae,</span> <span class='ocrx_word' id='word_1_307' title='bbox 1314 1053 1394 1085; x_wconf 88' lang='lat' dir='ltr'>inter</span> <span class='ocrx_word' id='word_1_308' title='bbox 1420 1063 1452 1085; x_wconf 91' lang='lat' dir='ltr'>se</span> <span class='ocrx_word' id='word_1_309' title='bbox 1473 1052 1658 1093; x_wconf 83' lang='lat' dir='ltr'>dissideant,</span> <span class='ocrx_word' id='word_1_310' title='bbox 1676 1056 1705 1086; x_wconf 85' lang='lat' dir='ltr'>et</span> <span class='ocrx_word' id='word_1_311' title='bbox 1724 1062 1797 1096; x_wconf 87' lang='lat' dir='ltr'>pars</span> <span class='ocrx_word' id='word_1_312' title='bbox 1821 1051 1946 1095; x_wconf 89' lang='lat' dir='ltr'>quidem</span> 
     </span>
     <span class='ocr_line' id='line_1_67' title="bbox 1212 1105 1948 1150; baseline -0.001 -12"><span class='ocrx_word' id='word_1_313' title='bbox 1212 1116 1320 1138; x_wconf 86' lang='lat' dir='ltr'>eorum</span> <span class='ocrx_word' id='word_1_314' title='bbox 1346 1106 1436 1139; x_wconf 89' lang='lat' dir='ltr'>nobis</span> <span class='ocrx_word' id='word_1_315' title='bbox 1461 1111 1491 1138; x_wconf 86' lang='lat' dir='ltr'>et</span> <span class='ocrx_word' id='word_1_316' title='bbox 1515 1106 1713 1150; x_wconf 76' lang='lat' dir='ltr'>Apostolicae</span> <span class='ocrx_word' id='word_1_317' title='bbox 1737 1105 1806 1139; x_wconf 87' lang='lat' dir='ltr'>Sedi</span> <span class='ocrx_word' id='word_1_318' title='bbox 1830 1105 1876 1149; x_wconf 89' lang='lat' dir='ltr'>(ut</span> <span class='ocrx_word' id='word_1_319' title='bbox 1891 1115 1948 1149; x_wconf 86' lang='lat' dir='ltr'>par</span> 
     </span>
     <span class='ocr_line' id='line_1_68' title="bbox 1212 1157 1949 1202; baseline -0.001 -11"><span class='ocrx_word' id='word_1_320' title='bbox 1212 1160 1270 1202; x_wconf 87' lang='lat' dir='ltr'>est)</span> <span class='ocrx_word' id='word_1_321' title='bbox 1292 1159 1472 1192; x_wconf 80' lang='lat' dir='ltr'>obedientes</span> <span class='ocrx_word' id='word_1_322' title='bbox 1496 1159 1567 1199; x_wconf 84' lang='lat' dir='ltr'>sint,</span> <span class='ocrx_word' id='word_1_323' title='bbox 1588 1159 1685 1191; x_wconf 87' lang='lat' dir='ltr'>altera</span> <span class='ocrx_word' id='word_1_324' title='bbox 1710 1169 1784 1191; x_wconf 93' lang='lat' dir='ltr'>vero</span> <span class='ocrx_word' id='word_1_325' title='bbox 1808 1168 1891 1202; x_wconf 89' lang='lat' dir='ltr'>pars,</span> <span class='ocrx_word' id='word_1_326' title='bbox 1908 1157 1949 1190; x_wconf 94' lang='lat' dir='ltr'>vi-</span> 
     </span>
     <span class='ocr_line' id='line_1_69' title="bbox 1212 1211 1948 1255; baseline -0.004 -10"><span class='ocrx_word' id='word_1_327' title='bbox 1212 1213 1323 1246; x_wconf 78' lang='lat' dir='ltr'>delicet</span> <span class='ocrx_word' id='word_1_328' title='bbox 1340 1213 1440 1245; x_wconf 87' lang='lat' dir='ltr'>dictus</span> <span class='ocrx_word' id='word_1_329' title='bbox 1458 1212 1652 1255; x_wconf 80' lang='lat' dir='ltr'>Guglielmus</span> <span class='ocrx_word' id='word_1_330' title='bbox 1667 1212 1868 1253; x_wconf 87' lang='lat' dir='ltr'>Humbertus,</span> <span class='ocrx_word' id='word_1_331' title='bbox 1885 1211 1948 1244; x_wconf 86' lang='lat' dir='ltr'>alii—</span> 
     </span>
     <span class='ocr_line' id='line_1_70' title="bbox 1212 1264 1945 1309; baseline 0 -12"><span class='ocrx_word' id='word_1_332' title='bbox 1212 1276 1272 1309; x_wconf 80' lang='lat' dir='ltr'>que</span> <span class='ocrx_word' id='word_1_333' title='bbox 1298 1265 1411 1307; x_wconf 80' lang='lat' dir='ltr'>singuli</span> <span class='ocrx_word' id='word_1_334' title='bbox 1437 1265 1595 1305; x_wconf 87' lang='lat' dir='ltr'>canonici,</span> <span class='ocrx_word' id='word_1_335' title='bbox 1621 1265 1672 1308; x_wconf 90' lang='lat' dir='ltr'>qui</span> <span class='ocrx_word' id='word_1_336' title='bbox 1699 1266 1730 1297; x_wconf 91' lang='lat' dir='ltr'>in</span> <span class='ocrx_word' id='word_1_337' title='bbox 1758 1265 1855 1308; x_wconf 90' lang='lat' dir='ltr'>ipsius</span> <span class='ocrx_word' id='word_1_338' title='bbox 1879 1264 1945 1298; x_wconf 90' lang='lat' dir='ltr'>Gu-</span> 
     </span>
     <span class='ocr_line' id='line_1_71' title="bbox 1213 1317 1948 1361; baseline -0.001 -11"><span class='ocrx_word' id='word_1_339' title='bbox 1213 1319 1329 1361; x_wconf 77' lang='lat' dir='ltr'>glielmi</span> <span class='ocrx_word' id='word_1_340' title='bbox 1356 1319 1519 1351; x_wconf 82' lang='lat' dir='ltr'>Ilumberti</span> <span class='ocrx_word' id='word_1_341' title='bbox 1552 1319 1736 1351; x_wconf 83' lang='lat' dir='ltr'>electionem</span> <span class='ocrx_word' id='word_1_342' title='bbox 1767 1317 1948 1350; x_wconf 89' lang='lat' dir='ltr'>huiusmodi</span> 
     </span>
     <span class='ocr_line' id='line_1_72' title="bbox 1213 1372 1948 1415; baseline -0.001 -11"><span class='ocrx_word' id='word_1_343' title='bbox 1213 1382 1269 1415; x_wconf 88' lang='lat' dir='ltr'>per</span> <span class='ocrx_word' id='word_1_344' title='bbox 1294 1382 1326 1404; x_wconf 88' lang='lat' dir='ltr'>se</span> <span class='ocrx_word' id='word_1_345' title='bbox 1351 1372 1434 1415; x_wconf 86' lang='lat' dir='ltr'>ipsos</span> <span class='ocrx_word' id='word_1_346' title='bbox 1459 1372 1505 1403; x_wconf 86' lang='lat' dir='ltr'>vel</span> <span class='ocrx_word' id='word_1_347' title='bbox 1536 1376 1758 1415; x_wconf 84' lang='lat' dir='ltr'>procuratores</span> <span class='ocrx_word' id='word_1_348' title='bbox 1782 1380 1948 1404; x_wconf 88' lang='lat' dir='ltr'>consense-</span> 
     </span>
     <span class='ocr_line' id='line_1_73' title="bbox 1215 1424 1948 1467; baseline -0.001 -10"><span class='ocrx_word' id='word_1_349' title='bbox 1215 1430 1296 1465; x_wconf 88' lang='lat' dir='ltr'>runt,</span> <span class='ocrx_word' id='word_1_350' title='bbox 1321 1436 1356 1458; x_wconf 87' lang='lat' dir='ltr'>ac</span> <span class='ocrx_word' id='word_1_351' title='bbox 1381 1430 1450 1458; x_wconf 80' lang='lat' dir='ltr'>vota</span> <span class='ocrx_word' id='word_1_352' title='bbox 1474 1424 1647 1467; x_wconf 89' lang='lat' dir='ltr'>dederunt,</span> <span class='ocrx_word' id='word_1_353' title='bbox 1673 1424 1711 1457; x_wconf 88' lang='lat' dir='ltr'>ab</span> <span class='ocrx_word' id='word_1_354' title='bbox 1742 1424 1948 1467; x_wconf 86' lang='lat' dir='ltr'>exequutione</span> 
     </span>
     <span class='ocr_line' id='line_1_74' title="bbox 1215 1477 1950 1521; baseline -0.001 -10"><span class='ocrx_word' id='word_1_355' title='bbox 1215 1489 1375 1511; x_wconf 88' lang='lat' dir='ltr'>sacrorum</span> <span class='ocrx_word' id='word_1_356' title='bbox 1402 1478 1548 1511; x_wconf 84' lang='lat' dir='ltr'>ordinum</span> <span class='ocrx_word' id='word_1_357' title='bbox 1574 1483 1604 1511; x_wconf 88' lang='lat' dir='ltr'>et</span> <span class='ocrx_word' id='word_1_358' title='bbox 1627 1478 1667 1510; x_wconf 88' lang='lat' dir='ltr'>ab</span> <span class='ocrx_word' id='word_1_359' title='bbox 1698 1477 1847 1511; x_wconf 83' lang='lat' dir='ltr'>exercitio</span> <span class='ocrx_word' id='word_1_360' title='bbox 1876 1487 1950 1521; x_wconf 91' lang='lat' dir='ltr'>quo-</span> 
     </span>
     <span class='ocr_line' id='line_1_75' title="bbox 1214 1530 1951 1575; baseline -0.001 -12"><span class='ocrx_word' id='word_1_361' title='bbox 1214 1541 1423 1575; x_wconf 84' lang='lat' dir='ltr'>rumcumque</span> <span class='ocrx_word' id='word_1_362' title='bbox 1447 1531 1622 1564; x_wconf 82' lang='lat' dir='ltr'>officiorum</span> <span class='ocrx_word' id='word_1_363' title='bbox 1648 1542 1705 1575; x_wconf 89' lang='lat' dir='ltr'>per</span> <span class='ocrx_word' id='word_1_364' title='bbox 1728 1535 1850 1564; x_wconf 89' lang='lat' dir='ltr'>nostras</span> <span class='ocrx_word' id='word_1_365' title='bbox 1867 1530 1897 1562; x_wconf 91' lang='lat' dir='ltr'>in</span> <span class='ocrx_word' id='word_1_366' title='bbox 1914 1530 1951 1562; x_wconf 89' lang='lat' dir='ltr'>si-</span> 
     </span>
     <span class='ocr_line' id='line_1_76' title="bbox 1215 1582 1950 1617; baseline 0 -1"><span class='ocrx_word' id='word_1_367' title='bbox 1215 1584 1279 1616; x_wconf 88' lang='lat' dir='ltr'>mili</span> <span class='ocrx_word' id='word_1_368' title='bbox 1306 1584 1406 1617; x_wconf 69' lang='lat' dir='ltr'>forma</span> <span class='ocrx_word' id='word_1_369' title='bbox 1430 1584 1537 1616; x_wconf 86' lang='lat' dir='ltr'>Brevis</span> <span class='ocrx_word' id='word_1_370' title='bbox 1561 1585 1679 1616; x_wconf 83' lang='lat' dir='ltr'>litteras</span> <span class='ocrx_word' id='word_1_371' title='bbox 1703 1583 1753 1616; x_wconf 87' lang='lat' dir='ltr'>die</span> <span class='ocrx_word' id='word_1_372' title='bbox 1778 1593 1796 1616; x_wconf 95' lang='lat' dir='ltr'>v</span> <span class='ocrx_word' id='word_1_373' title='bbox 1822 1582 1950 1616; x_wconf 83' lang='lat' dir='ltr'>decem-</span> 
     </span>
     <span class='ocr_line' id='line_1_77' title="bbox 1215 1637 1950 1682; baseline -0.001 -12"><span class='ocrx_word' id='word_1_374' title='bbox 1215 1638 1280 1670; x_wconf 89' lang='lat' dir='ltr'>bris</span> <span class='ocrx_word' id='word_1_375' title='bbox 1304 1638 1448 1681; x_wconf 81' lang='lat' dir='ltr'>proxime</span> <span class='ocrx_word' id='word_1_376' title='bbox 1472 1637 1631 1681; x_wconf 89' lang='lat' dir='ltr'>praeteriti</span> <span class='ocrx_word' id='word_1_377' title='bbox 1657 1637 1833 1682; x_wconf 83' lang='lat' dir='ltr'>expeditas,</span> <span class='ocrx_word' id='word_1_378' title='bbox 1868 1647 1950 1680; x_wconf 87' lang='lat' dir='ltr'>qua-</span> 
     </span>
     <span class='ocr_line' id='line_1_78' title="bbox 1216 1690 1950 1734; baseline -0.001 -11"><span class='ocrx_word' id='word_1_379' title='bbox 1216 1701 1284 1722; x_wconf 91' lang='lat' dir='ltr'>rum</span> <span class='ocrx_word' id='word_1_380' title='bbox 1310 1696 1451 1723; x_wconf 88' lang='lat' dir='ltr'>tenorem</span> <span class='ocrx_word' id='word_1_381' title='bbox 1487 1690 1705 1734; x_wconf 88' lang='lat' dir='ltr'>praesentibus</span> <span class='ocrx_word' id='word_1_382' title='bbox 1730 1690 1837 1723; x_wconf 87' lang='lat' dir='ltr'>haberi</span> <span class='ocrx_word' id='word_1_383' title='bbox 1861 1690 1950 1723; x_wconf 91' lang='lat' dir='ltr'>volu-</span> 
     </span>
     <span class='ocr_line' id='line_1_79' title="bbox 1215 1743 1950 1788; baseline -0.001 -12"><span class='ocrx_word' id='word_1_384' title='bbox 1215 1755 1284 1777; x_wconf 87' lang='lat' dir='ltr'>mus</span> <span class='ocrx_word' id='word_1_385' title='bbox 1297 1755 1355 1788; x_wconf 92' lang='lat' dir='ltr'>pro</span> <span class='ocrx_word' id='word_1_386' title='bbox 1369 1755 1527 1788; x_wconf 81' lang='lat' dir='ltr'>expresso,</span> <span class='ocrx_word' id='word_1_387' title='bbox 1538 1744 1689 1788; x_wconf 87' lang='lat' dir='ltr'>suspensi,</span> <span class='ocrx_word' id='word_1_388' title='bbox 1701 1754 1737 1777; x_wconf 87' lang='lat' dir='ltr'>ac</span> <span class='ocrx_word' id='word_1_389' title='bbox 1753 1743 1792 1776; x_wconf 85' lang='lat' dir='ltr'>ad</span> <span class='ocrx_word' id='word_1_390' title='bbox 1808 1748 1950 1776; x_wconf 90' lang='lat' dir='ltr'>nostrum</span> 
     </span>
     <span class='ocr_line' id='line_1_80' title="bbox 1215 1795 1951 1840; baseline -0.003 -10"><span class='ocrx_word' id='word_1_391' title='bbox 1215 1803 1244 1830; x_wconf 86' lang='lat' dir='ltr'>et</span> <span class='ocrx_word' id='word_1_392' title='bbox 1268 1798 1368 1831; x_wconf 86' lang='lat' dir='ltr'>dictae</span> <span class='ocrx_word' id='word_1_393' title='bbox 1392 1797 1480 1830; x_wconf 86' lang='lat' dir='ltr'>Sedis</span> <span class='ocrx_word' id='word_1_394' title='bbox 1504 1797 1734 1840; x_wconf 88' lang='lat' dir='ltr'>beneplacitum</span> <span class='ocrx_word' id='word_1_395' title='bbox 1756 1806 1832 1829; x_wconf 89' lang='lat' dir='ltr'>voce</span> <span class='ocrx_word' id='word_1_396' title='bbox 1851 1795 1951 1829; x_wconf 71' lang='lat' dir='ltr'>activa</span> 
     </span>
     <span class='ocr_line' id='line_1_81' title="bbox 1215 1847 1952 1896; baseline -0.003 -14"><span class='ocrx_word' id='word_1_397' title='bbox 1215 1855 1244 1882; x_wconf 88' lang='lat' dir='ltr'>et</span> <span class='ocrx_word' id='word_1_398' title='bbox 1269 1850 1392 1896; x_wconf 75' lang='lat' dir='ltr'>passiva</span> <span class='ocrx_word' id='word_1_399' title='bbox 1411 1850 1522 1893; x_wconf 82' lang='lat' dir='ltr'>privati</span> <span class='ocrx_word' id='word_1_400' title='bbox 1539 1850 1669 1893; x_wconf 90' lang='lat' dir='ltr'>aliisque</span> <span class='ocrx_word' id='word_1_401' title='bbox 1685 1849 1794 1892; x_wconf 64' lang='lat' dir='ltr'>poenis</span> <span class='ocrx_word' id='word_1_402' title='bbox 1813 1847 1952 1882; x_wconf 87' lang='lat' dir='ltr'>innodati</span> 
     </span>
     <span class='ocr_line' id='line_1_82' title="bbox 1215 1902 1953 1947; baseline -0.001 -11"><span class='ocrx_word' id='word_1_403' title='bbox 1215 1903 1430 1947; x_wconf 83' lang='lat' dir='ltr'>reperiantur:</span> <span class='ocrx_word' id='word_1_404' title='bbox 1448 1903 1520 1936; x_wconf 88' lang='lat' dir='ltr'>binc</span> <span class='ocrx_word' id='word_1_405' title='bbox 1540 1908 1585 1936; x_wconf 89' lang='lat' dir='ltr'>est</span> <span class='ocrx_word' id='word_1_406' title='bbox 1602 1902 1685 1946; x_wconf 91' lang='lat' dir='ltr'>quod</span> <span class='ocrx_word' id='word_1_407' title='bbox 1704 1913 1777 1945; x_wconf 90' lang='lat' dir='ltr'>nos,</span> <span class='ocrx_word' id='word_1_408' title='bbox 1796 1913 1853 1946; x_wconf 89' lang='lat' dir='ltr'>pro</span> <span class='ocrx_word' id='word_1_409' title='bbox 1871 1911 1953 1936; x_wconf 89' lang='lat' dir='ltr'>com·</span> 
     </span>
     <span class='ocr_line' id='line_1_83' title="bbox 1216 1955 1953 1991; baseline -0.001 -2"><span class='ocrx_word' id='word_1_410' title='bbox 1216 1957 1309 1989; x_wconf 78' lang='lat' dir='ltr'>missa</span> <span class='ocrx_word' id='word_1_411' title='bbox 1333 1957 1423 1991; x_wconf 87' lang='lat' dir='ltr'>nobis</span> <span class='ocrx_word' id='word_1_412' title='bbox 1447 1968 1463 1989; x_wconf 91' lang='lat' dir='ltr'>a</span> <span class='ocrx_word' id='word_1_413' title='bbox 1488 1957 1620 1989; x_wconf 89' lang='lat' dir='ltr'>Domino</span> <span class='ocrx_word' id='word_1_414' title='bbox 1645 1957 1785 1990; x_wconf 86' lang='lat' dir='ltr'>omnium</span> <span class='ocrx_word' id='word_1_415' title='bbox 1811 1955 1953 1989; x_wconf 83' lang='lat' dir='ltr'>ecclesia-</span> 
     </span>
     <span class='ocr_line' id='line_1_84' title="bbox 1216 2010 1952 2054; baseline -0.001 -12"><span class='ocrx_word' id='word_1_416' title='bbox 1216 2021 1285 2043; x_wconf 91' lang='lat' dir='ltr'>rum</span> <span class='ocrx_word' id='word_1_417' title='bbox 1311 2010 1520 2044; x_wconf 87' lang='lat' dir='ltr'>sollicitudine</span> <span class='ocrx_word' id='word_1_418' title='bbox 1550 2010 1717 2054; x_wconf 88' lang='lat' dir='ltr'>providere</span> <span class='ocrx_word' id='word_1_419' title='bbox 1747 2010 1885 2042; x_wconf 88' lang='lat' dir='ltr'>volentes</span> <span class='ocrx_word' id='word_1_420' title='bbox 1914 2019 1952 2041; x_wconf 88' lang='lat' dir='ltr'>ne</span> 
     </span>
     <span class='ocr_line' id='line_1_85' title="bbox 1215 2062 1953 2108; baseline -0.001 -13"><span class='ocrx_word' id='word_1_421' title='bbox 1215 2064 1296 2097; x_wconf 83' lang='lat' dir='ltr'>dicta</span> <span class='ocrx_word' id='word_1_422' title='bbox 1310 2064 1440 2096; x_wconf 87' lang='lat' dir='ltr'>ecclesia</span> <span class='ocrx_word' id='word_1_423' title='bbox 1454 2064 1614 2096; x_wconf 88' lang='lat' dir='ltr'>Bisuntina</span> <span class='ocrx_word' id='word_1_424' title='bbox 1634 2069 1764 2108; x_wconf 84' lang='lat' dir='ltr'>propter</span> <span class='ocrx_word' id='word_1_425' title='bbox 1782 2062 1953 2107; x_wconf 85' lang='lat' dir='ltr'>praemissa</span> 
     </span>
     <span class='ocr_line' id='line_1_86' title="bbox 1216 2115 1952 2161; baseline -0.001 -12"><span class='ocrx_word' id='word_1_426' title='bbox 1216 2117 1340 2160; x_wconf 86' lang='lat' dir='ltr'>aliquod</span> <span class='ocrx_word' id='word_1_427' title='bbox 1366 2117 1395 2149; x_wconf 93' lang='lat' dir='ltr'>in</span> <span class='ocrx_word' id='word_1_428' title='bbox 1421 2117 1634 2161; x_wconf 87' lang='lat' dir='ltr'>spiritualibus</span> <span class='ocrx_word' id='word_1_429' title='bbox 1659 2121 1688 2151; x_wconf 90' lang='lat' dir='ltr'>et</span> <span class='ocrx_word' id='word_1_430' title='bbox 1722 2115 1952 2160; x_wconf 81' lang='lat' dir='ltr'>temporalibus</span> 
     </span>
     <span class='ocr_line' id='line_1_87' title="bbox 1216 2169 1953 2216; baseline -0.003 -12"><span class='ocrx_word' id='word_1_431' title='bbox 1216 2172 1438 2205; x_wconf 87' lang='lat' dir='ltr'>detrimentum</span> <span class='ocrx_word' id='word_1_432' title='bbox 1471 2172 1626 2216; x_wconf 83' lang='lat' dir='ltr'>patiatur,</span> <span class='ocrx_word' id='word_1_433' title='bbox 1658 2182 1694 2205; x_wconf 88' lang='lat' dir='ltr'>ac</span> <span class='ocrx_word' id='word_1_434' title='bbox 1724 2171 1762 2204; x_wconf 88' lang='lat' dir='ltr'>de</span> <span class='ocrx_word' id='word_1_435' title='bbox 1792 2173 1844 2204; x_wconf 76' lang='lat' dir='ltr'>tua</span> <span class='ocrx_word' id='word_1_436' title='bbox 1868 2169 1953 2210; x_wconf 87' lang='lat' dir='ltr'>fide,</span> 
     </span>
     <span class='ocr_line' id='line_1_88' title="bbox 1216 2223 1953 2268; baseline 0 -11"><span class='ocrx_word' id='word_1_437' title='bbox 1216 2225 1392 2268; x_wconf 74' lang='lat' dir='ltr'>prudentia,</span> <span class='ocrx_word' id='word_1_438' title='bbox 1418 2225 1605 2268; x_wconf 72' lang='lat' dir='ltr'>integritate,</span> <span class='ocrx_word' id='word_1_439' title='bbox 1626 2224 1786 2267; x_wconf 74' lang='lat' dir='ltr'>vigilantia</span> <span class='ocrx_word' id='word_1_440' title='bbox 1802 2228 1832 2257; x_wconf 86' lang='lat' dir='ltr'>et</span> <span class='ocrx_word' id='word_1_441' title='bbox 1849 2223 1953 2257; x_wconf 88' lang='lat' dir='ltr'>catho-</span> 
     </span>
     <span class='ocr_line' id='line_1_89' title="bbox 1216 2276 1954 2321; baseline -0.003 -11"><span class='ocrx_word' id='word_1_442' title='bbox 1216 2279 1293 2310; x_wconf 85' lang='lat' dir='ltr'>licae</span> <span class='ocrx_word' id='word_1_443' title='bbox 1318 2278 1479 2321; x_wconf 77' lang='lat' dir='ltr'>religionis</span> <span class='ocrx_word' id='word_1_444' title='bbox 1497 2279 1562 2311; x_wconf 85' lang='lat' dir='ltr'>zelo</span> <span class='ocrx_word' id='word_1_445' title='bbox 1580 2278 1750 2321; x_wconf 88' lang='lat' dir='ltr'>plurimum</span> <span class='ocrx_word' id='word_1_446' title='bbox 1772 2277 1803 2309; x_wconf 93' lang='lat' dir='ltr'>in</span> <span class='ocrx_word' id='word_1_447' title='bbox 1820 2276 1954 2310; x_wconf 91' lang='lat' dir='ltr'>Domino</span> 
     </span>
     <span class='ocr_line' id='line_1_90' title="bbox 1217 2329 1957 2374; baseline -0.003 -11"><span class='ocrx_word' id='word_1_448' title='bbox 1217 2331 1343 2370; x_wconf 87' lang='lat' dir='ltr'>confisi;</span> <span class='ocrx_word' id='word_1_449' title='bbox 1370 2336 1461 2374; x_wconf 83' lang='lat' dir='ltr'>teque</span> <span class='ocrx_word' id='word_1_450' title='bbox 1486 2342 1502 2363; x_wconf 86' lang='lat' dir='ltr'>a</span> <span class='ocrx_word' id='word_1_451' title='bbox 1526 2330 1686 2374; x_wconf 84' lang='lat' dir='ltr'>quibusvis</span> <span class='ocrx_word' id='word_1_452' title='bbox 1706 2329 1957 2363; x_wconf 86' lang='lat' dir='ltr'>excommunica-</span> 
     </span>
     <span class='ocr_line' id='line_1_91' title="bbox 1217 2381 1955 2427; baseline -0.001 -12"><span class='ocrx_word' id='word_1_453' title='bbox 1217 2383 1330 2425; x_wconf 86' lang='lat' dir='ltr'>tionis,</span> <span class='ocrx_word' id='word_1_454' title='bbox 1355 2383 1568 2427; x_wconf 85' lang='lat' dir='ltr'>suspensionis</span> <span class='ocrx_word' id='word_1_455' title='bbox 1597 2389 1626 2416; x_wconf 92' lang='lat' dir='ltr'>et</span> <span class='ocrx_word' id='word_1_456' title='bbox 1660 2383 1837 2425; x_wconf 86' lang='lat' dir='ltr'>interdicti,</span> <span class='ocrx_word' id='word_1_457' title='bbox 1872 2381 1955 2414; x_wconf 90' lang='lat' dir='ltr'>aliis-</span> 
     </span>
     <span class='ocr_line' id='line_1_92' title="bbox 1215 2434 1957 2480; baseline -0.004 -10"><span class='ocrx_word' id='word_1_458' title='bbox 1215 2447 1275 2480; x_wconf 91' lang='lat' dir='ltr'>que</span> <span class='ocrx_word' id='word_1_459' title='bbox 1315 2437 1532 2470; x_wconf 87' lang='lat' dir='ltr'>ecclesiasticis</span> <span class='ocrx_word' id='word_1_460' title='bbox 1567 2436 1726 2470; x_wconf 86' lang='lat' dir='ltr'>sententiis</span> <span class='ocrx_word' id='word_1_461' title='bbox 1741 2463 1748 2476; x_wconf 97' lang='lat'>,</span> <span class='ocrx_word' id='word_1_462' title='bbox 1772 2434 1911 2469; x_wconf 84' lang='lat' dir='ltr'>censuris</span> <span class='ocrx_word' id='word_1_463' title='bbox 1927 2439 1957 2467; x_wconf 83' lang='lat' dir='ltr'>et</span> 
     </span>
     <span class='ocr_line' id='line_1_93' title="bbox 1215 2488 1952 2533; baseline -0.003 -11"><span class='ocrx_word' id='word_1_464' title='bbox 1215 2490 1334 2533; x_wconf 91' lang='lat' dir='ltr'>poenis,</span> <span class='ocrx_word' id='word_1_465' title='bbox 1349 2490 1447 2522; x_wconf 85' lang='lat' dir='ltr'>aiure</span> <span class='ocrx_word' id='word_1_466' title='bbox 1467 2490 1513 2522; x_wconf 86' lang='lat' dir='ltr'>vel</span> <span class='ocrx_word' id='word_1_467' title='bbox 1538 2489 1576 2522; x_wconf 87' lang='lat' dir='ltr'>ab</span> <span class='ocrx_word' id='word_1_468' title='bbox 1600 2489 1738 2530; x_wconf 88' lang='lat' dir='ltr'>homine,</span> <span class='ocrx_word' id='word_1_469' title='bbox 1763 2488 1872 2532; x_wconf 85' lang='lat' dir='ltr'>quavis</span> <span class='ocrx_word' id='word_1_470' title='bbox 1896 2498 1952 2521; x_wconf 87' lang='lat' dir='ltr'>oc-</span> 
     </span>
     <span class='ocr_line' id='line_1_94' title="bbox 1217 2541 1951 2586; baseline -0.004 -10"><span class='ocrx_word' id='word_1_471' title='bbox 1217 2544 1340 2577; x_wconf 88' lang='lat' dir='ltr'>casione</span> <span class='ocrx_word' id='word_1_472' title='bbox 1354 2543 1399 2576; x_wconf 84' lang='lat' dir='ltr'>vel</span> <span class='ocrx_word' id='word_1_473' title='bbox 1425 2545 1517 2576; x_wconf 77' lang='lat' dir='ltr'>causa</span> <span class='ocrx_word' id='word_1_474' title='bbox 1539 2543 1621 2583; x_wconf 85' lang='lat' dir='ltr'>latis,</span> <span class='ocrx_word' id='word_1_475' title='bbox 1640 2542 1665 2575; x_wconf 86' lang='lat' dir='ltr'>si</span> <span class='ocrx_word' id='word_1_476' title='bbox 1682 2541 1795 2586; x_wconf 88' lang='lat' dir='ltr'>quibus</span> <span class='ocrx_word' id='word_1_477' title='bbox 1820 2549 1951 2585; x_wconf 90' lang='lat' dir='ltr'>quomo-</span> 
     </span>
    </p>
   </div>
   <div class='ocr_carea' id='block_1_14' title="bbox 1961 142 2180 211">
    <p class='ocr_par' dir='ltr' id='par_1_19' title="bbox 1961 142 2180 211">
     <span class='ocr_line' id='line_1_95' title="bbox 1961 142 2180 183; baseline 0.014 -6"><span class='ocrx_word' id='word_1_478' title='bbox 1961 151 2010 177; x_wconf 78' lang='grc' dir='ltr'>Αη.</span> <span class='ocrx_word' id='word_1_479' title='bbox 2023 150 2050 177; x_wconf 91' lang='lat' dir='ltr'>c.</span> <span class='ocrx_word' id='word_1_480' title='bbox 2072 152 2138 180; x_wconf 73' lang='lat'>¹662</span> <span class='ocrx_word' id='word_1_481' title='bbox 2178 142 2180 183; x_wconf 80' lang='lat' dir='ltr'>i</span> 
     </span>
     <span class='ocr_line' id='line_1_96' title="bbox 2179 198 2180 211; baseline 0 0"><span class='ocrx_word' id='word_1_482' title='bbox 2179 198 2180 211; x_wconf 51' lang='lat' dir='ltr'>i</span> 
     </span>
    </p>
   </div>
   <div class='ocr_carea' id='block_1_15' title="bbox 1985 529 2073 550">
    <p class='ocr_par' dir='ltr' id='par_1_20' title="bbox 1985 529 2073 550">
     <span class='ocr_line' id='line_1_97' title="bbox 1985 529 2073 550; baseline 0 0"><span class='ocrx_word' id='word_1_483' title='bbox 1985 529 2073 550; x_wconf 73' lang='lat' dir='ltr'>Manu.</span> 
     </span>
    </p>
   </div>
   <div class='ocr_carea' id='block_1_16' title="bbox 2177 24 2185 746">
    <p class='ocr_par' dir='ltr' id='par_1_21' title="bbox 2177 24 2185 746">
     <span class='ocr_line' id='line_1_98' title="bbox 2177 24 2185 746; baseline 0 0"><span class='ocrx_word' id='word_1_484' title='bbox 2177 24 2185 746; x_wconf 95' lang='lat' dir='ltr'> </span> 
     </span>
    </p>
   </div>
   <div class='ocr_carea' id='block_1_17' title="bbox 2177 24 2185 761">
    <p class='ocr_par' dir='ltr' id='par_1_22' title="bbox 2177 24 2185 761">
     <span class='ocr_line' id='line_1_99' title="bbox 2177 24 2185 761; baseline 0 0"><span class='ocrx_word' id='word_1_485' title='bbox 2177 24 2185 761; x_wconf 95' lang='lat' dir='ltr'> </span> 
     </span>
    </p>
   </div>
   <div class='ocr_carea' id='block_1_18' title="bbox 2174 349 2202 1833">
    <p class='ocr_par' dir='ltr' id='par_1_23' title="bbox 2174 349 2202 1833">
     <span class='ocr_line' id='line_1_100' title="bbox 2174 349 2202 1833; baseline 0 0"><span class='ocrx_word' id='word_1_486' title='bbox 2174 349 2202 1833; x_wconf 95' lang='lat' dir='ltr'> </span> 
     </span>
    </p>
   </div>
   <div class='ocr_carea' id='block_1_19' title="bbox 1970 2328 2195 2433">
    <p class='ocr_par' dir='ltr' id='par_1_24' title="bbox 1970 2328 2195 2433">
     <span class='ocr_line' id='line_1_101' title="bbox 2053 2328 2193 2360; baseline -0.007 -8"><span class='ocrx_word' id='word_1_487' title='bbox 2053 2328 2147 2360; x_wconf 69' lang='grc' dir='ltr'>ῐοιιιιιομ</span> <span class='ocrx_word' id='word_1_488' title='bbox 2192 2345 2193 2348; x_wconf 25' lang='lat'>¹</span> 
     </span>
     <span class='ocr_line' id='line_1_102' title="bbox 1970 2355 2195 2386; baseline -0.009 -7"><span class='ocrx_word' id='word_1_489' title='bbox 1970 2357 2098 2385; x_wconf 79' lang='lat' dir='ltr'>praedictum</span> <span class='ocrx_word' id='word_1_490' title='bbox 2114 2361 2148 2386; x_wconf 44' lang='grc' dir='ltr'>,ιμ</span> <span class='ocrx_word' id='word_1_491' title='bbox 2192 2355 2195 2370; x_wconf 66' lang='lat'><strong><em>⁴</em></strong></span> 
     </span>
     <span class='ocr_line' id='line_1_103' title="bbox 1971 2382 2195 2412; baseline -0.013 -7"><span class='ocrx_word' id='word_1_492' title='bbox 1971 2385 2071 2406; x_wconf 81' lang='lat' dir='ltr'>vicarium</span> <span class='ocrx_word' id='word_1_493' title='bbox 2093 2382 2149 2412; x_wconf 59' lang='lat' dir='ltr'>eligit</span> <span class='ocrx_word' id='word_1_494' title='bbox 2192 2403 2195 2410; x_wconf 45' lang='grc' dir='ltr'>Ι</span> 
     </span>
     <span class='ocr_line' id='line_1_104' title="bbox 1971 2409 2149 2433; baseline -0.017 -1"><span class='ocrx_word' id='word_1_495' title='bbox 1971 2411 2047 2433; x_wconf 77' lang='lat' dir='ltr'>ceteris</span> <span class='ocrx_word' id='word_1_496' title='bbox 2058 2409 2149 2431; x_wconf 73' lang='lat' dir='ltr'>exulum.</span> 
     </span>
    </p>
   </div>
  </div>
 </body>
</html>
