2243 3205
30 173 78 201 An.
101 171 130 198 C.
150 170 217 197 1660

34 1991 163 2044 mittamus
177 1999 212 2019 ap-

101 2203 213 2225 Contrariis«

35 2229 126 2255 derogat.

829 167 1015 194 ALEXANDER
1039 166 1083 191 vn
1107 167 1155 191 PP-

225 217 370 250 ebionem
385 217 561 251 Crevacorii
577 217 641 250 sive
655 218 722 251 eius
736 218 862 259 iudices,
879 227 965 261 prae-

225 270 293 303 fatis
312 270 505 311 consulibus,
524 271 710 304 consiliariis
728 276 758 304 et
774 270 965 310 hominibus,

225 329 287 356 tam
313 324 358 357 uti
387 324 542 357 universis
567 335 660 368 quam
686 325 731 358 uti
757 325 898 368 singulis,
924 324 967 356 il-

225 377 295 410 latis
312 388 365 411 seu
384 378 563 418 inferendis,
586 389 642 422 per
663 378 789 412 eosdem
812 378 965 419 consules,

225 431 421 464 consiliarios
446 435 476 465 et
499 431 644 464 homines
664 431 701 464 ad
726 442 783 464 nos
801 436 830 464 et
855 431 965 464 Sedem

225 484 417 527 praedictam
442 484 553 517 haberi
577 485 757 529 contigerit)
782 485 967 519 auctoritate

224 540 332 571 nostra
362 548 398 571 ac
422 538 466 570 uti
492 549 508 571 a
533 538 623 571 nobis
649 538 811 582 delegatus
836 538 966 580 audias,

225 595 255 623 et
280 590 354 634 quid
380 591 463 624 circa
499 591 568 624 illos
601 596 631 624 et
664 592 716 624 illa
747 592 786 624 sit
810 591 966 635 agendum

225 643 326 677 eidem
353 644 488 688 principi
514 644 644 689 eiusque
672 645 826 678 iudicibus
860 645 968 678 rescri-

225 697 328 731 bendo
353 697 570 741 praescribas,
603 703 632 731 et
657 698 817 742 quomodo
843 699 881 731 ab
907 699 968 731 illis

225 750 460 794 procedendum
487 751 525 783 sit
546 751 681 794 dirigas,
701 751 731 784 in
749 751 856 787 arduis
881 762 967 792 vero,

225 808 255 835 et
280 803 316 836 iis
348 814 428 848 quae
459 804 576 837 bonum
610 804 752 848 regimen
786 816 821 838 ac
853 809 966 839 statum

225 856 382 891 dictorum
407 858 550 891 locorum
579 863 792 900 concernunt,
818 859 968 892 informa-

226 910 325 944 tiones
349 911 502 955 suscipias
535 916 565 945 et
593 911 631 945 ad
661 922 719 945 nos
752 913 967 951 transmittas,

226 969 260 997 ut
283 964 358 1008 quid
383 965 484 1008 magis
509 965 657 1010 expedire
675 965 894 999 censuerimus
919 965 969 998 de-

226 1028 356 1051 cernere
373 1024 403 1052 et
421 1019 571 1052 mandare
588 1019 747 1052 valeamus
757 1030 765 1060 ;
780 1019 968 1063 plenamque

225 1071 281 1104 tibi
307 1071 338 1104 in
362 1073 544 1116 praemissis
569 1078 599 1106 et
623 1072 752 1116 ceteris,
777 1083 857 1117 quae
884 1073 968 1106 circa

225 1125 279 1158 illa
300 1131 329 1158 et
353 1136 463 1159 eorum
500 1126 666 1160 occasione
697 1126 825 1160 duxeris
858 1136 967 1160 neces-

226 1178 307 1211 saria
331 1183 361 1212 et
385 1184 574 1224 opportuna,
592 1180 778 1224 providendi
796 1185 890 1224 atque
907 1183 968 1214 sta-

225 1233 333 1266 tuendi
359 1239 389 1266 et
413 1233 577 1267 ordinandi
607 1233 825 1267 auctoritatem
856 1244 967 1267 conce-

226 1286 329 1320 dimus
354 1292 383 1320 et
407 1287 598 1331 delegamus.

270 1341 450 1374 Mandantes
474 1347 643 1385 propterea
672 1341 825 1374 moderno
857 1345 886 1375 et
911 1352 987 1385 proi

226 1399 370 1438 tempore
395 1395 535 1428 existenti
570 1394 704 1438 principi
738 1395 906 1427 lllasserani
940 1400 968 1428 et

228 1448 402 1481 marchioni
432 1448 631 1490 Crevacorii,
661 1458 783 1482 necnon
816 1448 987 1482 universis*

228 1505 257 1533 et
278 1501 410 1544 singulis
429 1501 507 1544 aliis⁷
526 1501 584 1534 sub
602 1507 728 1534 nostrae
747 1501 969 1545 indignationis

227 1554 360 1598 aliisque
384 1560 493 1588 nostro
518 1555 649 1588 arbitrio
670 1555 789 1598 poenis,
808 1561 840 1587 ut
858 1555 911 1588 tibi
938 1544 987 1587 inl

227 1607 409 1651 praemissis
427 1613 566 1652 pareant,
593 1614 622 1641 et
642 1608 793 1652 quidquid
808 1608 970 1641 mandave-
985 1618 987 1652 ς

227 1661 271 1694 ris
287 1667 493 1705 exequantur,
510 1672 578 1702 nec,
592 1661 649 1694 sub
667 1662 777 1705 quovis
796 1667 969 1705 praetextu,
985 1653 987 1663 ¹

227 1719 281 1747 aut
305 1715 447 1760 quaesito
472 1715 578 1748 colore
599 1715 645 1747 vel
664 1716 767 1757 causa,
787 1720 815 1747 te
834 1714 863 1747 in
884 1725 987 1758 prae-¹

227 1767 319 1801 dictis
342 1769 479 1802 audeant
496 1769 543 1802 vel
561 1772 763 1813 praesumant
784 1769 902 1801 directe
923 1769 969 1801 vel

228 1821 380 1855 indirecte
413 1822 566 1866 impedire
603 1832 656 1854 seu
694 1822 882 1861 molestare;
917 1821 970 1854 sed

227 1874 293 1908 imo
317 1875 372 1908 tibi
406 1875 436 1907 in
470 1876 619 1908 omnibus
653 1875 819 1915 assistant,
852 1885 971 1919 suoque

227 1928 375 1962 adiuvent
399 1929 526 1962 auxilio.

273 1982 288 2025 ἓ
312 1982 342 2015 2.
360 1982 570 2016 Decernentes
588 1982 712 2015 irritum
731 1987 760 2015 et
778 1982 869 2015 inane
887 1981 973 2025 quid·
988 1998 990 2027 ᾗ

229 2036 305 2079 quid
330 2046 419 2069 secus
445 2047 541 2080 super
562 2036 610 2069 his
628 2047 644 2068 a
667 2047 838 2081 quoquam,
864 2036 972 2080 quavis

228 2090 424 2130 auctoritate,
451 2089 586 2123 scienter
611 2090 658 2122 vel
684 2089 883 2133 ignoranter,
902 2099 972 2122 con-

228 2142 334 2186 tigerit
359 2143 513 2175 attentari.

272 2195 339 2239 §3
373 2197 441 2230 Non
478 2195 675 2229 obstantibus
711 2195 910 2239 praemissis,
936 2206 971 2228 ac

228 2249 326 2283 felicis
351 2250 578 2283 recordationis
603 2249 751 2282 Bonifacii
782 2249 970 2293 praedeees-

227 2304 308 2337 soris
332 2304 430 2337 nostri
455 2304 493 2336 dc
517 2305 590 2343 una,
611 2308 641 2336 et
665 2303 788 2336 concilii
815 2303 971 2345 generalis

227 2358 266 2391 de
289 2358 411 2391 duabus
436 2358 537 2398 dietis,
562 2368 597 2390 ac
622 2357 783 2401 quibusvis
807 2357 875 2390 aliis
901 2367 971 2390 con-

227 2410 441 2445 stitutionibus
462 2416 491 2443 et
508 2410 758 2444 ordinationibus
776 2410 970 2454 apostolicis,

227 2474 371 2506 necnon,
397 2467 549 2507 quatenus
575 2474 653 2507 opus
683 2463 736 2503 sit,
763 2463 969 2507 principatus,

227 2517 482 2558 marchionatus,
510 2521 540 2551 et
562 2518 705 2550 locorum
731 2517 967 2561 praedictorum

227 2577 256 2604 et
281 2572 348 2604 aliis
374 2571 576 2615 quibuslibet,
603 2577 671 2612 etc„
690 2571 747 2603 sub
765 2571 969 2614 quibuscum-

1000 226 1061 259 que
1087 215 1256 248 verborum
1287 215 1449 248 tenoribus
1482 220 1511 248 et
1544 215 1674 255 formis,
1707 225 1742 248 ac

999 281 1070 303 cum
1089 270 1251 314 quibusvis
1276 270 1369 303 etiam
1395 270 1667 313 derogatoriarum
1694 269 1743 302 dc-

1000 323 1186 366 rogatoriis,
1211 329 1268 356 etc.
1285 351 1292 363 ‚
1317 324 1348 356 in
1373 324 1565 358 contrarium
1592 323 1743 367 praemis-

1001 388 1108 410 sorum
1135 377 1372 421 quomodolibet
1392 378 1560 418 concessis,
1579 377 1744 410 confirma-

1002 432 1038 465 tis
1052 437 1082 464 et
1095 432 1259 471 innovatis;
1274 432 1387 475 quibus
1398 432 1546 465 omnibus
1560 437 1588 464 et
1601 431 1743 474 singulis,

1002 485 1125 519 etiamsi
1139 496 1197 529 pro
1212 485 1338 518 illorum
1354 485 1519 518 sufficienti
1538 484 1744 527 derogatione

1002 539 1040 572 de
1065 539 1125 571 illis
1149 549 1324 582 eorumque
1349 538 1420 572 totis
1445 538 1608 571 tenoribus
1625 537 1745 581 specia-

1003 592 1050 633 lis,
1076 597 1152 631 etc.‚
1178 596 1207 625 et
1232 592 1292 624 alia
1316 591 1470 635 exquisita
1496 591 1596 624 forma
1621 591 1658 623 ad
1684 591 1744 624 hoc

1002 645 1153 679 servanda
1178 645 1267 685 soret,
1293 650 1417 678 tenores
1442 644 1633 684 huiusmodi,
1659 654 1695 677 ac
1720 644 1745 676 si

1002 699 1039 731 de
1063 699 1161 732 verbo
1179 698 1217 731 ad
1236 699 1377 738 verbum,
1398 704 1467 738 etc.,
1487 698 1546 730 hac
1567 698 1634 730 vice
1658 697 1746 729 dum-

1004 757 1086 785 taxat
1110 752 1289 796 specialiter
1316 757 1345 784 et
1369 762 1517 795 expresse
1543 751 1744 794 derogamus;

1003 806 1179 850 ceterisque
1204 805 1371 839 contrariis
1392 805 1656 849 quibuscumque.

1047 860 1166 893 Datum·
1183 860 1320 899 Romae,
1346 859 1427 903 apud
1454 859 1482 892 S.
1509 859 1636 891 Mariam
1655 857 1747 891 Maio-

1003 922 1068 944 rem
1083 939 1090 952 ,
1119 912 1176 944 sub
1201 912 1318 944 annulo
1336 911 1523 952 piscatoris,
1550 910 1599 942 die
1620 919 1660 942 xv
1680 909 1745 941 iulii

1003 975 1120 1005 MDCLx,
1145 965 1344 1009 pontificatus
1358 964 1456 998 nostri
1471 974 1552 997 anno
1574 973 1614 996 vr.

1039 1027 1097 1054 Dat.
1115 1027 1160 1054 die
1178 1027 1211 1054 15
1225 1027 1283 1054 iulii
1302 1027 1379 1060 1650,
1401 1026 1498 1062 pontif.
1521 1035 1564 1052 an.
1584 1033 1618 1053 vi.

1310 1171 1410 1205 CCCV.

1003 1253 1157 1285 Diversae
1191 1251 1424 1284 declarationes
1458 1255 1486 1283 el
1526 1250 1747 1283 ordinationes

1047 1305 1135 1338 circa
1154 1305 1379 1337 iuramentum
1402 1314 1459 1347 per
1484 1304 1636 1336 alumnos
1657 1303 1748 1336 colle-

1047 1360 1178 1402 9iorum
1206 1358 1452 1402 pontificiorum
1474 1358 1640 1401 praestari
1669 1357 1746 1390 soli-

1050 1417 1135 1451 tum,
1163 1422 1226 1456 quo
1259 1411 1350 1445 Sedis
1382 1411 1587 1455 Apostolicae
1617 1411 1747 1443 servitio

1048 1465 1260 1508 reperiuntur
1284 1465 1436 1497 adstricti
1466 1465 1560 1497 inccta
1585 1464 1747 1497 decretum

1046 1518 1262 1561 particularis
1298 1518 1556 1561 conyreqationis
1587 1516 1743 1549 cardina-

1050 1571 1133 1604 lium
1158 1571 1195 1604 de
1220 1571 1442 1615 Propayaiidci
1468 1570 1550 1604 Fide
1565 1572 1581 1603 ¹.

1199 1653 1366 1679 Alexander
1389 1653 1468 1686 Papa
1488 1653 1551 1686 vll,

1147 1697 1182 1724 ad
1199 1697 1331 1724 futuram
1351 1697 1395 1724 rei
1415 1696 1597 1724 memoriam.

1050 1769 1064 1812 ς
1087 1769 1116 1802 1,
1143 1768 1219 1802 Cum
1256 1768 1340 1801 circa
1373 1768 1541 1800 iuramenti
1568 1768 1747 1807 vinculum,

987 1840 989 1862 1
1006 1833 1068 1866 quo
1087 1821 1323 1866 pontificiorum
1339 1822 1546 1864 collegiorum
1566 1821 1682 1853 alumni
1701 1820 1750 1854 Se-

1006 1876 1053 1908 dis
1078 1876 1277 1920 Apostolicae
1291 1876 1322 1919 (a
1335 1877 1396 1919 qua
1415 1876 1559 1908 maximis
1572 1875 1750 1919 sumptibus

1006 1930 1193 1973 educantur)
1220 1929 1348 1962 servitio
1373 1929 1576 1973 reperiuntur
1600 1928 1749 1966 adstricti,

1007 1983 1110 2016 variae
1136 1983 1252 2015 suerint
1277 1983 1440 2026 hucusque
1466 1993 1482 2015 a
1506 1982 1666 2015 nonnullis
1693 1992 1746 2014 ex-

1008 2037 1164 2079 cogitatae
1179 2037 1464 2080 interpretationes,
1479 2037 1593 2079 quibus
1610 2035 1750 2069 eiusdem

1007 2091 1095 2123 Sedis
1128 2091 1159 2122 in
1189 2090 1249 2123 hoc
1282 2090 1427 2124 eludatur
1463 2090 1616 2129 intentio,
1642 2095 1671 2122 et
1697 2089 1749 2121 Dei

1007 2143 1127 2186 gloriae
1153 2148 1182 2175 et
1207 2143 1356 2183 servitio,
1381 2143 1429 2176 cui
1456 2142 1636 2175 huiusmodi
1662 2142 1750 2174 insti—

1007 2202 1107 2229 tutum
1123 2196 1282 2239 dirigitur,
1300 2207 1360 2229 non
1375 2197 1540 2230 minimum
1556 2196 1749 2235 dcli-aliatum

1051 2250 1064 2293 ξ
1090 2249 1118 2281 1,
1145 2249 1237 2289 Nos‘,
1262 2256 1437 2293 opportune
1463 2249 1567 2281 bacin
1591 2260 1623 2281 re
1649 2248 1750 2293 provi-

1045 2358 1051 2383 1
1074 2357 1108 2382 Ex
1126 2356 1233 2390 negest.
1250 2356 1275 2382 in
1291 2357 1394 2383 Socra,
1412 2357 1491 2383 Brev,

1040 2401 1056 2427 2
1072 2401 1228 2428 Lectionem
1245 2405 1272 2427 et
1287 2401 1487 2428 distinctionem
1504 2400 1583 2427 liuius
1600 2401 1690 2428 bullae
1705 2410 1749 2427 su-

1006 2445 1102 2472 mimus
1122 2453 1153 2471 ex
1174 2447 1332 2472 recensione
1357 2453 1428 2480 quae
1453 2445 1478 2471 in
1504 2445 1569 2471 edit.
1597 2445 1676 2472 Mainf
1699 2446 1749 2472 sub

1005 2498 1079 2517 num.
1098 2496 1154 2516 cce!
1175 2493 1250 2516 extra
1269 2490 1357 2517 locum
1374 2489 1569 2525 reperiebatur,
1592 2493 1618 2516 et
1638 2489 1750 2517 alteram

1004 2534 1123 2572 eipsdem
1145 2534 1329 2562 recensionem
1350 2534 1391 2560 hic
1419 2533 1579 2569 duplicatam
1601 2534 1750 2561 omittimus

1003 2581 1040 2614 (a.
1057 2581 1103 2613 τ.).

1647 157 1709 190 587
1756 166 1804 192 An.
1827 165 1941 195 (1.1660

1792 1777 1841 1797 Motl
1847 1783 1878 1796 vn,
