2185 3188
78 218 129 246 An.
150 217 178 245 C.
197 217 265 246 1655

103 280 259 301 Pontifexiudi-

76 310 111 328 eat
121 313 162 328 non
174 307 259 328 licuisse

76 336 102 356 de
113 335 236 361 praeterito.

104 629 180 650 Annuit
194 629 220 650 do
231 629 261 651 ru-

78 658 133 677 turo.

128 1921 223 1944 Absolvit
239 1927 273 1942 ar-

90 1950 273 1976 chiepiscopumct

90 1976 196 1998 civitatem
231 1981 272 1996 om<

89 2008 179 2029 nemque
217 2007 273 2023 com·

89 2032 212 2051 munitatem
260 2035 272 2048 a

89 2057 162 2085 poenis
174 2056 272 2077 incursisr

866 215 1053 242 ALEXANDER
1077 215 1122 241 VII
1147 217 1193 240 PP.

274 270 379 300 torum
403 266 546 308 consilio,
570 275 635 300 non
654 266 781 300 licuisse
801 265 855 299 tibi
876 271 947 298 ante
965 265 1018 298 ol)-

273 325 394 353 tentum
418 320 654 364 beneplacitum
679 319 877 364 praedictum
903 329 1017 361 cogere

273 383 425 417 personas
454 374 679 407 ecclesiasticas
720 372 923 406 contribuere
963 382 1019 405 seu

274 436 466 460 concurrere
493 427 526 459 in
554 427 710 460 solutione
738 426 933 469 gabellarum
958 425 1017 458 hu-

277 479 424 520 iusmodi,
449 484 479 513 et
508 481 608 513 multo
641 480 745 513 minus
770 479 838 512 illas
870 479 1018 521 exigere,

276 533 449 577 apostolica
485 533 694 574 auctoritate,
724 538 834 566 tenore
870 543 1018 577 praesen-

276 586 366 627 tium,
376 587 576 620 decernimus
592 590 622 621 et
634 587 842 620 declaramus.
859 587 895 620 Et
908 586 1020 619 nihilo-

276 641 391 682 minus,
416 646 534 675 attento
551 641 635 685 quod
659 652 763 681 causa,
777 646 908 685 propter
925 651 1018 684 quam

276 694 417 737 gabellae
451 694 631 738 praedictae
665 694 832 738 impositae
867 694 1018 735 suerunt,

277 748 371 781 etiam
399 748 567 792 proprium
600 749 802 782 commodum
831 749 1018 782 ecclesiasti—

277 813 388 836 corum
421 803 604 845 concernit,
636 803 823 836 fraternitati
861 807 931 837 tuae
964 813 1021 847 per

278 855 404 889 easdem
428 861 612 899 praesentes
638 856 863 890 committimus
884 861 913 889 et
936 866 1021 889 man-

279 910 410 950 damus,
435 915 480 951 ut,
505 911 638 945 constito
664 910 718 943 tibi
752 910 790 943 de
820 910 966 951 narratis,
992 915 1021 943 et

279 963 450 997 dummodo
475 964 512 997 ad
538 964 568 997 id
589 964 664 997 cleri
686 964 869 998 eorumdem
889 964 1022 997 civitatis

280 1021 310 1050 et
325 1017 485 1051 districtus
509 1018 541 1050 in
565 1017 678 1062 primis
703 1023 733 1050 et
757 1022 827 1052 ante
848 1018 955 1051 omnia
975 1029 1023 1051 ac-

280 1071 369 1105 cedat
398 1082 564 1114 assensuS,
590 1083 742 1116 personas
772 1072 1021 1113 ecclesiasticas,

282 1130 345 1158 tam
370 1125 528 1159 seculares
549 1136 642 1170 quam
668 1125 805 1159 cuiusvis
837 1125 957 1159 ordinis
977 1135 1023 1158 re-

281 1179 407 1222 gulares
426 1179 592 1224 utriusque
609 1190 712 1223 sexuS,
730 1179 863 1213 civitatis
879 1184 909 1212 et
923 1179 1024 1212 distri-

282 1237 349 1267 ctus
365 1233 558 1274 huiusmodi,
571 1234 609 1266 ad
635 1234 823 1268 solutionem
849 1233 1023 1277 praedicta-

282 1297 352 1320 rum
381 1287 575 1330 gabellarum
606 1298 701 1332 super
732 1288 832 1320 farina
857 1293 887 1320 et
911 1298 1021 1328 carne,

282 1344 316 1374 ut
333 1342 519 1384 praefertur,
538 1342 769 1385 impositarum‚
788 1341 887 1374 donec
904 1345 934 1375 et
950 1352 1023 1385 quo-

283 1404 383 1438 usque
402 1400 486 1427 tanta
503 1395 614 1428 exinde
635 1396 791 1439 quantitas
816 1396 1023 1439 pecuniarum

285 1448 418 1480 conflata
448 1449 563 1489 suerit,
588 1459 667 1492 quae
700 1449 894 1483 dissolutioni
924 1450 1024 1483 dictae

286 1511 427 1534 summae
452 1507 576 1534 centum
597 1508 627 1535 ct
646 1502 873 1546 quinquaginta
889 1513 941 1535 sex
961 1503 1026 1535 mil-

286 1553 362 1586 lium
387 1564 422 1587 ac
446 1555 716 1598 octingentarum¹
735 1560 765 1588 et
788 1556 1024 1598 quatuordecim

286 1607 437 1640 librarum
455 1608 597 1648 sufficiat,
623 1612 653 1642 et
676 1619 738 1642 non
763 1609 862 1649 ultra,
887 1610 923 1642 ea
948 1610 1026 1652 lege,

284 1665 328 1701 ut,
342 1660 495 1704 quidquid
516 1671 551 1694 ex
574 1662 705 1704 gabellis
726 1662 906 1696 huiusmodi
931 1664 1028 1706 perci-

285 1714 398 1758 pietur,
418 1714 449 1747 in
469 1715 659 1748 solutionem
684 1726 826 1749 summae
846 1717 1027 1750 huiusmodi

286 1772 316 1800 et
338 1778 401 1801 non
422 1768 453 1801 in
473 1768 550 1802 alios
567 1779 642 1802 usus
662 1770 792 1803 omnino
815 1770 1026 1814 impendatur,

286 1822 385 1855 teneri
411 1827 441 1855 et
464 1822 619 1866 obligatos
645 1833 712 1856 esse
737 1827 767 1856 et
791 1823 868 1865 fore,
894 1824 1028 1857 auctori-

286 1880 349 1908 tate
364 1877 472 1909 nostra
490 1876 664 1920 apostolica
684 1876 844 1910 decernas.
863 1877 1028 1910 Praeterea

289 1932 317 1963 te
340 1938 357 1961 a
380 1928 542 1972 quibusvis
559 1929 732 1970 sententiis,
748 1930 889 1963 censuris
910 1936 939 1963 et
956 1941 1029 1974 poe-

287 1983 336 2015 nis
352 1983 582 2023 ecclesiasticis,
599 1994 675 2027 quas
692 1989 823 2027 propter
840 1995 1027 2018 consensum

288 2046 305 2068 a
330 2041 358 2069 te
382 2035 575 2079 impositioni
600 2042 630 2069 et
654 2037 808 2070 exactioni
834 2038 1028 2081 gabellarum

287 2089 517 2133 praedictarum
536 2090 639 2134 quoad
664 2101 814 2134 personas
838 2092 1028 2125 ecclesiasti·

288 2153 340 2176 cas
365 2143 546 2177 huiusmodi
574 2144 694 2188 absque
718 2144 806 2177 Sedis
829 2145 1029 2189 Apostolicae

288 2196 414 2230 licentia
438 2197 634 2240 praestitum,
655 2208 709 2230 seu
729 2208 766 2231 ex
791 2208 828 2231 eo
853 2198 936 2242 quod
956 2209 1030 2242 per-

288 2260 380 2282 sonas
412 2250 638 2283 ecclesiasticas
669 2251 845 2295 praedictas
877 2252 915 2284 ad
946 2253 1029 2285 solu-

289 2303 406 2336 tionem
434 2304 616 2336 earumdem
645 2305 840 2347 gabellarum
870 2306 1029 2349 coegeris,

288 2356 513 2400 quoquomodo
538 2357 709 2398 incurristi,
733 2358 919 2392 auctoritate
939 2364 969 2392 et
990 2365 1031 2392 te-

288 2420 365 2444 nore
385 2409 555 2455 praedictis
576 2410 769 2445 absolvimus
789 2417 818 2445 et
838 2413 976 2446 totaliter
993 2413 1029 2445 li-

289 2463 448 2496 beramus.
466 2464 510 2497 Ac
534 2463 589 2496 tibi
615 2465 796 2498 earumdem
817 2466 1030 2509 praesentium

289 2517 371 2551 serie
395 2517 503 2551 itidem
532 2518 757 2553 committimus
782 2524 812 2554 et
835 2520 1031 2562 mandamus,

327 2633 338 2660 ί
360 2632 433 2665 Edit.
453 2632 533 2663 Maia.
553 2633 620 2672 legit
638 2634 870 2672 octinqentorum
889 2638 928 2673 (n.
944 2637 995 2674 τ.).

1054 270 1085 298 ut
1110 264 1370 298 communitatem
1388 270 1419 299 et
1437 265 1581 299 homines
1607 265 1794 310 praedictos,

1053 330 1228 363 eorumque
1241 320 1390 353 officiales
1408 325 1438 353 et
1456 320 1626 361 ministrOS,
1641 325 1670 353 et
1684 331 1793 353 eorum

1053 373 1206 415 singulos,
1227 373 1253 406 si
1278 373 1339 406 hoc
1363 384 1380 405 a
1405 377 1433 407 te
1457 374 1620 407 humiliter
1636 373 1795 418 petierint,

1053 437 1070 459 a
1094 426 1257 470 quibusvis
1283 428 1639 469 excommunicationis,
1663 428 1795 472 aliisque

1053 480 1273 513 ecclesiasticis
1290 481 1462 521 sententiis,
1480 482 1622 515 censuris
1639 487 1669 515 et
1685 482 1796 526 poenis

1053 544 1111 578 per
1135 544 1188 567 eos
1213 539 1242 567 et
1267 545 1377 568 eorum
1403 536 1586 579 quemlibet,
1604 547 1640 569 ex
1658 547 1694 570 eo
1712 537 1795 581 quod

1053 587 1229 632 praedictas
1245 588 1394 631 gabellas,
1412 599 1509 633 super
1527 590 1625 622 farina
1642 595 1672 622 et
1692 601 1796 630 carne,

1054 647 1095 676 ut.
1112 642 1301 686 praefertur,
1322 642 1495 686 impositas,
1514 643 1606 675 etiam
1632 644 1670 676 ab
1695 645 1796 677 eccle-

1054 695 1107 728 siis
1132 700 1162 728 et
1191 695 1410 729 ecclesiasticis
1438 696 1582 740 personis
1611 696 1742 730 civitatis
1768 701 1797 729 et

1055 749 1214 782 districtus
1239 749 1431 790 huiusmodi,
1449 755 1615 793 antequam
1642 755 1748 783 nostra
1768 755 1798 783 et.

1055 802 1144 836 Sedis
1168 803 1366 846 Apostolicae
1398 803 1523 837 licentia
1547 804 1684 847 desuper
1708 813 1797 837 acce-

1055 856 1152 899 deret,
1178 862 1359 900 exegerunt,
1385 868 1439 890 seu
1464 857 1547 900 exigi
1572 858 1722 899 fecerunt,
1748 868 1798 891 re-

1056 910 1193 954 spective
1210 910 1356 951 incursis,
1374 910 1523 954 imposita
1548 910 1622 954 ipsis
1640 915 1670 943 et
1687 921 1797 944 eorum

1056 963 1188 1006 singulis
1211 963 1345 997 arbitrio
1370 969 1424 997 tuo
1445 964 1638 1008 poenitentia
1659 964 1798 1005 salutari,

1057 1023 1087 1051 et
1112 1017 1285 1051 dummodo
1310 1029 1404 1051 omne
1428 1019 1459 1051 id
1484 1019 1569 1063 quod
1594 1019 1745 1052 hactenus
1763 1029 1798 1052 ex

1057 1071 1175 1104 eisdem
1201 1072 1332 1115 gabellis
1356 1078 1500 1106 exactum
1526 1073 1583 1106 suit
1608 1073 1638 1105 in
1662 1072 1799 1105 diminu—

1058 1125 1175 1158 tionem
1209 1136 1352 1158 summae
1388 1125 1800 1170 centumquinquagintasex

1058 1180 1203 1221 millium,
1218 1178 1490 1223 octingentarum¹
1510 1185 1540 1213 et
1559 1179 1799 1224 quatuordecim

1058 1234 1211 1267 librarum
1233 1235 1414 1268 huiusmodi
1436 1235 1556 1277 integre
1574 1234 1673 1274 cedat,
1691 1234 1801 1267 eadem

1057 1289 1242 1323 auctoritate
1267 1290 1375 1321 nostra
1399 1288 1543 1321 absolvas
1563 1294 1593 1321 et
1614 1288 1749 1321 totaliter
1770 1288 1802 1320 li-

1057 1344 1159 1386 beres,
1177 1343 1338 1386 dictasque
1359 1353 1478 1386 poenas
1496 1342 1539 1375 eis
1557 1347 1587 1375 et
1609 1352 1719 1375 eorum
1741 1342 1803 1375 cui-

1059 1397 1133 1431 libet
1158 1397 1296 1440 gratiose
1321 1397 1461 1429 remittas
1487 1400 1516 1430 et
1540 1396 1708 1429 condones.

1103 1451 1118 1494 ξ,
1135 1450 1164 1484 3.
1190 1451 1400 1484 Decernentes
1420 1455 1600 1494 praesentes
1618 1450 1736 1483 litteras
1753 1450 1803 1482 sir-

1060 1515 1137 1545 mas,
1155 1505 1272 1537 validas
1297 1510 1327 1537 et
1351 1505 1494 1537 efficaces
1519 1504 1652 1537 existere
1673 1509 1703 1537 et
1719 1505 1802 1546 fore,

1060 1558 1167 1602 sicque
1187 1558 1217 1590 in
1237 1559 1418 1602 praemissis
1438 1569 1496 1602 per
1516 1569 1733 1602 quoscumque
1758 1558 1803 1591 iu-

1061 1612 1145 1645 dices
1168 1612 1346 1645 ordinarios
1370 1617 1401 1644 et
1424 1612 1595 1655 delegatos,
1617 1612 1710 1644 etiam
1735 1623 1805 1645 cau-

1062 1676 1167 1698 sarum
1184 1666 1289 1709 palatii
1308 1665 1470 1708 apostolici
1489 1665 1658 1707 auditores,
1674 1665 1804 1698 iudicari

1061 1724 1091 1751 et
1111 1718 1235 1751 definiri
1256 1718 1382 1758 debere,
1399 1729 1435 1751 ac
1460 1718 1585 1751 irritum
1607 1723 1636 1751 et
1659 1718 1759 1758 inane,
1780 1719 1804 1751 si

1062 1782 1153 1804 secus
1171 1781 1266 1815 super
1283 1772 1331 1804 his
1352 1782 1368 1804 a
1389 1782 1559 1815 quoquam,
1577 1771 1686 1815 quavis
1703 1777 1807 1805 aucto—

1062 1824 1163 1864 ritate,
1188 1824 1323 1857 scienter
1347 1825 1394 1857 vel
1420 1825 1614 1868 ignoranter,
1639 1825 1803 1868 contigerit

1062 1877 1217 1912 attentari.

1107 1931 1121 1975 ᾗ
1141 1930 1171 1964 4.
1197 1931 1348 1964 Volumus
1373 1935 1489 1973 aulem,
1514 1937 1558 1973 ut,
1583 1933 1687 1965 statim
1712 1938 1806 1977 atque

1062 1986 1221 2029 praedicta
1239 1996 1362 2018 summa
1379 1986 1513 2019 conflata
1530 1987 1633 2029 suerit,
1651 1998 1806 2031 personae

1063 2038 1294 2071 ecclesiasticae
1319 2039 1403 2072 illico
1423 2039 1462 2071 ab
1480 2039 1624 2073 ulteriori
1650 2041 1806 2074 solutione

1063 2092 1259 2135 gabellarum
1284 2092 1464 2126 huiusmodi
1490 2099 1612 2127 cessent
1629 2100 1658 2126 et
1675 2093 1807 2127 abstine-

1063 2151 1137 2186 ant,
1161 2156 1219 2179 nec
1247 2146 1286 2178 ab
1319 2146 1379 2179 illis
1410 2157 1446 2179 eo
1478 2148 1605 2180 nomine
1634 2148 1805 2192 quidquam

1064 2199 1200 2243 amplius
1220 2199 1301 2243 exigi
1327 2200 1435 2244 possit,
1451 2200 1508 2233 sub
1534 2201 1643 2244 poenis
1667 2212 1684 2234 a
1708 2202 1805 2235 sacris

1064 2253 1236 2286 canonibus
1261 2259 1291 2287 et
1316 2254 1592 2287 constituti0nibus
1625 2255 1805 2298 apostolicis

1065 2308 1095 2339 in
1120 2308 1380 2341 contrafacientes
1404 2309 1530 2341 intlictis
1548 2320 1585 2342 co
1604 2309 1672 2353 ipso
1689 2310 1806 2353 absque

1064 2361 1124 2394 alia
1149 2362 1360 2395 declaratione
1378 2362 1591 2401 incurrendis;
1609 2363 1757 2406 quodque
1775 2369 1806 2395 tu

1065 2414 1300 2458 poenitentiam,
1318 2426 1412 2458 quam
1430 2415 1487 2448 tibi
1512 2416 1657 2449 sacerdos
1676 2416 1807 2449 idoneus

1065 2473 1195 2511 propter
1210 2468 1385 2511 praemissa
1402 2468 1600 2512 imposuerit,
1615 2470 1745 2502 omnino
1758 2470 1807 2502 ad-

1066 2521 1197 2565 implere
1222 2522 1366 2563 tenearis,
1384 2522 1523 2566 alioquin
1547 2528 1728 2567 praesentes
1750 2523 1805 2556 tibi

1102 2639 1114 2666 1
1134 2637 1205 2667 Edit.
1221 2637 1299 2668 Maia.
1316 2639 1382 2676 legit
1397 2639 1630 2676 octinqeneorum
1645 2640 1684 2677 (n.
1702 2641 1750 2676 r).

1717 209 1759 242 15
1805 218 1856 244 An.
1878 218 1907 245 o.
1927 218 1994 246 ¹655

1877 1458 2003 1479 Praosenms

1819 1485 1900 1506 litteras
1930 1486 2003 1506 contir-

1819 1515 1868 1533 mal.

1850 1928 1919 1949 finem
1933 1929 2003 1953 albel-

1821 1957 1855 1977 lau
1871 1959 1986 1976 consillull.
