2243 3205
241 177 289 203 An.
306 175 334 202 c.
358 176 424 203 1660
470 168 532 201 590

270 1035 380 1055 Decretum
400 1041 424 1054 tr-

241 1062 314 1081 ritans.

1020 179 1196 203 BULLARIUM

443 225 529 267 gravi
556 225 649 257 causa
680 235 736 268 per
769 226 936 268 ipsammet
961 228 1196 270 congregati0-'

438 288 509 310 nem
535 276 745 321 supradictam
772 278 899 319 Romae,
917 284 1003 312 extra
1031 291 1104 313 vero
1122 291 1196 324 per*

438 330 569 363 nuncios
607 330 795 373 apostolicos
830 331 858 363 in
895 332 1019 376 scriptis
1056 344 1174 377 appro-

437 382 547 415 banda.

482 436 497 479 ᾖ
523 435 550 468 7.
576 436 707 469 Demum
737 436 876 471 districte
901 439 1121 482 probibemus,
1148 442 1196 471 ut*

437 489 541 522 nullos
566 489 705 530 omnino,
731 491 866 524 cuiusvis
891 492 1049 535 dignitatis
1063 498 1092 525 et
1108 502 1197 528 con-÷

438 541 565 575 ditionis
590 542 744 584 extiterit,
769 544 881 576 audeat
911 545 1105 588 praedictum
1132 545 1178 577 iu-

439 600 627 636 ramentum,
652 606 687 629 ae
712 602 893 640 praesentes
910 598 1040 639 litteras,
1058 608 1111 631 seu
1129 597 1179 631 de-

439 648 637 689 clarationes‚
652 654 712 682 tam
731 650 761 682 in
777 656 875 684 totum
894 662 986 695 quam
1006 651 1178 684 secundum

440 700 580 744 singulas
613 702 660 734 sui
685 708 789 746 partes
813 704 974 737 declarare
1003 709 1056 737 aut
1084 704 1180 737 inter-

439 760 581 798 pretare;
607 756 670 797 sed,
692 756 716 788 si
733 757 807 800 quid
829 758 934 790 forsan
954 758 1090 790 dubitari
1109 768 1181 791 eon-

440 808 556 851 tigerit,
575 814 716 842 teneatur
737 810 878 843 eamdem
899 811 1041 844 Sanctam
1068 810 1178 843 Sedem

440 861 614 903 consulere,
632 862 670 894 ab
691 865 790 906 eaque
816 874 1002 907 responsum
1028 864 1058 896 in
1083 864 1181 907 scrip-

439 914 478 946 tis
496 920 671 958 expectare,
690 916 747 948 sub
771 919 872 960 poena
899 917 1074 950 violationis
1099 918 1180 950 iura-

440 968 547 1010 menti,
565 968 589 1001 si
608 979 697 1001 secus
714 970 814 1002 facere
832 970 1091 1014 praesumpserit.

484 1022 500 1064 ἓ
517 1021 545 1054 8,
566 1021 775 1056 Decerncntes
792 1023 915 1056 easdem
937 1030 1117 1067 praesentes
1134 1024 1180 1056 lit-

440 1079 522 1107 teras
540 1080 570 1107 et
584 1075 614 1107 in
631 1076 675 1108 eis
688 1081 832 1109 contenta
846 1088 1072 1121 quaecumque,
1087 1078 1179 1111 etiam

440 1138 476 1160 ex
502 1138 538 1161 eo
555 1128 639 1172 quod
663 1129 803 1172 quilibet,
825 1130 917 1163 etiam
944 1131 1070 1174 speciali
1093 1142 1179 1164 men-

441 1181 524 1214 tione
537 1181 634 1224 digni,
649 1183 679 1214 in
701 1183 881 1226 praemissis
899 1184 1049 1218 interesse
1067 1185 1181 1218 haben-

441 1240 496 1275 tes,
514 1245 567 1268 seu
588 1236 705 1269 habere
722 1237 959 1281 quomodolibet
976 1239 1181 1281 praetenden-

441 1294 496 1328 tes,
521 1288 559 1321 ad
589 1299 625 1321 ea
650 1290 749 1323 vocati
778 1296 808 1323 et
840 1290 936 1323 auditi
961 1301 1023 1324 non
1044 1291 1178 1333 fuerint,

440 1342 526 1374 nullo
547 1353 684 1386 unquam
700 1348 839 1387 tempore
857 1344 895 1376 de
911 1344 1119 1388 subreptionis
1134 1346 1179 1378 vel

441 1394 634 1439 obreptionis
659 1402 711 1428 aut
735 1397 885 1429 nullitatis
908 1397 991 1438 vitio,
1012 1398 1059 1430 vel
1084 1398 1180 1431 inten-

441 1449 533 1482 tionis
569 1454 695 1482 nostrae
731 1455 780 1482 aut
813 1450 964 1484 interesse
997 1451 1179 1485 habentium

439 1513 630 1543 consensus,
667 1503 766 1536 aliove
801 1504 942 1547 quolibet
979 1506 1179 1548 quantumvis

441 1566 554 1599 magno
580 1563 609 1589 et
634 1557 828 1589 substantiali
853 1557 974 1591 defectu
991 1559 1103 1601 notari,
1122 1559 1178 1591 im-

439 1610 595 1653 pugnari,
622 1610 804 1651 invalidari,
831 1611 979 1654 infringi,
1004 1613 1178 1654 retractari,

440 1665 492 1696 aut
509 1662 538 1694 in
555 1663 803 1696 controversiam
825 1664 976 1705 revocari,
994 1675 1047 1697 seu
1065 1665 1102 1697 ad
1121 1670 1179 1698 ter-

440 1715 542 1748 minos
567 1716 643 1749 iuris
668 1717 775 1750 reduci
801 1728 904 1761 posse,
925 1718 977 1750 sed
995 1718 1077 1762 ipsas
1093 1729 1180 1762 prae-

439 1774 542 1802 sentes
559 1780 686 1813 semper
710 1770 827 1813 firmas,
849 1771 966 1804 validas
990 1775 1019 1805 et
1039 1772 1179 1805 efficaces

440 1821 573 1855 existere
598 1828 628 1855 et
653 1823 728 1863 fore,
754 1834 889 1867 suosque
913 1825 1072 1867 plenarios
1090 1831 1120 1857 et
1137 1825 1180 1857 in-

440 1880 545 1918 tegros
566 1875 695 1908 effectus
720 1877 825 1909 sortiri
850 1882 879 1910 et
904 1877 1055 1918 obtinere,
1080 1888 1115 1911 ae
1139 1878 1178 1910 ab

440 1928 509 1970 illis,
527 1928 565 1961 ad
591 1940 668 1972 quos
693 1935 811 1972 spectat
826 1935 855 1962 et
874 1941 932 1973 pro
952 1936 1094 1974 tempore
1112 1928 1179 1975 spe-

440 1981 544 2022 ctabit,
569 1982 789 2015 inviolabiliter
814 1983 993 2025 observari,
1018 1984 1126 2028 sicque
1151 1989 1180 2019 et

439 2045 502 2068 non
527 2035 616 2069 aliter
633 2036 663 2068 in
684 2037 863 2080 praemissis
884 2048 939 2081 per
963 2049 1179 2082 quoscumque

440 2088 558 2121 iudices
574 2089 751 2122 ordinarios
769 2096 795 2123 et
811 2090 980 2133 delegatos,
997 2092 1088 2124 etiam
1108 2103 1179 2124 cau-

439 2152 544 2175 sarum
560 2143 666 2186 palatii
685 2144 846 2187 apostolici
861 2144 1028 2186 auditores,
1046 2155 1082 2178 ac
1102 2145 1180 2177 eius-

439 2195 510 2228 dem
535 2196 564 2230 S.
591 2196 623 2229 R.
650 2196 683 2229 Ε.
709 2196 893 2238 cardinales,
911 2197 1002 2230 etiam
1024 2198 1062 2230 de
1082 2198 1180 2231 latere

439 2249 557 2292 legatos
571 2254 601 2282 et
614 2249 701 2282 Sedis
715 2250 893 2294 praedictae
910 2251 1053 2291 nuncios,
1063 2251 1179 2284 aliosve

439 2302 605 2345 quoslibet,
630 2303 738 2346 quavis
763 2304 947 2338 auctoritate
972 2310 1002 2337 et
1027 2308 1180 2348 potestate

440 2355 604 2398 fungentes
637 2361 667 2388 et
702 2357 886 2397 functuros,
917 2357 1040 2390 sublata
1076 2358 1121 2390 eis
1152 2361 1181 2391 et

441 2418 549 2441 eorum
575 2409 701 2442 cuilibet
725 2410 833 2453 quavis
854 2410 943 2443 aliter
967 2410 1125 2443 iudicandi
1150 2416 1180 2442 et

441 2461 677 2504 interpretandi,
697 2463 841 2496 facultate
867 2467 896 2497 et
920 2464 1114 2504 auctoritate,
1133 2464 1177 2496 iu-

441 2514 537 2547 dicari
563 2521 592 2547 et
616 2516 739 2548 definiri
771 2517 906 2557 debere,
938 2527 973 2550 ae
1002 2518 1125 2551 irritum
1150 2522 1180 2549 et

443 2567 555 2607 inane,
580 2568 603 2601 si
630 2579 718 2602 secus
744 2580 837 2613 super
862 2570 910 2603 bis
942 2581 958 2604 a
995 2581 1177 2615 quoquam,

1223 178 1378 203 ROMANUM

1214 226 1324 270 quavis
1351 226 1545 269 auctoritate,
1570 227 1704 260 scienter
1734 228 1780 261 vel
1805 229 1952 272 ignoran-

1213 285 1270 321 ter,
1296 279 1465 322 contigerit
1485 280 1639 313 attentari.

1257 335 1271 375 g
1287 331 1316 365 9.
1331 333 1399 365 Non
1414 332 1607 366 obstantibus
1629 333 1820 377 praemissis,
1834 344 1869 367 ac
1883 345 1953 368 con-

1213 385 1426 418 stitutionibus
1445 391 1474 418 et
1491 386 1743 419 ordinationibus
1761 387 1951 430 apostolicis,

1213 449 1332 471 necnon
1347 444 1594 472 memoratorum
1612 439 1828 482 collegiorum,
1842 445 1871 472 et
1884 440 1952 474 aliis

1212 492 1386 536 quibusvis,
1411 493 1504 525 etiam
1531 493 1717 536 iuramento,
1743 493 1952 528 confirmatio-

1213 556 1251 578 ne
1277 545 1457 589 apostolica,
1490 546 1537 578 vel
1570 547 1681 589 quavis
1709 546 1857 579 firmitate
1889 546 1950 579 alia

1213 599 1379 639 roboratis,
1397 598 1520 631 statutis
1538 604 1567 632 et
1588 598 1877 640 consuetudinibus,
1891 599 1952 643 pri-

1213 652 1335 694 vilegiis
1359 662 1494 696 quoque,
1520 651 1648 685 indultis
1672 657 1702 685 et
1725 651 1836 686 litteris
1860 663 1951 696 apos-

1214 706 1340 746 stolicis,
1362 705 1478 739 eidem¹
1496 706 1553 738 sub
1570 706 1821 750 quibuscumque
1845 707 1954 740 verbo-

1215 770 1283 791 rum
1299 759 1459 792 tenoribus
1472 764 1501 791 et
1520 759 1636 800 formis,
1651 769 1686 792 ac
1703 770 1774 792 cum
1792 759 1953 802 quibusvis

1214 813 1307 845 etiam
1332 812 1603 854 derogatoriarum
1628 812 1846 855 derogatoriis,
1870 812 1954 846 aliis-

1215 876 1276 909 que
1302 865 1540 907 efficacioribus,
1566 865 1790 899 efficacissimis
1815 870 1845 898 et
1868 865 1953 899 inso-

1214 919 1276 951 litis
1301 919 1458 960 clausulis,
1484 919 1741 963 irritantibusque
1766 924 1796 952 et
1820 919 1888 953 aliis
1904 919 1954 952 de-

1215 972 1319 1014 cretis,
1353 973 1383 1004 in
1408 983 1524 1015 genere
1552 973 1598 1005 vel
1625 972 1655 1005 in
1681 972 1794 1016 specie,
1819 983 1856 1006 ac
1878 972 1954 1006 alias

1215 1025 1245 1057 in
1282 1026 1475 1058 contrarium
1511 1025 1748 1068 quomodolibet
1782 1025 1953 1066 concessis,

1215 1078 1409 1111 confirmatis
1427 1084 1457 1111 et
1481 1077 1650 1118 innovatis3
1675 1077 1788 1121 quibus
1808 1077 1954 1111 omnibus

1215 1137 1244 1164 et
1263 1131 1405 1175 singulis,
1420 1131 1540 1165 etiamsi
1557 1142 1615 1175 pro
1640 1131 1765 1164 illorum
1789 1131 1952 1165 sufficienti

1214 1184 1418 1228 derogatione
1453 1185 1491 1218 de
1523 1185 1583 1217 illis
1613 1194 1786 1228 eorumque
1810 1184 1883 1217 totis
1907 1189 1954 1217 te·

1214 1239 1344 1272 noribus
1376 1239 1538 1283 specialis,
1564 1238 1728 1282 specifica,
1753 1248 1900 1282 expressa
1924 1242 1954 1271 et

1214 1293 1382 1335 individua,
1407 1303 1443 1325 ac
1467 1292 1505 1324 de
1531 1292 1626 1324 verbo
1650 1291 1687 1324 ad
1714 1291 1865 1332 verbum,
1889 1300 1954 1324 non

1214 1352 1318 1379 autem
1343 1357 1399 1389 per
1423 1345 1576 1379 clausulas
1600 1345 1763 1388 generales
1788 1344 1871 1377 idem
1896 1344 1954 1377 im-

1214 1405 1384 1443 portantes,
1403 1399 1520 1431 mentio
1534 1409 1589 1431 seu
1607 1398 1734 1442 quaevis
1754 1397 1814 1430 alia
1832 1407 1953 1441 expres·

1214 1453 1260 1486 sio
1296 1452 1437 1485 habenda
1475 1457 1527 1484 aut
1562 1451 1666 1495 aliqua
1701 1451 1761 1484 alia
1800 1450 1954 1495 exquisita

1214 1506 1313 1538 forma
1338 1505 1491 1538 servanda
1514 1505 1603 1544 foret,
1624 1509 1748 1537 tenores
1772 1503 1953 1538 huiusmodi

1213 1569 1271 1602 pro
1295 1559 1386 1602 plene
1404 1562 1433 1592 et
1449 1558 1639 1591 sufficienter
1658 1557 1814 1601 expressis
1838 1557 1954 1591 haben-

1215 1616 1269 1653 tes,
1288 1611 1348 1643 illis
1369 1611 1444 1644 alias
1462 1611 1493 1643 in
1513 1621 1569 1643 suo
1595 1610 1711 1644 robore
1727 1610 1952 1654 permansuris,

1213 1664 1251 1696 ad
1264 1664 1509 1707 praemissorum
1527 1663 1682 1705 effectum,
1699 1663 1755 1696 bac
1779 1663 1846 1696 vice
1866 1662 1953 1695 dum-

1214 1722 1306 1758 taxat,
1332 1717 1507 1760 specialiter
1527 1721 1556 1749 et
1581 1726 1726 1760 expresse
1746 1715 1951 1759 derogamus;

1213 1770 1390 1814 ceterisque
1414 1769 1579 1803 contrariis
1600 1768 1862 1812 quibuscumque.

1258 1824 1272 1867 g
1305 1823 1355 1856 10.
1387 1823 1537 1856 Volumus
1566 1826 1669 1856 autem
1703 1827 1737 1855 ut
1769 1821 1951 1855 earumdem

1213 1877 1423 1921 praesentium
1442 1876 1656 1920 transumptis,
1670 1875 1762 1908 etiam
1781 1875 1952 1919 impressis,

1214 1941 1309 1963 manu
1333 1930 1463 1963 alicuius
1488 1929 1647 1962 secretarii
1672 1929 1850 1973 praedictae
1877 1938 1953 1962 con-

1213 1983 1406 2027 gregationis
1434 1984 1481 2016 vel
1506 1983 1620 2016 notarii
1648 1982 1767 2026 publici
1799 1982 1954 2026 subscrip-

1214 2038 1262 2078 tis,
1275 2043 1305 2070 et
1328 2037 1432 2080 sigillo
1458 2047 1611 2080 personae
1634 2036 1664 2068 in
1683 2035 1894 2069 ecclesiastica
1911 2035 1954 2068 di-

1214 2090 1331 2134 gnitate
1349 2090 1536 2123 constitutae
1547 2089 1685 2130 munitis,
1697 2089 1805 2122 eadem
1823 2099 1954 2133 prorsus

1214 2144 1291 2177 fides
1316 2144 1347 2176 in
1364 2143 1479 2177 iudicio
1504 2147 1533 2177 et
1557 2147 1642 2177 extra
1660 2143 1855 2184 adhibeatur,
1875 2152 1954 2186 quae

1215 2197 1432 2241 praesentibus
1457 2197 1531 2240 ipsis
1555 2196 1774 2239 adhiberetur,
1799 2196 1824 2229 si
1853 2196 1955 2229 forent

1214 2250 1369 2283 exhibitae
1394 2250 1441 2282 vel
1466 2253 1617 2283 ostensae.

1257 2304 1368 2336 Datum
1394 2304 1522 2344 Romae,
1547 2303 1628 2347 apud
1654 2304 1682 2337 S.
1706 2303 1833 2336 Mariam
1857 2303 1952 2337 Maio-

1214 2367 1292 2398 rem,
1308 2357 1365 2390 sub
1389 2357 1504 2390 annulo
1538 2357 1713 2398 piscatoris,
1742 2356 1791 2390 die
1817 2367 1857 2391 xx
1886 2356 1952 2389 iulii

1214 2421 1329 2451 MDCLx,
1354 2410 1554 2454 pontificatus
1578 2410 1677 2444 nostri
1703 2420 1785 2443 anno
1809 2420 1851 2443 vi.

1248 2475 1308 2501 Dat.
1329 2474 1373 2501 die
1391 2474 1426 2501 20
1446 2474 1503 2501 iulii
1524 2474 1602 2509 1660,
1619 2474 1715 2509 pontis.
1732 2482 1802 2501 anno
1818 2480 1854 2500 vt.

1251 2580 1258 2606 1
1275 2578 1385 2605 Videtur
1396 2578 1501 2613 legend.
1516 2579 1622 2606 eisdem
1634 2587 1729 2613 nempe
1740 2577 1950 2613 colleyiis(n.r.)

1971 182 2018 208 An.
2036 182 2062 210 C.
2081 184 2146 212 ¹6⁶0
2205 187 2208 211 Ι

2035 349 2144 377 Contra-tx
2149 361 2157 366 -

1967 374 1992 396 de
1996 378 2061 400 rogat.

2003 1831 2148 1856 Transumnto·
2218 1832 2226 1859 9

1968 1865 2012 1880 rum
2028 1859 2086 1880 sides.
2221 1866 2224 1872 ·
