2263 3215
322 229 369 255 Au.
392 229 418 255 C.
444 230 507 255 1057

327 1668 408 1689 Nullum
420 1670 488 1690 decli<

306 1698 335 1715 rat
344 1696 433 1716 edictum
443 1703 489 1722 pru-

306 1722 361 1742 niul-,v
370 1725 419 1742 [tntu
478 1729 489 1743 a

307 1756 394 1776 pmrvge
408 1750 489 1776 Naupa-

306 1777 338 1797 hs.

555 220 618 253 :ist

565 278 708 311 declarat
741 278 873 310 mellum
909 278 1048 311 edictum.
1079 280 1113 312 in
1150 280 1255 313 eadem

565 332 696 363 materia
721 331 758 364 ab
783 332 1022 376 archiepiscopo
1042 332 1257 376 Neapolitano

560 386 683 427 [italum
699 385 717 417 ¹.

710 475 874 502 Alexander
895 476 972 510 Papa
993 477 1060 509 vn,

657 521 692 545 ad
718 520 849 547 futuram
869 521 912 547 rei
933 522 1113 548 memoriam.

559 598 573 641 ξ
598 598 626 630 ’1.
652 599 727 632 Cum
754 609 854 643 nuper
879 601 915 632 ad
941 601 1083 633 notitiam
1114 607 1252 635 nostram

515 660 574 683 non
594 651 659 683 siue
685 652 771 693 gravi
789 653 884 684 animi
907 653 1004 687 nostri
1027 654 1170 687 molestia
1186 665 1253 697 per-

515 704 632 736 venerit
667 705 815 737 dilectum
854 706 951 738 lilium
985 706 1123 739 nobilem
1151 708 1251 740 virum

515 757 700 790 hodiernum
729 769 894 802 prorcgem
923 760 1009 802 regni
1036 760 1190 804 Neapolis,
1215 761 1252 793 tle

515 816 584 843 voto
609 816 639 843 et
664 821 818 844 consensu
844 812 922 854 regii
940 813 1126 846 collateralis
1151 814 1251 846 cousi—

513 862 543 895 lii
562 863 694 896 civitatis
715 865 948 908 Neapolitanae,
973 865 1022 897 (lie
1050 877 1115 899 xvn
1149 868 1250 901 martii

512 917 652 959 proxime
684 918 842 960 praeteriti
877 918 1029 962 publicari
1056 920 1163 953 secisse
1188 921 1250 953 cdi-

511 975 606 1010 ctum,
630 971 660 1003 in
684 982 747 1014 quo
772 972 940 1005 declaravit
976 984 1125 1016 personas
1151 975 1250 1008 eccle-

511 1023 650 1055 siasticas
677 1025 901 1068 comprehendi
930 1031 959 1058 et
985 1027 1075 1069 ligari
1104 1027 1250 1061 omnibus

512 1077 621 1109 hannis
638 1088 694 1121 per
716 1078 816 1121 ipsum
833 1089 1000 1122 prorogent
1027 1080 1058 1112 in
1082 1081 1192 1114 eadem
1207 1082 1249 1115 ci-

511 1129 602 1162 ritate
620 1130 709 1162 editis
730 1141 824 1174 super
849 1133 1085 1167 conservatione
1106 1134 1250 1178 publicae

508 1182 647 1215 sanitatis
671 1184 835 1216 occasione
861 1186 1035 1228 praesentis
1065 1186 1249 1230 suspicionis

509 1236 665 1278 contagii,
696 1243 725 1269 et
750 1237 935 1271 officialibus
961 1239 1092 1273 iniunxit
1116 1251 1153 1274 ne
1177 1252 1249 1285 per-

508 1289 628 1321 mittant
647 1289 722 1333 ipsis
740 1292 882 1333 personis
897 1293 1115 1326 ecclesiasticis
1134 1294 1249 1337 ingres-

507 1352 575 1373 sum
601 1342 700 1376 dietae
725 1343 858 1376 civitatis
883 1345 1002 1389 alisque
1032 1346 1098 1379 eius
1124 1347 1246 1381 licentia

508 1395 538 1426 in
563 1395 706 1438 scriptis,
731 1397 921 1431 declarando
947 1399 1075 1443 insuper
1110 1400 1247 1434 edictum

508 1447 539 1480 in.
562 1448 672 1481 eadem
697 1450 826 1483 materia
852 1451 1045 1494 publicatum
1071 1463 1087 1485 a
1112 1464 1244 1486 venera-

506 1501 558 1533 bili
587 1503 681 1536 fratre
706 1504 944 1548 archiepiscopo
961 1506 1164 1549 Neapolitano
1182 1507 1248 1540 nul-

506 1555 564 1587 lius
598 1556 721 1590 roboris
753 1568 840 1596 esse,
865 1569 901 1589 ac
933 1558 971 1591 de
997 1559 1076 1592 sacto
1105 1561 1246 1604 promul-

505 1613 627 1652 gaium:

549 1662 563 1706 ξ
581 1663 610 1695 Q.
632 1663 705 1703 Nos,
724 1665 956 1698 considerantes
977 1677 1070 1710 quam
1096 1668 1247 1710 pernicio-

505 1725 556 1747 sae
581 1715 639 1747 sint
665 1717 823 1759 libertati,
851 1718 1037 1752 immunitati
1069 1725 1098 1752 ct.
1123 1720 1247 1753 iurisdi-

505 1769 599 1801 ctioni
620 1770 847 1804 ecclesiastieae
862 1773 979 1806 similes
998 1773 1150 1807 laicorum
1169 1775 1247 1818 (qui-

504 1821 562 1854 hus
588 1822 618 1854 in
643 1824 783 1866 negociis
808 1824 1027 1858 ecclesiasticis
1052 1826 1245 1870 obsequendi

505 1876 673 1909 necessitas
698 1877 807 1910 relicta
832 1884 887 1919 est,
912 1888 976 1912 non
1000 1880 1170 1914 auctoritas
1191 1881 1246 1913 im-

504 1928 648 1973 perandi)
669 1929 894 1972 ordinationes,
919 1942 954 1964 ac
979 1932 1112 1975 proinde
1128 1944 1164 1966 ex
1189 1934 1244 1966 de-

505 1981 571 2014 bito
607 1983 772 2025 pastoralis
807 1984 902 2017 officii
938 1986 1036 2018 nostri
1072 1986 1243 2028 libertatis,

505 2035 708 2069 immunitatis
740 2043 769 2070 et
805 2038 1029 2072 iurisdictionis
1065 2040 1243 2074 huiusmodi

506 2088 699 2121 indemnitati
719 2091 753 2123 ca
780 2091 809 2122 in
835 2101 868 2124 re
894 2093 1058 2126 consulere
1082 2094 1243 2137 volentes,

504 2142 542 2173 ‹le
568 2144 794 2176 venerabilium
815 2145 946 2178 fratrum
972 2152 1152 2180 nostrorum
1178 2159 1244 2181 san-

505 2201 571 2228 ctae
596 2197 754 2230 Romanae
778 2198 934 2231 Ecclesiae
958 2200 1163 2234 cardinalium
1190 2202 1244 2235 im-

505 2250 648 2282 munitati
685 2251 914 2286 ecclesiasticae
957 2259 986 2286 et
1022 2256 1244 2288 controversiis

504 2302 805 2338 iurisdictionalibus
830 2306 1106 2350 praepositorum,
1132 2308 1244 2351 quibus

503 2356 563 2389 hoc
587 2357 747 2400 negotium
762 2358 992 2392 discutiendum
1018 2361 1243 2404 commisimus,

503 2409 644 2453 consilio,
666 2417 874 2444 memoratum
900 2423 1079 2457 proi-egem,
1103 2414 1243 2459 aliosque

505 2463 664 2496 ministros
689 2465 784 2498 laicos
808 2466 929 2499 nullum
950 2467 1080 2501 omnino
1098 2468 1156 2509 ius,
1174 2468 1243 2502 nul-

505 2516 628 2560 lamque
652 2518 829 2553 facultatem
863 2519 1009 2553 habuisse
1033 2521 1064 2554 in
1094 2522 1238 2565 promul-

1104 232 1280 255 RttLLAntt'xt
1307 232 1458 255 nouitx'ru

1292 281 1411 312 nullum
1442 280 1533 323 plane
1570 284 1599 311 et
1636 279 1827 320 invalidum,
1851 280 2031 324 nulliusque

1292 333 1414 366 roboris
1432 339 1460 365 et
1482 333 1631 366 momenti
1653 333 1746 366 fuisse
1768 339 1796 365 et
1821 344 1898 374 esse,
1915 345 1950 366 ac
1972 344 2029 377 pro

1290 387 1377 419 nullo
1402 392 1431 419 et
1455 397 1585 429 prorsus
1611 386 1747 420 invalido
1773 397 1900 431 semper
1917 393 1944 420 et
1963 398 2031 431 per-

1290 445 1384 482 petuo
1409 439 1588 472 habendum
1615 440 1680 473 sore
1705 444 1735 473 et
1759 451 1835 480 csse,
1860 440 2029 484 apostoliea

1289 492 1491 533 auctoritate,
1517 498 1625 526 tenore
1650 494 1872 537 praesentium,
1893 493 2030 527 declara-

1290 556 1375 585 mus;
1397 546 1503 589 sicque
1531 557 1587 590 per
1612 558 1829 591 quoscumque
1846 547 1964 580 iudices
1981 558 2030 581 or-

1288 599 1426 632 dinarios
1440 605 1470 631 et
1491 599 1660 642 delegatos,
1681 600 1772 633 etiam
1795 611 1959 633 causarum
1979 611 2029 644 pa-

1288 651 1352 684 latii
1370 652 1534 695 apostolici
1560 652 1728 695 auditores,
1754 663 1789 685 ac
1814 653 1842 685 S.
1863 653 1895 685 R.
1914 653 1945 685 E.
1963 663 2029 686 car-

1287 704 1416 745 dinales,
1443 706 1534 737 etiam
1557 705 1594 737 de
1618 706 1715 739 latere
1739 706 1869 749 legatos,
1889 712 1919 738 et
1937 715 2027 750 quos-

1287 757 1330 790 vis
1355 757 1433 791 alios
1458 768 1656 802 quacumque
1686 759 1872 793 auctoritate
1896 760 2027 802 fungen-

1287 816 1342 850 tes,
1367 810 1488 843 sublata
1513 811 1557 843 eis
1582 817 1611 844 et
1637 822 1745 845 eorum
1766 811 1892 844 cuilibet
1917 812 2026 856 quavis

1285 864 1375 897 aliter
1404 864 1559 898 iudicandi
1582 871 1610 899 et
1629 865 1853 910 interpretandi
1882 866 2026 899 facultate

1285 923 1313 949 et
1334 919 1529 961 auctoritate,
1555 919 1685 953 iudicari
1712 925 1741 952 et
1761 919 1883 952 deliniri
1900 919 2026 960 debere,

1286 970 1471 1015 irritumque
1497 976 1527 1006 et
1551 972 1662 1012 inane,
1687 973 1711 1006 si
1743 983 1832 1006 secus
1856 984 1953 1018 super
1977 973 2026 1006 liis

1284 1036 1301 1056 a
1325 1035 1504 1069 quoquam,
1529 1026 1638 1070 quavis
1663 1027 1864 1068 auctoritate,
1889 1027 2025 1059 scienter

1285 1078 1333 1111 vel
1352 1079 1544 1121 ignoranter,
1562 1080 1729 1123 contigerit
1745 1080 1901 1120 attentari,
1915 1079 2023 1113 decer-

1283 1132 1397 1165 nimus.
1419 1132 1451 1164 ln
1476 1134 1669 1166 contrarium
1689 1133 1872 1168 facientibus
1892 1143 1954 1168 non
1972 1133 2024 1166 ob-

1283 1185 1436 1219 stantibus
1458 1187 1720 1231 quibuscumque.

1327 1239 1391 1282 §3
1425 1240 1575 1273 Volumus
1607 1247 1711 1274 autem
1746 1245 1778 1274 ut
1808 1240 2022 1285 praesentium

1282 1292 1498 1336 transumptis,
1526 1293 1619 1325 etiam
1644 1293 1829 1338 itnpressiS‚
1855 1304 1949 1326 manu
1973 1303 2025 1327 no-

1283 1344 1351 1377 tarii
1366 1345 1483 1388 publici
1501 1345 1697 1389 subscriptis,
1715 1352 1744 1379 et
1769 1346 1872 1389 sigillo
1892 1346 2024 1380 alicuius

1282 1408 1435 1441 personae
1454 1399 1483 1431 in
1502 1399 1651 1442 dignitate
1677 1400 1886 1434 ecelesiastica
1910 1401 2025 1434 consti-

1282 1458 1364 1484 tutae
1390 1453 1528 1494 munitis,
1541 1454 1650 1486 eadem
1675 1464 1806 1497 prorsus
1831 1454 1908 1487 fides
1932 1454 1962 1487 in
1981 1455 2024 1487 iu-

1281 1504 1363 1538 dicio
1388 1511 1417 1538 et
1442 1511 1527 1538 extra
1558 1506 1633 1539 illud
1667 1506 1784 1551 ubique
1814 1506 2022 1548 adhibeatur,

1281 1569 1360 1602 quae
1394 1559 1466 1603 ipsis
1498 1560 1717 1603 praesentibus
1748 1559 1970 1601 adhiberetur,
1998 1560 2022 1592 si

1282 1611 1383 1645 forent
1407 1612 1562 1645 exhibitae
1588 1614 1635 1646 vel
1661 1619 1813 1647 ostensae.

1324 1665 1436 1698 Datum
1461 1667 1589 1708 Romae,
1615 1667 1698 1711 apud
1723 1667 1752 1700 S.
1770 1667 1898 1700 Mariam
1925 1666 2019 1701 Maio-

1282 1729 1358 1759 rem,
1376 1719 1434 1752 suh
1451 1719 1566 1753 annulo
1587 1721 1766 1761 piscatoris,
1793 1720 1843 1753 die
1867 1730 1920 1753 xvi
1953 1720 2019 1753 iulii

1281 1781 1420 1812 uDeLvu,
1433 1773 1633 1816 pontificatus
1650 1774 1749 1806 nostri
1768 1784 1850 1806 anno
1871 1783 1915 1806 ιιι.

1314 1835 1374 1862 Dat.
1392 1835 1434 1862 die
1453 1836 1483 1862 1ss
1499 1836 1556 1864 iulii
1575 1837 1652 1872 1057,
1671 1837 1766 1874 pontit.
1789 1848 1859 1867 anno
1881 1847 1920 1868 111.

1589 1980 1699 2014 CLXll.

1281 2057 1319 2090 Ue
1350 2057 1468 2091 Bullae
1499 2059 1632 2093 Nicolai
1663 2061 1731 2103 IV,
1757 2062 1897 2096 Martini
1934 2063 1959 2097 V
1990 2070 2020 2098 et

1321 2111 1408 2144 sixti
1425 2112 1482 2154 IV,
1497 2124 1557 2156 per
1572 2124 1654 2158 quas
1672 2115 1826 2149 Tertiarii
1843 2117 1944 2150 Tertii
1961 2117 2019 2152 Or-

1321 2164 1409 2197 dinis
1433 2168 1539 2199 scmctz'
1562 2167 1734 2201 Franciscz'
1749 2169 1787 2202 (Ie
1809 2170 2018 2204 Poenitenlici

1320 2219 1505 2262 mmcupati
1518 2220 1741 2254 subiz'cz'untur
1753 2223 1974 2265 superioribus
1991 2229 2019 2257 el

1321 2271 1543 2306 visitatoribus
1562 2273 1697 2307 Ordinis
1720 2276 1828 2308 sancti
1850 2274 2020 2310 Francisci

1321 2325 1359 2357 de
1385 2324 1607 2364 Observantict,
1635 2328 1842 2362 observentur
1854 2329 1874 2362 ¹.

1471 2408 1634 2435 Alexander
1659 2408 1737 2443 Papa
1756 2409 1820 2443 VH,

1419 2451 1455 2478 ad
1471 2452 1603 2479 futuram
1619 2453 1664 2480 rei
1683 2454 1866 2482 memoriam.

1319 2521 1334 2564 ξ
1363 2522 1387 2554 l.
1407 2522 1525 2566 Exponi
1550 2524 1640 2558 nobis
1667 2535 1768 2569 nuper
1796 2526 1867 2558 fecit
1884 2525 2014 2560 dilectus

504 2570 607 2611 gando
625 2570 759 2604 edictum
786 2573 992 2616 praedictum,
1015 2574 1148 2619 ideoque
1166 2575 1240 2608 illud
1275 2574 1357 2608 filius
1366 2574 1621 2611 Bartholomaeus
1634 2578 1672 2610 de
1686 2578 1813 2619 VilIana,
1827 2586 2014 2622 procurator

541 2635 549 2659 1
577 2633 610 2659 Ex
633 2634 739 2669 aegest.
762 2635 786 2661 in
807 2636 910 2663 Secret.
933 2636 1008 2663 Brev.

1312 2639 1319 2664 1
1340 2637 1377 2664 Ex
1394 2637 1498 2673 Regest.
1516 2639 1541 2665 in
1558 2640 1657 2666 Secret.
1676 2639 1750 2667 Brev.

2041 233 2093 260 An.
2108 234 2136 261 C.
2156 235 2217 265 1657

2073 1250 2204 1278 ‘staur-mmo
2211 1244 2212 1249 ¹

2039 1283 2084 1298 rum
2099 1277 2156 1300 fides.

2054 2527 2164 2555 expositio.
