2263 3215
292 218 340 245 An.
362 217 389 245 C.
409 218 474 246 1657

369 1777 489 1798 Derim-auo

305 1805 362 1824 (ἧι-Μ
395 1804 489 1823 sitiiissio-

304 1837 351 1850 itcni
376 1831 489 1856 equitatio-

305 1863 368 1877 nisui
384 1857 489 1877 solutione

305 1889 380 1903 census
401 1889 438 1909 [ιιι]
457 1890 488 1904 1·ss-

306 1915 345 1935 gus»
360 1910 466 1936 Neapolis.

521 208 585 242 0289.

492 266 541 299 bri
563 276 596 299 111
623 265 816 310 descriptum
843 271 900 307 est,
925 271 955 299 et
980 265 1047 298 aliis
1071 266 1234 310 quibusvis

495 319 586 352 Urbis
602 319 791 363 praedictae,
806 319 897 352 etiam
918 319 1106 360 iuramento,
1124 319 1235 352 confir-

494 373 630 406 matione
656 372 846 416 apostolica,
868 372 915 406 vel
935 372 995 405 alia
1013 372 1121 416 quavis
1140 372 1235 405 firmi-

495 431 553 460 tate
571 426 737 468 roboratis,
753 426 885 470 statutis,
899 437 1072 470 eorumque
1087 427 1235 460 reforma-

495 480 631 514 tionibus
656 485 685 513 et
708 481 797 514 noris
814 480 1035 524 additionibus,
1056 492 1091 514 ae
1109 491 1236 514 consue-

496 533 664 574 tudinibus,
688 533 863 578 privilegiis
888 545 1023 578 quoque,
1051 533 1178 566 indultis
1207 538 1237 566 et

495 587 606 620 litteris
629 588 810 632 apostolicis
828 588 859 620 in
875 587 1070 621 eontrarium
1088 587 1237 631 praemis-

495 651 602 674 sorum
629 641 867 684 quomodolibet
884 640 1051 682 concessis,
1072 639 1237 673 confirma-

495 694 533 727 tis
559 700 588 727 et
613 695 785 734 innovatis3
811 695 925 738 quibus
951 694 1098 728 omnibus
1123 698 1153 726 et
1177 693 1239 725 sin-

495 748 577 791 gulis
593 775 600 789 ‚
626 748 751 782 illorum
779 752 903 782 tenores
936 746 1154 791 praesentibus
1179 756 1237 790 pro

495 802 586 845 plene
611 806 641 834 et
666 801 856 835 sufficienter
881 800 1036 844 expressis
1059 805 1088 832 et
1114 798 1237 833 insertis

500 856 662 895 babentes,
677 855 736 888 illis
754 855 828 887 alias
843 854 874 887 in
891 865 947 887 suo
966 853 1082 887 robore
1095 862 1238 897 perman-

497 908 590 949 suris,
608 908 644 941 ad
666 908 912 952 praemissorum
931 907 1076 940 effectum
1099 906 1239 950 speciali-

499 968 543 995 ter
557 967 586 994 et
600 972 746 1006 expresse
761 962 965 1005 dcrogamus3
980 960 1155 1004 ceterisque
1170 970 1239 994 con-

498 1015 602 1048 trariis
632 1015 895 1059 quilmscmnque.

542 1070 655 1102 Datum
682 1069 809 1110 Romae,
831 1069 912 1112 apud
938 1069 965 1101 S.
991 1068 1118 1101 Mariam
1144 1068 1238 1102 Maio-

499 1133 576 1164 rem,
599 1123 656 1155 sub
677 1123 792 1155 annulo
815 1122 990 1164 piscatoris,
1010 1122 1059 1154 die
1085 1132 1137 1155 xvl
1163 1122 1238 1156 iunii

498 1186 639 1217 imchn,
657 1176 858 1220 pontificatus
879 1175 979 1209 nostri
1005 1186 1086 1209 anno
1107 1186 1149 1209 111.

536 1239 593 1266 Dat.
612 1239 655 1265 die
674 1238 706 1266 16
721 1238 786 1266 iunii
804 1238 882 1271 1657,
899 1238 994 1273 pontif.
1012 1247 1082 1265 anno
1098 1245 1136 1265 111.

821 1382 916 1415 CLIX.

500 1463 686 1497 Declarutio
714 1463 800 1495 circa
832 1462 1038 1496 omissionem
1070 1463 1241 1505 equitatio-

546 1517 597 1549 nis
615 1517 650 1549 m
668 1517 827 1549 solutione
844 1526 955 1548 census
969 1525 1029 1558 pro
1046 1525 1143 1558 rayno
1161 1514 1243 1547 Νεα-

545 1570 628 1613 polis
639 1569 655 1602 ¹.

697 1650 864 1676 Alexander
884 1649 964 1682 Papa
985 1648 1048 1681 vn,

645 1695 681 1722 ad
701 1695 834 1721 futuram
854 1694 899 1721 rei
922 1693 1102 1721 memoriam.

549 1768 563 1810 g
588 1766 616 1798 l.
643 1766 718 1799 Cum
743 1764 925 1798 carissimus
955 1765 985 1796 in
1014 1764 1137 1797 Christo
1164 1763 1246 1796 filius

504 1824 611 1852 noster
636 1819 798 1862 Philippus
824 1817 1044 1862 Hispaniarum
1064 1828 1117 1850 rex
1144 1817 1247 1850 catho-

506 1874 584 1906 licus
610 1872 730 1906 ratione
767 1872 970 1905 investiturae
1004 1871 1094 1915 regni
1124 1871 1247 1904 Siciliae

507 1927 583 1960 citra
611 1927 746 1959 Pharum
765 1926 803 1959 ad
824 1926 871 1959 ius
893 1931 922 1958 et
946 1925 1172 1969 proprietatem
1189 1925 1248 1958 Ro-

507 1990 616 2012 manae
650 1979 807 2013 Ecclesiae
832 1978 1027 2023 pertinentis,
1050 1978 1076 2011 ei
1109 1988 1125 2010 a
1150 1977 1248 2011 felicis

508 2033 734 2066 recordationis
759 2032 913 2075 Gregorio
939 2032 1020 2076 Papa
1045 2031 1095 2065 XV
1121 2030 1249 2075 praede-

507 2096 631 2119 cessore
646 2091 753 2119 nostro
771 2085 879 2126 sactae,
893 2086 974 2118 inter
987 2084 1045 2117 alia
1061 2085 1174 2117 tencaff
1191 2085 1249 2117 sol-

508 2150 579 2172 vere
594 2139 726 2182 singulis
744 2139 833 2171 annis
850 2138 880 2171 in
898 2143 1085 2182 perpetuum
1105 2147 1249 2171 camerae

508 2193 697 2237 apostolicae
716 2197 835 2236 septem
862 2192 960 2225 millia
980 2192 1109 2225 ducatos
1127 2191 1194 2224 auri
1211 2191 1249 2225 de

509 2249 633 2280 camera
652 2245 681 2278 in
701 2247 778 2279 sesto
795 2245 876 2279 beati
894 2245 977 2278 Petri
997 2245 1148 2289 Apostoli,
1168 2245 1250 2278 ultra

509 2301 635 2334 solitum
662 2310 790 2333 censum
823 2299 982 2343 parafreni
1008 2299 1073 2332 albi
1098 2299 1128 2331 in
1154 2309 1246 2332 reco-

509 2355 683 2398 gnitionem
716 2353 781 2386 veri
808 2357 837 2387 et
861 2353 972 2386 directi
998 2352 1128 2387 dominii
1154 2353 1251 2396 ipsius

514 2408 602 2451 regni
630 2407 769 2447 Siciliae,
794 2407 908 2440 solutio
934 2417 1008 2440 vero
1034 2411 1153 2450 septem
1183 2406 1252 2438 mil-

512 2462 587 2494 lium
613 2461 799 2494 ducatorum
823 2465 852 2493 et
872 2460 1031 2504 parasrcni
1060 2459 1252 2500 huiusmodi,

512 2520 574 2547 tam
600 2515 637 2547 ab
663 2514 759 2558 ipsius
785 2514 920 2558 Philippi
942 2514 1025 2557 regis
1050 2514 1254 2548 antecessori-

551 2587 560 2611 1
578 2584 614 2611 Ex
633 2585 738 2618 [legest.
756 2585 782 2612 iu
797 2585 899 2612 Secret.
916 2586 996 2612 Brev.

549 2630 564 2656 2
586 2629 676 2657 Potius
696 2629 754 2666 lege
775 2632 909 2658 teneatur
928 2631 968 2665 (n.
983 2630 1031 2663 T.)-

1079 217 1258 242 BULLARIUM
1284 217 1439 242 ROMANUM

1267 266 1325 299 bus
1349 265 1388 298 de
1412 265 1522 299 eodem
1546 265 1668 299 Siciliae
1695 276 1791 308 regno
1810 278 1864 309 per
1889 268 2002 300 Roma-

1267 329 1324 352 nos
1348 318 1514 352 Pontifices
1542 319 1636 352 etiam
1662 319 1922 362 praedecessores
1946 330 2003 354 no-

1268 377 1349 406 stros
1374 372 1546 413 investitis,
1575 381 1668 415 quam
1695 371 1733 405 ab
1758 372 1826 416 ipso
1857 372 2005 417 Philippo

1268 435 1353 469 rege,
1385 435 1438 458 seu
1462 435 1520 469 per
1545 425 1616 459 illos
1652 425 1767 469 quibus
1792 425 1823 458 id
1847 425 1885 458 ab
1910 436 1946 459 eo
1970 436 2006 460 ac

1268 479 1335 512 eius
1360 478 1611 512 antecessoribus
1632 479 1807 523 respective
1832 479 2005 513 iniunctum

1269 532 1336 575 fuit,
1352 532 1479 576 praevia
1503 532 1635 565 solemni
1660 542 1717 576 per
1741 532 1930 576 praecipuas
1954 533 2007 566 Ur-

1268 585 1316 618 bis
1341 585 1405 618 vias
1429 585 1629 629 equitatione,
1650 586 1682 618 in
1706 595 1767 629 qua
1791 585 1892 619 dietus
1915 596 2006 630 para-

1269 639 1376 672 frenus
1400 638 1488 672 albus
1519 639 1665 683 pretiosis
1697 638 1835 683 phaleris
1859 639 2008 673 instratus

1270 691 1412 734 ducitur,
1439 697 1468 724 et
1493 702 1562 724 cum
1594 692 1662 725 aliis
1687 692 1952 733 solemnitatibus,
1977 692 2008 725 in

1271 744 1378 788 vigilia
1404 745 1473 778 sesti
1492 745 1645 789 praedicti
1671 745 1762 779 nobis
1780 751 1810 779 et
1826 745 2009 779 memoratis

1271 797 1569 842 praedecessoribus
1593 798 1710 832 nostris
1735 798 1907 842 respective
1930 798 2010 832 saeta

1271 851 1366 884 suerit
1390 857 1420 884 et
1442 851 1512 885 fieri
1537 851 1749 895 consueverit];
1775 862 1921 895 cumque,
1937 862 2009 885 nee-

1272 905 1346 938 dum
1365 910 1506 939 cessante
1523 905 1652 940 omnino
1670 905 1701 938 in
1718 905 1828 939 eadem
1841 905 1925 939 Urbe
1941 915 2012 938 con-

1273 959 1348 1002 tagii
1371 959 1560 1004 suspicione,
1578 965 1611 993 ut
1627 959 1771 1004 publicae
1795 959 1888 992 saluti
1911 958 2012 1002 magis

1273 1013 1510 1056 consuleretur,
1536 1019 1566 1047 et
1588 1013 1698 1057 populi
1730 1023 1921 1054 concursus,
1946 1012 2013 1046 sine

1272 1077 1335 1110 quo
1360 1066 1509 1111 equitatio
1527 1072 1556 1100 et
1581 1067 1659 1100 aliae
1683 1066 1896 1100 solemnitates
1920 1076 2013 1110 prae-

1273 1120 1373 1153 dictae
1397 1121 1506 1164 peragi
1531 1131 1594 1154 non
1619 1121 1813 1164 potuissent,
1840 1120 2012 1161 vitaretur,

1274 1185 1385 1208 census
1410 1179 1529 1218 septem
1557 1174 1642 1207 mille
1666 1174 1852 1208 ducatorum
1873 1178 1904 1207 et
1927 1184 2015 1217 para-

1273 1227 1353 1261 sreni
1378 1227 1560 1261 huiusmodi
1585 1238 1641 1271 per
1666 1227 1814 1261 dilectum
1840 1227 1938 1260 filium
1963 1236 2016 1260 no-

1273 1282 1369 1314 bilem
1395 1282 1495 1314 virum
1520 1282 1658 1314 Marcum
1691 1280 1860 1314 Antonium
1890 1280 1929 1313 de
1952 1280 2012 1314 Co-

1275 1335 1382 1368 lumna
1406 1335 1497 1378 regni
1522 1334 1671 1379 praedicti
1689 1344 1839 1377 magnum
1864 1338 2017 1367 comesta-

1275 1389 1381 1430 bilem,
1395 1389 1433 1422 ad
1450 1388 1481 1421 id
1494 1400 1511 1422 a
1528 1388 1689 1432 praedicto
1699 1387 1845 1432 Philippo
1858 1398 1934 1431 rege
1950 1398 2018 1432 spe-

1277 1442 1396 1475 cialiter
1412 1442 1608 1486 dcputatum,
1629 1442 1660 1474 in
1680 1441 1823 1485 proxime
1847 1440 2018 1485 praeterito

1277 1496 1355 1529 festo
1380 1500 1560 1528 sanctorum
1594 1495 1675 1529 Petri
1700 1499 1729 1528 et
1753 1494 1839 1528 Pauli
1864 1495 2018 1539 apostolo-

1279 1560 1348 1582 rum
1374 1549 1472 1593 ipsius
1489 1548 1627 1592 Philippi
1651 1548 1736 1591 regis
1753 1547 1891 1590 nomine,
1912 1552 1942 1581 et
1958 1559 2018 1593 pro

1279 1614 1334 1644 eo,
1362 1602 1485 1636 omissis
1510 1601 1700 1646 equitatione
1734 1605 1764 1636 et
1794 1601 1862 1635 aliis
1893 1602 2019 1646 pompis

1280 1662 1309 1690 et
1326 1655 1576 1690 solemnitatibus
1601 1654 1769 1699 praedictis
1790 1665 1825 1688 ae
1854 1654 1929 1688 alias
1949 1665 2020 1689 con-

1281 1710 1386 1752 suetis,
1411 1709 1512 1750 nobis,
1538 1709 1567 1742 id
1592 1719 1629 1742 eo
1654 1708 1748 1742 modo
1776 1708 1835 1741 hac
1860 1708 1926 1742 vice
1950 1708 2019 1742 fieri

1282 1763 1468 1804 volentibus,
1493 1763 1612 1796 solutus
1636 1762 1744 1795 suerit:
1769 1762 1842 1794 hine
1866 1766 1913 1795 est
1935 1762 2020 1806 quod

1280 1827 1346 1859 nos,
1363 1827 1421 1860 pro
1435 1815 1582 1860 pastorali
1600 1818 1706 1850 nostra
1725 1814 1934 1848 sollicitudine
1949 1826 2021 1859 pro-

1281 1870 1387 1903 videre
1413 1870 1551 1903 volentes
1577 1879 1615 1902 nc
1641 1880 1676 1902 ex
1712 1869 1882 1902 omissione
1907 1869 2022 1913 equita-

1282 1924 1373 1958 tionis
1401 1930 1430 1957 et
1455 1924 1586 1956 aliarum
1613 1934 1801 1968 pomparum
1825 1929 1854 1956 et
1878 1919 2023 1958 solemni-

1283 1982 1378 2011 tatum
1403 1976 1584 2010 huiusmodi
1605 1977 1732 2021 aliquod
1748 1977 1849 2019 nobis,
1868 1987 1903 2010 ac
1920 1977 2024 2011 Eccle-

1282 2031 1345 2064 siae
1378 2031 1557 2075 praedictae
1572 2057 1579 2071 ‚
1611 2030 1746 2074 Sedique
1770 2030 1970 2075 Apostolicae
1994 2036 2025 2065 et

1283 2084 1381 2118 cuivis
1405 2085 1494 2117 alteri
1520 2083 1748 2128 praeiudicium
1775 2083 1883 2117 inferri
1904 2095 1959 2119 seu
1989 2084 2023 2117 il-

1283 2139 1379 2172 latum
1398 2149 1465 2172 esse
1490 2138 1560 2179 dici,
1579 2139 1700 2171 censeri
1726 2138 1773 2171 vel
1789 2138 1954 2183 praetendi
1969 2149 2023 2172 un-

1284 2202 1377 2236 quam
1402 2191 1516 2236 possit,
1545 2203 1580 2225 ae
1613 2192 1815 2225 investiturae
1846 2191 2024 2236 praedictae

1284 2251 1314 2279 et
1335 2245 1511 2278 litterarum
1529 2245 1773 2289 apostolicarum
1791 2245 1926 2289 desuper
1943 2256 2026 2279 ema-

1284 2302 1427 2331 natarum
1454 2302 1587 2339 tenores,
1609 2298 1702 2331 etiam
1728 2298 1878 2340 veriores,
1902 2298 2025 2343 aliaque

1286 2352 1378 2386 etiam
1404 2352 1582 2385 necessario
1607 2351 1831 2396 exprimenda,
1851 2352 2024 2396 praesenti-

1285 2407 1344 2439 bus
1378 2416 1437 2450 pro
1462 2406 1620 2450 expressis
1648 2417 1683 2440 ac
1715 2406 1867 2439 verbatim
1901 2406 2025 2440 insertis

1285 2459 1446 2501 habentes,
1464 2464 1550 2493 motu
1564 2459 1706 2504 proprio,
1724 2470 1760 2493 ac
1776 2470 1811 2493 ex
1829 2460 1914 2493 certa
1930 2459 2026 2493 scien-

1288 2514 1327 2546 tia
1352 2514 1471 2556 nostra,
1498 2514 1673 2558 apostolica
1697 2513 1892 2555 auctoritate,
1908 2510 2025 2548 'tenore

1286 2567 1515 2611 praesentium,
1541 2567 1741 2601 decernimus
1765 2572 1795 2600 et
1818 2562 2024 2610 declaramus,

1287 2630 1344 2665 per
1369 2620 1571 2654 omissionem
1603 2621 1661 2655 hac
1685 2621 1752 2655 viee
1776 2616 1976 2669 equitationis
1995 2625 2026 2654 et

2017 219 2065 247 An.
2085 220 2189 252 e.1e57
2207 248 2208 261 2
