2243 3205
253 206 301 236 An.
318 208 346 235 C.
370 207 436 235 1658

278 988 280 990 Ι
292 960 403 981 Decretum
423 965 449 980 n·-

266 991 337 1009 mans.

348 1597 458 1618 Contraria

276 1625 360 1646 refellit.

481 197 544 232 338
1036 205 1190 229 BULLARJU

451 260 480 288 et
511 255 669 287 absolutas
702 253 769 286 sore
794 257 979 293 censentes,
1007 252 1190 286 huiusmodi

452 306 732 352 supplicationibus
763 306 913 347 inclinati,
940 305 965 338 si
989 312 1191 350 praenarrata

453 371 526 394 vera
550 360 620 402 sint,
645 359 820 403 praefatum
844 359 1015 403 hospitium
1052 370 1106 392 seu
1131 347 1210 404 col-J

453 413 571 456 legium
583 412 814 455 Gregorianum
828 417 1044 456 nuncupatum
1058 411 1095 445 de
1110 412 1192 444 Urbe
1209 408 1211 415 ’

455 466 556 499 eidem
572 465 809 508 congregationi
826 465 955 508 Angliae
972 465 1126 509 promissa
1141 465 1195 497 liu-

455 519 593 553 iusmodi
617 519 855 563 adimpleturae‚
876 519 954 552 citra
979 519 1213 560 alterationem}

458 579 562 606 tamen
594 574 761 606 erectionis
795 584 848 607 seu
878 573 1069 606 fundationis
1098 564 1214 616 ipsiusl

459 625 587 670 hospitii
603 635 659 659 seu
676 626 801 669 collegii
817 637 835 659 a
852 630 1026 660 memorato
1044 624 1196 668 Gregorio

458 679 702 724 praedecessore
718 679 826 722 sactae,
846 685 875 712 et
895 689 967 713 cum
986 679 1096 712 eadem
1117 677 1197 711 obli-

461 733 586 776 gatione
619 733 809 777 suscipiendi
835 733 1006 766 monachos
1030 732 1199 764 ultramon-

462 791 549 821 tanos
574 785 719 827 advenas,
744 786 928 820 auctoritate
945 785 1134 829 apostolica,
1160 789 1199 817 te-

462 849 538 872 nore
574 839 809 883 praesentium,
834 844 986 883 perpetuo
1012 838 1138 870 unimus
1171 842 1200 870 et

464 893 713 936 incorporaimis.

509 947 524 990 g
547 946 576 979 4.
595 946 803 980 Decernentes
821 946 944 979 easdem
964 949 1143 989 praesentes
1156 944 1202 976 lit-

464 1006 547 1034 teras
571 1011 695 1044 semper
716 1000 833 1041 firmas,
860 1000 975 1033 validas
1003 1004 1032 1032 et
1062 999 1202 1032 efficaces

465 1055 597 1089 existere
617 1061 647 1087 et
674 1055 752 1096 sore,
769 1066 805 1088 ac
832 1055 904 1096 illis,
923 1054 961 1087 ad
985 1064 1062 1098 quos
1085 1057 1204 1096 spectat

467 1114 497 1142 et
527 1119 585 1153 pro
625 1114 768 1152 tempore
805 1108 989 1152 spectabit,
1024 1106 1204 1151 plenissime

466 1161 649 1204 suffragari,
666 1165 695 1195 et
708 1162 746 1194 ab
768 1162 829 1194 illis
854 1160 1076 1194 inviolabiliter
1100 1160 1205 1192 obser-

468 1216 543 1256 vari,
569 1215 676 1258 sicque
705 1215 736 1247 in
762 1214 942 1257 praemissis
960 1224 1016 1258 per
1041 1223 1206 1257 quoscum-

468 1280 528 1313 que
545 1268 663 1301 iudices
679 1267 857 1301 ordinarios
875 1272 905 1300 et
925 1267 1096 1309 delegatos,
1113 1266 1205 1299 etiam

469 1332 634 1355 causarum
652 1321 759 1365 palatii
781 1321 944 1365 apostolici
969 1321 1143 1362 auditores,
1165 1319 1207 1352 iu-

470 1375 567 1408 dicari
593 1379 622 1408 et
646 1374 770 1408 definiri
803 1374 939 1416 debere,
965 1384 1000 1407 ac
1030 1374 1154 1407 irritum
1180 1378 1210 1406 et

471 1428 572 1469 inane,
597 1427 750 1472 quidquid
776 1438 865 1461 secus
895 1438 989 1471 super
1017 1427 1065 1459 liis
1090 1437 1107 1459 a
1131 1437 1208 1470 quo-

472 1493 586 1526 quam,
619 1481 727 1525 quavis
760 1481 966 1521 auctoritate,
999 1481 1132 1514 scienter
1164 1480 1210 1513 rel

472 1536 664 1579 ignoranter,
689 1535 856 1578 contigerit
879 1534 1033 1567 attentari.

518 1589 532 1632 ξ
556 1588 585 1621 5.
610 1589 678 1622 Non
702 1587 919 1630 obstantibus,
948 1591 1101 1631 quatenus
1132 1598 1212 1630 opus

474 1642 524 1683 sit,
548 1641 715 1686 praedictis
733 1640 877 1684 Gregorii
898 1639 1150 1684 praedecessoris
1167 1639 1213 1672 lit-

476 1695 560 1737 teris,
579 1706 614 1728 ae
631 1696 737 1728 nostra
756 1699 785 1727 et
798 1694 1001 1727 cancellariae
1026 1693 1214 1736 apostolicae

477 1749 586 1792 regula
610 1748 647 1781 de
674 1747 878 1792 exprimendo
899 1757 973 1780 vero
1000 1747 1102 1780 valore
1128 1747 1160 1779 in
1186 1759 1216 1779 u-

475 1803 633 1844 nionibus,
659 1801 766 1834 aliisve
790 1800 1064 1835 constitutionibus
1090 1800 1215 1834 etordi-

477 1855 654 1890 nationibus
682 1855 881 1899 apostolicis,
903 1855 996 1887 etiam
1020 1854 1052 1886 in
1077 1854 1217 1887 conciliis

480 1909 708 1943 universalibus
733 1909 833 1950 editis,
859 1918 981 1941 necnon
1004 1907 1148 1951 hospitii,
1163 1918 1217 1940 seu

480 1962 613 2005 collegii,
638 1972 672 1994 ac
698 1961 951 2004 congregationis
977 1966 1006 1994 et
1023 1960 1146 1994 Ordinis
1165 1960 1218 1993 liu-

479 2014 629 2057 iusmodi⁷
656 2020 685 2047 et
708 2015 776 2047 aliis
809 2014 981 2058 quibusvis,
1010 2014 1103 2046 etiam
1128 2014 1214 2046 iura-

481 2074 597 2108 mento,
622 2068 860 2101 confirmatione
878 2067 1069 2110 apostoliea,
1085 2067 1130 2099 vel
1148 2078 1220 2110 qua-

482 2122 526 2154 vis
551 2123 699 2154 firmitate
734 2121 794 2154 alia
825 2120 1005 2161 roboratis,
1037 2120 1159 2153 statutis
1191 2125 1221 2153 et

482 2175 779 2217 consuetudinibus,
805 2174 978 2218 privilegiis
1002 2185 1143 2217 quoque,
1168 2173 1217 2206 iii-

483 2228 576 2261 dultis
597 2234 625 2261 et
650 2228 760 2261 litteris
781 2227 962 2271 apostolicis
980 2227 1009 2259 in
1028 2226 1220 2260 contrarium

483 2281 729 2325 praemissorum
773 2279 1009 2323 quomodolibet
1045 2280 1222 2320 concessis,

485 2333 677 2368 confirmatis
701 2339 731 2366 et
755 2334 926 2373 innovatis;
945 2334 1060 2377 quibus
1076 2333 1222 2366 omnibus

485 2392 514 2421 et
539 2387 680 2430 singulis,
702 2388 826 2420 illorum
858 2391 981 2419 tenores
1006 2386 1223 2430 praesentibus

486 2451 544 2484 pro
569 2440 659 2484 plene
685 2446 715 2473 et
735 2440 924 2473 sufficienter
950 2439 1106 2483 expressis
1129 2450 1163 2472 ac
1186 2439 1223 2471 de

489 2492 583 2526 verbo
607 2492 644 2526 ad
671 2493 801 2526 verbum
826 2492 951 2525 insertis
976 2492 1134 2534 habentes,
1164 2491 1224 2525 illis

487 2546 562 2578 alias
580 2545 609 2578 in
635 2556 691 2578 suo
708 2545 822 2579 robore
840 2545 1065 2590 permansuris,
1083 2545 1120 2577 ad
1140 2555 1225 2588 prae-

488 2599 657 2633 missorum
687 2599 851 2640 effectum,
877 2600 934 2633 bac
960 2599 1024 2633 viee
1056 2599 1224 2640 dumtaxat,

1194 205 1214 229 M
1236 205 1390 230 nerianum

1224 252 1401 297 specialiter
1426 258 1456 285 et
1480 262 1626 296 expresse
1650 251 1854 295 derogamus,
1880 256 1961 285 cete-

1225 307 1330 350 risque
1356 305 1522 339 eontrariis
1547 305 1807 349 quibuscumque.

1268 359 1380 392 Datum
1406 360 1544 399 Romae,
1568 358 1652 403 apud
1676 358 1704 391 S.
1719 358 1847 391 Mariam
1871 358 1965 392 Maio—

1226 424 1303 453 rem,
1322 413 1378 446 sub
1395 412 1510 445 annulo
1536 412 1715 452 Piscatoris,
1739 411 1788 444 die
1806 421 1838 444 xi
1862 411 1965 444 martii

1210 502 1212 508 ,
1229 475 1379 506 nucum,
1396 464 1595 509 pontificatus
1612 463 1711 498 nostri
1724 473 1805 497 anno
1819 473 1862 497 111.

1265 528 1321 554 Dat.
1339 527 1382 554 die
1401 527 1429 554 11
1448 526 1536 554 martii
1557 526 1631 560 1658,
1648 526 1743 561 pontif.
1762 533 1832 553 anno
1848 531 1887 552 ιιι.

1546 666 1655 701 CXCII.

1233 748 1374 783 Praevia
1406 747 1636 780 ‹mnullatione
1666 745 1856 789 privileyii,
1887 743 1972 788 quod

1279 801 1411 834 habebat
1426 801 1540 833 civitas
1560 799 1770 833 Anconitana
1789 796 1974 831 celebrandi

1279 854 1450 888 nundinas
1474 853 1571 886 semel
1594 851 1769 896 quotannis
1789 851 1827 884 de
1850 860 1974 884 novem-

1281 909 1331 941 bri
1345 912 1373 941 et
1390 906 1559 946 decembri,
1584 904 1735 944 concedit,
1751 908 1787 937 ut
1803 903 1975 936 nundinae

1281 959 1472 994 huiusmodi
1502 959 1701 992 celebrentur
1731 956 1908 1000 quotannis
1939 956 1976 989 in

1281 1023 1386 1047 mense
1411 1012 1498 1045 maio
1518 1022 1575 1055 per
1598 1015 1663 1044 octo
1683 1012 1759 1043 ante
1783 1013 1811 1042 et
1832 1019 1891 1052 per
1908 1008 1978 1042 toti-

1283 1068 1355 1101 dem
1379 1067 1446 1100 dies
1467 1069 1539 1109 post
1563 1066 1677 1108 sescum
1701 1063 1732 1097 S.
1759 1060 1917 1106 Cyriaci¹.

1431 1144 1599 1173 Alexander
1619 1144 1698 1178 Papa
1717 1143 1782 1175 vn,

1363 1193 1398 1218 ad
1419 1193 1592 1224 perpetuam
1611 1189 1656 1217 rei
1676 1188 1857 1216 memoriam.

1286 1265 1300 1309 ἓ
1329 1265 1354 1297 l.
1381 1263 1556 1297 Constantis
1581 1261 1653 1295 fidei
1679 1267 1709 1294 et
1733 1261 1873 1294 sincerae
1889 1259 1979 1294 dero-

1243 1318 1334 1352 tionis
1359 1317 1497 1357 affectus,
1523 1326 1584 1359 quo
1610 1314 1715 1348 dilecti
1734 1314 1790 1347 filii
1808 1313 1980 1348 communi-

1243 1377 1288 1405 tas
1313 1376 1342 1405 et
1367 1370 1511 1403 homines
1537 1368 1669 1402 civitatis
1701 1371 1825 1402 nostrae
1850 1366 1981 1401 Anconi-

1245 1430 1333 1457 tanae
1356 1434 1413 1457 nos
1438 1429 1467 1456 et
1491 1424 1664 1456 Romanam
1680 1424 1917 1465 prosequuntur
1929 1420 1983 1453 Ec-

1245 1478 1372 1511 clesiani
1397 1481 1617 1521 promeretur,
1642 1480 1674 1508 ut
1698 1474 1758 1508 illis
1789 1485 1825 1508 ea
1849 1474 1983 1507 libenter

1246 1531 1464 1572 concedamus,
1481 1540 1560 1574 quae
1578 1539 1687 1562 eorum
1706 1528 1892 1562 utilitatibus
1909 1538 1982 1562 con-

1247 1586 1362 1619 ducere
1387 1583 1619 1627 cognoscimus.

1293 1640 1307 1683 ξ
1331 1640 1359 1672 ’2.
1381 1639 1456 1672 Cum
1475 1638 1590 1681 itaque,
1605 1637 1684 1670 sicut
1700 1636 1791 1670 nobis
1807 1646 1908 1680 nuper
1926 1646 1985 1681 pro

1249 1698 1338 1736 parte
1364 1691 1598 1725 communitatis
1623 1695 1652 1723 et
1683 1690 1848 1723 hominum
1883 1689 1987 1723 buius-

1251 1747 1333 1781 modi
1358 1745 1534 1790 expositum
1559 1745 1625 1786 suit,
1644 1756 1660 1777 e
1680 1754 1713 1777 re
1738 1754 1800 1777 non
1825 1744 1926 1777 solum
1948 1744 1988 1777 ci-

1252 1799 1351 1833 vitatis
1375 1798 1563 1843 praedictae,
1584 1797 1637 1830 sed
1662 1797 1754 1830 etiam
1773 1796 1867 1830 totius
1884 1796 1988 1830 Staius

1250 1852 1348 1886 nostri
1380 1851 1585 1885 Ecclesiastici
1621 1851 1791 1895 plurimum
1827 1850 1928 1890 soret,
1953 1859 1988 1883 ac

1253 1905 1478 1939 manutentioni
1510 1904 1692 1938 commercii
1717 1904 1757 1938 ob
1782 1902 1988 1937 commodita-

1253 1965 1313 1994 tem
1338 1963 1447 2004 portus
1472 1958 1611 1992 eiusdem
1638 1958 1770 1991 civitatis
1788 1967 1990 2000 summopere

1253 2013 1462 2053 conduceret,
1499 2011 1742 2046 celebrationem
1779 2009 1990 2044 nundinarum

1254 2067 1330 2100 inibi
1355 2066 1520 2110 quotannis
1534 2066 1631 2099 semel
1648 2064 1818 2108 antiquitus
1836 2063 1904 2097 fieri
1922 2073 1992 2097 con-

1254 2125 1372 2153 suetam
1410 2120 1440 2152 in
1476 2116 1707 2163 opportunius²
1740 2122 1862 2162 tenipus
1891 2121 1990 2150 trans-

1256 2174 1346 2213 ferri,
1371 2173 1443 2206 hinc
1461 2178 1506 2205 est
1522 2171 1606 2216 quod
1626 2182 1693 2212 nos,
1710 2171 1836 2204 eosdem
1854 2181 1993 2204 commu-

1256 2227 1384 2260 nitatem
1409 2231 1439 2259 et
1464 2225 1607 2259 homines
1628 2224 1814 2268 specialibus
1835 2223 1994 2257 favoribus

1257 2286 1286 2314 et
1321 2280 1430 2323 gratiis
1459 2279 1608 2324 prosequi
1634 2278 1793 2320 volentes,
1824 2282 1853 2311 et
1883 2287 1994 2311 eorum

1257 2334 1431 2377 singulares
1457 2342 1606 2377 personas
1633 2343 1650 2364 a
1678 2331 1838 2375 quibusvis
1863 2341 1993 2364 excom-

1259 2386 1487 2428 municationis,
1513 2384 1725 2429 suspensionis
1756 2388 1786 2418 et
1817 2383 1994 2424 interdicti,

1259 2440 1389 2483 aliisque
1418 2439 1636 2472 ecclesiasticis
1667 2437 1837 2480 sententiis,
1855 2436 1996 2471 censuris

1297 2520 1304 2545 ¹
1330 2519 1366 2545 Ex
1388 2519 1494 2552 [legest.
1515 2518 1540 2544 in
1562 2519 1663 2545 Secret.
1686 2518 1762 2544 Brev,

1293 2564 1308 2589 2
1325 2562 1390 2589 Male
1406 2562 1471 2589 edit.
1487 2562 1566 2589 illain.
1583 2562 1646 2597 legit
1661 2562 1816 2598 opportuni
1831 2561 1877 2588 ius
1892 2569 1939 2596 pro
1950 2568 1996 2595 op-

1256 2608 1409 2642 portunius
1429 2608 1466 2642 (n.
1483 2607 1531 2642 r).

1978 204 2027 231 An.
2042 204 2069 231 C.
2092 204 2154 233 ¹658

2022 1270 2154 1291 Prooemium.

2041 1643 2137 1666 conce-tit
2155 1643 2177 1673 qt
2225 1639 2243 1670 ξ’

2001 1672 2075 1692 civitas
2093 1671 2177 1691 Aneoni-

2003 1701 2050 1718 tana
2059 1695 2176 1718 celebravit

2001 1730 2070 1746 mense
2077 1723 2179 1752 maleum:

2002 1753 2062 1773 «tinas
2078 1749 2178 1772 celebrari
2224 1774 2226 1780 Ι

2002 1779 2074 1800 solitas
2097 1778 2179 1806 quom:
2232 1784 2237 1797 a

2003 1807 2034 1826 nis
2046 1806 2064 1826 in
2076 1803 2179 1825 novembri

2005 1835 2022 1854 et
2038 1829 2148 1853 decembri.
