2202 3190
214 163 261 189 An.
281 161 311 190 C.
330 162 396 190 ¹662

243 223 360 245 Clausulas.

443 154 505 188 762
982 162 1159 186 Burmanni

459 212 474 254 ἓ
497 210 527 243 3.
554 210 703 243 Volumus
726 215 840 252 autem,
859 220 894 242 ao
913 209 966 242 tibi
985 210 1015 242 in
1037 210 1150 244 virtute

414 268 538 297 sanctae
552 262 746 295 obedientiae
762 262 956 303 mandamus,
966 268 999 295 ut
1013 263 1152 306 superio-

415 326 485 348 rum
510 315 581 348 dicti
601 314 725 348 Ordinis
749 315 980 356 auctoritatem,
1001 321 1151 359 quantum

415 367 483 399 fieri
498 372 609 410 potest,
620 378 805 401 conservare
819 379 919 407 cures;
931 374 958 401 et
974 374 1153 412 propterea,

416 430 487 453 cum
515 420 570 464 ipsi
597 421 777 464 superiores
802 432 912 454 eorum
931 421 1023 454 officii
1049 421 1153 453 <libito

416 473 632 514 satisfecerint,
650 484 684 506 ac
705 474 861 517 gubernio
879 481 907 506 ct
922 474 1066 517 regimini
1085 473 1155 506 sub-

416 526 553 559 ditorum
578 527 769 560 sufficienter
798 527 1009 569 incubuerint,
1035 533 1099 559 tum
1126 526 1155 558 in

417 579 550 621 negotiis
576 579 759 612 eorumdem
795 580 1015 623 religiosorum
1043 583 1069 613 tc
1094 589 1157 611 non

418 632 605 665 immisceas.

464 686 479 728 ᾗ
502 685 532 718 4.
557 685 686 724 Quando
703 691 807 719 autem
823 687 860 719 ab
884 686 992 719 iisdem
1019 685 1159 728 superio·

420 739 507 772 ribus
533 740 703 783 requisitus
728 740 825 773 fueris
849 745 883 772 ut
907 740 936 771 in
963 739 1079 771 eisdem
1105 749 1159 771 ne-

420 792 513 834 gotiis
537 793 755 826 auctoritatem
785 798 869 826 tuam
896 793 1087 835 interponas,
1113 792 1159 824 vel

420 855 547 878 necesse
571 846 637 879 fore
662 846 847 889 cognoveris
884 851 917 878 ut
942 845 1085 878 eamdem
1111 855 1162 877 au-

421 899 597 932 ctoritatem
612 902 695 932 tuam
722 899 752 931 in
767 899 844 943 ipsis
857 899 991 942 negotiis
1006 909 1161 940 exerceas,

422 956 488 984 tum
522 951 552 984 id
578 952 676 984 libere
701 952 804 985 facere
835 952 945 995 possis,
971 951 1034 993 sed,
1060 951 1163 994 quoad

421 1005 573 1048 potueri&
596 1016 654 1049 per
679 1010 708 1038 te
728 1005 829 1049 ipsum
852 1006 911 1038 hoc
934 1005 1037 1038 facere
1062 1015 1163 1045 cures,

424 1058 564 1091 adhibito
596 1058 633 1090 ad
670 1057 894 1098 scribendum,
923 1057 1049 1100 quando
1085 1067 1164 1100 opus

424 1111 529 1152 fuerit,
548 1113 579 1144 in
596 1111 712 1145 eisdem
730 1111 864 1154 negotiis
892 1122 946 1144 seu
967 1111 1078 1151 causis,
1095 1111 1165 1143 loco

424 1165 561 1207 notarii,
587 1165 692 1208 aliquo
726 1175 760 1197 ex
787 1164 985 1207 regularibus
1010 1164 1083 1196 dicti
1108 1163 1165 1197 Or-

426 1219 516 1252 dinis.

471 1273 485 1316 g
510 1271 538 1304 5.
565 1271 745 1304 Mandantes
769 1276 938 1314 propterea
956 1271 1077 1304 dilectis
1095 1271 1167 1304 filiis

427 1325 602 1359 correctori
639 1325 778 1368 generali
814 1335 849 1358 ac
888 1325 1099 1357 visitatoribus
1138 1331 1168 1358 ct

427 1380 495 1413 aliis
520 1379 754 1422 superioribus,
780 1389 903 1411 necnon
927 1379 1081 1412 universis
1106 1380 1167 1412 sra-

428 1433 528 1466 tribus
549 1438 578 1465 et
595 1431 738 1476 personis
755 1432 1007 1475 quibuscumque
1026 1432 1099 1465 dicti
1117 1432 1169 1466 Or-

429 1487 520 1528 dinis,
536 1487 567 1519 in
588 1487 701 1520 virtute
720 1492 843 1519 sanctae
861 1486 1068 1527 obedientiae,
1087 1491 1119 1519 ut
1139 1491 1169 1520 te

430 1541 461 1573 in
493 1551 602 1573 corum
640 1545 876 1583 protectorem,
906 1539 991 1572 iuxta
1028 1543 1168 1573 tenorem

429 1593 640 1638 praesentium
667 1593 870 1636 recipientes,
896 1594 933 1625 ea
958 1603 1019 1636 qua
1055 1593 1169 1626 debent

430 1647 604 1681 reverentia
630 1652 873 1690 prosequantur.

475 1701 490 1743 g
515 1699 544 1732 6.
573 1699 742 1733 Contrariis
774 1710 837 1732 non
868 1699 1066 1732 obstantibus
1095 1700 1168 1743 qui-

431 1755 638 1797 buscumque.
664 1754 808 1787 Ceterum
835 1759 863 1786 te
888 1753 918 1786 in
943 1754 1076 1786 Domino
1102 1754 1172 1786 hor-

433 1812 535 1840 tamur
564 1812 599 1839 ut
622 1807 804 1839 huiusmodi
836 1806 1024 1850 protectoris
1059 1817 1172 1839 munus

434 1860 474 1892 ita
498 1860 588 1893 obire
613 1860 746 1901 studeas,
771 1864 805 1891 ut
829 1859 911 1902 apud
936 1859 1049 1900 Deum,
1073 1859 1172 1892 bono-

434 1924 504 1946 rum
541 1924 674 1957 operum
707 1912 952 1954 retributorem,
987 1913 1172 1945 aeternum¹

434 1967 622 2011 praemium,
647 1972 677 1999 et
693 1977 710 1998 a
727 1966 817 1999 nobis
843 1966 1030 2010 condignam
1049 1966 1172 1999 laudem

435 2020 537 2052 valeas
563 2019 748 2063 promereri.

480 2073 590 2105 Datum
616 2073 743 2112 Romae,
765 2072 848 2115 apud
872 2072 900 2105 S.
921 2072 1047 2105 Mariam
1079 2073 1173 2106 Maio-

436 2137 514 2167 rem,
525 2126 582 2159 sub
595 2127 710 2159 annulo
723 2126 900 2166 Piscatoris,
918 2126 967 2159 die
981 2136 1011 2159 vt
1025 2126 1173 2159 februarii

436 2189 575 2221 MDCLxll,
594 2179 793 2222 pontificatus
814 2179 913 2212 nostri
934 2190 1015 2212 anno
1041 2190 1093 2212 vn.

471 2240 529 2268 Dat.
551 2240 593 2268 die
613 2241 628 2268 6
649 2240 778 2268 februarii
801 2241 877 2276 1662,
898 2240 991 2276 pontif.
1014 2249 1083 2268 anno
1104 2248 1149 2268 x'11.

475 2358 485 2381 1
506 2355 574 2382 Edit.
587 2355 665 2383 Main.
678 2355 742 2390 legit
755 2359 944 2385 aeternorum
960 2365 1008 2391 pro
1024 2360 1177 2385 aeternum

439 2399 477 2432 (n.
494 2399 541 2434 τ.).

1188 162 1339 186 μοΜΑΝυΜ

1455 210 1646 244 CCCLXXIX.

1187 280 1397 322 Confirmatio
1435 281 1645 313 concessionis
1681 280 1922 314 iurisdictionis

1231 333 1417 366 criminatis
1442 334 1478 365 in
1501 333 1636 376 seudum
1667 337 1859 376 perpetuum
1883 333 1923 365 ab

1231 386 1469 429 archiepiscopo
1491 386 1724 419 Tarraconensi
1741 386 1843 428 factae
1865 385 1926 418 Fa-

1233 439 1328 472 bricio
1352 440 1440 472 Pons
1464 444 1492 472 et
1520 439 1676 473 Castellni
1701 439 1833 482 eiusque
1860 450 1927 472 suc-

1233 493 1434 526 caesoribus&

1191 571 1358 598 Venerabili
1369 571 1457 599 fratri
1470 571 1606 606 episcopo
1619 571 1828 605 Derthusensi,
1841 579 1875 599 ac
1887 572 1929 598 di-

1226 615 1304 642 lecto
1324 615 1386 642 filio
1407 616 1517 642 decano
1538 615 1686 643 ecclesiae
1703 615 1927 648 Derthusensis,

1386 669 1553 696 Alexander
1573 669 1651 702 Papa
1671 669 1733 696 vn.

1269 730 1456 757 Venerabilis
1476 731 1584 763 frater,
1605 738 1639 758 ac
1660 731 1768 758 dilecte
1788 731 1851 765 fili,

1229 775 1360 802 salutem
1380 778 1411 802 et
1431 775 1626 808 apostolicam
1646 775 1893 803 benedictionem.

1239 845 1253 888 ξ
1278 845 1306 877 sl.
1333 845 1453 888 Exponi
1477 845 1566 878 nobis
1590 855 1691 889 nuper
1715 846 1786 878 fecit
1807 856 1933 879 venera·

1195 898 1266 930 bilis
1308 898 1404 930 frater
1448 898 1633 931 Franciscus
1675 899 1933 943 archiepiscopus

1196 951 1456 993 Tarraconensis,
1482 951 1567 994 quod
1592 952 1622 984 in
1647 952 1826 996 principatu
1849 952 1935 986 Cata-

1198 1004 1299 1037 loniae
1324 1009 1353 1037 et
1377 1004 1512 1037 dioecesi
1529 1005 1755 1038 Tarraconensi
1778 1005 1935 1049 reperitur

1198 1058 1286 1091 locus
1311 1058 1438 1091 nomine
1463 1059 1548 1090 Mans
1572 1058 1687 1098 Ricart,
1705 1059 1845 1092 dominio
1864 1063 1937 1093 tem-

1200 1111 1300 1154 porali
1326 1111 1428 1145 dilecti
1454 1111 1509 1144 filii
1535 1111 1663 1144 Fabritii
1680 1112 1761 1145 Pons
1779 1117 1808 1145 et
1825 1112 1938 1146 Castel-

1200 1165 1241 1197 lui
1268 1165 1366 1208 ipsius
1391 1165 1450 1197 loci
1477 1165 1594 1198 domini
1620 1165 1793 1206 subiectus,
1819 1165 1850 1198 in
1874 1176 1937 1209 quo

1201 1219 1395 1262 temporibus
1415 1218 1593 1262 praeteritis
1622 1218 1729 1261 viginti
1747 1218 1795 1251 vel
1813 1219 1938 1252 circiter

1202 1282 1354 1316 personae
1379 1272 1521 1304 habitare
1547 1272 1698 1312 solebant,
1717 1277 1746 1304 et
1766 1272 1939 1306 iurisdictio

1202 1325 1300 1359 civilis
1325 1326 1450 1369 quidem
1476 1336 1493 1358 a
1518 1326 1646 1358 domino
1675 1325 1749 1358 dicti
1774 1326 1851 1366 loci,
1876 1326 1938 1359 cri-

1203 1380 1325 1412 minalis
1356 1390 1429 1412 vero
1455 1380 1492 1411 ab
1517 1379 1758 1423 archiepiscopo
1787 1380 1939 1413 Tarraco-

1202 1433 1289 1466 nensi
1314 1444 1371 1476 pro
1389 1438 1533 1476 tempore
1551 1433 1700 1465 existente
1726 1433 1939 1465 exercebatur.
1961 1442 1966 1448 ’

1204 1487 1316 1519 Verum
1336 1486 1579 1529 praeteritorum
1594 1486 1748 1519 bellorum
1765 1486 1939 1528 occasione,

1204 1551 1283 1583 quae
1307 1550 1364 1583 per
1389 1545 1433 1572 tot
1457 1550 1555 1572 annos
1580 1540 1610 1571 in
1636 1539 1696 1572 illis
1720 1539 1862 1583 partibus
1888 1539 1936 1572 vi-

1204 1598 1348 1636 guerunt,
1375 1592 1456 1625 idem
1481 1593 1568 1625 locus
1590 1592 1712 1625 dirutus
1736 1599 1765 1625 et
1789 1593 1942 1633 desertus,

1205 1656 1240 1679 ac
1259 1646 1489 1679 habitatoribus
1506 1646 1635 1679 omnino
1652 1656 1767 1679 vacuus
1783 1646 1941 1687 remansit,

1205 1700 1286 1732 unde
1321 1700 1407 1732 nulla
1432 1699 1461 1731 in
1487 1710 1523 1732 eo
1549 1699 1723 1732 iurisdictio
1759 1699 1858 1732 civilis
1895 1699 1942 1732 vel

1206 1753 1377 1786 criminalis
1403 1752 1560 1785 exerceri‘2
1580 1757 1691 1795 potest,
1708 1762 1765 1784 nec
1790 1762 1860 1795 spes
1881 1752 1944 1784 ulla

1206 1806 1334 1849 affulget
1358 1806 1434 1848 sore,
1455 1811 1489 1839 ut
1513 1806 1543 1838 in
1568 1805 1733 1849 pristinum
1760 1810 1872 1838 statum
1898 1815 1944 1838 re-

1207 1859 1347 1892 ducatur.

1252 1914 1266 1957 ξ
1290 1914 1318 1946 02.
1344 1914 1419 1947 Cum
1437 1918 1552 1953 autem,
1569 1913 1648 1946 sicut
1666 1913 1773 1946 eadem
1792 1912 1944 1956 expositio

1208 1967 1434 2009 subiungebat,
1462 1966 1640 2010 praedictus
1671 1965 1857 1999 Franciscus
1893 1976 1944 1998 ar-

1209 2020 1436 2064 chiepiscopus,
1461 2019 1641 2063 praemissis
1661 2019 1794 2061 attentis,
1809 2023 1842 2052 ut
1857 2029 1945 2052 suam

1209 2084 1345 2117 suaeque
1369 2073 1518 2106 ecclesiae
1535 2073 1777 2106 Tarraconensis
1795 2072 1946 2106 conditio-

1209 2138 1279 2160 nem
1310 2127 1447 2159 efficeret
1478 2126 1663 2167 meliorem,
1697 2126 1946 2159 iurisdictionem

1209 2180 1403 2213 criminalem
1430 2180 1599 2223 praefatam
1619 2184 1793 2212 memorato
1810 2179 1947 2212 Fabritio

1210 2244 1267 2277 pro
1292 2243 1324 2265 sc
1348 2233 1475 2276 suisque
1510 2232 1745 2265 successoribus
1780 2232 1854 2265 dicti
1885 2232 1946 2265 loci

1209 2287 1344 2320 dominis
1380 2287 1411 2318 in
1444 2286 1569 2319 seudum
1602 2286 1659 2318 sub
1695 2296 1799 2318 annuo
1828 2295 1947 2319 canone

1210 2345 1334 2374 centum
1372 2340 1545 2373 solidorum
1581 2346 1725 2373 monetae
1764 2339 1948 2372 earumdem

1210 2393 1345 2437 partium
1371 2393 1429 2436 ipsi
1459 2393 1627 2426 Francisco
1657 2393 1786 2436 eiusque
1818 2403 1944 2425 succes-

1211 2446 1335 2479 soribus
1375 2445 1623 2489 archiepiscopis
1661 2445 1948 2478 Tarraconensibus

1248 2519 1257 2542 t
1282 2516 1317 2543 Ex
1340 2516 1446 2551 Regest.
1467 2517 1492 2542 in
1514 2517 1617 2542 Secret.
1640 2516 1714 2542 Brev.

1246 2561 1261 2587 ‘2
1282 2560 1351 2588 Edit.
1367 2560 1445 2588 Maiu.
1462 2560 1526 2596 legit
1541 2568 1672 2588 exercere
1687 2563 1724 2595 (a.
1741 2563 1789 2593 τ.).

1927 164 1976 190 An.
1997 164 2027 190 C.
2049 162 2116 191 1662

1974 858 2114 885 supplicatio.

1984 1919 2071 1940 Motiva.
