2263 3215
275 239 321 266 An.
339 239 368 266 c.
393 239 458 266 less
504 230 545 263 60

280 1356 350 1378 Poena
363 1358 380 1377 in
393 1362 440 1377 eon-

258 1383 399 1405 &afficientem

1050 239 1100 262 Ρ-ΥῚ
1110 239 1119 256 Υ
1135 239 1226 261 ΧΤἺἨἻ

1251 239 1403 261 notttwu

469 287 660 320 incremento
687 286 839 326 floruisse,
869 296 938 319 cum
966 286 1117 319 cellcrarssi
1144 287 1199 319 de-
1218 294 1220 308 t
1237 297 1317 319 mam
1351 285 1526 330 praedictae
1562 285 1792 318 constitutionis
1820 285 1968 329 elargiri,

468 340 642 373 mandatam
669 340 726 372 sibi
752 340 986 372 oeconomicam
1012 351 1119 373 curam
1141 350 1201 373 non

467 402 524 436 pro
549 403 605 425 suo
629 391 759 424 arbitrio
784 397 813 424 et
834 392 1029 433 auctoritato,
1050 393 1102 425 sed
1127 403 1201 424 con-

467 446 546 478 sulto
572 446 600 477 in
626 445 771 477 omnibus
796 445 926 489 proprio
951 445 1073 486 abbate,
1102 456 1200 488 eoque

466 498 627 541 dirigente,
643 498 776 531 fideliter
795 498 1062 539 administrarant,
1077 499 1200 530 inutiles

465 551 634 583 resecando
652 557 806 594 sumptus,
831 562 846 583 a
872 551 1008 595 profusis
1033 562 1198 583 munerum

464 603 681 646 largitionibus
706 603 906 643 abstinendo,
935 614 1055 637 necnon
1080 604 1199 636 anima-

464 656 538 688 lium
553 662 581 688 et
595 656 805 697 agriculturae
831 657 1014 689 industriam
1031 657 1136 689 nonin
1151 657 1196 689 sui

462 709 514 741 setl
539 710 802 742 monasteriorum
836 711 1036 743 commodum
1063 714 1091 743 et
1116 710 1198 742 utili-

462 765 555 793 tatem
581 762 811 802 convertendo,
838 769 1022 805 exactasque
1048 763 1197 806 pecunias

461 814 650 858 depositario
669 815 788 856 integre
812 815 963 848 tradendo
988 816 1017 847 in
1036 817 1195 848 communi

460 868 533 899 arca
557 868 774 906 asservandas;
793 868 830 899 ad
847 868 929 911 qnod
953 869 1044 900 etiam
1063 869 1195 902 multum

460 930 583 963 semper
607 921 738 952 contulit
762 931 870 953 eorum
889 921 1100 964 praelatorum
1123 922 1196 964 vigi-

461 973 561 1013 lantia,
579 973 643 1016 qui,
664 973 798 1006 rationes
823 973 968 1007 introitus
986 979 1014 1007 et
1031 975 1132 1007 exitus
1152 985 1196 1008 se-

459 1025 532 1058 dulo
567 1036 603 1058 ac
638 1026 815 1069 frequenter
847 1027 1076 1068 subducentes,
1104 1039 1194 1072 prae-

459 1078 554 1111 misso
578 1078 717 1121 diligenti
743 1079 894 1119 examine,
912 1090 950 1112 ne
974 1080 1049 1124 quid
1078 1081 1194 1114 fraudis

459 1131 503 1163 vel
530 1132 710 1175 praeiudicii
736 1132 947 1175 interveniret,
972 1134 1076 1166 omnia
1100 1134 1137 1166 ad
1159 1135 1194 1166 fi-

457 1184 556 1217 delem
582 1185 735 1218 calculum
757 1192 953 1226 revocarunt,
974 1191 1067 1230 prout
1084 1189 1192 1220 consti-

458 1239 555 1272 tiones
579 1240 779 1283 apostolicae,
797 1250 831 1272 ae
854 1240 991 1272 eiusdem
1018 1251 1192 1284 congrega-

457 1291 547 1324 tionis
572 1298 684 1325 statuta
709 1293 838 1337 provide
862 1293 1040 1337 disponunt.

499 1344 514 1387 ἓ
537 1343 566 1376 2.
593 1344 716 1385 Verum,
734 1346 807 1388 quia
828 1345 857 1377 in
882 1346 1068 1389 quibusdam
1084 1358 1190 1381 mona-

455 1397 541 1430 sterii
565 1403 627 1430 tam
652 1399 793 1431 salubres
823 1399 1036 1434 ordinationes
1061 1401 1189 1434 cellera-

454 1451 573 1484 riorum
599 1451 730 1492 incuria‚
746 1456 775 1486 et
799 1453 986 1497 quandoque
1011 1455 1103 1487 etiam
1126 1466 1190 1487 nia-

454 1503 538 1546 litia,
570 1504 730 1548 nimiaque
759 1506 958 1549 superiorum
993 1507 1188 1551 indulgentia

453 1557 664 1601 negliguntur,
678 1564 708 1591 et
721 1559 891 1592 timendum
907 1565 962 1602 est,
976 1571 1024 1601 ne,
1043 1561 1066 1593 si
1085 1561 1189 1594 huius—

453 1611 536 1644 modi
562 1613 678 1645 malum
710 1613 881 1657 subrepat,
911 1619 1011 1647 tractu
1038 1616 1188 1658 temporis

452 1665 633 1698 eorumdem
665 1666 927 1700 monasteriorum
958 1668 1048 1700 ruina
1073 1669 1185 1701 subse-

452 1722 574 1762 quatur3
593 1718 660 1752 ideo
677 1720 890 1753 sanctissimus
904 1721 1054 1754 Dominus
1070 1727 1187 1763 noster,

452 1771 556 1804 audito
574 1777 645 1804 voto
663 1773 916 1816 congregationis
933 1779 1056 1807 sanctae
1076 1776 1188 1808 Roma-

452 1834 508 1857 nae
529 1824 685 1858 Ecclesiae
702 1826 904 1859 cardinalium
922 1827 1055 1870 negotiis
1074 1833 1102 1860 et
1118 1839 1188 1862 con-

453 1877 671 1911 sultationibus
696 1879 913 1922 episcoporum
939 1885 969 1912 et
993 1882 1185 1924 regularium

454 1931 659 1974 praepositae,
676 1932 850 1966 innovando
868 1933 897 1965 in
915 1933 1025 1977 primis
1042 1935 1188 1967 constitu-

453 1983 570 2016 tionem
596 1991 718 2018 sanctae
742 1986 913 2019 memoriae
940 1987 1106 2020 Clementis
1122 1989 1186 2021 vltt

453 2036 510 2069 sub
534 2037 583 2070 die
614 2048 646 2070 vi
682 2039 783 2071 martii
809 2049 906 2080 unm,
932 2039 1095 2084 eidemque
1127 2052 1186 2084 pro

453 2089 584 2123 firmiori
602 2096 819 2125 contentorum
843 2093 1040 2125 observantia
1066 2095 1186 2136 gravio—

453 2153 502 2175 res
526 2153 642 2187 poenas
662 2144 813 2187 addendo,
830 2146 974 2189 prohibet
992 2148 1138 2180 omnibus
1157 2153 1186 2181 et

453 2196 583 2239 singulis
607 2198 786 2240 cellerariis,
808 2199 936 2242 aliisque
961 2210 1069 2233 eorum
1095 2201 1186 2233 mini-

453 2249 534 2290 stris,
552 2250 616 2283 sive
641 2251 811 2293 monachis,
830 2252 892 2285 sive
918 2253 1104 2295 commissis,
1122 2254 1186 2297 qui-

451 2302 509 2334 bus
533 2303 688 2336 bonorum
727 2304 954 2338 administratio
987 2316 1185 2349 quocumque

453 2355 545 2388 modo
571 2357 738 2397 incumbit,
766 2357 933 2400 quominus
962 2359 1094 2391 audeant.
1114 2359 1184 2392 red-

451 2406 533 2440 ditus
557 2419 591 2441 ac
621 2411 790 2452 proventus
818 2410 1014 2453 supprimere
1046 2412 1094 2444 vel
1127 2411 1185 2444 ini—

451 2469 569 2500 nucre,
604 2471 708 2494 rerum
744 2473 1013 2506 quarumctnuque
1048 2464 1183 2507 pretium

451 2512 593 2553 alterare,
618 2515 881 2557 negotiationibus
905 2526 972 2548 sese
997 2517 1183 2558 immiscere,

450 2566 628 2598 animalium
654 2577 709 2599 scu
731 2567 942 2609 agriculturae
961 2568 1128 2601 industrias
1147 2569 1184 2602 si-

449 2619 479 2651 bi
505 2620 799 2664 app1·opriare,aut
830 2631 961 2654 munera
985 2628 1092 2655 contra
1116 2623 1180 2655 sor-

1235 340 1292 372 sub
1317 341 1415 383 poena
1446 339 1628 382 privationis
1660 339 1857 379 officiorum,
1886 340 1969 373 vocis

1235 393 1351 424 activae
1377 397 1406 424 et
1430 392 1580 435 passivae,
1598 402 1632 424 ac
1660 396 1829 435 perpetuae
1855 392 1970 424 inhabi-

1235 445 1328 476 litatis
1360 455 1396 477 eo
1422 444 1488 487 ipso
1515 444 1725 484 incurrenda,
1755 455 1772 476 a
1798 455 1856 488 qua
1882 455 1969 488 prae-

1235 503 1374 540 terquam
1390 508 1406 529 a
1423 498 1500 531 Sede
1521 498 1697 541 Apostolica
1718 497 1888 540 dispensari
1907 508 1968 531 non

1235 551 1369 589 valeant,
1394 550 1618 593 obstringendo
1643 550 1779 590 abbates,
1804 557 1967 594 quatenus,

1233 614 1302 635 cum
1328 603 1463 647 primum
1490 604 1564 647 ipsis
1593 604 1630 636 de
1664 604 1842 637 huiusmodi
1869 610 1967 637 trans-

1232 657 1446 698 gressionibus
1471 657 1660 693 innotuerit,
1690 657 1727 689 ad
1753 657 1967 690 executionem

1231 709 1460 752 praedictarum
1480 720 1651 753 poenarum
1677 710 1760 742 nulla
1784 710 1967 753 interposita

1232 763 1321 794 mora
1346 762 1529 805 procedant,
1554 763 1628 795 alias
1655 762 1771 795 eisdem
1803 762 1859 805 ipsi
1885 773 1964 806 poe-

1230 815 1278 847 nis
1295 815 1484 857 subiaceant,
1505 826 1541 849 ac
1561 816 1712 859 dignitate
1737 816 1882 848 abbatiali
1907 815 1967 860 pri-

1231 874 1349 901 ventur.

1273 921 1287 964 ζ)
1311 920 1340 953 3.
1366 921 1496 965 Insuper
1521 922 1655 962 mandat,
1680 927 1714 955 ut
1738 932 1846 956 omnes
1870 933 1965 966 pecu-

1982 239 2027 266 an.
2049 238 2077 266 C.
2100 239 2166 267 1055

2003 936 2106 958 Pocnntu
2115 942 2164 958 en-

1980 965 2026 983 ctas
2034 963 2163 990 depositaria

1229 974 1296 1006 niae
1310 985 1509 1018 quacumque
1526 986 1561 1008 ex
1580 978 1670 1008 causa
1688 976 1725 1008 ad
1741 975 1964 1009 monasterium
1980 990 2164 1016 consumman-

1229 1027 1418 1070 pertinentes
1436 1040 1451 1060 a
1471 1029 1642 1061 cellerariis
1661 1029 1777 1070 dietim,
1796 1035 1888 1072 prout
1905 1029 1966 1062 exi—

1227 1083 1355 1119 guntur,
1369 1078 1559 1122 depositario
1573 1081 1806 1122 consignentur,
1825 1083 1854 1112 et
1870 1079 1900 1112 in
1919 1090 1965 1112 ar-

1228 1141 1294 1163 cam
1321 1131 1517 1175 deponantur
1534 1132 1654 1165 duabus
1674 1133 1812 1165 clavibus
1832 1132 1963 1165 diversis

1227 1184 1420 1217 obseratam*
1442 1196 1575 1229 quarum
1598 1186 1695 1218 altera
1720 1196 1815 1229 penes
1840 1185 1964 1218 cellera-

1229 1237 1321 1278 rium,
1343 1238 1439 1271 altera
1463 1249 1538 1272 vero
1562 1249 1656 1282 penes
1681 1239 1824 1271 eumdem
1845 1238 1964 1282 deposi-

1226 1291 1339 1323 tarium
1365 1292 1517 1324 asservari
1543 1292 1694 1325 debeant:
1713 1302 1784 1325 area
1804 1302 1878 1325 vero
1896 1292 1963 1335 ipsa

1224 1346 1285 1376 una
1311 1355 1381 1377 cum
1407 1346 1562 1378 rationum
1580 1346 1687 1378 codice
1714 1346 1744 1377 in
1763 1347 1886 1378 camera
1907 1355 1963 1377 seu

1224 1398 1302 1430 cella
1327 1399 1469 1431 monachi
1501 1399 1674 1442 superioris
1699 1404 1726 1431 et
1752 1399 1902 1442 probatae
1931 1398 1962 1430 fi-

1223 1451 1271 1483 dei
1296 1451 1334 1483 ab
1360 1451 1472 1485 abbate
1497 1452 1587 1484 electi
1612 1456 1641 1485 et
1665 1452 1824 1496 deputati,
1850 1452 1962 1484 maiori

1222 1514 1282 1546 qua
1307 1504 1403 1547 possit
1427 1504 1587 1547 diligentia
1602 1532 1609 1543 ‚
1642 1510 1785 1537 servetur
1808 1509 1838 1537 et
1862 1508 1963 1538 custo-

1222 1557 1334 1600 diatur,
1360 1568 1375 1590 a
1401 1568 1461 1601 qua
1485 1568 1523 1590 ne
1553 1558 1664 1591 obolus
1690 1557 1815 1601 quidem
1841 1557 1961 1591 extrahi

1223 1611 1330 1654 possit,
1348 1611 1405 1643 nisi
1431 1611 1639 1654 praecedente
1657 1611 1803 1644 mandato
1828 1611 1859 1643 in
1884 1611 1960 1644 scri-

1222 1664 1283 1708 ptis
1308 1664 1473 1704 cellerarii,
1491 1675 1556 1705 seu,
1577 1675 1615 1697 eo
1640 1665 1778 1704 absente,
1792 1664 1858 1697 eius
1873 1663 1960 1696 mini-

1221 1718 1277 1750 stri
1302 1718 1338 1750 ad
1365 1717 1395 1750 id
1419 1718 1576 1760 deputati,
1601 1727 1663 1750 non
1688 1717 1814 1760 quidem
1840 1717 1959 1750 directo

1221 1772 1290 1811 sibi,
1308 1782 1362 1804 scu
1387 1772 1531 1804 ministro
1555 1772 1696 1813 (absente
1716 1771 1894 1814 cellerario)
1911 1770 1960 1803 de-

1222 1827 1328 1868 putato
1348 1828 1382 1857 ut
1404 1835 1518 1868 supra,
1539 1824 1591 1856 sed
1617 1824 1664 1856 vel
1691 1823 1737 1862 iis,
1763 1823 1877 1866 quibus
1902 1833 1958 1866 pe-

1221 1877 1330 1911 cuniae
1355 1877 1581 1921 persolvendae
1605 1881 1697 1917 sunt,
1729 1876 1754 1908 si
1779 1879 1959 1919 praesentes

1221 1930 1346 1971 suerint,
1364 1931 1421 1970 vel,
1442 1930 1466 1962 si
1484 1930 1626 1962 absentes
1641 1934 1670 1961 et
1695 1929 1847 1972 impediti,
1867 1928 1959 1961 sacto-

1221 1983 1309 2016 ribus
1333 1988 1363 2016 et
1387 1983 1552 2026 agentibus
1586 1982 1787 2021 monasterii,
1818 1981 1865 2014 vel
1889 1981 1958 2013 aliis

1221 2037 1375 2080 personis,
1396 2047 1486 2080 quae,
1503 2035 1763 2079 quotiescumque
1787 2044 1866 2078 opus
1890 2033 1958 2066 sue-

1220 2090 1261 2122 rit
1286 2090 1463 2133 requisitae,
1482 2089 1662 2122 huiusmodi
1679 2088 1868 2121 solutionem
1886 2098 1958 2121 vere

1220 2146 1249 2176 et
1268 2143 1395 2176 realiter
1420 2144 1529 2176 t'actam
1555 2142 1650 2175 fuisse
1675 2142 1812 2174 attestari
1838 2141 1959 2185 possint

1220 2203 1250 2229 et
1266 2197 1398 2236 valeant⁷
1423 2197 1569 2239 expressa
1594 2196 1625 2228 in
1651 2195 1796 2227 mandato
1814 2196 1907 2227 causa
1927 2199 1958 2226 et

1220 2251 1354 2290 summa,
1383 2259 1503 2282 necnon
1529 2259 1622 2281 manu
1647 2249 1739 2280 etiam
1765 2247 1884 2280 abbatis
1902 2257 1957 2280 seu

1219 2302 1394 2347 superioris
1411 2302 1591 2335 monasterii
1611 2302 1744 2340 firmato,
1762 2300 1850 2333 cuius
1867 2305 1956 2333 tenor

1219 2356 1256 2388 de
1280 2355 1377 2388 verbo
1410 2355 1447 2387 ad
1478 2355 1608 2388 verbum
1642 2354 1671 2386 iu
1697 2353 1849 2386 destinato
1873 2352 1954 2385 libro

1218 2409 1413 2452 registretur.
1438 2409 1591 2452 Computa
1615 2408 1735 2447 iurata,
1761 2406 1906 2439 introitus
1925 2411 1956 2438 et

1219 2463 1328 2502 exitus,
1347 2468 1408 2495 tam
1427 2462 1529 2506 quoad
1545 2461 1703 2505 pecunias,
1723 2470 1815 2504 quarn
1836 2459 1954 2492 victua-

1219 2516 1257 2548 lia
1282 2526 1507 2559 quaecumque,
1525 2515 1645 2559 aliaque
1670 2514 1774 2548 omnia
1799 2513 1829 2545 in
1854 2511 1953 2555 ipsius

1256 2632 1262 2656 1
1285 2630 1350 2657 Male
1366 2631 1430 2658 edit.
1449 2631 1525 2658 lllain.
1543 2631 1606 2665 legit
1622 2631 1797 2658 observatam
1815 2629 1850 2665 (n.
1866 2629 1914 2664 τ.).

1980 1016 2024 1038 eat,

2256 1522 2263 1538 G

2252 1543 2263 1561 -⁴.
