2243 3205
266 187 317 215 An.
334 185 362 212 c.
385 184 452 213 1658
498 175 561 209 398

298 1043 402 1063 Doctrina.

298 2001 395 2021 ttriluwui
409 2000 457 2021 Em<

272 2028 370 2048 mitaruui
388 2028 457 2047 sancti

272 2055 380 2079 Augustini
392 2055 456 2074 retur.

273 2083 375 2100 matorum
389 2081 456 2104 incre-

273 2107 335 2127 ditur.

1041 184 1219 210 nuLLAntuiu

467 243 543 275 gans
569 232 790 275 corpusculum
818 242 907 264 suum
927 238 956 264 et
974 232 1003 264 in
1024 234 1204 266 servitutem

467 285 622 328 redigens,
645 284 746 318 cilicio
765 290 794 317 et
811 285 943 327 flagellis
969 285 1114 326 domans3
1141 286 1206 330 qui-

467 339 526 370 bus
541 338 578 370 ab
593 349 630 371 eo
647 348 705 382 per
730 338 918 371 oblivionem
946 339 974 371 in
1001 340 1095 372 cubili
1114 350 1207 383 quan—

468 391 571 434 doque
596 391 732 431 relictis‚
758 395 786 425 et
811 402 826 423 a
852 396 951 424 matre
975 402 1036 426 non
1062 393 1127 425 sine
1153 393 1206 424 ad-

469 444 635 477 miratione
667 445 820 488 repertis,
853 445 1012 479 evidenter
1047 446 1147 489 patuit
1178 447 1207 478 in

468 508 505 530 eo
531 508 546 530 a
573 498 684 530 tritura
711 503 900 539 sementem,
918 509 935 531 a
957 499 1110 531 vindemia
1136 500 1205 542 pal-

469 551 588 590 mitem,
603 561 619 582 a
633 551 736 594 pomis
750 551 885 584 radicem
908 552 1094 595 praeveniri.
1110 552 1207 590 Quam

468 613 541 635 sane
575 603 604 635 in
641 613 672 635 se
710 603 812 647 ipsum
839 604 989 647 privatam
1024 610 1053 636 et
1083 604 1207 636 tacitam

469 656 665 689 severitatem
680 657 748 700 pari
763 657 855 689 etiam
869 657 1020 690 modestia
1034 657 1207 696 condiebat;

469 710 546 742 adeo
572 710 653 743 enim
680 711 838 744 modestus
864 711 929 751 suit,
956 717 988 743 ut
1013 721 1170 754 nunquam
1193 721 1208 744 e

471 765 553 796 terra
579 764 688 797 oculos
712 765 815 797 levare
832 765 1040 804 consueverit,
1067 765 1209 808 adeoque

470 821 572 849 castus
597 822 627 849 et
643 817 785 860 pudieus,
810 824 843 850 ut
861 818 897 849 ad
919 823 1093 850 extremum
1109 828 1209 861 usque

470 869 614 913 spiritum
630 870 718 913 virgo
728 871 946 914 permanserit,
956 880 1057 913 neque
1071 881 1209 914 unquam

470 933 505 955 ex
532 924 599 956 eius
624 933 679 956 ore
699 923 829 956 verbum
856 924 1027 966 prodierit,
1052 924 1136 968 quod
1157 935 1210 967 pu-

470 976 592 1009 ritatem
619 977 757 1020 pectoris
781 987 843 1009 non
869 977 1034 1010 redoleret.

514 1030 529 1073 ἓ
554 1029 582 1062 lt.
609 1030 788 1073 Intelligens
813 1036 917 1063 autem
956 1031 1021 1064 sore
1052 1035 1084 1064 ut
1111 1032 1129 1063 ii
1156 1031 1227 1074 qui

469 1082 550 1115 docti
578 1083 693 1115 fuerint
717 1083 804 1126 quasi
835 1083 985 1126 splendor
1008 1084 1227 1124 firmamenti,¹

470 1141 498 1168 et
523 1136 575 1179 qui
590 1136 626 1168 ad
645 1136 793 1169 iustitiam
821 1137 968 1169 erudiunt
987 1138 1101 1171 multos
1119 1138 1209 1182 quasi

469 1190 575 1222 stellae
600 1189 629 1222 in
655 1195 822 1233 perpetuas
840 1191 1038 1225 aeternitates
1062 1192 1208 1234 t'ulgeant;

468 1244 621 1287 Compluti
648 1244 678 1276 in
704 1244 836 1287 collegio
862 1245 889 1276 S.
912 1245 1090 1289 Idelphonsi
1114 1246 1141 1278 in
1165 1246 1228 1277 dim

469 1297 606 1340 sciplinis
621 1301 650 1330 et
666 1297 874 1338 facultatibus,
892 1298 1041 1342 omnique
1056 1298 1207 1331 virtutum

469 1360 584 1393 genere
609 1351 755 1383 doctores
771 1351 853 1394 ipsos
869 1352 958 1384 facile
973 1352 1140 1395 superavit.
1158 1353 1210 1385 Lo-

470 1404 555 1446 gicas
580 1404 711 1437 subinde
737 1410 766 1437 et
792 1405 985 1447 theologicas
1012 1405 1210 1449 quaestiones

472 1457 656 1501 explanavit.
683 1458 745 1490 lam
773 1469 846 1491 vero
872 1459 944 1491 satis
979 1459 1008 1491 in
1040 1459 1209 1492 christiana

471 1513 627 1555 palaestra
653 1513 795 1555 edoctus,
821 1523 856 1545 ac
891 1512 1062 1555 evangelici
1089 1523 1210 1545 memor

471 1565 571 1597 effati:
592 1565 657 1604 Qui
677 1576 740 1598 non
761 1566 933 1598 renuncia!
958 1565 1104 1598 omnibus
1128 1576 1229 1609 quae:

469 1619 620 1662 possidet,
636 1629 700 1652 non
716 1623 816 1662 polest
835 1629 922 1652 meus
940 1629 1003 1652 esse
1016 1619 1207 1662 discipulus

471 1672 578 1705 audito
603 1672 740 1716 parentis
766 1672 911 1709 01>i111‚se
938 1672 1105 1705 cathedrae
1123 1682 1211 1705 orna-

472 1731 578 1758 mento
604 1731 633 1758 et
657 1725 833 1758 commodis
858 1725 1034 1765 abdicavit,
1065 1735 1100 1757 ac
1133 1725 1210 1757 inte-

471 1789 563 1821 grum
583 1779 808 1823 patrimonium
827 1778 1002 1821 virginibus
1028 1778 1145 1811 alendis
1162 1778 1212 1810 ad-

471 1833 556 1865 dixit:
573 1843 635 1876 quo
653 1833 713 1865 illis
739 1838 878 1865 erectum
900 1832 957 1864 fuit
979 1831 1210 1865 xenodochium

471 1885 502 1917 in
534 1886 651 1929 oppido
676 1886 890 1925 Villaenovae,
922 1885 1023 1918 adhuc
1054 1884 1229 1928 hospitale*

471 1939 706 1982 archiepiscopi
730 1944 954 1982 nuncupatum.

515 1992 529 2034 ξ
555 1991 583 2025 5.
606 1992 732 2024 Interim
752 1992 909 2025 inclinavit
927 2002 1034 2024 aurem
1059 2001 1158 2031 suam,
1180 1996 1212 2023 ut

472 2045 594 2077 audiret
618 2045 797 2088 loquentem
824 2045 852 2076 in
879 2055 910 2077 se
925 2045 1104 2086 Dominum,
1123 2048 1151 2078 et
1170 2044 1212 2076 di-

472 2103 592 2131 centem
608 2109 613 2130 :
648 2097 838 2131 Oblive'scere
867 2099 1025 2141 populum
1060 2102 1152 2130 tuum
1182 2102 1211 2131 el

472 2151 604 2185 domum
615 2152 722 2195 patris
734 2152 790 2184 tui.
801 2151 897 2194 Unde,
908 2162 978 2184 cum
993 2162 1107 2184 annum
1123 2151 1212 2195 septi-

473 2215 557 2237 mum
577 2210 605 2237 et
625 2205 810 2247 vigesimum
829 2210 945 2248 ageret,
964 2215 1001 2237 ne
1023 2204 1209 2238 secularium

472 2259 602 2302 strepitu
622 2269 769 2292 curarum
785 2269 799 2291 a
814 2260 950 2303 perfecta
965 2270 1036 2291 cum
1048 2259 1110 2292 Deo
1124 2259 1211 2292 unio-

417 2351 420 2354 *
470 2322 508 2344 ne
533 2312 772 2352 distraheretur,
797 2312 884 2345 duxit
910 2323 980 2345 eum
1007 2313 1156 2345 Dominus
1180 2312 1209 2344 in

470 2365 683 2406 solitudinem,
698 2371 730 2398 ut
749 2365 788 2398 ihi
807 2366 992 2409 loqueretur
1009 2365 1045 2398 ad
1064 2376 1118 2398 cor
1133 2365 1208 2405 eius3

470 2419 575 2462 ibique
593 2419 700 2452 Ordini
722 2420 931 2452 Eremitarum
949 2420 978 2453 S.
997 2419 1160 2462 Augustini
1179 2419 1210 2451 in

470 2471 680 2506 salamantino
712 2478 868 2507 conventu
899 2483 1015 2507 nomen
1047 2472 1132 2506 dedit
1161 2473 1210 2506 die

472 2534 549 2558 xxiv
573 2526 753 2559 novembris
778 2536 899 2570 Mnxvt,
925 2537 970 2568 ae,
995 2526 1129 2571 peractis
1153 2536 1210 2570 per

472 2587 586 2613 annum
614 2580 691 2613 mira
727 2581 905 2614 austeritate
934 2581 1014 2613 vitae
1047 2580 1228 2624 religionis

1243 185 1397 210 ROMANUM

1241 233 1436 275 rudimentis,
1462 240 1645 266 recurrente
1677 245 1748 268 mox
1782 235 1890 268 eadem
1927 235 1977 269 die

1242 297 1315 320 xxiv
1330 287 1509 320 novembris
1535 287 1650 320 ibidem
1667 288 1838 321 solemnem
1859 289 1977 333 profes-

1241 340 1358 372 sionem
1385 340 1502 380 emisit,
1528 346 1558 373 et
1582 341 1755 374 aemulatus
1790 342 1978 375 charismata

1242 394 1382 434 meliora,
1407 404 1473 426 eam
1490 394 1576 427 brevi
1595 394 1759 437 religiosae
1774 395 1978 438 perfeetionis

1244 451 1356 478 metam
1372 446 1481 488 attigit,
1494 450 1537 486 ut,
1551 446 1599 478 vix
1612 446 1737 480 biennio
1751 446 1887 491 elapso,¹
1902 447 1980 480 eius-

1242 498 1311 530 dem
1338 504 1508 531 conventus
1536 500 1565 533 S.
1597 500 1761 543 Augustini
1789 500 1977 543 Burgensis,

1244 552 1411 585 visitatoris
1436 553 1670 596 provinciarum
1699 553 1848 586 Castellae
1869 558 1899 586 et
1926 553 1980 587 Be-

1243 605 1329 646 ticae,
1349 605 1548 649 provincialis
1562 605 1736 639 delinitoris
1752 606 1890 639 eiusdem
1908 616 1981 650 pro-

1244 658 1362 691 vinciae
1397 659 1566 700 Castellae,
1600 664 1629 691 et
1665 659 1782 703 prioris
1807 665 1979 693 conventus

1244 712 1452 745 Vallisoletani
1479 713 1584 744 munia
1611 712 1646 745 iis
1677 713 1756 745 vitae
1788 723 1823 746 ae
1855 723 1979 746 morum

1244 766 1395 809 exemplis
1419 766 1526 808 obivit,
1553 776 1653 809 eoque
1678 767 1743 800 zelo
1764 766 1979 799 labefactatam

1244 819 1397 862 regularis
1434 819 1617 863 disciplinae
1650 819 1859 862 integritatem
1891 819 1982 853 resti-

1243 872 1317 912 tuit,
1351 877 1383 904 ut
1415 882 1548 905 numero
1581 873 1825 906 reformatorum
1857 872 1981 906 Ordinis

1243 924 1378 957 adscribi
1404 926 1625 968 promeruerit.

1288 980 1302 1021 ξ
1327 978 1355 1011 [ἰ.
1382 978 1464 1011 Inter
1489 979 1575 1018 haee,
1602 980 1724 1012 volente
1749 980 1908 1013 Altissimo
1939 980 1982 1012 ri-

1243 1042 1317 1074 gare
1339 1037 1460 1065 montes
1486 1033 1524 1065 de
1546 1033 1763 1076 superioribus
1783 1033 1856 1073 suis,
1881 1033 1983 1066 iussus

1226 1090 1287 1116 ‚est
1307 1085 1455 1117 talentum
1478 1085 1536 1117 sibi
1557 1096 1573 1117 a
1595 1085 1725 1118 Domino
1750 1085 1902 1119 creditum
1919 1095 1982 1119 non

1244 1137 1436 1170 abscondere
1452 1139 1480 1170 in
1500 1140 1594 1178 terra,
1613 1139 1667 1171 sed
1686 1143 1718 1172 ut
1736 1138 1982 1182 sapientissimus

1226 1191 1439 1234 idispensator
1457 1191 1487 1223 in
1505 1202 1706 1224 communem
1729 1193 1892 1225 utilitatem
1910 1203 1982 1226 con-

1245 1250 1374 1276 vertere.
1410 1245 1441 1276 ln
1476 1245 1636 1288 praedicto
1670 1245 1765 1287 igitur
1807 1245 1981 1290 percelebri

1244 1296 1454 1330 Salamantino
1472 1303 1626 1330 conventu
1645 1308 1680 1330 ex
1699 1298 1875 1331 obedientia
1891 1298 1983 1341 Magi-

1244 1356 1344 1383 strum
1370 1351 1594 1384 sententiarum
1621 1357 1650 1383 et
1675 1351 1831 1394 religiosis
1855 1352 1902 1384 sui
1926 1351 1982 1386 Or-

1244 1404 1324 1436 dinis
1356 1407 1383 1436 et
1421 1404 1535 1436 exteris
1560 1404 1796 1437 advenientibus
1821 1405 1982 1448 exposuit,

1245 1457 1273 1490 S.
1291 1457 1427 1490 Thomae
1452 1457 1626 1489 doctrinam
1654 1463 1814 1501 sequutus;
1832 1457 1868 1490 ad
1899 1458 1984 1502 quod

1245 1516 1275 1543 et
1299 1511 1434 1543 nominis
1458 1510 1631 1544 similitudo
1655 1517 1683 1544 et
1709 1511 1871 1555 religionis
1903 1521 1984 1544 con-

1245 1564 1377 1596 suetudo
1399 1574 1469 1596 eum
1494 1564 1711 1603 hortabantur3
1729 1575 1830 1608 eoque
1855 1564 1984 1599 doctore

1246 1622 1348 1649 tantus
1363 1617 1419 1649 tuit
1432 1617 1657 1660 discipulorum
1669 1617 1838 1660 profectus,
1855 1620 1897 1659 ut,
1911 1628 1983 1650 cum

1245 1675 1386 1702 sanctum
1401 1669 1517 1702 bellum
1533 1663 1728 1713 principibus
1738 1669 1984 1713 etpotestatibus

1247 1723 1445 1757 tenebrarum
1472 1722 1609 1755 indicere
1634 1722 1834 1763 decrevisset,
1859 1733 1912 1756 eos
1937 1723 1984 1755 di-

1245 1786 1323 1819 gnos
1338 1776 1491 1808 invenerit
1515 1786 1594 1819 qnos
1618 1775 1657 1808 ad
1676 1775 1900 1819 expugnandas
1928 1777 1985 1809 Me-

1246 1830 1370 1862 xicanas
1390 1829 1580 1862 infidelitatis
1597 1839 1695 1869 arces,
1705 1829 1779 1862 dum
1794 1829 1860 1873 ipse
1877 1834 1985 1873 postea

1245 1882 1446 1926 provincialis
1472 1882 1574 1916 officio
1600 1883 1804 1925 fungeretur,
1837 1883 1875 1916 ad
1909 1893 1986 1927 apo-

1247 1937 1386 1969 stolicam
1414 1937 1545 1969 sormam
1571 1937 1662 1980 plene
1687 1937 1920 1977 conformatos,
1952 1942 1986 1970 ut

1228 1989 1374 2033 *angelos
1408 1990 1529 2023 veloces
1565 1989 1602 2022 ad
1640 1995 1764 2032 gentem
1798 1989 1986 2023 christianae

1228 2044 1408 2090 {religionis
1433 2044 1557 2087 penitus
1582 2044 1723 2086 ignaram
1751 2043 1983 2082 transmitteret;

1228 2091 1299 2131 *eos
1324 2098 1498 2130 accendens
1523 2098 1687 2141 proposito
1712 2097 1827 2140 gaudio
1860 2102 1913 2130 aut
1943 2097 1986 2130 fu-

1228 2176 1229 2197 ἢ
1247 2156 1334 2183 turae
1355 2151 1479 2183 illarum
1506 2161 1522 2183 a
1547 2151 1610 2184 Deo
1631 2161 1812 2184 aversarum
1831 2150 1983 2184 mentium

1228 2204 1471 2245 'conversionis
1497 2209 1549 2237 aut
1573 2204 1693 2248 proprii
1719 2215 1778 2248 pro
1802 2203 1924 2238 Christo
1945 2204 1986 2237 ef-

1228 2266 1229 2284 t
1247 2258 1303 2291 fusi
1330 2258 1491 2301 sanguinis
1508 2259 1633 2292 laureae
1651 2258 1897 2302 consequendae,
1910 2268 1985 2302 quo-

1228 2302 1229 2342 Ῐ
1246 2322 1316 2344 rum
1341 2312 1478 2356 primum
1504 2322 1566 2345 non
1584 2312 1650 2345 sine
1668 2322 1782 2355 magno
1799 2312 1985 2345 christianae

1247 2365 1439 2409 reipublicae
1476 2367 1689 2400 emolumento
1724 2365 1985 2399 clementissimus

1228 2439 1229 2453 t
1246 2419 1396 2452 Dominus
1417 2420 1596 2453 felicissimo
1617 2425 1727 2453 eventu
1745 2430 1802 2464 per
1820 2420 1888 2453 illos
1904 2430 1985 2453 com-

1246 2473 1383 2516 probare
1408 2473 1553 2517 dignatus
1575 2479 1629 2506 est.

1286 2590 1294 2615 t
1319 2588 1429 2616 Videtur
1448 2589 1542 2617 deesse
1566 2598 1612 2617 vox
1628 2589 1739 2624 prioris
1757 2589 1794 2625 (a.
1810 2589 1857 2624 τ.).

1991 187 2039 213 Λη.
2056 187 2084 214 C.
2106 188 2171 216 1⁶58
2215 167 2217 232 l

2219 972 2222 979 .

2039 992 2060 1021 ln
2083 991 2180 1012 Satmatt-
2222 981 2224 996 ¹

1997 1023 2056 1038 comi
2078 1021 2180 1039 conventu

1998 1044 2114 1070 discipulos

1998 1073 2079 1092 struxit.
