2243 3205
31 168 35 171 ”
55 170 106 198 'Am
126 169 155 197 C.
180 169 248 197 1662

90 1667 166 1701 Forma
180 1667 236 1690 iura-

53 1701 127 1720 menti.

855 171 1040 198 ALEXANDER
1065 173 1110 197 VII
1133 173 1181 197 PP.

256 217 441 251 auctoritate
466 223 605 252 erectum
631 224 660 252 et
684 219 902 261 institutum‚a
921 232 995 255 con-

255 276 349 304 ventu
363 271 544 306 huiusmodi
561 273 592 305 in
607 279 794 307 conventum
812 275 841 308 S.
859 274 995 308 Pancra-

255 324 288 357 tii
313 325 358 358 sic
382 326 505 359 noviter
529 333 670 360 ereetum
700 328 819 371 pariter
842 334 995 372 perpetuo

254 379 473 412 transferimus
492 385 522 413 et
535 384 795 424 transponamus,
813 392 868 414 seu
892 381 993 425 ipsum

254 433 469 473 seminarium,
487 433 544 465 sub
564 433 818 468 denominatione
836 445 890 467 seu
908 435 995 468 invo-

254 486 376 519 catione
400 486 539 519 eiusdem
561 487 590 520 S.
617 487 713 528 Pauli,
744 488 775 520 in
805 488 889 521 dicto
913 499 994 522 novo

253 544 408 572 conventu
432 539 460 572 S.
486 539 640 573 Pancratii
666 541 762 584 <itaut
786 541 868 574 idem
894 543 990 575 semi-

251 592 377 625 narium
408 593 556 636 regimini
587 599 618 626 et
647 595 803 636 gubernio
829 596 992 628 memorati

252 645 407 679 Dominici
432 647 576 680 moderni
613 653 642 680 et
675 658 734 691 pro
760 653 902 692 tempore
930 649 994 681 exi-

252 700 361 733 stentis
386 701 560 744 praepositi
585 711 620 734 ac
645 701 816 734 definitorii
837 703 993 745 generalis

251 759 446 786 memoratae
463 755 717 797 congregationis
734 755 840 788 Italiae
859 756 992 789 fratrum

251 805 516 840 Discalceatorum
535 808 566 840 in
591 808 737 841 omnibus
762 814 792 841 et
815 819 871 852 per
889 809 993 842 omnia

251 859 432 893 immediate
456 861 565 903 subsit,
580 866 610 894 et
634 862 663 894 in
690 862 742 895 illo
767 862 891 895 assidue
911 874 994 896 com-

252 914 370 947 morari
402 914 536 948 debeant
567 916 734 949 duodecim
759 917 867 950 saltem
893 917 991 950 semi-

251 967 402 1009 naristae,
434 969 466 1001 in
495 981 585 1003 sacro
616 971 853 1014 presbyteratus
877 970 992 1004 Ordine

252 1022 422 1063 constituti,
448 1033 483 1056 ac
507 1024 669 1067 regulares
694 1024 794 1057 dictae
818 1024 992 1067 Congrega-

251 1075 345 1109 tionis
370 1086 406 1109 ex
431 1077 514 1110 illius
538 1077 709 1121 provinciis
733 1077 921 1119 assumendi,
939 1077 991 1121 qui

251 1128 343 1162 bonis
367 1131 521 1173 moribus,
547 1131 684 1175 pietate,
711 1133 786 1174 zelo,
812 1132 990 1175 prudentia,

252 1182 404 1224 doctrina,
429 1184 562 1228 aliisque
586 1185 763 1228 virtutibus,
789 1196 912 1219 necnon
927 1197 992 1219 cor-

250 1235 338 1279 poris
363 1237 494 1270 sanitate
525 1238 658 1282 praediti
690 1239 768 1281 sint,
794 1244 825 1272 et
853 1239 989 1272 studium

251 1300 359 1324 sacrae
383 1291 561 1335 theologiae
586 1293 823 1336 compleverint,
850 1304 886 1326 ac
910 1293 991 1325 intra

251 1344 424 1387 octiduum,
435 1356 452 1377 a
464 1345 514 1378 die
528 1346 687 1389 ingressus
701 1346 867 1380 cuiuslibet
880 1357 990 1380 eorum

250 1396 283 1430 in
307 1397 424 1431 dictum
450 1399 668 1440 seminarium,
694 1405 802 1433 votum
827 1410 882 1432 seu
912 1399 991 1432 iura-

251 1457 393 1484 mentum
412 1452 505 1484 eundi
523 1452 560 1485 ad
576 1453 739 1486 missiones
753 1453 811 1486 sibi
829 1453 992 1496 iniungen-

251 1505 306 1538 das
322 1505 354 1538 in
379 1506 524 1540 manibus
541 1507 615 1540 dicti
641 1507 812 1550 praepositi
837 1508 992 1550 generalis

251 1568 308 1592 seu
332 1559 505 1603 superioris
522 1560 594 1593 novi
620 1566 791 1594 conventus
811 1561 990 1594 huiusmodi

250 1623 309 1656 pro
333 1618 477 1657 tempore
507 1614 665 1648 existentis
690 1615 834 1649 emittere
859 1615 993 1648 debeant

251 1667 309 1699 suh
329 1667 388 1700 hac
405 1668 517 1708 forma,
531 1668 691 1702 videlicet:
710 1669 775 1711 Ego
789 1669 823 1701 N.
841 1670 992 1712 promitto

251 1730 302 1753 me
325 1720 364 1753 ad
388 1721 561 1764 quamlibet
581 1722 762 1755 missionem
781 1733 840 1766 pro
865 1733 992 1756 conver-

251 1773 339 1807 sione
375 1773 548 1806 infidelium
581 1785 637 1807 seu
666 1775 898 1808 haereticorum
925 1776 990 1809 itu—

251 1837 341 1869 rum,
359 1837 428 1860 cum
454 1827 632 1860 obedientia
652 1828 683 1860 id
709 1829 784 1861 mihi
811 1829 991 1869 iniunxerit3

250 1890 309 1913 nec
333 1880 372 1913 ab
396 1881 457 1914 hoc
488 1887 560 1915 voto
592 1892 646 1915 seu
673 1882 848 1917 iuramento
873 1884 991 1917 absolvi

251 1944 390 1978 unquam
406 1935 539 1979 possint)
550 1936 733 1969 auctoritate
747 1941 893 1970 ettenore
905 1948 992 1981 prae-

250 1988 320 2020 fatis
351 1988 458 2021 itidem
484 1994 636 2033 perpetuo
667 1991 704 2024 de
734 2001 815 2024 novo
841 1992 992 2035 erigimus

251 2041 372 2084 pariter
388 2047 419 2074 et
444 2042 644 2075 instituimus.

296 2095 440 2127 Volentes
469 2101 498 2127 et
523 2095 727 2129 decernentes
756 2097 840 2140 quod
870 2098 991 2141 praesa-

250 2152 301 2181 tus
326 2148 496 2182 modernus
516 2160 573 2192 pro
593 2154 734 2193 tempore
756 2150 889 2183 existens
906 2163 993 2195 prae-

249 2202 371 2245 positus
396 2203 552 2245 generalis
577 2203 750 2236 antedictae
771 2206 991 2248 congregatio-

249 2255 298 2288 nis
326 2256 432 2289 Italiae
464 2267 588 2299 semper
619 2261 760 2291 teneatur
784 2258 909 2291 eosdem
944 2270 992 2292 sc-

250 2309 429 2342 minaristas
447 2310 484 2342 ad
503 2320 554 2343 eas
573 2310 737 2344 missiones
757 2311 914 2345 destinare
938 2323 991 2345 seu

251 2363 437 2404 amandare,
464 2374 544 2407 quae
575 2364 601 2396 ei
634 2374 650 2396 a
677 2365 817 2408 praefata
850 2366 991 2398 cardina-

250 2415 329 2448 lium
355 2417 599 2459 congregatione
619 2418 745 2460 negotio
769 2419 992 2462 propagandae

251 2468 324 2502 fidei
349 2470 527 2513 praeposita
552 2471 712 2504 ordinatae
744 2472 879 2513 fuerint,
908 2473 992 2506 iuxta

252 2523 380 2555 modum
403 2533 457 2555 seu
474 2524 678 2567 capacitatem
700 2525 879 2558 reddituum
904 2526 993 2559 semi-

252 2576 331 2609 narii
358 2576 536 2610 huiusmodi
568 2577 606 2610 ad
634 2578 788 2612 rationem
814 2589 991 2614 annuorum

1030 221 1255 265 quinquaginta
1272 226 1434 257 scutorum
1460 234 1519 267 pro
1539 224 1680 269 quolibet
1700 225 1769 258 mis-

1030 285 1179 308 sionario.

1073 329 1088 372 §
1112 329 1141 362 5.
1156 329 1243 368 Quod
1257 330 1281 363 si
1296 330 1398 363 dictus
1419 332 1616 375 praepositus
1641 343 1771 376 genera·
1805 345 1953 366 Ordmatones.

1030 382 1066 414 lis
1081 382 1110 414 in
1132 382 1237 426 aliquo
1252 394 1325 416 casu
1346 385 1528 426 particulari
1545 386 1770 421 existimaverit

1029 445 1090 468 non
1116 436 1264 479 expedire
1289 437 1369 469 mitti
1394 438 1529 480 aliquem
1554 450 1590 472 ex
1611 440 1701 473 dictis
1726 451 1769 473 se-

1029 489 1222 532 minaristis,
1248 500 1285 523 eo
1310 501 1383 524 casu
1415 492 1572 534 obligatus
1605 493 1644 526 sit
1672 493 1768 526 alium

1028 542 1067 574 ab
1091 543 1199 575 eadem
1219 543 1424 576 cardinalium
1445 546 1689 588 congregatione
1713 557 1768 590 ap-

1029 595 1226 638 probandum
1253 597 1386 630 mittere.
1408 598 1576 642 Postquam
1602 610 1676 633 vero
1700 601 1768 643 qui—

1029 649 1104 682 libet
1118 650 1315 683 seminarista
1325 651 1363 683 ad
1376 652 1579 685 seminarium
1590 653 1768 686 huiusmodi

1027 702 1200 743 advenerit,
1226 703 1337 736 debeat
1357 705 1501 748 superior
1522 705 1619 748 ipsius
1639 707 1769 739 semina-

1028 756 1065 788 rii
1080 767 1139 800 pro
1160 762 1301 801 tempore
1316 758 1459 798 existens,
1474 769 1545 790 eum
1564 759 1601 791 ad
1619 759 1767 792 dilectum

1027 810 1126 843 silium
1152 811 1356 844 secretarium
1382 812 1562 856 praedictae
1588 824 1768 857 congrega-

1028 864 1121 897 tionis
1153 865 1358 898 cardinalium
1392 867 1527 908 ducere,
1552 878 1588 901 ac
1623 868 1654 900 in
1685 869 1768 901 illius

1027 918 1173 951 manibus
1196 923 1302 953 notam
1336 919 1397 952 diei
1421 920 1574 953 adventus
1598 921 1694 965 ipsius
1719 932 1766 954 se-

1028 971 1225 1012 minaristae‚
1261 983 1383 1006 necnon
1416 973 1584 1007 iuramenti
1621 985 1674 1007 seu
1704 975 1766 1008 voti

1026 1025 1176 1067 praedicti
1201 1037 1258 1069 per
1283 1038 1354 1059 eum
1380 1027 1522 1070 praestiti
1547 1028 1705 1069 exhibere,
1731 1039 1767 1061 ac

1026 1077 1155 1122 insuper
1178 1081 1346 1123 quotannis
1367 1081 1494 1113 ineunte
1515 1091 1621 1114 mense
1638 1092 1767 1115 novem-

1026 1131 1074 1163 bri
1099 1138 1205 1165 notam
1231 1133 1371 1166 omnium
1397 1135 1669 1167 seminaristarum
1695 1141 1766 1169 tunc

1026 1185 1215 1227 viventium,
1240 1193 1302 1219 tam
1335 1187 1366 1219 in
1398 1188 1567 1221 seminario
1599 1195 1671 1222 tunc
1695 1195 1766 1222 actu

1026 1238 1236 1280 existentium,
1254 1251 1347 1284 quam
1374 1251 1495 1281 eorum,
1513 1242 1566 1284 qui
1587 1242 1617 1274 in
1643 1242 1765 1275 missio-

1026 1291 1119 1325 nibus
1143 1293 1268 1334 fuerint,
1293 1304 1328 1327 ac
1352 1294 1485 1338 denique
1511 1305 1632 1335 eorum,
1649 1295 1703 1339 qui
1721 1295 1766 1328 iu-

1026 1351 1204 1379 ramentum
1229 1358 1284 1380 seu
1309 1353 1414 1380 votum
1436 1348 1615 1381 huiusmodi
1640 1349 1767 1391 praesti-

1027 1399 1130 1440 terint,
1156 1406 1185 1433 et
1204 1406 1277 1434 tunc
1294 1401 1446 1444 temporis
1463 1412 1520 1434 nee
1540 1402 1571 1434 in
1596 1401 1765 1434 seminario

1026 1462 1084 1485 nec
1121 1453 1151 1485 in
1184 1454 1387 1487 missionibus
1420 1455 1557 1497 suerint,
1590 1460 1765 1488 memorato

1027 1507 1197 1540 secretario
1211 1508 1346 1548 tradere,
1357 1519 1428 1541 cum
1446 1509 1645 1552 expressione
1659 1509 1766 1542 aetatis

1027 1561 1275 1605 uniuscuiusque
1299 1562 1437 1603 illorum,
1457 1572 1579 1595 necnon
1604 1562 1765 1605 temporis,

1027 1624 1089 1657 quo
1113 1614 1325 1646 iuramentum
1359 1625 1413 1647 seu
1440 1621 1544 1647 votum
1569 1615 1766 1658 praedictum

1028 1668 1198 1711 emiserint,
1224 1674 1254 1701 et
1278 1669 1381 1712 quoad
1412 1669 1627 1703 missionarios
1655 1681 1673 1702 a
1704 1681 1765 1714 quo

1028 1726 1169 1765 tempore
1200 1723 1400 1766 reperiantur
1433 1724 1463 1755 in
1495 1723 1717 1764 missionibus,
1750 1734 1766 1756 a

1027 1775 1140 1818 quibus
1164 1786 1256 1809 nemo
1274 1776 1372 1819 possit
1390 1777 1528 1809 amoveri
1556 1782 1608 1809 aut
1624 1775 1765 1809 revocari

1027 1828 1143 1872 absque
1161 1829 1401 1873 participatione
1414 1830 1572 1873 praefatae
1596 1840 1767 1873 congrega-

1028 1881 1119 1915 tionis
1144 1882 1361 1915 cardinalium.
1377 1883 1542 1915 Praeterea
1558 1883 1723 1916 statuimus
1737 1888 1767 1915 et

1027 1935 1211 1969 ordinamus
1235 1940 1268 1970 ut
1292 1946 1392 1969 novus
1417 1942 1588 1969 conventus
1612 1942 1642 1969 et
1676 1936 1766 1969 semi«

1026 1989 1149 2022 narium
1164 1989 1345 2022 huiusmodi
1359 1990 1538 2023 subiaceant
1552 1990 1658 2023 curiae
1674 1990 1767 2023 unius

1027 2044 1159 2076 rectoris
1185 2049 1215 2076 et
1239 2044 1331 2077 unius
1352 2044 1553 2077 vicercctoris
1571 2044 1701 2077 fratrum
1721 2043 1768 2077 Di—

1027 2097 1253 2130 scalceatorum
1268 2097 1368 2130 dictae
1386 2097 1644 2140 Congregationis
1661 2097 1766 2129 ltaliae

1028 2150 1247 2194 ponendorum
1274 2155 1303 2184 et
1327 2151 1575 2184 amovendorum
1594 2151 1631 2183 ad
1655 2156 1766 2183 nutum

1028 2204 1198 2248 praepositi
1224 2205 1380 2247 generalis
1401 2210 1430 2237 et
1455 2204 1624 2237 delinitorii
1649 2204 1767 2248 praefa-

1028 2263 1142 2299 torum,
1169 2269 1238 2291 cum
1264 2257 1502 2301 participatione
1533 2263 1634 2289 tamen
1660 2262 1690 2290 et
1713 2267 1766 2300 ap-

1027 2311 1224 2354 probatione,
1238 2316 1389 2354 quantum
1408 2310 1534 2354 quidem
1550 2310 1587 2342 ad
1610 2315 1766 2343 rectorem

1026 2365 1145 2405 attinet,
1170 2364 1272 2397 dictae
1289 2363 1542 2406 congregationis
1560 2363 1766 2396 cardinalium

1028 2418 1058 2450 in
1080 2418 1204 2462 scriptis
1221 2418 1378 2457 facienda;
1397 2418 1462 2461 ipse
1480 2428 1553 2451 vero
1577 2428 1676 2451 novus
1693 2427 1768 2451 con-

1027 2477 1136 2504 ventus
1161 2472 1203 2504 ita
1227 2472 1345 2505 servire
1374 2471 1486 2504 debeat
1510 2472 1579 2504 usui
1606 2471 1765 2504 seminarii

1027 2525 1218 2569 supradicti,
1245 2529 1277 2558 ut
1314 2525 1343 2557 in
1380 2536 1416 2557 co
1450 2536 1543 2558 nemo
1575 2524 1765 2558 commorari

1028 2579 1147 2622 possit,
1180 2584 1304 2622 praeter
1343 2578 1556 2611 seminaristas
1593 2588 1766 2622 eorumque

1673 166 1736 200 773
1782 177 1832 204 An.
1847 177 1877 204 c.
1899 177 1967 205 1662
