<?xml version="1.0" encoding="UTF-8"?>
<!DOCTYPE html PUBLIC "-//W3C//DTD XHTML 1.0 Transitional//EN"
    "http://www.w3.org/TR/xhtml1/DTD/xhtml1-transitional.dtd">
<html xmlns="http://www.w3.org/1999/xhtml" xml:lang="en" lang="en">
 <head>
  <title>
</title>
<meta http-equiv="Content-Type" content="text/html;charset=utf-8" />
  <meta name='ocr-system' content='tesseract 3.04.00' />
  <meta name='ocr-capabilities' content='ocr_page ocr_carea ocr_par ocr_line ocrx_word'/>
</head>
<body>
  <div class='ocr_page' id='page_1' title='image "./bullarumdiplomat16cath_0502.png"; bbox 0 0 2243 3205; ppageno 0'>
   <div class='ocr_carea' id='block_1_1' title="bbox 225 189 522 228">
    <p class='ocr_par' dir='ltr' id='par_1_1' title="bbox 225 189 522 228">
     <span class='ocr_line' id='line_1_1' title="bbox 225 189 522 228; baseline 0.003 -1"><span class='ocrx_word' id='word_1_1' title='bbox 225 201 275 228; x_wconf 72' lang='lat' dir='ltr'>An.</span> <span class='ocrx_word' id='word_1_2' title='bbox 291 199 319 228; x_wconf 87' lang='lat' dir='ltr'>c.</span> <span class='ocrx_word' id='word_1_3' title='bbox 343 200 411 228; x_wconf 79' lang='lat'>1659</span> <span class='ocrx_word' id='word_1_4' title='bbox 456 189 522 223; x_wconf 74' lang='grc'>468</span> 
     </span>
    </p>
   </div>
   <div class='ocr_carea' id='block_1_2' title="bbox 253 635 340 656">
    <p class='ocr_par' dir='ltr' id='par_1_2' title="bbox 253 635 340 656">
     <span class='ocr_line' id='line_1_2' title="bbox 253 635 340 656; baseline -0.011 0"><span class='ocrx_word' id='word_1_5' title='bbox 253 635 340 656; x_wconf 76' lang='lat' dir='ltr'>Moriva.</span> 
     </span>
    </p>
   </div>
   <div class='ocr_carea' id='block_1_3' title="bbox 231 1862 418 2021">
    <p class='ocr_par' dir='ltr' id='par_1_3' title="bbox 231 1862 418 2021">
     <span class='ocr_line' id='line_1_3' title="bbox 275 1862 416 1883; baseline 0 0"><span class='ocrx_word' id='word_1_6' title='bbox 275 1862 416 1883; x_wconf 75' lang='lat' dir='ltr'>Concordiam</span> 
     </span>
     <span class='ocr_line' id='line_1_4' title="bbox 231 1888 416 1910; baseline -0.005 0"><span class='ocrx_word' id='word_1_7' title='bbox 231 1888 304 1910; x_wconf 81' lang='lat' dir='ltr'>initam</span> <span class='ocrx_word' id='word_1_8' title='bbox 333 1892 354 1910; x_wconf 73' lang='lat' dir='ltr'>et</span> <span class='ocrx_word' id='word_1_9' title='bbox 381 1890 416 1909; x_wconf 82' lang='lat' dir='ltr'>dc-</span> 
     </span>
     <span class='ocr_line' id='line_1_5' title="bbox 232 1916 417 1936; baseline 0 0"><span class='ocrx_word' id='word_1_10' title='bbox 232 1918 311 1936; x_wconf 79' lang='lat' dir='ltr'>eretam</span> <span class='ocrx_word' id='word_1_11' title='bbox 364 1916 417 1936; x_wconf 82' lang='lat' dir='ltr'>inter</span> 
     </span>
     <span class='ocr_line' id='line_1_6' title="bbox 234 1942 417 1968; baseline 0 -6"><span class='ocrx_word' id='word_1_12' title='bbox 234 1943 308 1963; x_wconf 75' lang='lat' dir='ltr'>fraires</span> <span class='ocrx_word' id='word_1_13' title='bbox 334 1942 417 1968; x_wconf 78' lang='lat' dir='ltr'>praedi-</span> 
     </span>
     <span class='ocr_line' id='line_1_7' title="bbox 233 1969 418 1990; baseline 0 -1"><span class='ocrx_word' id='word_1_14' title='bbox 233 1972 277 1989; x_wconf 75' lang='lat' dir='ltr'>ctos</span> <span class='ocrx_word' id='word_1_15' title='bbox 309 1969 418 1990; x_wconf 73' lang='lat' dir='ltr'>confirmat</span> 
     </span>
     <span class='ocr_line' id='line_1_8' title="bbox 233 1995 380 2021; baseline 0 -5"><span class='ocrx_word' id='word_1_16' title='bbox 233 1998 253 2016; x_wconf 78' lang='lat' dir='ltr'>et</span> <span class='ocrx_word' id='word_1_17' title='bbox 269 1995 380 2021; x_wconf 74' lang='lat' dir='ltr'>approbat.</span> 
     </span>
    </p>
   </div>
   <div class='ocr_carea' id='block_1_4' title="bbox 423 246 1172 1735">
    <p class='ocr_par' dir='ltr' id='par_1_4' title="bbox 423 246 1166 611">
     <span class='ocr_line' id='line_1_9' title="bbox 425 246 1161 290; baseline 0.001 -11"><span class='ocrx_word' id='word_1_18' title='bbox 425 246 571 280; x_wconf 83' lang='lat' dir='ltr'>fundandi</span> <span class='ocrx_word' id='word_1_19' title='bbox 597 246 628 279; x_wconf 90' lang='lat' dir='ltr'>in</span> <span class='ocrx_word' id='word_1_20' title='bbox 654 246 887 290; x_wconf 86' lang='lat' dir='ltr'>episcopatibus</span> <span class='ocrx_word' id='word_1_21' title='bbox 908 247 1072 288; x_wconf 71' lang='lat' dir='ltr'>Gaenensi,</span> <span class='ocrx_word' id='word_1_22' title='bbox 1089 247 1161 280; x_wconf 90' lang='lat' dir='ltr'>Cor-</span> 
     </span>
     <span class='ocr_line' id='line_1_10' title="bbox 423 300 1165 343; baseline -0.001 -10"><span class='ocrx_word' id='word_1_23' title='bbox 423 300 554 334; x_wconf 88' lang='lat' dir='ltr'>dubensi</span> <span class='ocrx_word' id='word_1_24' title='bbox 580 305 610 333; x_wconf 94' lang='lat' dir='ltr'>et</span> <span class='ocrx_word' id='word_1_25' title='bbox 633 300 825 343; x_wconf 87' lang='lat' dir='ltr'>Malacitano,</span> <span class='ocrx_word' id='word_1_26' title='bbox 848 300 979 334; x_wconf 89' lang='lat' dir='ltr'>dilectus</span> <span class='ocrx_word' id='word_1_27' title='bbox 1003 301 1085 333; x_wconf 89' lang='lat' dir='ltr'>filius</span> <span class='ocrx_word' id='word_1_28' title='bbox 1111 301 1165 333; x_wconf 88' lang='lat' dir='ltr'>mi-</span> 
     </span>
     <span class='ocr_line' id='line_1_11' title="bbox 423 353 1164 397; baseline -0.003 -10"><span class='ocrx_word' id='word_1_29' title='bbox 423 355 520 388; x_wconf 81' lang='lat' dir='ltr'>nister</span> <span class='ocrx_word' id='word_1_30' title='bbox 555 353 712 397; x_wconf 79' lang='lat' dir='ltr'>generalis</span> <span class='ocrx_word' id='word_1_31' title='bbox 750 353 823 387; x_wconf 88' lang='lat' dir='ltr'>dicti</span> <span class='ocrx_word' id='word_1_32' title='bbox 860 353 983 387; x_wconf 82' lang='lat' dir='ltr'>Ordinis</span> <span class='ocrx_word' id='word_1_33' title='bbox 1020 353 1164 386; x_wconf 85' lang='lat' dir='ltr'>mandato</span> 
     </span>
     <span class='ocr_line' id='line_1_12' title="bbox 423 407 1165 452; baseline -0.001 -12"><span class='ocrx_word' id='word_1_34' title='bbox 423 413 532 441; x_wconf 90' lang='lat' dir='ltr'>nostro</span> <span class='ocrx_word' id='word_1_35' title='bbox 550 407 751 441; x_wconf 80' lang='lat' dir='ltr'>concordiam</span> <span class='ocrx_word' id='word_1_36' title='bbox 770 418 865 452; x_wconf 88' lang='lat' dir='ltr'>super</span> <span class='ocrx_word' id='word_1_37' title='bbox 884 407 1067 452; x_wconf 76' lang='lat' dir='ltr'>praemissis</span> <span class='ocrx_word' id='word_1_38' title='bbox 1085 408 1165 439; x_wconf 87' lang='lat' dir='ltr'>inter</span> 
     </span>
     <span class='ocr_line' id='line_1_13' title="bbox 424 460 1164 504; baseline -0.003 -11"><span class='ocrx_word' id='word_1_39' title='bbox 424 466 528 504; x_wconf 88' lang='lat' dir='ltr'>partes</span> <span class='ocrx_word' id='word_1_40' title='bbox 546 461 699 504; x_wconf 87' lang='lat' dir='ltr'>praefatas</span> <span class='ocrx_word' id='word_1_41' title='bbox 717 460 754 493; x_wconf 87' lang='lat' dir='ltr'>de</span> <span class='ocrx_word' id='word_1_42' title='bbox 773 461 898 494; x_wconf 88' lang='lat' dir='ltr'>illorum</span> <span class='ocrx_word' id='word_1_43' title='bbox 914 471 1068 494; x_wconf 88' lang='lat' dir='ltr'>consensu</span> <span class='ocrx_word' id='word_1_44' title='bbox 1087 460 1164 499; x_wconf 87' lang='lat' dir='ltr'>iniit,</span> 
     </span>
     <span class='ocr_line' id='line_1_14' title="bbox 425 512 1166 558; baseline -0.003 -12"><span class='ocrx_word' id='word_1_45' title='bbox 425 512 623 557; x_wconf 85' lang='lat' dir='ltr'>eisdemqne¹</span> <span class='ocrx_word' id='word_1_46' title='bbox 650 514 821 558; x_wconf 83' lang='lat' dir='ltr'>provinciis</span> <span class='ocrx_word' id='word_1_47' title='bbox 844 514 995 547; x_wconf 89' lang='lat' dir='ltr'>terminos</span> <span class='ocrx_word' id='word_1_48' title='bbox 1020 519 1050 546; x_wconf 90' lang='lat' dir='ltr'>et</span> <span class='ocrx_word' id='word_1_49' title='bbox 1074 512 1166 545; x_wconf 79' lang='lat' dir='ltr'>consi-</span> 
     </span>
     <span class='ocr_line' id='line_1_15' title="bbox 424 567 1120 611; baseline -0.001 -12"><span class='ocrx_word' id='word_1_50' title='bbox 424 567 475 599; x_wconf 90' lang='lat' dir='ltr'>nia</span> <span class='ocrx_word' id='word_1_51' title='bbox 499 567 677 609; x_wconf 76' lang='lat' dir='ltr'>assignavit,</span> <span class='ocrx_word' id='word_1_52' title='bbox 698 572 793 611; x_wconf 88' lang='lat' dir='ltr'>prout</span> <span class='ocrx_word' id='word_1_53' title='bbox 812 567 893 600; x_wconf 87' lang='lat' dir='ltr'>infra</span> <span class='ocrx_word' id='word_1_54' title='bbox 917 567 1120 610; x_wconf 78' lang='lat' dir='ltr'>exprimetur.</span> 
     </span>
    </p>

    <p class='ocr_par' dir='ltr' id='par_1_5' title="bbox 426 618 1172 1735">
     <span class='ocr_line' id='line_1_16' title="bbox 470 618 1166 663; baseline -0.003 -11"><span class='ocrx_word' id='word_1_55' title='bbox 470 620 484 663; x_wconf 60' lang='grc' dir='ltr'><strong>ἓ</strong></span> <span class='ocrx_word' id='word_1_56' title='bbox 502 619 531 652; x_wconf 63' lang='lat' dir='ltr'>Q.</span> <span class='ocrx_word' id='word_1_57' title='bbox 554 620 629 653; x_wconf 91' lang='lat' dir='ltr'>Cum</span> <span class='ocrx_word' id='word_1_58' title='bbox 650 625 763 663; x_wconf 87' lang='lat' dir='ltr'>autem,</span> <span class='ocrx_word' id='word_1_59' title='bbox 782 620 861 654; x_wconf 88' lang='lat' dir='ltr'>sicut</span> <span class='ocrx_word' id='word_1_60' title='bbox 881 620 988 653; x_wconf 88' lang='lat' dir='ltr'>eadem</span> <span class='ocrx_word' id='word_1_61' title='bbox 1014 618 1166 663; x_wconf 71' lang='lat' dir='ltr'>expositio</span> 
     </span>
     <span class='ocr_line' id='line_1_17' title="bbox 426 674 1163 718; baseline -0.001 -12"><span class='ocrx_word' id='word_1_62' title='bbox 426 674 645 717; x_wconf 79' lang='lat' dir='ltr'>subiungebat,</span> <span class='ocrx_word' id='word_1_63' title='bbox 671 674 831 718; x_wconf 77' lang='lat' dir='ltr'>praefatus</span> <span class='ocrx_word' id='word_1_64' title='bbox 855 674 1061 718; x_wconf 84' lang='lat' dir='ltr'>lldepbonsus</span> <span class='ocrx_word' id='word_1_65' title='bbox 1087 682 1163 706; x_wconf 52' lang='lat' dir='ltr'>cona</span> 
     </span>
     <span class='ocr_line' id='line_1_18' title="bbox 426 726 1167 772; baseline -0.003 -12"><span class='ocrx_word' id='word_1_66' title='bbox 426 728 566 761; x_wconf 89' lang='lat' dir='ltr'>cordiam</span> <span class='ocrx_word' id='word_1_67' title='bbox 592 728 792 769; x_wconf 88' lang='lat' dir='ltr'>huiusmodi,</span> <span class='ocrx_word' id='word_1_68' title='bbox 824 739 881 772; x_wconf 90' lang='lat' dir='ltr'>pro</span> <span class='ocrx_word' id='word_1_69' title='bbox 914 727 1047 760; x_wconf 90' lang='lat' dir='ltr'>firmiori</span> <span class='ocrx_word' id='word_1_70' title='bbox 1085 726 1167 758; x_wconf 86' lang='lat' dir='ltr'>illius</span> 
     </span>
     <span class='ocr_line' id='line_1_19' title="bbox 426 781 1167 825; baseline -0.004 -10"><span class='ocrx_word' id='word_1_71' title='bbox 426 781 627 815; x_wconf 74' lang='lat' dir='ltr'>subsistentia</span> <span class='ocrx_word' id='word_1_72' title='bbox 657 788 687 815; x_wconf 89' lang='lat' dir='ltr'>et</span> <span class='ocrx_word' id='word_1_73' title='bbox 716 783 945 823; x_wconf 88' lang='lat' dir='ltr'>observatione,</span> <span class='ocrx_word' id='word_1_74' title='bbox 975 781 1167 825; x_wconf 87' lang='lat' dir='ltr'>apostolicae</span> 
     </span>
     <span class='ocr_line' id='line_1_20' title="bbox 427 834 1166 873; baseline -0.004 -5"><span class='ocrx_word' id='word_1_75' title='bbox 427 835 674 869; x_wconf 86' lang='lat' dir='ltr'>confirmationis</span> <span class='ocrx_word' id='word_1_76' title='bbox 688 842 814 869; x_wconf 87' lang='lat' dir='ltr'>nostrae</span> <span class='ocrx_word' id='word_1_77' title='bbox 832 836 947 869; x_wconf 87' lang='lat' dir='ltr'>robore</span> <span class='ocrx_word' id='word_1_78' title='bbox 965 834 1166 873; x_wconf 84' lang='lat' dir='ltr'>communiri,</span> 
     </span>
     <span class='ocr_line' id='line_1_21' title="bbox 427 888 1168 934; baseline -0.003 -12"><span class='ocrx_word' id='word_1_79' title='bbox 427 895 457 922; x_wconf 89' lang='lat' dir='ltr'>et</span> <span class='ocrx_word' id='word_1_80' title='bbox 474 889 526 933; x_wconf 89' lang='lat' dir='ltr'>(ne</span> <span class='ocrx_word' id='word_1_81' title='bbox 542 890 680 933; x_wconf 80' lang='lat' dir='ltr'>praefata</span> <span class='ocrx_word' id='word_1_82' title='bbox 697 890 858 934; x_wconf 87' lang='lat' dir='ltr'>provincia</span> <span class='ocrx_word' id='word_1_83' title='bbox 875 890 904 923; x_wconf 85' lang='lat' dir='ltr'>S.</span> <span class='ocrx_word' id='word_1_84' title='bbox 922 888 1027 922; x_wconf 87' lang='lat' dir='ltr'>Didaci</span> <span class='ocrx_word' id='word_1_85' title='bbox 1046 888 1076 920; x_wconf 93' lang='lat' dir='ltr'>in</span> <span class='ocrx_word' id='word_1_86' title='bbox 1097 899 1168 932; x_wconf 90' lang='lat' dir='ltr'>pos-</span> 
     </span>
     <span class='ocr_line' id='line_1_22' title="bbox 427 941 1168 984; baseline -0.003 -9"><span class='ocrx_word' id='word_1_87' title='bbox 427 943 565 976; x_wconf 80' lang='lat' dir='ltr'>sessione</span> <span class='ocrx_word' id='word_1_88' title='bbox 583 954 712 976; x_wconf 88' lang='lat' dir='ltr'>suorum</span> <span class='ocrx_word' id='word_1_89' title='bbox 728 943 936 976; x_wconf 88' lang='lat' dir='ltr'>terminorum</span> <span class='ocrx_word' id='word_1_90' title='bbox 957 953 975 975; x_wconf 89' lang='lat' dir='ltr'>a</span> <span class='ocrx_word' id='word_1_91' title='bbox 992 941 1073 975; x_wconf 77' lang='lat' dir='ltr'>dicta</span> <span class='ocrx_word' id='word_1_92' title='bbox 1098 951 1168 984; x_wconf 91' lang='lat' dir='ltr'>pro-</span> 
     </span>
     <span class='ocr_line' id='line_1_23' title="bbox 428 996 1168 1040; baseline -0.003 -12"><span class='ocrx_word' id='word_1_93' title='bbox 428 996 529 1029; x_wconf 76' lang='lat' dir='ltr'>vincia</span> <span class='ocrx_word' id='word_1_94' title='bbox 544 996 574 1029; x_wconf 92' lang='lat' dir='ltr'>S.</span> <span class='ocrx_word' id='word_1_95' title='bbox 592 996 715 1029; x_wconf 88' lang='lat' dir='ltr'>Ioannis</span> <span class='ocrx_word' id='word_1_96' title='bbox 729 996 884 1040; x_wconf 86' lang='lat' dir='ltr'>Baptistae</span> <span class='ocrx_word' id='word_1_97' title='bbox 898 996 1005 1038; x_wconf 81' lang='lat' dir='ltr'>vigore</span> <span class='ocrx_word' id='word_1_98' title='bbox 1023 1005 1168 1038; x_wconf 84' lang='lat' dir='ltr'>quarum-</span> 
     </span>
     <span class='ocr_line' id='line_1_24' title="bbox 427 1048 1168 1083; baseline -0.003 -2"><span class='ocrx_word' id='word_1_99' title='bbox 427 1049 498 1081; x_wconf 93' lang='lat' dir='ltr'>dam</span> <span class='ocrx_word' id='word_1_100' title='bbox 510 1049 684 1082; x_wconf 86' lang='lat' dir='ltr'>litterarum</span> <span class='ocrx_word' id='word_1_101' title='bbox 696 1050 794 1083; x_wconf 84' lang='lat' dir='ltr'>felicis</span> <span class='ocrx_word' id='word_1_102' title='bbox 805 1049 1030 1083; x_wconf 86' lang='lat' dir='ltr'>recordationis</span> <span class='ocrx_word' id='word_1_103' title='bbox 1052 1048 1168 1081; x_wconf 79' lang='lat' dir='ltr'>Urbani</span> 
     </span>
     <span class='ocr_line' id='line_1_25' title="bbox 428 1100 1167 1146; baseline -0.003 -12"><span class='ocrx_word' id='word_1_104' title='bbox 428 1102 509 1145; x_wconf 87' lang='lat' dir='ltr'>Papa</span> <span class='ocrx_word' id='word_1_105' title='bbox 533 1102 598 1135; x_wconf 77' lang='lat' dir='ltr'>vlt]</span> <span class='ocrx_word' id='word_1_106' title='bbox 615 1102 868 1146; x_wconf 76' lang='lat' dir='ltr'>praedecessoris</span> <span class='ocrx_word' id='word_1_107' title='bbox 893 1101 992 1135; x_wconf 88' lang='lat' dir='ltr'>nostri</span> <span class='ocrx_word' id='word_1_108' title='bbox 1018 1101 1049 1133; x_wconf 87' lang='lat' dir='ltr'>in</span> <span class='ocrx_word' id='word_1_109' title='bbox 1074 1100 1167 1133; x_wconf 79' lang='lat' dir='ltr'>simili</span> 
     </span>
     <span class='ocr_line' id='line_1_26' title="bbox 429 1155 1169 1200; baseline 0 -13"><span class='ocrx_word' id='word_1_110' title='bbox 429 1156 528 1189; x_wconf 79' lang='lat' dir='ltr'>forma</span> <span class='ocrx_word' id='word_1_111' title='bbox 553 1156 660 1189; x_wconf 78' lang='lat' dir='ltr'>Brevis</span> <span class='ocrx_word' id='word_1_112' title='bbox 692 1156 741 1189; x_wconf 90' lang='lat' dir='ltr'>die</span> <span class='ocrx_word' id='word_1_113' title='bbox 773 1166 804 1189; x_wconf 92' lang='lat' dir='ltr'>1v</span> <span class='ocrx_word' id='word_1_114' title='bbox 829 1155 1017 1200; x_wconf 71' lang='lat' dir='ltr'>septembris</span> <span class='ocrx_word' id='word_1_115' title='bbox 1042 1164 1169 1188; x_wconf 70' lang='lat' dir='ltr'>itincxmi</span> 
     </span>
     <span class='ocr_line' id='line_1_27' title="bbox 428 1208 1170 1253; baseline 0 -12"><span class='ocrx_word' id='word_1_116' title='bbox 428 1209 656 1252; x_wconf 83' lang='lat' dir='ltr'>expeditarum,</span> <span class='ocrx_word' id='word_1_117' title='bbox 670 1220 727 1253; x_wconf 89' lang='lat' dir='ltr'>per</span> <span class='ocrx_word' id='word_1_118' title='bbox 744 1220 821 1253; x_wconf 91' lang='lat' dir='ltr'>quas</span> <span class='ocrx_word' id='word_1_119' title='bbox 838 1209 1054 1242; x_wconf 89' lang='lat' dir='ltr'>conceduntur</span> <span class='ocrx_word' id='word_1_120' title='bbox 1069 1208 1170 1241; x_wconf 88' lang='lat' dir='ltr'>dictae</span> 
     </span>
     <span class='ocr_line' id='line_1_28' title="bbox 429 1261 1168 1306; baseline 0 -12"><span class='ocrx_word' id='word_1_121' title='bbox 429 1262 610 1305; x_wconf 83' lang='lat' dir='ltr'>provinciae</span> <span class='ocrx_word' id='word_1_122' title='bbox 622 1262 748 1295; x_wconf 88' lang='lat' dir='ltr'>termini</span> <span class='ocrx_word' id='word_1_123' title='bbox 762 1262 943 1306; x_wconf 86' lang='lat' dir='ltr'>provinciae</span> <span class='ocrx_word' id='word_1_124' title='bbox 957 1261 1168 1302; x_wconf 86' lang='lat' dir='ltr'>Granatensis,</span> 
     </span>
     <span class='ocr_line' id='line_1_29' title="bbox 428 1316 1167 1360; baseline 0 -12"><span class='ocrx_word' id='word_1_125' title='bbox 428 1327 551 1349; x_wconf 89' lang='lat' dir='ltr'>necnon</span> <span class='ocrx_word' id='word_1_126' title='bbox 569 1316 703 1350; x_wconf 85' lang='lat' dir='ltr'>aliarum</span> <span class='ocrx_word' id='word_1_127' title='bbox 729 1317 903 1350; x_wconf 89' lang='lat' dir='ltr'>litterarum</span> <span class='ocrx_word' id='word_1_128' title='bbox 923 1317 1167 1360; x_wconf 87' lang='lat' dir='ltr'>apostolicarum</span> 
     </span>
     <span class='ocr_line' id='line_1_30' title="bbox 430 1370 1169 1414; baseline -0.001 -11"><span class='ocrx_word' id='word_1_129' title='bbox 430 1371 616 1404; x_wconf 82' lang='lat' dir='ltr'>recolendae</span> <span class='ocrx_word' id='word_1_130' title='bbox 631 1371 802 1404; x_wconf 84' lang='lat' dir='ltr'>memoriae</span> <span class='ocrx_word' id='word_1_131' title='bbox 811 1371 979 1405; x_wconf 87' lang='lat' dir='ltr'>Clementis</span> <span class='ocrx_word' id='word_1_132' title='bbox 997 1370 1169 1414; x_wconf 82' lang='lat' dir='ltr'>PapaeVlll</span> 
     </span>
     <span class='ocr_line' id='line_1_31' title="bbox 430 1423 1169 1468; baseline -0.001 -12"><span class='ocrx_word' id='word_1_133' title='bbox 430 1424 683 1468; x_wconf 86' lang='lat' dir='ltr'>praedecessoris</span> <span class='ocrx_word' id='word_1_134' title='bbox 708 1424 826 1468; x_wconf 85' lang='lat' dir='ltr'>pariter</span> <span class='ocrx_word' id='word_1_135' title='bbox 850 1424 950 1457; x_wconf 83' lang='lat' dir='ltr'>nostri</span> <span class='ocrx_word' id='word_1_136' title='bbox 970 1434 1006 1457; x_wconf 86' lang='lat' dir='ltr'>ac</span> <span class='ocrx_word' id='word_1_137' title='bbox 1030 1423 1169 1456; x_wconf 83' lang='lat' dir='ltr'>eiusdem</span> 
     </span>
     <span class='ocr_line' id='line_1_32' title="bbox 432 1477 1171 1522; baseline -0.001 -12"><span class='ocrx_word' id='word_1_138' title='bbox 432 1478 545 1510; x_wconf 86' lang='lat' dir='ltr'>Urbani</span> <span class='ocrx_word' id='word_1_139' title='bbox 566 1478 828 1522; x_wconf 57' lang='lat' dir='ltr'>praedecessoris</span> <span class='ocrx_word' id='word_1_140' title='bbox 847 1478 878 1510; x_wconf 93' lang='lat' dir='ltr'>in</span> <span class='ocrx_word' id='word_1_141' title='bbox 895 1477 1009 1521; x_wconf 89' lang='lat' dir='ltr'>quibus</span> <span class='ocrx_word' id='word_1_142' title='bbox 1029 1482 1074 1510; x_wconf 87' lang='lat' dir='ltr'>est</span> <span class='ocrx_word' id='word_1_143' title='bbox 1091 1477 1171 1510; x_wconf 90' lang='lat' dir='ltr'>clau-</span> 
     </span>
     <span class='ocr_line' id='line_1_33' title="bbox 430 1530 1171 1574; baseline -0.003 -10"><span class='ocrx_word' id='word_1_144' title='bbox 430 1531 497 1564; x_wconf 88' lang='lat' dir='ltr'>sula</span> <span class='ocrx_word' id='word_1_145' title='bbox 518 1531 673 1574; x_wconf 79' lang='lat' dir='ltr'>generalis</span> <span class='ocrx_word' id='word_1_146' title='bbox 690 1531 864 1565; x_wconf 84' lang='lat' dir='ltr'>concedens</span> <span class='ocrx_word' id='word_1_147' title='bbox 882 1531 1031 1564; x_wconf 84' lang='lat' dir='ltr'>fratribus</span> <span class='ocrx_word' id='word_1_148' title='bbox 1046 1530 1171 1563; x_wconf 89' lang='lat' dir='ltr'>Ordinis</span> 
     </span>
     <span class='ocr_line' id='line_1_34' title="bbox 430 1584 1171 1628; baseline -0.001 -11"><span class='ocrx_word' id='word_1_149' title='bbox 430 1585 561 1628; x_wconf 80' lang='lat' dir='ltr'>praefati</span> <span class='ocrx_word' id='word_1_150' title='bbox 586 1585 763 1618; x_wconf 78' lang='lat' dir='ltr'>facultatem</span> <span class='ocrx_word' id='word_1_151' title='bbox 785 1584 933 1617; x_wconf 86' lang='lat' dir='ltr'>fundandi</span> <span class='ocrx_word' id='word_1_152' title='bbox 953 1585 984 1617; x_wconf 91' lang='lat' dir='ltr'>in</span> <span class='ocrx_word' id='word_1_153' title='bbox 1008 1584 1171 1628; x_wconf 83' lang='lat' dir='ltr'>quibusvis</span> 
     </span>
     <span class='ocr_line' id='line_1_35' title="bbox 430 1637 1171 1682; baseline -0.001 -12"><span class='ocrx_word' id='word_1_154' title='bbox 430 1638 507 1671; x_wconf 91' lang='lat' dir='ltr'>locis</span> <span class='ocrx_word' id='word_1_155' title='bbox 533 1638 626 1671; x_wconf 89' lang='lat' dir='ltr'>totius</span> <span class='ocrx_word' id='word_1_156' title='bbox 651 1638 839 1682; x_wconf 85' lang='lat' dir='ltr'>Hispaniae,</span> <span class='ocrx_word' id='word_1_157' title='bbox 864 1637 903 1670; x_wconf 89' lang='lat' dir='ltr'>de</span> <span class='ocrx_word' id='word_1_158' title='bbox 934 1643 1038 1671; x_wconf 89' lang='lat' dir='ltr'>cetero</span> <span class='ocrx_word' id='word_1_159' title='bbox 1065 1637 1171 1670; x_wconf 85' lang='lat' dir='ltr'>turbe-</span> 
     </span>
     <span class='ocr_line' id='line_1_36' title="bbox 431 1691 1172 1735; baseline 0 -11"><span class='ocrx_word' id='word_1_160' title='bbox 431 1692 494 1735; x_wconf 91' lang='lat' dir='ltr'>tur)</span> <span class='ocrx_word' id='word_1_161' title='bbox 509 1697 685 1735; x_wconf 82' lang='lat' dir='ltr'>opportune</span> <span class='ocrx_word' id='word_1_162' title='bbox 702 1702 719 1724; x_wconf 91' lang='lat' dir='ltr'>a</span> <span class='ocrx_word' id='word_1_163' title='bbox 736 1691 826 1725; x_wconf 89' lang='lat' dir='ltr'>nobis</span> <span class='ocrx_word' id='word_1_164' title='bbox 848 1691 878 1724; x_wconf 91' lang='lat' dir='ltr'>in</span> <span class='ocrx_word' id='word_1_165' title='bbox 899 1691 1080 1735; x_wconf 83' lang='lat' dir='ltr'>praemissis</span> <span class='ocrx_word' id='word_1_166' title='bbox 1101 1702 1172 1735; x_wconf 88' lang='lat' dir='ltr'>pro-</span> 
     </span>
    </p>
   </div>
   <div class='ocr_carea' id='block_1_5' title="bbox 432 1745 1188 1789">
    <p class='ocr_par' dir='ltr' id='par_1_6' title="bbox 432 1745 1188 1789">
     <span class='ocr_line' id='line_1_37' title="bbox 432 1745 1188 1789; baseline -0.001 -11"><span class='ocrx_word' id='word_1_167' title='bbox 432 1745 529 1778; x_wconf 77' lang='lat' dir='ltr'>videri</span> <span class='ocrx_word' id='word_1_168' title='bbox 562 1751 592 1778; x_wconf 90' lang='lat' dir='ltr'>et</span> <span class='ocrx_word' id='word_1_169' title='bbox 624 1751 658 1778; x_wconf 88' lang='lat' dir='ltr'>ut</span> <span class='ocrx_word' id='word_1_170' title='bbox 683 1745 763 1778; x_wconf 84' lang='lat' dir='ltr'>infra</span> <span class='ocrx_word' id='word_1_171' title='bbox 789 1745 945 1789; x_wconf 80' lang='lat' dir='ltr'>indulgeri</span> <span class='ocrx_word' id='word_1_172' title='bbox 970 1750 1188 1789; x_wconf 79' lang='lat' dir='ltr'>summopere&#39;</span> 
     </span>
    </p>
   </div>
   <div class='ocr_carea' id='block_1_6' title="bbox 431 1798 1172 1948">
    <p class='ocr_par' dir='ltr' id='par_1_7' title="bbox 431 1798 1172 1948">
     <span class='ocr_line' id='line_1_38' title="bbox 431 1798 603 1831; baseline 0 0"><span class='ocrx_word' id='word_1_173' title='bbox 431 1798 603 1831; x_wconf 75' lang='lat' dir='ltr'>desideret:</span> 
     </span>
     <span class='ocr_line' id='line_1_39' title="bbox 477 1852 1172 1897; baseline -0.004 -11"><span class='ocrx_word' id='word_1_174' title='bbox 477 1853 491 1896; x_wconf 62' lang='grc' dir='ltr'>ἓ</span> <span class='ocrx_word' id='word_1_175' title='bbox 515 1852 545 1886; x_wconf 81' lang='lat'>3.</span> <span class='ocrx_word' id='word_1_176' title='bbox 571 1854 644 1893; x_wconf 74' lang='lat' dir='ltr'>Nos,</span> <span class='ocrx_word' id='word_1_177' title='bbox 662 1853 764 1897; x_wconf 90' lang='lat' dir='ltr'>ipsum</span> <span class='ocrx_word' id='word_1_178' title='bbox 786 1852 1008 1896; x_wconf 83' lang='lat' dir='ltr'>ildephonsum</span> <span class='ocrx_word' id='word_1_179' title='bbox 1036 1852 1172 1896; x_wconf 88' lang='lat' dir='ltr'>speciali-</span> 
     </span>
     <span class='ocr_line' id='line_1_40' title="bbox 432 1905 1172 1948; baseline -0.001 -10"><span class='ocrx_word' id='word_1_180' title='bbox 432 1905 500 1947; x_wconf 90' lang='lat' dir='ltr'>bus,</span> <span class='ocrx_word' id='word_1_181' title='bbox 518 1906 677 1939; x_wconf 86' lang='lat' dir='ltr'>savoribus</span> <span class='ocrx_word' id='word_1_182' title='bbox 693 1911 723 1939; x_wconf 86' lang='lat' dir='ltr'>et</span> <span class='ocrx_word' id='word_1_183' title='bbox 740 1906 860 1948; x_wconf 81' lang='lat' dir='ltr'>gratiis,</span> <span class='ocrx_word' id='word_1_184' title='bbox 877 1911 946 1946; x_wconf 63' lang='lat' dir='ltr'>etc„</span> <span class='ocrx_word' id='word_1_185' title='bbox 964 1910 994 1938; x_wconf 88' lang='lat' dir='ltr'>et</span> <span class='ocrx_word' id='word_1_186' title='bbox 1010 1916 1027 1938; x_wconf 88' lang='lat' dir='ltr'>a</span> <span class='ocrx_word' id='word_1_187' title='bbox 1044 1905 1172 1948; x_wconf 89' lang='lat' dir='ltr'>quibus-</span> 
     </span>
    </p>
   </div>
   <div class='ocr_carea' id='block_1_7' title="bbox 432 1949 1190 2003">
    <p class='ocr_par' dir='ltr' id='par_1_8' title="bbox 432 1949 1190 2003">
     <span class='ocr_line' id='line_1_41' title="bbox 432 1949 1190 2003; baseline 0 -11"><span class='ocrx_word' id='word_1_188' title='bbox 432 1959 477 1992; x_wconf 90' lang='lat' dir='ltr'>vis</span> <span class='ocrx_word' id='word_1_189' title='bbox 498 1959 843 2002; x_wconf 84' lang='lat' dir='ltr'>excommunicationis,</span> <span class='ocrx_word' id='word_1_190' title='bbox 862 1959 1085 2003; x_wconf 58' lang='lat' dir='ltr'>suspensionis</span> <span class='ocrx_word' id='word_1_191' title='bbox 1104 1965 1172 2001; x_wconf 86' lang='lat' dir='ltr'>etc.,</span> <span class='ocrx_word' id='word_1_192' title='bbox 1188 1949 1190 1961; x_wconf 63' lang='grc'>’</span> 
     </span>
    </p>
   </div>
   <div class='ocr_carea' id='block_1_8' title="bbox 433 2013 1177 2538">
    <p class='ocr_par' dir='ltr' id='par_1_9' title="bbox 433 2013 1177 2538">
     <span class='ocr_line' id='line_1_42' title="bbox 433 2013 1174 2046; baseline -0.001 0"><span class='ocrx_word' id='word_1_193' title='bbox 433 2013 544 2046; x_wconf 85' lang='lat' dir='ltr'>harum</span> <span class='ocrx_word' id='word_1_194' title='bbox 563 2013 643 2046; x_wconf 87' lang='lat' dir='ltr'>serie</span> <span class='ocrx_word' id='word_1_195' title='bbox 661 2013 857 2046; x_wconf 87' lang='lat' dir='ltr'>absolventes</span> <span class='ocrx_word' id='word_1_196' title='bbox 871 2018 900 2045; x_wconf 86' lang='lat' dir='ltr'>et</span> <span class='ocrx_word' id='word_1_197' title='bbox 913 2013 1089 2046; x_wconf 87' lang='lat' dir='ltr'>absolutum</span> <span class='ocrx_word' id='word_1_198' title='bbox 1108 2013 1174 2045; x_wconf 85' lang='lat' dir='ltr'>sore</span> 
     </span>
     <span class='ocr_line' id='line_1_43' title="bbox 434 2066 1174 2110; baseline 0 -11"><span class='ocrx_word' id='word_1_199' title='bbox 434 2071 611 2107; x_wconf 84' lang='lat' dir='ltr'>censentes,</span> <span class='ocrx_word' id='word_1_200' title='bbox 637 2066 921 2110; x_wconf 87' lang='lat' dir='ltr'>supplicationibus</span> <span class='ocrx_word' id='word_1_201' title='bbox 953 2066 1019 2099; x_wconf 90' lang='lat' dir='ltr'>eius</span> <span class='ocrx_word' id='word_1_202' title='bbox 1047 2067 1174 2099; x_wconf 89' lang='lat' dir='ltr'>nomine</span> 
     </span>
     <span class='ocr_line' id='line_1_44' title="bbox 434 2120 1175 2164; baseline 0 -12"><span class='ocrx_word' id='word_1_203' title='bbox 434 2120 525 2153; x_wconf 91' lang='lat' dir='ltr'>nobis</span> <span class='ocrx_word' id='word_1_204' title='bbox 551 2130 645 2164; x_wconf 89' lang='lat' dir='ltr'>super</span> <span class='ocrx_word' id='word_1_205' title='bbox 661 2120 722 2153; x_wconf 89' lang='lat' dir='ltr'>boc</span> <span class='ocrx_word' id='word_1_206' title='bbox 740 2120 902 2152; x_wconf 86' lang='lat' dir='ltr'>humiliter</span> <span class='ocrx_word' id='word_1_207' title='bbox 918 2121 1073 2163; x_wconf 82' lang='lat' dir='ltr'>porrectis</span> <span class='ocrx_word' id='word_1_208' title='bbox 1090 2120 1175 2152; x_wconf 91' lang='lat' dir='ltr'>incli-</span> 
     </span>
     <span class='ocr_line' id='line_1_45' title="bbox 434 2173 1176 2218; baseline 0.001 -12"><span class='ocrx_word' id='word_1_209' title='bbox 434 2174 508 2215; x_wconf 91' lang='lat' dir='ltr'>nati,</span> <span class='ocrx_word' id='word_1_210' title='bbox 522 2173 560 2207; x_wconf 88' lang='lat' dir='ltr'>de</span> <span class='ocrx_word' id='word_1_211' title='bbox 577 2174 790 2218; x_wconf 81' lang='lat' dir='ltr'>praefatorum</span> <span class='ocrx_word' id='word_1_212' title='bbox 806 2173 1021 2214; x_wconf 83' lang='lat' dir='ltr'>cardinalium,</span> <span class='ocrx_word' id='word_1_213' title='bbox 1036 2175 1087 2218; x_wconf 86' lang='lat' dir='ltr'>qui</span> <span class='ocrx_word' id='word_1_214' title='bbox 1106 2185 1176 2207; x_wconf 92' lang='lat' dir='ltr'>con-</span> 
     </span>
     <span class='ocr_line' id='line_1_46' title="bbox 434 2227 1175 2271; baseline 0.001 -12"><span class='ocrx_word' id='word_1_215' title='bbox 434 2227 573 2260; x_wconf 88' lang='lat' dir='ltr'>cordiam</span> <span class='ocrx_word' id='word_1_216' title='bbox 591 2238 648 2271; x_wconf 91' lang='lat' dir='ltr'>per</span> <span class='ocrx_word' id='word_1_217' title='bbox 668 2227 784 2261; x_wconf 90' lang='lat' dir='ltr'>dictum</span> <span class='ocrx_word' id='word_1_218' title='bbox 800 2227 978 2260; x_wconf 89' lang='lat' dir='ltr'>ministrum</span> <span class='ocrx_word' id='word_1_219' title='bbox 996 2228 1175 2270; x_wconf 74' lang='lat' dir='ltr'>generalem</span> 
     </span>
     <span class='ocr_line' id='line_1_47' title="bbox 435 2279 1177 2324; baseline 0.001 -12"><span class='ocrx_word' id='word_1_220' title='bbox 435 2279 473 2312; x_wconf 89' lang='lat' dir='ltr'>de</span> <span class='ocrx_word' id='word_1_221' title='bbox 495 2280 644 2313; x_wconf 84' lang='lat' dir='ltr'>mandato</span> <span class='ocrx_word' id='word_1_222' title='bbox 668 2286 777 2313; x_wconf 86' lang='lat' dir='ltr'>nostro</span> <span class='ocrx_word' id='word_1_223' title='bbox 802 2290 837 2313; x_wconf 88' lang='lat' dir='ltr'>ac</span> <span class='ocrx_word' id='word_1_224' title='bbox 862 2280 900 2313; x_wconf 88' lang='lat' dir='ltr'>dc</span> <span class='ocrx_word' id='word_1_225' title='bbox 924 2290 1078 2314; x_wconf 88' lang='lat' dir='ltr'>consensu</span> <span class='ocrx_word' id='word_1_226' title='bbox 1107 2291 1177 2324; x_wconf 86' lang='lat' dir='ltr'>par-</span> 
     </span>
     <span class='ocr_line' id='line_1_48' title="bbox 434 2334 1176 2378; baseline 0 -12"><span class='ocrx_word' id='word_1_227' title='bbox 434 2334 510 2366; x_wconf 88' lang='lat' dir='ltr'>tium</span> <span class='ocrx_word' id='word_1_228' title='bbox 529 2345 623 2378; x_wconf 90' lang='lat' dir='ltr'>super</span> <span class='ocrx_word' id='word_1_229' title='bbox 643 2335 848 2378; x_wconf 76' lang='lat' dir='ltr'>praenarrata</span> <span class='ocrx_word' id='word_1_230' title='bbox 874 2335 1088 2367; x_wconf 79' lang='lat' dir='ltr'>controversia</span> <span class='ocrx_word' id='word_1_231' title='bbox 1106 2345 1176 2367; x_wconf 85' lang='lat' dir='ltr'>eon-</span> 
     </span>
     <span class='ocr_line' id='line_1_49' title="bbox 434 2387 1174 2431; baseline 0.001 -12"><span class='ocrx_word' id='word_1_232' title='bbox 434 2387 542 2420; x_wconf 84' lang='lat' dir='ltr'>ssnium</span> <span class='ocrx_word' id='word_1_233' title='bbox 569 2393 815 2421; x_wconf 88' lang='lat' dir='ltr'>memoratarum</span> <span class='ocrx_word' id='word_1_234' title='bbox 847 2388 1081 2431; x_wconf 71' lang='lat' dir='ltr'>provinciarum</span> <span class='ocrx_word' id='word_1_235' title='bbox 1106 2398 1174 2421; x_wconf 91' lang='lat' dir='ltr'>san-</span> 
     </span>
     <span class='ocr_line' id='line_1_50' title="bbox 435 2440 1174 2485; baseline 0.001 -12"><span class='ocrx_word' id='word_1_236' title='bbox 435 2440 475 2473; x_wconf 92' lang='lat' dir='ltr'>cti</span> <span class='ocrx_word' id='word_1_237' title='bbox 489 2441 612 2474; x_wconf 89' lang='lat' dir='ltr'>Ioannis</span> <span class='ocrx_word' id='word_1_238' title='bbox 627 2442 783 2485; x_wconf 82' lang='lat' dir='ltr'>Baptistae</span> <span class='ocrx_word' id='word_1_239' title='bbox 797 2446 827 2474; x_wconf 92' lang='lat' dir='ltr'>ct</span> <span class='ocrx_word' id='word_1_240' title='bbox 844 2442 873 2474; x_wconf 79' lang='lat' dir='ltr'>S.</span> <span class='ocrx_word' id='word_1_241' title='bbox 890 2441 996 2474; x_wconf 88' lang='lat' dir='ltr'>Didaei</span> <span class='ocrx_word' id='word_1_242' title='bbox 1016 2441 1174 2475; x_wconf 87' lang='lat' dir='ltr'>decretam</span> 
     </span>
     <span class='ocr_line' id='line_1_51' title="bbox 435 2494 1175 2538; baseline 0.001 -12"><span class='ocrx_word' id='word_1_243' title='bbox 435 2498 465 2526; x_wconf 89' lang='lat' dir='ltr'>et</span> <span class='ocrx_word' id='word_1_244' title='bbox 490 2494 597 2527; x_wconf 90' lang='lat' dir='ltr'>initam</span> <span class='ocrx_word' id='word_1_245' title='bbox 622 2495 823 2538; x_wconf 86' lang='lat' dir='ltr'>eiusdemque</span> <span class='ocrx_word' id='word_1_246' title='bbox 854 2495 989 2528; x_wconf 87' lang='lat' dir='ltr'>ministri</span> <span class='ocrx_word' id='word_1_247' title='bbox 1020 2495 1175 2537; x_wconf 82' lang='lat' dir='ltr'>generalis</span> 
     </span>
    </p>
   </div>
   <div class='ocr_carea' id='block_1_9' title="bbox 437 2565 1175 2647">
    <p class='ocr_par' dir='ltr' id='par_1_10' title="bbox 437 2565 1175 2647">
     <span class='ocr_line' id='line_1_52' title="bbox 473 2565 1175 2602; baseline 0.003 -10"><span class='ocrx_word' id='word_1_248' title='bbox 473 2568 484 2592; x_wconf 87' lang='lat'><strong>1</strong></span> <span class='ocrx_word' id='word_1_249' title='bbox 503 2565 570 2593; x_wconf 84' lang='lat' dir='ltr'>ltlale</span> <span class='ocrx_word' id='word_1_250' title='bbox 585 2566 649 2593; x_wconf 87' lang='lat' dir='ltr'>edit.</span> <span class='ocrx_word' id='word_1_251' title='bbox 669 2566 748 2596; x_wconf 84' lang='lat' dir='ltr'>ltlain.</span> <span class='ocrx_word' id='word_1_252' title='bbox 769 2567 834 2602; x_wconf 80' lang='lat' dir='ltr'>legit</span> <span class='ocrx_word' id='word_1_253' title='bbox 853 2566 1034 2601; x_wconf 66' lang='lat' dir='ltr'>eiusdemque</span> <span class='ocrx_word' id='word_1_254' title='bbox 1053 2575 1101 2601; x_wconf 88' lang='lat' dir='ltr'>pro</span> <span class='ocrx_word' id='word_1_255' title='bbox 1120 2567 1175 2594; x_wconf 78' lang='lat' dir='ltr'>eis-</span> 
     </span>
     <span class='ocr_line' id='line_1_53' title="bbox 437 2611 678 2647; baseline -0.004 -9"><span class='ocrx_word' id='word_1_256' title='bbox 437 2611 558 2647; x_wconf 77' lang='lat' dir='ltr'>demque</span> <span class='ocrx_word' id='word_1_257' title='bbox 578 2611 614 2647; x_wconf 76' lang='lat' dir='ltr'>(a.</span> <span class='ocrx_word' id='word_1_258' title='bbox 631 2612 678 2646; x_wconf 82' lang='grc' dir='ltr'>τ.).</span> 
     </span>
    </p>
   </div>
   <div class='ocr_carea' id='block_1_10' title="bbox 1180 254 1195 2553">
    <p class='ocr_par' dir='ltr' id='par_1_11' title="bbox 1180 254 1195 2553">
     <span class='ocr_line' id='line_1_54' title="bbox 1180 254 1195 2553; baseline 0 0"><span class='ocrx_word' id='word_1_259' title='bbox 1180 254 1195 2553; x_wconf 95' lang='lat' dir='ltr'> </span> 
     </span>
    </p>
   </div>
   <div class='ocr_carea' id='block_1_11' title="bbox 1003 197 1360 223">
    <p class='ocr_par' dir='ltr' id='par_1_12' title="bbox 1003 197 1360 223">
     <span class='ocr_line' id='line_1_55' title="bbox 1003 197 1360 223; baseline -0.006 0"><span class='ocrx_word' id='word_1_260' title='bbox 1003 199 1180 223; x_wconf 75' lang='lat' dir='ltr'>BULLARIUM</span> <span class='ocrx_word' id='word_1_261' title='bbox 1204 197 1360 222; x_wconf 76' lang='lat' dir='ltr'><strong>ROMANUM</strong></span> 
     </span>
    </p>
   </div>
   <div class='ocr_carea' id='block_1_12' title="bbox 1198 244 1949 2112">
    <p class='ocr_par' dir='ltr' id='par_1_13' title="bbox 1198 244 1947 1894">
     <span class='ocr_line' id='line_1_56' title="bbox 1198 244 1937 286; baseline 0.003 -8"><span class='ocrx_word' id='word_1_262' title='bbox 1198 246 1381 278; x_wconf 84' lang='lat' dir='ltr'>relationem</span> <span class='ocrx_word' id='word_1_263' title='bbox 1407 244 1603 285; x_wconf 84' lang='lat' dir='ltr'>audiverunt,</span> <span class='ocrx_word' id='word_1_264' title='bbox 1628 245 1769 286; x_wconf 89' lang='lat' dir='ltr'>consilio,</span> <span class='ocrx_word' id='word_1_265' title='bbox 1794 246 1937 279; x_wconf 87' lang='lat' dir='ltr'>eamdem</span> 
     </span>
     <span class='ocr_line' id='line_1_57' title="bbox 1198 298 1938 342; baseline 0.001 -10"><span class='ocrx_word' id='word_1_266' title='bbox 1198 299 1412 338; x_wconf 84' lang='lat' dir='ltr'>concordiam,</span> <span class='ocrx_word' id='word_1_267' title='bbox 1430 298 1615 332; x_wconf 87' lang='lat' dir='ltr'>auctoritate</span> <span class='ocrx_word' id='word_1_268' title='bbox 1631 299 1811 342; x_wconf 75' lang='lat' dir='ltr'>apostolica,</span> <span class='ocrx_word' id='word_1_269' title='bbox 1829 304 1938 333; x_wconf 87' lang='lat' dir='ltr'>tenore</span> 
     </span>
     <span class='ocr_line' id='line_1_58' title="bbox 1199 352 1937 396; baseline 0.001 -12"><span class='ocrx_word' id='word_1_270' title='bbox 1199 352 1421 396; x_wconf 88' lang='lat' dir='ltr'>praesentium,</span> <span class='ocrx_word' id='word_1_271' title='bbox 1436 352 1659 386; x_wconf 86' lang='lat' dir='ltr'>confirmamus</span> <span class='ocrx_word' id='word_1_272' title='bbox 1672 357 1702 385; x_wconf 88' lang='lat' dir='ltr'>et</span> <span class='ocrx_word' id='word_1_273' title='bbox 1715 353 1937 396; x_wconf 87' lang='lat' dir='ltr'>approbamus,</span> 
     </span>
     <span class='ocr_line' id='line_1_59' title="bbox 1199 405 1938 450; baseline 0.003 -12"><span class='ocrx_word' id='word_1_274' title='bbox 1199 406 1306 450; x_wconf 88' lang='lat' dir='ltr'>illique</span> <span class='ocrx_word' id='word_1_275' title='bbox 1337 405 1525 439; x_wconf 84' lang='lat' dir='ltr'>inviolabilis</span> <span class='ocrx_word' id='word_1_276' title='bbox 1539 421 1542 425; x_wconf 93' lang='lat'>·</span> <span class='ocrx_word' id='word_1_277' title='bbox 1557 406 1747 450; x_wconf 85' lang='lat' dir='ltr'>apostolicae</span> <span class='ocrx_word' id='word_1_278' title='bbox 1782 406 1938 440; x_wconf 87' lang='lat' dir='ltr'>firmitatis</span> 
     </span>
     <span class='ocr_line' id='line_1_60' title="bbox 1199 460 1940 503; baseline 0.001 -11"><span class='ocrx_word' id='word_1_279' title='bbox 1199 460 1298 493; x_wconf 86' lang='lat' dir='ltr'>robur</span> <span class='ocrx_word' id='word_1_280' title='bbox 1322 460 1502 502; x_wconf 81' lang='lat' dir='ltr'>adi&#39;rcimus,</span> <span class='ocrx_word' id='word_1_281' title='bbox 1528 470 1563 493; x_wconf 89' lang='lat' dir='ltr'>ac</span> <span class='ocrx_word' id='word_1_282' title='bbox 1586 465 1681 503; x_wconf 86' lang='lat' dir='ltr'>prout</span> <span class='ocrx_word' id='word_1_283' title='bbox 1706 471 1742 493; x_wconf 87' lang='lat' dir='ltr'>ex</span> <span class='ocrx_word' id='word_1_284' title='bbox 1767 461 1803 494; x_wconf 78' lang='lat' dir='ltr'>ea</span> <span class='ocrx_word' id='word_1_285' title='bbox 1829 460 1940 493; x_wconf 85' lang='lat' dir='ltr'>exinde</span> 
     </span>
     <span class='ocr_line' id='line_1_61' title="bbox 1200 513 1941 557; baseline 0.001 -12"><span class='ocrx_word' id='word_1_286' title='bbox 1200 513 1280 545; x_wconf 83' lang='lat' dir='ltr'>inter</span> <span class='ocrx_word' id='word_1_287' title='bbox 1305 518 1494 546; x_wconf 88' lang='lat' dir='ltr'>memoratas</span> <span class='ocrx_word' id='word_1_288' title='bbox 1518 513 1697 557; x_wconf 85' lang='lat' dir='ltr'>provincias</span> <span class='ocrx_word' id='word_1_289' title='bbox 1730 513 1880 547; x_wconf 89' lang='lat' dir='ltr'>terminos</span> <span class='ocrx_word' id='word_1_290' title='bbox 1911 519 1941 546; x_wconf 89' lang='lat' dir='ltr'>et</span> 
     </span>
     <span class='ocr_line' id='line_1_62' title="bbox 1200 565 1940 599; baseline 0.001 -1"><span class='ocrx_word' id='word_1_291' title='bbox 1200 565 1336 598; x_wconf 82' lang='lat' dir='ltr'>confinia</span> <span class='ocrx_word' id='word_1_292' title='bbox 1368 566 1486 599; x_wconf 87' lang='lat' dir='ltr'>servari</span> <span class='ocrx_word' id='word_1_293' title='bbox 1517 571 1546 599; x_wconf 89' lang='lat' dir='ltr'>et</span> <span class='ocrx_word' id='word_1_294' title='bbox 1575 565 1725 599; x_wconf 88' lang='lat' dir='ltr'>custodiri</span> <span class='ocrx_word' id='word_1_295' title='bbox 1755 566 1940 599; x_wconf 86' lang='lat' dir='ltr'>mandamus</span> 
     </span>
     <span class='ocr_line' id='line_1_63' title="bbox 1201 618 1942 663; baseline 0 -12"><span class='ocrx_word' id='word_1_296' title='bbox 1201 623 1231 651; x_wconf 84' lang='lat' dir='ltr'>et</span> <span class='ocrx_word' id='word_1_297' title='bbox 1254 618 1477 663; x_wconf 90' lang='lat' dir='ltr'>praecipimus,</span> <span class='ocrx_word' id='word_1_298' title='bbox 1496 625 1529 652; x_wconf 90' lang='lat' dir='ltr'>ut</span> <span class='ocrx_word' id='word_1_299' title='bbox 1553 619 1672 652; x_wconf 86' lang='lat' dir='ltr'>scilieet</span> <span class='ocrx_word' id='word_1_300' title='bbox 1694 624 1759 652; x_wconf 89' lang='lat' dir='ltr'>tota</span> <span class='ocrx_word' id='word_1_301' title='bbox 1783 619 1942 653; x_wconf 84' lang='lat' dir='ltr'>continen-</span> 
     </span>
     <span class='ocr_line' id='line_1_64' title="bbox 1202 672 1941 717; baseline 0.001 -12"><span class='ocrx_word' id='word_1_302' title='bbox 1202 672 1242 705; x_wconf 90' lang='lat' dir='ltr'>tia</span> <span class='ocrx_word' id='word_1_303' title='bbox 1259 672 1548 716; x_wconf 81' lang='lat' dir='ltr'>archiepiscopatus</span> <span class='ocrx_word' id='word_1_304' title='bbox 1561 673 1753 717; x_wconf 88' lang='lat' dir='ltr'>Hispalensis</span> <span class='ocrx_word' id='word_1_305' title='bbox 1773 677 1803 706; x_wconf 90' lang='lat' dir='ltr'>et</span> <span class='ocrx_word' id='word_1_306' title='bbox 1823 673 1941 717; x_wconf 86' lang='lat' dir='ltr'>episco-</span> 
     </span>
     <span class='ocr_line' id='line_1_65' title="bbox 1200 725 1942 769; baseline 0.004 -12"><span class='ocrx_word' id='word_1_307' title='bbox 1200 730 1329 769; x_wconf 88' lang='lat' dir='ltr'>patuum</span> <span class='ocrx_word' id='word_1_308' title='bbox 1353 725 1506 766; x_wconf 82' lang='lat' dir='ltr'>Gaditani,</span> <span class='ocrx_word' id='word_1_309' title='bbox 1531 726 1742 760; x_wconf 85' lang='lat' dir='ltr'>Cordubensis</span> <span class='ocrx_word' id='word_1_310' title='bbox 1767 731 1797 759; x_wconf 85' lang='lat' dir='ltr'>et</span> <span class='ocrx_word' id='word_1_311' title='bbox 1821 726 1942 760; x_wconf 86' lang='lat' dir='ltr'>Malaci-</span> 
     </span>
     <span class='ocr_line' id='line_1_66' title="bbox 1202 779 1941 824; baseline 0.003 -14"><span class='ocrx_word' id='word_1_312' title='bbox 1202 779 1274 819; x_wconf 85' lang='lat' dir='ltr'>tani‚</span> <span class='ocrx_word' id='word_1_313' title='bbox 1300 789 1422 812; x_wconf 89' lang='lat' dir='ltr'>necnon</span> <span class='ocrx_word' id='word_1_314' title='bbox 1446 790 1518 823; x_wconf 90' lang='lat' dir='ltr'>pars</span> <span class='ocrx_word' id='word_1_315' title='bbox 1544 779 1741 824; x_wconf 87' lang='lat' dir='ltr'>episcopatus</span> <span class='ocrx_word' id='word_1_316' title='bbox 1761 779 1941 821; x_wconf 71' lang='lat' dir='ltr'>Gaenensis,</span> 
     </span>
     <span class='ocr_line' id='line_1_67' title="bbox 1202 832 1942 878; baseline 0.005 -14"><span class='ocrx_word' id='word_1_317' title='bbox 1202 832 1346 866; x_wconf 88' lang='lat' dir='ltr'>videlicet</span> <span class='ocrx_word' id='word_1_318' title='bbox 1377 833 1415 865; x_wconf 87' lang='lat' dir='ltr'>ab</span> <span class='ocrx_word' id='word_1_319' title='bbox 1447 834 1515 877; x_wconf 77' lang='lat' dir='ltr'>ipsa</span> <span class='ocrx_word' id='word_1_320' title='bbox 1543 834 1666 867; x_wconf 89' lang='lat' dir='ltr'>civitate</span> <span class='ocrx_word' id='word_1_321' title='bbox 1691 845 1790 878; x_wconf 88' lang='lat' dir='ltr'>usque</span> <span class='ocrx_word' id='word_1_322' title='bbox 1814 834 1851 867; x_wconf 89' lang='lat' dir='ltr'>ad</span> <span class='ocrx_word' id='word_1_323' title='bbox 1877 833 1942 878; x_wconf 88' lang='lat' dir='ltr'>epi-</span> 
     </span>
     <span class='ocr_line' id='line_1_68' title="bbox 1202 887 1943 932; baseline 0.004 -14"><span class='ocrx_word' id='word_1_324' title='bbox 1202 892 1365 930; x_wconf 86' lang='lat' dir='ltr'>scopatum</span> <span class='ocrx_word' id='word_1_325' title='bbox 1395 887 1651 930; x_wconf 85' lang='lat' dir='ltr'>Cordubensem,</span> <span class='ocrx_word' id='word_1_326' title='bbox 1676 888 1714 921; x_wconf 89' lang='lat' dir='ltr'>ad</span> <span class='ocrx_word' id='word_1_327' title='bbox 1748 888 1943 932; x_wconf 87' lang='lat' dir='ltr'>provinciam</span> 
     </span>
     <span class='ocr_line' id='line_1_69' title="bbox 1201 939 1943 985; baseline 0.004 -13"><span class='ocrx_word' id='word_1_328' title='bbox 1201 939 1230 972; x_wconf 92' lang='lat' dir='ltr'>S.</span> <span class='ocrx_word' id='word_1_329' title='bbox 1267 940 1372 973; x_wconf 89' lang='lat' dir='ltr'>Didaci</span> <span class='ocrx_word' id='word_1_330' title='bbox 1407 940 1578 984; x_wconf 74' lang='lat' dir='ltr'>pertineat,</span> <span class='ocrx_word' id='word_1_331' title='bbox 1604 941 1726 985; x_wconf 87' lang='lat' dir='ltr'>reliqua</span> <span class='ocrx_word' id='word_1_332' title='bbox 1760 951 1835 975; x_wconf 86' lang='lat' dir='ltr'>vero</span> <span class='ocrx_word' id='word_1_333' title='bbox 1870 952 1943 985; x_wconf 86' lang='lat' dir='ltr'>pars</span> 
     </span>
     <span class='ocr_line' id='line_1_70' title="bbox 1202 993 1942 1038; baseline 0.004 -13"><span class='ocrx_word' id='word_1_334' title='bbox 1202 993 1275 1026; x_wconf 88' lang='lat' dir='ltr'>dieti</span> <span class='ocrx_word' id='word_1_335' title='bbox 1311 993 1481 1027; x_wconf 72' lang='lat' dir='ltr'>Ga&#39;enensis</span> <span class='ocrx_word' id='word_1_336' title='bbox 1524 995 1722 1038; x_wconf 86' lang='lat' dir='ltr'>episcopatus</span> <span class='ocrx_word' id='word_1_337' title='bbox 1758 995 1796 1027; x_wconf 90' lang='lat' dir='ltr'>ab</span> <span class='ocrx_word' id='word_1_338' title='bbox 1832 995 1942 1028; x_wconf 83' lang='lat' dir='ltr'>eadem</span> 
     </span>
     <span class='ocr_line' id='line_1_71' title="bbox 1202 1046 1942 1081; baseline 0.004 -3"><span class='ocrx_word' id='word_1_339' title='bbox 1202 1046 1325 1079; x_wconf 88' lang='lat' dir='ltr'>civitate</span> <span class='ocrx_word' id='word_1_340' title='bbox 1359 1058 1467 1080; x_wconf 83' lang='lat' dir='ltr'>versus</span> <span class='ocrx_word' id='word_1_341' title='bbox 1498 1048 1674 1081; x_wconf 86' lang='lat' dir='ltr'>Viasensem</span> <span class='ocrx_word' id='word_1_342' title='bbox 1703 1053 1733 1081; x_wconf 88' lang='lat' dir='ltr'>et</span> <span class='ocrx_word' id='word_1_343' title='bbox 1757 1048 1942 1081; x_wconf 87' lang='lat' dir='ltr'>Ubetensem</span> 
     </span>
     <span class='ocr_line' id='line_1_72' title="bbox 1203 1099 1944 1145; baseline 0.005 -14"><span class='ocrx_word' id='word_1_344' title='bbox 1203 1099 1240 1132; x_wconf 87' lang='lat' dir='ltr'>ad</span> <span class='ocrx_word' id='word_1_345' title='bbox 1265 1100 1460 1144; x_wconf 84' lang='lat' dir='ltr'>provinciam</span> <span class='ocrx_word' id='word_1_346' title='bbox 1486 1101 1514 1134; x_wconf 88' lang='lat' dir='ltr'>S.</span> <span class='ocrx_word' id='word_1_347' title='bbox 1541 1101 1664 1134; x_wconf 87' lang='lat' dir='ltr'>Ioannis</span> <span class='ocrx_word' id='word_1_348' title='bbox 1682 1101 1944 1145; x_wconf 69' lang='lat' dir='ltr'>Baptistaeprae-</span> 
     </span>
     <span class='ocr_line' id='line_1_73' title="bbox 1202 1154 1944 1198; baseline 0.004 -13"><span class='ocrx_word' id='word_1_349' title='bbox 1202 1154 1295 1186; x_wconf 84' lang='lat' dir='ltr'>fatam</span> <span class='ocrx_word' id='word_1_350' title='bbox 1318 1160 1461 1198; x_wconf 87' lang='lat' dir='ltr'>spectare</span> <span class='ocrx_word' id='word_1_351' title='bbox 1486 1154 1687 1198; x_wconf 80' lang='lat' dir='ltr'>intelligatur,</span> <span class='ocrx_word' id='word_1_352' title='bbox 1714 1155 1755 1187; x_wconf 90' lang='lat' dir='ltr'>ita</span> <span class='ocrx_word' id='word_1_353' title='bbox 1782 1160 1885 1188; x_wconf 89' lang='lat' dir='ltr'>tamen</span> <span class='ocrx_word' id='word_1_354' title='bbox 1909 1161 1944 1188; x_wconf 89' lang='lat' dir='ltr'>ut</span> 
     </span>
     <span class='ocr_line' id='line_1_74' title="bbox 1205 1207 1942 1250; baseline 0.003 -11"><span class='ocrx_word' id='word_1_355' title='bbox 1205 1207 1234 1239; x_wconf 89' lang='lat' dir='ltr'>in</span> <span class='ocrx_word' id='word_1_356' title='bbox 1259 1207 1341 1240; x_wconf 79' lang='lat' dir='ltr'>dicta</span> <span class='ocrx_word' id='word_1_357' title='bbox 1364 1207 1515 1241; x_wconf 72' lang='lat' dir='ltr'>Gaenensi</span> <span class='ocrx_word' id='word_1_358' title='bbox 1534 1207 1657 1241; x_wconf 85' lang='lat' dir='ltr'>civitate</span> <span class='ocrx_word' id='word_1_359' title='bbox 1675 1208 1777 1241; x_wconf 92' lang='lat' dir='ltr'>neutri</span> <span class='ocrx_word' id='word_1_360' title='bbox 1802 1208 1942 1250; x_wconf 87' lang='lat' dir='ltr'>fundare,</span> 
     </span>
     <span class='ocr_line' id='line_1_75' title="bbox 1203 1261 1944 1305; baseline 0.004 -12"><span class='ocrx_word' id='word_1_361' title='bbox 1203 1266 1390 1304; x_wconf 86' lang='lat' dir='ltr'>quaestuare</span> <span class='ocrx_word' id='word_1_362' title='bbox 1414 1267 1517 1294; x_wconf 87' lang='lat' dir='ltr'>autern</span> <span class='ocrx_word' id='word_1_363' title='bbox 1554 1261 1679 1305; x_wconf 87' lang='lat' dir='ltr'>utrique</span> <span class='ocrx_word' id='word_1_364' title='bbox 1712 1262 1813 1295; x_wconf 86' lang='lat' dir='ltr'>liceat.</span> <span class='ocrx_word' id='word_1_365' title='bbox 1839 1263 1882 1295; x_wconf 91' lang='lat' dir='ltr'>Ac</span> <span class='ocrx_word' id='word_1_366' title='bbox 1906 1262 1944 1296; x_wconf 87' lang='lat' dir='ltr'>de</span> 
     </span>
     <span class='ocr_line' id='line_1_76' title="bbox 1203 1315 1945 1359; baseline 0.003 -13"><span class='ocrx_word' id='word_1_367' title='bbox 1203 1319 1309 1347; x_wconf 85' lang='lat' dir='ltr'>cetero</span> <span class='ocrx_word' id='word_1_368' title='bbox 1334 1325 1428 1358; x_wconf 82' lang='lat' dir='ltr'>super</span> <span class='ocrx_word' id='word_1_369' title='bbox 1448 1315 1630 1358; x_wconf 88' lang='lat' dir='ltr'>praemissis</span> <span class='ocrx_word' id='word_1_370' title='bbox 1650 1320 1837 1359; x_wconf 87' lang='lat' dir='ltr'>perpetuum</span> <span class='ocrx_word' id='word_1_371' title='bbox 1856 1315 1945 1348; x_wconf 88' lang='lat' dir='ltr'>silen-</span> 
     </span>
     <span class='ocr_line' id='line_1_77' title="bbox 1205 1368 1944 1414; baseline 0.004 -14"><span class='ocrx_word' id='word_1_372' title='bbox 1205 1369 1280 1401; x_wconf 87' lang='lat' dir='ltr'>tium</span> <span class='ocrx_word' id='word_1_373' title='bbox 1302 1368 1506 1412; x_wconf 88' lang='lat' dir='ltr'>imponimus,</span> <span class='ocrx_word' id='word_1_374' title='bbox 1521 1370 1797 1414; x_wconf 89' lang='lat' dir='ltr'>praecipimusque</span> <span class='ocrx_word' id='word_1_375' title='bbox 1816 1374 1876 1405; x_wconf 86' lang='lat' dir='ltr'>tam</span> <span class='ocrx_word' id='word_1_376' title='bbox 1890 1371 1944 1404; x_wconf 91' lang='lat' dir='ltr'>uni</span> 
     </span>
     <span class='ocr_line' id='line_1_78' title="bbox 1203 1423 1945 1467; baseline 0.004 -13"><span class='ocrx_word' id='word_1_377' title='bbox 1203 1432 1296 1466; x_wconf 89' lang='lat' dir='ltr'>quam</span> <span class='ocrx_word' id='word_1_378' title='bbox 1331 1423 1420 1455; x_wconf 86' lang='lat' dir='ltr'>alteri</span> <span class='ocrx_word' id='word_1_379' title='bbox 1445 1423 1599 1456; x_wconf 84' lang='lat' dir='ltr'>dictarum</span> <span class='ocrx_word' id='word_1_380' title='bbox 1625 1424 1858 1467; x_wconf 84' lang='lat' dir='ltr'>provinciarum</span> <span class='ocrx_word' id='word_1_381' title='bbox 1875 1452 1882 1466; x_wconf 93' lang='lat'><em>‚</em></span> <span class='ocrx_word' id='word_1_382' title='bbox 1906 1434 1945 1457; x_wconf 88' lang='lat' dir='ltr'>ne</span> 
     </span>
     <span class='ocr_line' id='line_1_79' title="bbox 1204 1476 1944 1520; baseline 0.004 -12"><span class='ocrx_word' id='word_1_383' title='bbox 1204 1486 1299 1519; x_wconf 90' lang='lat' dir='ltr'>super</span> <span class='ocrx_word' id='word_1_384' title='bbox 1315 1476 1475 1520; x_wconf 77' lang='lat' dir='ltr'>praedicta</span> <span class='ocrx_word' id='word_1_385' title='bbox 1494 1477 1701 1511; x_wconf 87' lang='lat' dir='ltr'>terminorum</span> <span class='ocrx_word' id='word_1_386' title='bbox 1719 1481 1749 1512; x_wconf 89' lang='lat' dir='ltr'>et</span> <span class='ocrx_word' id='word_1_387' title='bbox 1773 1478 1944 1512; x_wconf 83' lang='lat' dir='ltr'>confinium</span> 
     </span>
     <span class='ocr_line' id='line_1_80' title="bbox 1204 1529 1945 1574; baseline 0.004 -12"><span class='ocrx_word' id='word_1_388' title='bbox 1204 1529 1398 1573; x_wconf 81' lang='lat' dir='ltr'>praefixione</span> <span class='ocrx_word' id='word_1_389' title='bbox 1424 1536 1454 1563; x_wconf 86' lang='lat' dir='ltr'>et</span> <span class='ocrx_word' id='word_1_390' title='bbox 1477 1531 1676 1574; x_wconf 88' lang='lat' dir='ltr'>possessione</span> <span class='ocrx_word' id='word_1_391' title='bbox 1700 1542 1768 1565; x_wconf 89' lang='lat' dir='ltr'>sese</span> <span class='ocrx_word' id='word_1_392' title='bbox 1799 1532 1945 1574; x_wconf 88' lang='lat' dir='ltr'>invicem,</span> 
     </span>
     <span class='ocr_line' id='line_1_81' title="bbox 1205 1584 1946 1629; baseline 0.005 -14"><span class='ocrx_word' id='word_1_393' title='bbox 1205 1594 1260 1616; x_wconf 87' lang='lat' dir='ltr'>seu</span> <span class='ocrx_word' id='word_1_394' title='bbox 1284 1584 1381 1616; x_wconf 88' lang='lat' dir='ltr'>altera</span> <span class='ocrx_word' id='word_1_395' title='bbox 1406 1584 1536 1617; x_wconf 85' lang='lat' dir='ltr'>alteram</span> <span class='ocrx_word' id='word_1_396' title='bbox 1562 1585 1759 1629; x_wconf 85' lang='lat' dir='ltr'>perturbare,</span> <span class='ocrx_word' id='word_1_397' title='bbox 1784 1596 1896 1619; x_wconf 84' lang='lat' dir='ltr'>vexare</span> <span class='ocrx_word' id='word_1_398' title='bbox 1915 1591 1946 1619; x_wconf 81' lang='lat' dir='ltr'>et</span> 
     </span>
     <span class='ocr_line' id='line_1_82' title="bbox 1205 1637 1945 1683; baseline 0.005 -14"><span class='ocrx_word' id='word_1_399' title='bbox 1205 1637 1388 1681; x_wconf 87' lang='lat' dir='ltr'>inquietare,</span> <span class='ocrx_word' id='word_1_400' title='bbox 1403 1648 1457 1670; x_wconf 90' lang='lat' dir='ltr'>seu</span> <span class='ocrx_word' id='word_1_401' title='bbox 1471 1638 1556 1671; x_wconf 83' lang='lat' dir='ltr'>litem</span> <span class='ocrx_word' id='word_1_402' title='bbox 1572 1649 1698 1672; x_wconf 88' lang='lat' dir='ltr'>movere</span> <span class='ocrx_word' id='word_1_403' title='bbox 1712 1649 1838 1683; x_wconf 86' lang='lat' dir='ltr'>quoquo</span> <span class='ocrx_word' id='word_1_404' title='bbox 1852 1639 1945 1673; x_wconf 89' lang='lat' dir='ltr'>modo</span> 
     </span>
     <span class='ocr_line' id='line_1_83' title="bbox 1205 1690 1946 1736; baseline 0.007 -14"><span class='ocrx_word' id='word_1_405' title='bbox 1205 1690 1262 1722; x_wconf 88' lang='lat' dir='ltr'>sub</span> <span class='ocrx_word' id='word_1_406' title='bbox 1288 1690 1398 1733; x_wconf 89' lang='lat' dir='ltr'>quovis</span> <span class='ocrx_word' id='word_1_407' title='bbox 1418 1696 1582 1734; x_wconf 86' lang='lat' dir='ltr'>praetextu</span> <span class='ocrx_word' id='word_1_408' title='bbox 1610 1692 1657 1725; x_wconf 86' lang='lat' dir='ltr'>vel</span> <span class='ocrx_word' id='word_1_409' title='bbox 1681 1692 1822 1736; x_wconf 88' lang='lat' dir='ltr'>quaesito</span> <span class='ocrx_word' id='word_1_410' title='bbox 1840 1693 1946 1727; x_wconf 82' lang='lat' dir='ltr'>colore</span> 
     </span>
     <span class='ocr_line' id='line_1_84' title="bbox 1205 1743 1947 1791; baseline 0.007 -16"><span class='ocrx_word' id='word_1_411' title='bbox 1205 1743 1340 1776; x_wconf 85' lang='lat' dir='ltr'>audeant</span> <span class='ocrx_word' id='word_1_412' title='bbox 1370 1749 1423 1776; x_wconf 88' lang='lat' dir='ltr'>aut</span> <span class='ocrx_word' id='word_1_413' title='bbox 1455 1749 1667 1788; x_wconf 87' lang='lat' dir='ltr'>praesumant.</span> <span class='ocrx_word' id='word_1_414' title='bbox 1699 1746 1789 1779; x_wconf 74' lang='lat' dir='ltr'>Salva</span> <span class='ocrx_word' id='word_1_415' title='bbox 1820 1757 1947 1791; x_wconf 86' lang='lat' dir='ltr'>semper</span> 
     </span>
     <span class='ocr_line' id='line_1_85' title="bbox 1207 1797 1947 1843; baseline 0.007 -14"><span class='ocrx_word' id='word_1_416' title='bbox 1207 1797 1236 1829; x_wconf 93' lang='lat' dir='ltr'>in</span> <span class='ocrx_word' id='word_1_417' title='bbox 1254 1797 1438 1840; x_wconf 87' lang='lat' dir='ltr'>praemissis</span> <span class='ocrx_word' id='word_1_418' title='bbox 1455 1799 1642 1832; x_wconf 87' lang='lat' dir='ltr'>auctoritate</span> <span class='ocrx_word' id='word_1_419' title='bbox 1658 1799 1859 1843; x_wconf 85' lang='lat' dir='ltr'>supradictae</span> <span class='ocrx_word' id='word_1_420' title='bbox 1876 1810 1947 1834; x_wconf 87' lang='lat' dir='ltr'>con-</span> 
     </span>
     <span class='ocr_line' id='line_1_86' title="bbox 1206 1851 1643 1894; baseline 0.005 -11"><span class='ocrx_word' id='word_1_421' title='bbox 1206 1851 1399 1894; x_wconf 77' lang='lat' dir='ltr'>gregationis</span> <span class='ocrx_word' id='word_1_422' title='bbox 1425 1852 1643 1886; x_wconf 88' lang='lat' dir='ltr'>cardinalium.</span> 
     </span>
    </p>

    <p class='ocr_par' dir='ltr' id='par_1_14' title="bbox 1207 1904 1949 2112">
     <span class='ocr_line' id='line_1_87' title="bbox 1251 1904 1947 1951; baseline 0.007 -14"><span class='ocrx_word' id='word_1_423' title='bbox 1251 1905 1265 1948; x_wconf 60' lang='grc' dir='ltr'><strong>ἓ</strong></span> <span class='ocrx_word' id='word_1_424' title='bbox 1285 1904 1315 1937; x_wconf 78' lang='grc'>4.</span> <span class='ocrx_word' id='word_1_425' title='bbox 1333 1905 1541 1939; x_wconf 88' lang='lat' dir='ltr'>Decerncntes</span> <span class='ocrx_word' id='word_1_426' title='bbox 1558 1907 1682 1939; x_wconf 89' lang='lat' dir='ltr'>easdem</span> <span class='ocrx_word' id='word_1_427' title='bbox 1700 1913 1880 1951; x_wconf 87' lang='lat' dir='ltr'>praesentes</span> <span class='ocrx_word' id='word_1_428' title='bbox 1897 1908 1947 1941; x_wconf 90' lang='lat' dir='ltr'>lit-</span> 
     </span>
     <span class='ocr_line' id='line_1_88' title="bbox 1207 1959 1947 2006; baseline 0.007 -16"><span class='ocrx_word' id='word_1_429' title='bbox 1207 1963 1288 1990; x_wconf 87' lang='lat' dir='ltr'>teras</span> <span class='ocrx_word' id='word_1_430' title='bbox 1302 1969 1427 2002; x_wconf 86' lang='lat' dir='ltr'>semper</span> <span class='ocrx_word' id='word_1_431' title='bbox 1444 1959 1563 2000; x_wconf 84' lang='lat' dir='ltr'>firmas,</span> <span class='ocrx_word' id='word_1_432' title='bbox 1577 1965 1646 2000; x_wconf 69' lang='lat' dir='ltr'>ete,</span> <span class='ocrx_word' id='word_1_433' title='bbox 1668 1971 1704 1994; x_wconf 90' lang='lat' dir='ltr'>ac</span> <span class='ocrx_word' id='word_1_434' title='bbox 1722 1961 1792 2002; x_wconf 89' lang='lat' dir='ltr'>illis,</span> <span class='ocrx_word' id='word_1_435' title='bbox 1806 1961 1844 1994; x_wconf 88' lang='lat' dir='ltr'>ad</span> <span class='ocrx_word' id='word_1_436' title='bbox 1868 1972 1947 2006; x_wconf 88' lang='lat' dir='ltr'>quos</span> 
     </span>
     <span class='ocr_line' id='line_1_89' title="bbox 1207 2015 1949 2058; baseline 0.005 -14"><span class='ocrx_word' id='word_1_437' title='bbox 1207 2017 1326 2055; x_wconf 88' lang='lat' dir='ltr'>spectat</span> <span class='ocrx_word' id='word_1_438' title='bbox 1349 2017 1379 2045; x_wconf 88' lang='lat' dir='ltr'>et</span> <span class='ocrx_word' id='word_1_439' title='bbox 1402 2023 1461 2056; x_wconf 91' lang='lat' dir='ltr'>pro</span> <span class='ocrx_word' id='word_1_440' title='bbox 1482 2018 1623 2057; x_wconf 88' lang='lat' dir='ltr'>tempore</span> <span class='ocrx_word' id='word_1_441' title='bbox 1647 2015 1809 2057; x_wconf 85' lang='lat' dir='ltr'>spectabit,</span> <span class='ocrx_word' id='word_1_442' title='bbox 1835 2015 1949 2058; x_wconf 83' lang='lat' dir='ltr'>plenis-</span> 
     </span>
     <span class='ocr_line' id='line_1_90' title="bbox 1208 2065 1946 2112; baseline 0.007 -15"><span class='ocrx_word' id='word_1_443' title='bbox 1208 2065 1286 2098; x_wconf 89' lang='lat' dir='ltr'>sime</span> <span class='ocrx_word' id='word_1_444' title='bbox 1311 2065 1487 2109; x_wconf 75' lang='lat' dir='ltr'>suffragari,</span> <span class='ocrx_word' id='word_1_445' title='bbox 1504 2072 1533 2100; x_wconf 88' lang='lat' dir='ltr'>et</span> <span class='ocrx_word' id='word_1_446' title='bbox 1553 2067 1591 2100; x_wconf 92' lang='lat' dir='ltr'>ab</span> <span class='ocrx_word' id='word_1_447' title='bbox 1616 2067 1677 2100; x_wconf 88' lang='lat' dir='ltr'>illis</span> <span class='ocrx_word' id='word_1_448' title='bbox 1700 2069 1875 2112; x_wconf 87' lang='lat' dir='ltr'>respective</span> <span class='ocrx_word' id='word_1_449' title='bbox 1898 2069 1946 2102; x_wconf 87' lang='lat' dir='ltr'>in-</span> 
     </span>
    </p>
   </div>
   <div class='ocr_carea' id='block_1_13' title="bbox 1190 2119 1949 2166">
    <p class='ocr_par' dir='ltr' id='par_1_15' title="bbox 1190 2119 1949 2166">
     <span class='ocr_line' id='line_1_91' title="bbox 1190 2119 1949 2166; baseline 0.005 -15"><span class='ocrx_word' id='word_1_450' title='bbox 1190 2119 1397 2162; x_wconf 57' lang='lat' dir='ltr'>,violabiliter</span> <span class='ocrx_word' id='word_1_451' title='bbox 1421 2120 1594 2161; x_wconf 86' lang='lat' dir='ltr'>observari,</span> <span class='ocrx_word' id='word_1_452' title='bbox 1612 2121 1719 2165; x_wconf 86' lang='lat' dir='ltr'>sicque</span> <span class='ocrx_word' id='word_1_453' title='bbox 1745 2122 1776 2154; x_wconf 90' lang='lat' dir='ltr'>in</span> <span class='ocrx_word' id='word_1_454' title='bbox 1799 2123 1949 2166; x_wconf 84' lang='lat' dir='ltr'>praemis-</span> 
     </span>
    </p>
   </div>
   <div class='ocr_carea' id='block_1_14' title="bbox 1207 2172 1949 2648">
    <p class='ocr_par' dir='ltr' id='par_1_16' title="bbox 1208 2172 1949 2377">
     <span class='ocr_line' id='line_1_92' title="bbox 1209 2172 1949 2217; baseline 0.005 -12"><span class='ocrx_word' id='word_1_455' title='bbox 1209 2172 1271 2213; x_wconf 86' lang='lat' dir='ltr'>sis,</span> <span class='ocrx_word' id='word_1_456' title='bbox 1296 2176 1364 2213; x_wconf 88' lang='lat' dir='ltr'>etc.,</span> <span class='ocrx_word' id='word_1_457' title='bbox 1390 2173 1521 2206; x_wconf 87' lang='lat' dir='ltr'>iudicari</span> <span class='ocrx_word' id='word_1_458' title='bbox 1545 2178 1575 2208; x_wconf 90' lang='lat' dir='ltr'>et</span> <span class='ocrx_word' id='word_1_459' title='bbox 1596 2174 1719 2208; x_wconf 83' lang='lat' dir='ltr'>definiri</span> <span class='ocrx_word' id='word_1_460' title='bbox 1753 2175 1888 2217; x_wconf 85' lang='lat' dir='ltr'>debere,</span> <span class='ocrx_word' id='word_1_461' title='bbox 1913 2186 1949 2209; x_wconf 85' lang='lat' dir='ltr'>ac</span> 
     </span>
     <span class='ocr_line' id='line_1_93' title="bbox 1209 2226 1949 2273; baseline 0.007 -16"><span class='ocrx_word' id='word_1_462' title='bbox 1209 2226 1333 2258; x_wconf 88' lang='lat' dir='ltr'>irritum</span> <span class='ocrx_word' id='word_1_463' title='bbox 1349 2231 1378 2259; x_wconf 88' lang='lat' dir='ltr'>et</span> <span class='ocrx_word' id='word_1_464' title='bbox 1395 2226 1496 2267; x_wconf 88' lang='lat' dir='ltr'>inane,</span> <span class='ocrx_word' id='word_1_465' title='bbox 1514 2226 1538 2259; x_wconf 93' lang='lat' dir='ltr'>si</span> <span class='ocrx_word' id='word_1_466' title='bbox 1556 2237 1645 2260; x_wconf 87' lang='lat' dir='ltr'>secus</span> <span class='ocrx_word' id='word_1_467' title='bbox 1661 2238 1757 2272; x_wconf 86' lang='lat' dir='ltr'>super</span> <span class='ocrx_word' id='word_1_468' title='bbox 1769 2228 1817 2262; x_wconf 90' lang='lat' dir='ltr'>his</span> <span class='ocrx_word' id='word_1_469' title='bbox 1837 2239 1854 2261; x_wconf 89' lang='lat' dir='ltr'>a</span> <span class='ocrx_word' id='word_1_470' title='bbox 1871 2239 1949 2273; x_wconf 90' lang='lat' dir='ltr'>quo-</span> 
     </span>
     <span class='ocr_line' id='line_1_94' title="bbox 1208 2279 1949 2322; baseline 0.008 -12"><span class='ocrx_word' id='word_1_471' title='bbox 1208 2289 1302 2322; x_wconf 84' lang='lat' dir='ltr'>quam</span> <span class='ocrx_word' id='word_1_472' title='bbox 1319 2306 1325 2321; x_wconf 93' lang='lat'>,</span> <span class='ocrx_word' id='word_1_473' title='bbox 1361 2279 1469 2322; x_wconf 89' lang='lat' dir='ltr'>quavis</span> <span class='ocrx_word' id='word_1_474' title='bbox 1499 2281 1686 2313; x_wconf 81' lang='lat' dir='ltr'>auctoritate</span> <span class='ocrx_word' id='word_1_475' title='bbox 1700 2308 1707 2322; x_wconf 93' lang='lat'>,</span> <span class='ocrx_word' id='word_1_476' title='bbox 1737 2281 1872 2315; x_wconf 86' lang='lat' dir='ltr'>scienter</span> <span class='ocrx_word' id='word_1_477' title='bbox 1900 2283 1949 2316; x_wconf 85' lang='lat' dir='ltr'>vel</span> 
     </span>
     <span class='ocr_line' id='line_1_95' title="bbox 1209 2333 1771 2377; baseline 0.007 -12"><span class='ocrx_word' id='word_1_478' title='bbox 1209 2333 1401 2376; x_wconf 82' lang='lat' dir='ltr'>ignoranter,</span> <span class='ocrx_word' id='word_1_479' title='bbox 1427 2334 1595 2377; x_wconf 79' lang='lat' dir='ltr'>eontigerit</span> <span class='ocrx_word' id='word_1_480' title='bbox 1616 2336 1771 2369; x_wconf 88' lang='lat' dir='ltr'>attentari.</span> 
     </span>
    </p>

    <p class='ocr_par' dir='ltr' id='par_1_17' title="bbox 1207 2386 1948 2648">
     <span class='ocr_line' id='line_1_96' title="bbox 1253 2386 1948 2432; baseline 0.006 -13"><span class='ocrx_word' id='word_1_481' title='bbox 1253 2387 1267 2429; x_wconf 63' lang='grc' dir='ltr'><strong>ἓ</strong></span> <span class='ocrx_word' id='word_1_482' title='bbox 1285 2386 1313 2419; x_wconf 82' lang='grc'>5.</span> <span class='ocrx_word' id='word_1_483' title='bbox 1328 2387 1396 2420; x_wconf 91' lang='lat' dir='ltr'>Non</span> <span class='ocrx_word' id='word_1_484' title='bbox 1407 2387 1603 2421; x_wconf 86' lang='lat' dir='ltr'>obstantibus</span> <span class='ocrx_word' id='word_1_485' title='bbox 1619 2389 1771 2432; x_wconf 84' lang='lat' dir='ltr'>praedicti</span> <span class='ocrx_word' id='word_1_486' title='bbox 1782 2389 1948 2424; x_wconf 89' lang='lat' dir='ltr'>Clementis</span> 
     </span>
     <span class='ocr_line' id='line_1_97' title="bbox 1209 2440 1948 2487; baseline 0.007 -15"><span class='ocrx_word' id='word_1_487' title='bbox 1209 2443 1238 2473; x_wconf 86' lang='lat' dir='ltr'>ct</span> <span class='ocrx_word' id='word_1_488' title='bbox 1251 2440 1368 2473; x_wconf 90' lang='lat' dir='ltr'>Urbani</span> <span class='ocrx_word' id='word_1_489' title='bbox 1383 2440 1663 2484; x_wconf 81' lang='lat' dir='ltr'>praedecessorum</span> <span class='ocrx_word' id='word_1_490' title='bbox 1681 2443 1803 2486; x_wconf 89' lang='lat' dir='ltr'>litteris,</span> <span class='ocrx_word' id='word_1_491' title='bbox 1818 2444 1948 2487; x_wconf 87' lang='lat' dir='ltr'>aliisque</span> 
     </span>
     <span class='ocr_line' id='line_1_98' title="bbox 1209 2494 1947 2538; baseline 0.004 -11"><span class='ocrx_word' id='word_1_492' title='bbox 1209 2494 1400 2538; x_wconf 87' lang='lat' dir='ltr'>praemissis,</span> <span class='ocrx_word' id='word_1_493' title='bbox 1417 2505 1453 2528; x_wconf 91' lang='lat' dir='ltr'>ae</span> <span class='ocrx_word' id='word_1_494' title='bbox 1476 2495 1752 2530; x_wconf 87' lang='lat' dir='ltr'>constitutionibus</span> <span class='ocrx_word' id='word_1_495' title='bbox 1772 2502 1802 2530; x_wconf 86' lang='lat' dir='ltr'>et</span> <span class='ocrx_word' id='word_1_496' title='bbox 1821 2497 1947 2530; x_wconf 90' lang='lat' dir='ltr'>ordina-</span> 
     </span>
     <span class='ocr_line' id='line_1_99' title="bbox 1208 2548 1947 2594; baseline 0.004 -14"><span class='ocrx_word' id='word_1_497' title='bbox 1208 2548 1345 2581; x_wconf 90' lang='lat' dir='ltr'>tionibus</span> <span class='ocrx_word' id='word_1_498' title='bbox 1358 2549 1548 2592; x_wconf 82' lang='lat' dir='ltr'>apostolicis,</span> <span class='ocrx_word' id='word_1_499' title='bbox 1557 2559 1690 2591; x_wconf 91' lang='lat' dir='ltr'>necnon,</span> <span class='ocrx_word' id='word_1_500' title='bbox 1702 2554 1854 2593; x_wconf 88' lang='lat' dir='ltr'>quatenus</span> <span class='ocrx_word' id='word_1_501' title='bbox 1867 2560 1947 2594; x_wconf 92' lang='lat' dir='ltr'>opus</span> 
     </span>
     <span class='ocr_line' id='line_1_100' title="bbox 1207 2601 1947 2648; baseline 0.001 -12"><span class='ocrx_word' id='word_1_502' title='bbox 1207 2602 1260 2643; x_wconf 88' lang='lat' dir='ltr'>sit,</span> <span class='ocrx_word' id='word_1_503' title='bbox 1292 2601 1448 2637; x_wconf 88' lang='lat' dir='ltr'>dictarum</span> <span class='ocrx_word' id='word_1_504' title='bbox 1476 2603 1712 2647; x_wconf 84' lang='lat' dir='ltr'>provinciarum</span> <span class='ocrx_word' id='word_1_505' title='bbox 1737 2608 1767 2637; x_wconf 86' lang='lat' dir='ltr'>et</span> <span class='ocrx_word' id='word_1_506' title='bbox 1790 2603 1859 2637; x_wconf 87' lang='lat' dir='ltr'>aliis</span> <span class='ocrx_word' id='word_1_507' title='bbox 1882 2603 1947 2648; x_wconf 89' lang='lat' dir='ltr'>qui-</span> 
     </span>
    </p>
   </div>
   <div class='ocr_carea' id='block_1_15' title="bbox 1951 197 2136 227">
    <p class='ocr_par' dir='ltr' id='par_1_18' title="bbox 1951 197 2136 227">
     <span class='ocr_line' id='line_1_101' title="bbox 1951 197 2136 227; baseline 0.016 -3"><span class='ocrx_word' id='word_1_508' title='bbox 1951 197 2001 225; x_wconf 77' lang='lat' dir='ltr'>A&#39;n.</span> <span class='ocrx_word' id='word_1_509' title='bbox 2017 197 2047 226; x_wconf 80' lang='lat' dir='ltr'>C.</span> <span class='ocrx_word' id='word_1_510' title='bbox 2068 198 2136 227; x_wconf 67' lang='lat'>1659</span> 
     </span>
    </p>
   </div>
   <div class='ocr_carea' id='block_1_16' title="bbox 1962 1911 2144 1962">
    <p class='ocr_par' dir='ltr' id='par_1_19' title="bbox 1962 1911 2144 1962">
     <span class='ocr_line' id='line_1_102' title="bbox 1974 1911 2144 1944; baseline -0.012 -10"><span class='ocrx_word' id='word_1_511' title='bbox 1974 1941 1977 1944; x_wconf 24' lang='grc' dir='ltr'>η</span> <span class='ocrx_word' id='word_1_512' title='bbox 1993 1913 2104 1934; x_wconf 77' lang='lat' dir='ltr'>Decretum</span> <span class='ocrx_word' id='word_1_513' title='bbox 2118 1911 2144 1933; x_wconf 82' lang='lat' dir='ltr'>ii·-</span> 
     </span>
     <span class='ocr_line' id='line_1_103' title="bbox 1962 1943 2036 1962; baseline 0.014 -1"><span class='ocrx_word' id='word_1_514' title='bbox 1962 1943 2036 1962; x_wconf 69' lang='lat' dir='ltr'>rusus.</span> 
     </span>
    </p>
   </div>
   <div class='ocr_carea' id='block_1_17' title="bbox 1964 2394 2144 2445">
    <p class='ocr_par' dir='ltr' id='par_1_20' title="bbox 1964 2394 2144 2445">
     <span class='ocr_line' id='line_1_104' title="bbox 1990 2394 2144 2417; baseline 0.019 -3"><span class='ocrx_word' id='word_1_515' title='bbox 1990 2394 2099 2416; x_wconf 80' lang='lat' dir='ltr'>Contraria</span> <span class='ocrx_word' id='word_1_516' title='bbox 2113 2400 2144 2417; x_wconf 77' lang='lat' dir='ltr'>re·</span> 
     </span>
     <span class='ocr_line' id='line_1_105' title="bbox 1964 2420 2021 2445; baseline 0 -4"><span class='ocrx_word' id='word_1_517' title='bbox 1964 2420 2021 2445; x_wconf 70' lang='lat' dir='ltr'>follit,</span> 
     </span>
    </p>
   </div>
   <div class='ocr_carea' id='block_1_18' title="bbox 2213 0 2243 278">
    <p class='ocr_par' dir='ltr' id='par_1_21' title="bbox 2213 0 2243 278">
     <span class='ocr_line' id='line_1_106' title="bbox 2213 0 2243 278; baseline 0 2927"><span class='ocrx_word' id='word_1_518' title='bbox 2213 0 2243 278; x_wconf 95' lang='lat' dir='ltr'> </span> 
     </span>
    </p>
   </div>
   <div class='ocr_carea' id='block_1_19' title="bbox 2205 423 2243 2481">
    <p class='ocr_par' dir='ltr' id='par_1_22' title="bbox 2205 423 2243 2481">
     <span class='ocr_line' id='line_1_107' title="bbox 2205 423 2243 2481; baseline 0 0"><span class='ocrx_word' id='word_1_519' title='bbox 2205 423 2243 2481; x_wconf 95' lang='lat' dir='ltr'> </span> 
     </span>
    </p>
   </div>
  </div>
 </body>
</html>
