2185 3188
19 243 62 271 ιιιι,
75 239 101 267 c.
120 235 181 264 1657

37 564 160 592 Suppticaun.

55 1571 118 1600 ΑιιιοΙι
124 1571 136 1591 it
163 1577 174 1592 a

15 1602 98 1618 censuris.

39 2361 123 2385 monitui
142 2371 173 2385 nx.

18 2387 119 2411 tractionem
151 2390 173 2412 li.

789 230 952 256 ALExANDE

234 283 264 316 S.
279 280 420 315 Martini
447 281 667 314 Eremz'tctrum
694 281 800 313 sancti
816 281 927 323 Anqu-

233 335 313 369 sti'ni‘
336 334 477 367 civitatis
502 334 680 368 Senensis¹.

380 425 548 452 Alexander
569 425 647 458 Papa
668 425 731 455 vn,

311 470 346 497 ad
366 472 540 503 perpetuam
561 470 604 496 rei
625 469 805 496 memoriam.

232 550 321 590 Cum,
346 548 425 580 sicut
451 547 638 580 venerabilis
665 548 761 579 frater
785 547 922 580 Ambro-

190 603 251 636 sius
289 601 455 645 episcopus
495 601 761 644 Porphvriensis,
797 601 923 632 sacrarii

189 656 284 689 nostri
310 654 470 698 apostolici
497 654 684 698 praefectus,
703 654 794 686 nohis
823 664 925 697 nuper

190 709 297 752 exponi
318 707 396 748 fecit,
412 708 486 750 ipse,
505 707 556 750 qui
577 707 718 738 habitum
738 718 795 750 pro
814 706 925 738 fratre‘2
942 727 943 743 ι

189 762 309 796 Ordinis
335 761 542 793 Eremitarum
568 760 664 793 sancti
686 760 849 801 Augustini
876 771 926 802 ge-

189 816 258 848 stari
284 815 408 847 solitum
442 814 517 846 alias
543 815 679 857 suscepit
704 819 730 845 et
760 814 925 857 professio-

188 879 255 902 nem
269 878 324 912 per
338 867 462 899 eosdem
474 867 571 900 emitti
588 873 767 900 consuetam
778 877 924 910 expresse

189 921 287 954 emisit.
312 920 500 963 regularem,
527 923 667 963 tempore
697 931 758 962 quo
787 920 816 951 in
844 930 921 953 eon-

189 979 278 1007 ventn
303 973 331 1006 S,
356 973 475 1005 Martini
503 973 635 1005 civitatis
667 973 812 1005 Senensis
845 973 925 1005 eius-

189 1028 256 1060 dem
281 1027 402 1060 Ordinis
427 1026 568 1067 degebat,
591 1027 704 1058 nedum
723 1027 760 1058 ad
787 1037 875 1058 usum
894 1032 925 1058 et

189 1081 383 1114 commodum
397 1080 469 1113 dicti
488 1081 611 1113 Ordinis
630 1081 855 1123 professorum,
870 1081 922 1113 sed
941 1111 942 1114 ,

189 1135 276 1167 etiam
292 1134 463 1167 concivium
480 1144 608 1165 suorum
625 1134 804 1167 Sencntium
819 1134 924 1165 etiam3

187 1188 336 1231 insignem
381 1187 602 1221 bibliothecam
644 1187 770 1231 copiosa
812 1187 921 1219 multi-

188 1241 289 1274 tudine
313 1240 465 1273 librorum
482 1267 488 1280 ‚
514 1240 709 1283 picturarum
727 1267 733 1279 ,
751 1240 923 1272 numisma-

188 1299 259 1336 tum,
277 1305 329 1327 seu
348 1299 556 1334 monetarum,
581 1304 615 1326 ex
634 1303 723 1332 auro,
744 1299 875 1336 argento
894 1300 919 1326 et

187 1348 319 1388 metallo,
333 1353 361 1380 et
381 1347 512 1379 aliarum
535 1347 754 1390 antiquitatum
774 1347 920 1379 refertam

187 1401 394 1443 congesserit,
433 1406 576 1433 vereatur
607 1405 709 1433 autem
747 1410 784 1432 ne
822 1404 920 1433 tractu

188 1454 332 1498 temporis
352 1464 387 1486 ex
408 1454 600 1487 bibliotheca
620 1454 797 1486 huiusmodi
817 1454 920 1497 aliqua

187 1507 421 1540 subtrahamur:

229 1560 242 1603 ἓ
266 1561 294 1593 1.
320 1561 438 1593 Idcirco
463 1571 530 1599 nos,
549 1561 778 1593 conservationi
806 1565 831 1592 ct
860 1571 922 1593 ma-

186 1615 353 1648 nutentioni
383 1615 558 1655 librorum,
585 1616 780 1658 aliarumque
814 1625 918 1647 rerum

187 1667 282 1700 dictae
296 1668 502 1702 bibliothecae
523 1673 700 1712 opportune
727 1669 919 1712 prospicere,

186 1721 346 1765 ipsumque
370 1723 570 1755 Ambrosium
594 1722 777 1766 episcopum
804 1722 920 1766 specia—

186 1774 221 1806 lis
240 1775 355 1817 gratiae
381 1776 486 1809 favore
511 1777 658 1819 prosequi
687 1777 835 1815 volentes,
853 1782 883 1808 et
903 1787 917 1808 a

185 1827 341 1870 quibusvis
365 1830 713 1868 excommunicationis,
738 1829 920 1872 suspensio-

185 1881 230 1914 nis
264 1888 290 1915 et
327 1883 502 1925 interdicti,
532 1884 662 1927 aliisque
698 1883 918 1916 ecclesiasticis

186 1937 350 1978 sententiis,
375 1938 516 1970 censuris
541 1943 568 1969 et
594 1937 713 1981 poenis,
735 1948 752 1969 a
777 1937 844 1969 iurc
870 1938 916 1969 vel

185 1988 221 2020 ab
245 1989 389 2029 homine,
415 1990 522 2033 quavis
554 1991 717 2023 occasione
750 1991 796 2023 vel
823 1992 915 2023 causa

186 2041 271 2081 latis,
295 2043 318 2074 si
351 2044 465 2086 quihus
489 2044 727 2087 quomodolibet
752 2044 917 2077 innodatus

185 2095 292 2136 existit,
312 2096 348 2128 ad
365 2097 508 2129 ellectum
527 2098 738 2141 praesentium
758 2098 918 2130 dumtaxat

185 2150 450 2193 consequendum,
477 2151 587 2183 harum
615 2151 695 2183 serie
721 2151 917 2184 absolventes

185 2205 213 2232 et
235 2201 406 2236 absolutum
434 2205 498 2236 sore
524 2210 694 2246 censentes,
721 2205 918 2248 supplicatio-

185 2254 271 2288 nibus
294 2256 359 2288 eius
389 2258 514 2290 nominc
540 2258 629 2290 nobis
654 2269 748 2301 super
773 2259 832 2290 hoc
857 2258 916 2289 hu-

186 2307 296 2341 militer
320 2311 472 2352 porrectis
498 2311 649 2351 inclinati,

228 2361 242 2403 ἓ
264 2362 291 2394 ⁶2.
318 2363 476 2397 Universis
501 2370 531 2396 ct
554 2364 685 2407 singulis
711 2364 853 2408 personis
872 2374 917 2396 cc—

221 2459 229 2484 1
252 2458 405 2487 Consimiles
433 2461 630 2496 prohibitiones
656 2462 770 2488 aliorum
792 2462 916 2487 Summo-

187 2509 243 2528 rum
264 2503 417 2531 Pontificum
438 2514 486 2540 pro
507 2507 710 2533 conservatione
736 2506 916 2533 bibliotheca-

187 2554 243 2573 rum
262 2548 378 2576 invenies
398 2550 422 2576 in
442 2551 591 2586 repertorio
604 2573 612 2584 ‚
634 2551 715 2577 verbo
736 2551 915 2577 bibliotheca.

219 2589 234 2616 2
254 2590 350 2619 Forsan
369 2602 421 2628 per
439 2594 546 2628 fratres
566 2594 709 2629 legendum
732 2595 769 2627 (n.
787 2596 834 2627 τ.).

220 2634 235 2660 3
254 2636 305 2663 Vox
326 2638 410 2665 stiam
433 2640 563 2666 redundat
584 2646 619 2675 [ιι.
637 2640 683 2665 Τι’.

955 230 974 255 ιι
998 231 1043 255 vn
1062 231 1110 255 PP.
1607 222 1664 255 :301

1717 230 1769 257 An.
1785 230 1812 256 C
1836 230 1902 257 ¹657

960 279 1151 321 clesiasticis,
1176 285 1238 312 tam
1264 280 1468 321 secularibus,
1494 290 1588 324 quam
1614 289 1703 322 regu·
1719 291 1796 312 brom

1833 292 1903 311 abi

1719 318 1762 338 biul
1767 318 1799 338 h··
1803 324 1903 344 capra-e

943 333 1087 375 daribus,
1109 344 1144 365 ac
1170 333 1263 365 etiam
1284 334 1370 366 luicis
1374 334 1487 374 ,cuius
1491 343 1625 376 cumque
1647 338 1704 365 sta
1719 345 1751 365 ιιι
1746 347 1774 364 ι

961 390 1030 425 tus,
1056 385 1188 428 gladiis,
1216 386 1334 418 Oldinis
1360 392 1387 418 et
1415 387 1603 419 ‹onditionis
1628 386 1703 418 exis-

961 440 1107 480 tentibus,
1125 450 1164 472 ne
1186 440 1346 483 perpetuis
1365 441 1477 472 suturis
1498 440 1702 483 temporibus,

960 493 1016 525 sub
1041 493 1152 535 quovis
1178 498 1351 536 praetextu,
1377 495 1469 525 causa
1496 494 1542 526 vel
1568 494 1702 536 ingenio,

960 556 1015 588 per
1033 556 1075 585 se,
1097 546 1143 578 vel
1162 546 1268 587 alium,
1284 557 1336 580 seu
1353 547 1440 585 alios⁷
1455 557 1470 579 e
1487 547 1645 589 praedicta
1663 547 1704 578 bi-

960 599 1118 630 bliotheca
1150 598 1270 639 libros,
1300 599 1364 631 sive
1399 599 1477 642 typis
1509 599 1608 631 editos
1639 599 1702 632 sive

961 651 1213 695 manuscriptos,
1239 662 1363 685 necnon
1397 653 1536 696 [acturas
1569 658 1597 686 et
1630 653 1704 686 anti-

959 705 1094 749 quitates
1119 705 1298 738 huiusmodi
1326 706 1354 737 in
1381 706 1490 737 eadem
1513 706 1701 739 bibliotheca

959 769 1041 791 nunc
1067 763 1092 792 el
1115 770 1173 802 pro
1189 765 1330 803 tempore
1345 759 1510 791 existentes
1528 760 1702 800 extrahere,

959 817 1121 855 asportare
1146 818 1173 845 et
1200 813 1327 852 tollere,
1354 823 1408 845 seu
1435 813 1571 853 extrahi,
1598 823 1703 856 aspor-

960 865 1016 896 tari
1043 870 1068 896 et
1099 865 1162 897 tolli
1188 865 1311 904 facere,
1337 870 1390 897 aut
1414 865 1470 897 ne*
1497 866 1703 897 extrahantur

959 918 1141 961 permittere
1177 929 1304 962 quoquo
1347 919 1440 951 modo
1479 918 1612 950 audeant
1647 929 1700 951 seu

959 977 1170 1014 praesumant,
1189 973 1247 1005 sub
1270 973 1605 1005 excommunicationis
1624 973 1702 1005 latae

958 1026 1139 1067 sententiae,
1166 1037 1181 1058 a
1207 1037 1267 1070 qua
1294 1037 1403 1066 nemo,
1430 1027 1488 1059 nisi
1515 1037 1530 1058 a
1557 1026 1647 1058 nobis
1672 1031 1702 1058 et

960 1079 1105 1112 ltomanis
1117 1080 1319 1113 Pontificibus
1334 1080 1701 1118 successoribusnostris,

960 1139 1179 1177 praeterquam
1197 1134 1225 1166 in
1239 1134 1349 1166 mortis
1363 1134 1494 1167 articulo
1505 1134 1700 1172 constitutus,

957 1187 1074 1220 absolvi
1091 1188 1198 1231 possit,
1210 1193 1235 1220 et
1257 1188 1395 1232 insuper,
1410 1189 1512 1232 quoad
1528 1189 1699 1231 regulares,

957 1241 1049 1273 etiam
1077 1242 1262 1285 privationis
1277 1243 1361 1275 vocis
1379 1243 1496 1274 activae
1514 1247 1540 1274 et
1559 1243 1700 1285 passivae

957 1306 992 1327 eo
1013 1296 1080 1339 ipso
1098 1296 1215 1339 absque
1232 1296 1290 1328 alia
1310 1296 1522 1329 declaratione
1541 1296 1701 1329 incurren<

956 1349 1002 1381 dis
1028 1349 1148 1393 poenis,
1172 1350 1344 1393 apostolica
1371 1350 1566 1389 auctoritate,
1594 1354 1700 1383 tenore

956 1403 1179 1445 praesentium,
1198 1403 1414 1436 interdicimus
1432 1409 1461 1436 ct
1482 1403 1698 1447 prohibemus.

956 1456 1081 1489 Necnon
1122 1456 1282 1500 praedicto
1320 1457 1486 1490 Ambrosio
1526 1457 1698 1501 episcopo,

955 1510 1057 1552 quoad
1084 1509 1203 1547 vixerit,
1222 1510 1358 1553 aliquem
1385 1521 1418 1543 ex
1451 1511 1601 1544 tratribus
1625 1510 1698 1542 dicti

955 1569 1126 1596 conventus
1167 1564 1196 1595 in
1235 1565 1428 1607 praesectum
1466 1571 1495 1597 ct
1534 1565 1697 1597 custodem

954 1616 1054 1649 dictae
1079 1617 1288 1649 bibliothecae
1314 1628 1371 1661 pro
1400 1629 1456 1650 suo
1485 1618 1615 1651 arbitrio
1637 1619 1693 1649 ‹le-

954 1671 1081 1713 putandi
1108 1676 1135 1703 et
1172 1671 1380 1704 constituendi
1419 1672 1570 1715 illumque
1608 1673 1697 1705 toties

953 1724 1075 1767 quoties
1094 1724 1120 1756 ei
1149 1724 1303 1768 placuerit
1323 1725 1488 1757 amovendi
1508 1730 1537 1756 et
1555 1725 1694 1757 variandi

954 1778 1141 1816 tacultatem,
1168 1779 1284 1811 eisdem
1312 1779 1498 1811 auctoritate
1519 1785 1549 1811 ct
1576 1785 1695 1821 tenore,

954 1832 1164 1864 concedimus.

997 1884 1064 1927 §9¹-
1095 1885 1161 1917 Non
1194 1885 1391 1917 obstantibus
1422 1885 1696 1918 constitutionibus

952 1943 979 1971 ct
1006 1938 1256 1971 ordinationibus
1280 1939 1481 1982 apostolicis,
1512 1949 1547 1971 ac
1573 1938 1696 1972 Ordinis

952 1997 981 2023 et
1006 1997 1177 2024 conventus
1208 1993 1464 2036 praedictorum,
1489 1993 1581 2025 etiam
1615 1993 1697 2025 iura-

953 2050 1068 2083 mento,
1094 2045 1334 2079 confirmatione
1360 2046 1541 2089 apostolica,
1565 2047 1610 2078 vel
1636 2046 1694 2078 atta

951 2099 1059 2141 quavis
1080 2098 1226 2132 firmitate
1244 2099 1412 2137 roboratis,
1433 2100 1554 2133 statutis
1580 2105 1609 2131 et
1627 2108 1697 2132 con-

951 2151 1179 2192 suctudinibus,
1197 2152 1372 2196 ceterisque
1388 2153 1555 2185 contrariis
1572 2153 1697 2196 quibus«

951 2215 1096 2290 cumque.

996 2260 1010 2299 ,ξ
1059 2259 1240 2291 .lolumns
1264 2265 1367 2291 autem
1401 2258 1484 2302 quod
1522 2259 1694 2301 praesentis

952 2364 1070 2404 thecae,
1084 2364 1128 2396 vel
1144 2364 1248 2408 aliquo
1262 2365 1323 2397 alio
1337 2375 1411 2397 cons
1407 2365 1463 2408 pic
1468 2376 1507 2397 uo
1526 2365 1572 2397 loc
1577 2375 1594 2397 o
1613 2364 1693 2397 unde

952 2417 989 2449 ab
1022 2417 1167 2449 omnibus
1200 2418 1260 2460 legi
1287 2419 1405 2461 possit,
1431 2418 1579 2450 continuo
1604 2418 1693 2450 affxa

953 2477 1122 2503 remaneat.

998 2525 1106 2556 ilatum
1135 2524 1262 2562 llomae,
1287 2525 1368 2567 apud
1394 2525 1422 2557 S.
1451 2525 1576 2556 Mariam
1600 2524 1694 2557 Maio—

990 2642 997 2666 1
1026 2640 1114 2666 l'otius
1137 2640 1194 2674 lege
1216 2642 1244 2666 tt!
1264 2644 1303 2673 tu.
1320 2640 1357 2672 τ.)

1781 1892 1896 1918 Derogatio

1712 1922 1873 1941 contrariorum.

1775 2265 1838 2285 Prae
1841 2268 1894 2285 entis

952 2271 1175 2354 prohibitionis
1190 2312 1280 2355 copia
1299 2312 1328 2344 in
1352 2312 1446 2344 vahis
1464 2311 1512 2343 dic
1518 2316 1565 2343 tae
1585 2311 1694 2345 biblio·
1709 2296 1764 2343 i¹
1735 2291 1783 2311 ⁰¹⁸¹
1787 2295 1814 2310 ¹
1832 2298 1870 2312 ⁸
1883 2300 1897 2310 ’

1761 2299 1855 2345 :atligiin
1859 2325 1893 2339 an-
