2243 3205
276 224 324 251 Au.
335 224 362 249 0.
386 224 448 251 ieci
498 216 561 250 650

296 817 437 838 Prooemium„

288 1506 344 1535 Puv
356 1507 448 1527 30111110-

265 1535 328 1553 centii
339 1534 432 1555 decreta.

756 274 926 309 CCCXXXI.

471 362 692 404 Confirmatio,
720 363 896 397 declaratio
920 369 947 398 et
971 366 1112 398 eoetensz‘o
1139 376 1223 398 0οη-Ἰ

512 415 693 448 stitutionis
725 417 783 449 Pii
808 416 835 450 V
855 418 892 451 (Ie
923 429 988 452 non
1020 420 1206 453 alienandis

514 472 542 500 et
563 468 770 511 infeudandis
788 470 973 505 civitatibus
991 477 1019 506 ct
1036 473 1114 505 aliis
1131 473 1206 506 locis

513 521 603 555 Sedis
623 522 838 566 Apostolicac.

660 613 825 641 Alexander
842 614 1010 648 episcopus,

644 672 751 692 servus
782 673 932 694 servorum
961 667 1027 700 Dei,

583 718 619 745 ad
642 721 818 753 perpetuam
837 720 882 747 rei
903 720 1083 748 memoriam.

514 806 597 839 lnter
621 811 740 839 ceteras
765 807 859 840 animi
884 808 1118 849 sollicitudines,
1139 809 1205 852 qui-

468 858 526 891 bus
556 859 587 891 in
619 859 887 893 administratione
920 861 1085 904 pastoralis
1110 862 1202 894 officii

467 911 558 944 nobis
575 912 678 945 divina
696 914 892 956 providentia
909 914 1067 947 commissi
1081 915 1203 948 assidue

466 966 658 1009 premimur,
684 977 719 999 ea
748 967 950 1000 vehementer
981 973 1091 1011 urget,
1124 980 1203 1012 quae

465 1018 553 1051 Sedis
570 1020 767 1062 Apostolicae
791 1021 975 1063 dignitatem
993 1022 1122 1065 eiusque
1141 1022 1203 1055 Sta-

466 1077 514 1105 tus
539 1072 631 1109 etiam
646 1074 825 1116 temporalis
839 1075 1107 1108 conservationem
1133 1086 1203 1109 con-

466 1125 575 1159 cernit.
600 1126 665 1159 Hac
689 1127 759 1160 ideo
795 1127 934 1168 ratione,
960 1128 1032 1161 licet
1062 1129 1201 1172 plurium

464 1190 662 1213 summorum
700 1180 886 1214 Pontificum
922 1182 1200 1225 praedecessorum

464 1237 646 1266 nostrorum
671 1233 796 1267 decreta
820 1238 849 1267 et
873 1234 994 1267 litterae
1015 1235 1145 1278 provide
1166 1246 1201 1268 ac

464 1291 569 1319 sancte
594 1286 737 1319 conditae
760 1287 884 1329 suerint,
910 1288 1095 1330 praesertim
1115 1298 1201 1321 reco-

465 1339 573 1372 lendae
598 1340 769 1373 memoriae
786 1341 830 1373 Pii
855 1341 887 1380 V,
913 1341 971 1374 sub
995 1341 1067 1374 dato
1090 1352 1122 1374 1v
1152 1342 1201 1374 ka-

464 1393 571 1426 lendas
596 1393 705 1436 aprilis
729 1404 810 1427 anno
835 1404 982 1435 MDvau,
1007 1395 1073 1427 eius
1097 1396 1199 1438 ponti-

463 1446 573 1479 ficatus
594 1457 625 1488 11,
651 1447 768 1480 tenoris
788 1448 1017 1493 subsequentis,
1039 1448 1198 1483 videlicet:

468 1512 481 1531 «
508 1499 580 1532 Pius
605 1499 769 1543 episcopus
794 1511 902 1533 servus
934 1511 1097 1535 servorum
1123 1502 1198 1544 Dei,

462 1552 501 1585 ad
524 1557 707 1596 perpetuam
742 1553 786 1586 rei
819 1554 1014 1587 memoriam.
1045 1555 1199 1589 Admonet

461 1615 518 1638 nos
535 1606 671 1649 suscepti
689 1617 782 1639 curae
798 1607 970 1649 regiminis,
988 1608 1057 1640 etc.¹
1073 1621 1101 1649 ›>,
1120 1620 1199 1652 quae

461 1659 500 1691 ab
520 1659 586 1692 eius
604 1660 695 1692 etiam
711 1660 945 1694 successoribus
962 1662 1111 1695 Romanis
1123 1662 1198 1696 Pon-

462 1711 596 1746 tificibus
620 1713 746 1745 suerunt
771 1713 964 1756 approbatae
981 1719 1012 1747 et
1031 1715 1198 1748 confirma—

460 1769 518 1805 tae,
539 1775 575 1797 30
598 1766 783 1808 praesertim
807 1766 845 1798 ab
870 1766 1051 1800 Innocentio
1076 1768 1113 1800 lx
1131 1768 1196 1800 seli-

461 1817 505 1851 cis
528 1818 755 1852 recordationis
770 1846 777 1860 ‚
802 1831 874 1853 cum
899 1820 1110 1854 declaratione
1143 1832 1197 1854 seu

460 1872 641 1905 extensione
666 1872 697 1904 in
715 1873 781 1906 eius
797 1873 908 1906 litteris
922 1874 1023 1918 pridie
1035 1884 1133 1908 nonas
1146 1885 1198 1908 no-

461 1925 598 1957 vembris
621 1935 744 1966 MDxcv,
769 1927 968 1970 pontificatus
992 1938 1072 1960 anno
1096 1938 1123 1968 1,
1148 1928 1197 1960 in-

460 1979 554 2018 serta,
579 1979 736 2022 sequentis
761 1980 896 2022 tenoris,
922 1980 1080 2013 videlicet:
1111 1993 1124 2013 «
1149 1981 1197 2013 ln-

459 2031 622 2064 nocentius
640 2033 815 2076 episcopus,
829 2044 937 2067 servus
954 2044 1116 2067 servorum
1131 2035 1195 2076 Dei,

459 2083 497 2116 ad
522 2088 704 2127 perpetuam
737 2086 783 2118 rei
816 2087 1011 2119 memoriam.
1044 2087 1127 2126 Quae
1156 2088 1195 2120 ab

458 2137 517 2170 hac
541 2137 654 2170 Sancta
678 2139 773 2179 Sede,
798 2139 859 2181 cui,
884 2140 955 2172 licet
978 2140 1116 2183 indigni,
1141 2151 1196 2174 au-

459 2194 546 2223 ctore
569 2191 701 2223 Domino
726 2192 958 2234 praesidemus,
983 2193 1033 2236 pie
1057 2203 1093 2226 ac
1117 2194 1196 2226 salu-

457 2243 557 2276 briter
582 2244 697 2276 sancita
722 2250 752 2277 et
776 2245 918 2278 ordinata
942 2250 1130 2286 noscuntur,
1149 2257 1194 2287 ea,

458 2300 492 2330 ut
512 2301 665 2340 perpetuo
678 2297 770 2330 firma
787 2298 967 2342 illibataque
980 2306 1193 2342 permaneant,

457 2359 520 2382 non
544 2351 645 2383 solum
677 2361 869 2392 consensus,
903 2353 1140 2396 approbationis
1165 2359 1194 2386 et

458 2401 666 2437 innovationis
677 2410 802 2437 nostrae
817 2406 989 2438 munimine
1006 2406 1192 2448 roboranda,

458 2455 511 2487 sed
535 2456 628 2489 etiam
653 2457 872 2492 declarationis
896 2459 1063 2503 praesidio,
1088 2464 1193 2503 quate-

494 2580 504 2605 1
525 2578 637 2614 Reliqua
652 2580 819 2611 omittuntur,
836 2582 898 2616 quia
913 2586 975 2609 sunt
991 2591 1039 2618 per
1054 2587 1191 2610 extensum

458 2623 485 2650 in
500 2630 548 2649 suo
564 2623 666 2657 ordine,
683 2627 748 2651 tom.
767 2631 810 2658 vu,
827 2633 886 2660 pag.
903 2626 965 2653 560.

1044 228 1221 254 BULLARIUM
1245 228 1398 253 ROMANUM

1239 288 1297 310 nus
1322 276 1468 320 expedire
1493 276 1592 310 visum
1617 278 1665 320 sit,
1692 277 1849 312 fulcienda
1868 289 1975 313 cense-

1240 341 1326 370 mus;
1350 335 1380 362 et
1397 330 1567 374 praecipue
1587 332 1726 365 muneris
1743 332 1840 365 nostri
1859 344 1872 363 »
1894 337 1942 365 etc
1956 332 1974 366 ¹.

1284 384 1298 425 ἓ
1324 383 1352 415 ’1.
1379 383 1604 424 Nihilominus,
1630 384 1702 428 quia
1726 385 1894 418 nonnullae
1917 395 1975 428 pro

1241 436 1388 469 varietate
1412 447 1540 469 casuum
1573 438 1819 480 contingentium
1852 448 1974 471 succes-

1240 488 1312 521 sivis
1331 489 1525 532 temporibus
1543 490 1692 522 excitatae
1710 490 1834 523 suerunt
1852 490 1974 523 dubita-

1241 541 1350 582 tiones,
1370 551 1406 573 ac
1431 541 1622 585 impropriae
1638 543 1743 575 forsan
1767 542 1975 585 subsequutae

1240 594 1526 638 interpretationes,
1551 601 1740 639 propterea,
1767 601 1800 628 ut
1824 595 1882 628 1130
1898 607 1976 639 quo-

1239 658 1299 691 que
1323 653 1445 680 cessent
1468 658 1503 681 ac
1528 653 1769 689 removeantur,
1799 659 1974 692 congruum

1239 701 1305 733 sore
1335 701 1482 733 duximus
1513 701 1637 734 easdem
1673 702 1791 735 litteras
1822 702 1853 734 in
1883 712 1974 745 prae-

1239 754 1337 786 sentia
1352 754 1571 797 comprobare,
1585 754 1734 788 innovare
1758 760 1787 788 et
1809 755 1975 788 confirma-

1239 817 1283 846 re,
1307 816 1343 839 ac
1368 817 1476 839 verum
1508 807 1632 840 illarum
1654 818 1778 840 sensum
1805 818 1973 851 exponere,

1238 865 1276 901 ct,
1296 865 1448 903 quatenus
1465 871 1544 903 opus
1561 860 1609 901 sit,
1634 861 1671 893 de
1696 871 1776 894 novo
1793 861 1971 895 decernere.

1238 913 1302 945 Hac
1326 913 1422 955 igitur
1446 915 1553 946 nostra
1577 919 1729 957 perpetuo
1747 914 1878 947 valitura
1902 925 1973 948 con-

1237 966 1407 1006 stitutione,
1426 972 1512 999 motu
1531 967 1672 1010 proprio,
1693 977 1756 1009 non
1780 967 1817 1000 ad
1841 967 1972 1002 alicuius

1237 1019 1497 1062 supplicationem
1516 1021 1563 1053 vel
1588 1031 1682 1063 super
1706 1021 1767 1054 1100
1784 1021 1905 1054 oblatae
1921 1031 1973 1055 no-

1236 1072 1283 1104 bis
1308 1073 1465 1116 petitionis
1486 1073 1675 1114 instantiam,
1693 1074 1747 1107 sed
1765 1085 1801 1107 ex
1817 1077 1904 1109 mera
1923 1075 1973 1108 de-

1237 1125 1419 1159 liberatione
1444 1132 1473 1159 01
1498 1129 1582 1160 certa
1611 1128 1741 1160 scientia
1765 1130 1887 1169 nostra,
1908 1139 1973 1161 eas-

1235 1179 1305 1211 dem
1332 1179 1619 1223 praedecessorum,
1637 1187 1667 1214 et
1683 1181 1858 1224 specialiter
1882 1192 1971 1225 prae-

1236 1233 1367 1266 insertas
1392 1234 1436 1266 Pii
1463 1234 1484 1266 V
1511 1240 1541 1266 et
1564 1235 1737 1268 Innocentii
1762 1235 1817 1275 IX,
1842 1245 1878 1268 ac
1901 1245 1970 1268 om-

1234 1287 1285 1319 nia
1303 1286 1333 1319 in
1354 1287 1398 1320 eis
1415 1292 1569 1327 contenta,
1586 1288 1770 1320 auctoritate
1788 1289 1970 1332 apostolica,

1235 1345 1342 1372 tenore
1369 1340 1590 1383 praesentium,
1617 1341 1871 1384 comprobamus,
1896 1351 1970 1374 con-

1234 1392 1397 1426 firmamus
1429 1399 1458 1426 et
1489 1394 1694 1434 innovamus,
1719 1404 1834 1438 easque
1862 1395 1970 1428 incon-

1234 1456 1341 1479 cussae
1362 1445 1420 1479 ac²
1446 1447 1653 1480 validissimae
1679 1447 1835 1482 firmitatis
1860 1448 1969 1490 robur,

1232 1499 1419 1543 plenamque
1433 1501 1671 1543 exequutionem
1689 1506 1719 1534 et
1737 1500 1881 1534 effectum
1900 1512 1970 1545 per-

1233 1552 1335 1596 petuis
1359 1553 1451 1585 etiam
1473 1554 1585 1586 suturis
1609 1554 1802 1597 temporibus
1826 1554 1968 1588 obtinere

1232 1610 1262 1638 et
1296 1605 1334 1638 ab
1370 1606 1515 1640 omnibus
1549 1607 1770 1642 inviolabiliter
1807 1608 1968 1642 observari

1232 1659 1440 1700 decernimus,
1464 1661 1676 1704 praecipimus
1708 1667 1738 1693 et
1774 1661 1966 1696 mandamus,

1232 1713 1407 1754 Praeterea,
1432 1724 1471 1746 ne
1496 1714 1702 1757 imposterum
1727 1724 1896 1757 germanus
1916 1725 1966 1748 ea-

1232 1766 1375 1800 rumdem
1412 1767 1587 1800 litterarum
1624 1778 1732 1800 sensus
1763 1767 1795 1800 in
1836 1768 1966 1801 dubium

1231 1820 1374 1853 revocari
1411 1825 1441 1853 et
1472 1830 1490 1852 a
1523 1820 1694 1854 conditoris
1734 1826 1838 1854 mente
1870 1821 1966 1854 recidi

1232 1873 1401 1916 contingat,
1426 1878 1523 1914 motu,
1540 1873 1669 1906 scientia
1689 1884 1725 1906 30
1741 1873 1966 1908 deliberatione

1231 1926 1370 1970 paribus,
1395 1931 1425 1959 et
1449 1925 1487 1958 de
1510 1926 1672 1969 potestatis
1689 1927 1878 1970 apostolicae
1901 1928 1965 1971 ple-

1230 1979 1382 2020 nitudine,
1407 1979 1512 2013 habita
1537 1990 1633 2023 super
1657 1980 1717 2013 hoc
1742 1991 1813 2013 cum
1838 1991 1966 2014 venera-

1231 2033 1347 2065 bilibus
1371 2032 1520 2065 sratribus
1544 2033 1660 2066 nostris
1677 2033 1705 2066 S.
1724 2033 1758 2066 R.
1778 2033 1809 2066 E.
1827 2034 1965 2066 cardina-

1230 2086 1311 2118 libus
1327 2085 1553 2119 consultatione
1568 2087 1701 2126 matura,
1719 2091 1749 2119 et
1768 2087 1962 2129 singulorum

1229 2138 1343 2171 auditis
1375 2138 1534 2172 sententiis
1567 2139 1598 2170 in
1635 2144 1743 2172 nostro
1778 2139 1963 2172 consistorio

1230 2197 1371 2234 secreto,
1396 2203 1432 2225 ac
1457 2192 1550 2225 etiam
1575 2198 1662 2225 extra
1698 2198 1844 2225 oretenus
1879 2196 1908 2226 et
1932 2193 1963 2225 in

1229 2245 1362 2289 scriptis,
1377 2245 1414 2278 de
1439 2256 1549 2279 eorum
1573 2246 1704 2279 consilio
1722 2251 1751 2279 et
1768 2256 1896 2279 assensu
1915 2246 1963 2278 de-

1229 2299 1384 2332 claramus
1408 2299 1562 2341 praefatas
1587 2298 1631 2330 Pii
1647 2299 1668 2331 V
1686 2299 1803 2331 litteras
1823 2309 1962 2342 compre-

1228 2351 1366 2384 hendere
1390 2361 1453 2384 non
1477 2351 1578 2384 solum
1604 2351 1808 2395 principatus,
1821 2351 1960 2393 ducatus,

1228 2405 1377 2446 civitates,
1403 2410 1522 2445 castra,
1547 2404 1684 2448 oppida,
1710 2410 1829 2445 terras,
1852 2415 1960 2445 arces,

1262 2494 1274 2520 1
1293 2493 1404 2529 Reliqua
1418 2492 1578 2520 omittuntur
1592 2492 1654 2528 quia
1668 2493 1749 2519 etiam
1769 2496 1830 2519 sunt
1848 2500 1896 2528 per
1913 2500 1960 2519 ex-

1226 2542 1331 2565 tensum
1350 2539 1376 2564 111
1396 2537 1480 2572 ipsius
1494 2537 1645 2564 Innocentii
1661 2537 1692 2562 lx
1713 2537 1878 2570 pontificatu,
1895 2535 1960 2563 Con-

1225 2583 1278 2610 stit.
1295 2589 1317 2615 1,
1335 2587 1398 2609 tom.
1415 2589 1452 2613 tx,
1469 2590 1528 2617 pag.
1545 2582 1606 2609 505.

1260 2628 1276 2654 2
1294 2626 1360 2654 Male
1376 2626 1438 2654 edit.
1453 2626 1534 2654 Main.
1550 2626 1613 2661 legit
1628 2627 1791 2654 inconcusse
1806 2625 1844 2652 ad
1858 2626 1894 2660 (n.
1910 2625 1958 2659 1.).

1996 231 2045 259 An.
2056 231 2084 260 C.
2102 233 2164 264 166¹

2045 400 2166 427 Supradicu

1989 424 2074 473 affirma
2096 428 2165 451 confir·
