2263 3215
289 221 342 244 Au
360 221 394 245 t],-
413 219 477 247 (4:503

524 210 586 242 912

489 278 540 299 ros
565 267 647 299 eires
672 266 709 299 ad
731 267 827 299 instar
853 271 881 299 et
907 266 990 299 nulla
1016 278 1145 310 prorsus
1174 267 1231 300 dis-

487 319 618 361 serenti&
646 319 725 351 iuter
750 329 803 351 cos
828 324 857 351 et
882 319 1112 362 singulosalios
1130 331 1230 360 veros,

488 372 676 414 originarios
708 378 738 404 ct,
770 373 1028 416 antiquissimos,
1054 374 1147 406 etiam
1175 384 1229 407 no-

489 425 578 465 biles,
604 431 634 457 et.
660 425 881 469 participantes
906 427 988 459 cives
1014 427 1109 470 ipsius
1138 427 1230 459 Urbis

488 478 533 509 rel
561 478 703 517 civitatis,
722 478 762 510 ita
786 484 814 510 ut
836 478 935 522 ipsum
962 479 1008 512 ius
1037 480 1167 513 civitatis
1192 480 1228 511 ad

488 542 704 574 quoscunupie
727 531 852 565 illorum
872 532 1023 565 haeredes
1039 532 1148 565 eodem
1164 543 1229 565 mo-

487 583 526 615 ‹lo
545 589 691 625 transeat,
716 595 870 626 creamus,
889 585 1107 618 constituimus
1125 591 1154 618 et
1174 596 1224 617 as-

487 636 656 678 signamus,
675 648 710 670 ae
724 637 893 671 nobilitatis
911 644 937 670 et
953 639 1108 671 civilitatis
1129 639 1228 678 titulo,

487 690 606 722 bonore
627 696 653 723 et
675 691 848 734 insignibus
867 692 1064 732 decoramus,
1082 692 1229 724 aliorum-

485 753 544 785 que
564 744 762 777 stuuiliarium
784 750 812 777 et
830 745 1052 778 continuorum
1068 756 1227 778 commen-

485 797 596 829 salium
625 798 716 830 nobis
741 803 812 831 actu
838 798 867 830 in
884 799 999 842 palatio
1020 802 1128 832 nostro
1153 809 1227 842 apo-

485 850 597 882 stolico
624 850 871 891 inservientium,
896 862 931 885 ae
958 852 987 884 in
1014 852 1095 884 illius
1121 852 1227 885 tinello

485 904 714 937 comedentium
740 910 770 937 et
794 905 978 947 bibentium,
997 911 1226 939 acnostrorum

484 962 514 989 et
538 958 625 990 Sedis
643 958 821 1001 praedictae
847 959 1053 1001 notariorum,
1072 959 1178 1003 palatii
1199 965 1228 991 et,

484 1010 574 1042 aulae.
598 1010 831 1054 praedictorum
859 1012 1020 1053 comitum,
1047 1012 1179 1045 militum
1198 1018 1227 1044 et

483 1063 647 1101 nobilium,
674 1074 709 1096 ac
734 1064 849 1097 civium
876 1065 1055 1097 huiusmodi
1081 1066 1224 1108 origina-

483 1116 603 1148 riorum
629 1126 762 1149 nurnero
779 1122 809 1150 et
830 1118 989 1151 consortio
1013 1118 1227 1151 favorabiliter

482 1180 710 1212 agffregamus,
735 1181 770 1203 ae
796 1180 853 1213 pro
880 1171 961 1202 veris
987 1176 1014 1203 et
1046 1171 1226 1204 indubitatis

482 1228 508 1254 et
536 1233 597 1255 non
623 1223 703 1256 lictis
727 1224 934 1256 familiaribus
960 1224 1116 1256 continuis
1140 1235 1222 1258 eom-

482 1276 692 1317 mensalibus,
720 1287 754 1309 ae
779 1278 908 1309 notariis
943 1277 1075 1319 uostris,
1101 1277 1223 1310 coniiti-

482 1329 550 1369 bus,
577 1329 745 1369 nobilibus,
771 1329 921 1362 militibus
942 1334 968 1363 et
994 1330 1115 1362 civibus
1136 1330 1223 1363 dein-

481 1392 552 1424 ceps
579 1382 685 1414 baberi
713 1383 879 1425 volumus,
905 1394 939 1416 ae
974 1384 1111 1426 reputari
1138 1394 1223 1416 man-

482 1434 600 1467 damus.

525 1489 539 1530 ξ,
564 1488 592 1520 Ξ.
608 1489 720 1532 Eisque
743 1495 775 1521 ut
798 1490 828 1522 in
849 1490 1100 1533 quibuscumque
1127 1490 1224 1533 impe-

482 1542 678 1583 trationibus,
697 1543 953 1577 concessionibus
971 1550 1000 1576 et
1025 1544 1146 1585 litteris,
1162 1549 1222 1576 tam

481 1595 613 1637 gratiam
647 1607 741 1640 quam
778 1597 927 1629 iustitiam
965 1597 1132 1640 separatim
1168 1607 1223 1629 seu

482 1654 647 1693 utramque
663 1649 784 1683 mixtim
800 1650 1071 1690 concernentibus,
1089 1661 1121 1683 se
1139 1650 1223 1682 sami-

481 1703 583 1744 liares,
594 1704 760 1737 continuos
774 1705 1011 1745 commensales,
1023 1703 1221 1747 nostrosque¹

479 1757 633 1797 comites,
664 1757 787 1798 milites,
816 1758 938 1791 nobiles
967 1764 995 1791 et
1020 1758 1103 1791 cives
1128 1758 1221 1790 etiam

479 1810 669 1853 originarios
687 1811 860 1851 nominare,
875 1821 933 1844 nee
947 1816 1114 1855 propterea
1129 1811 1222 1854 impe-

480 1864 639 1905 trationes,
667 1864 887 1897 eoncessiones
913 1870 942 1896 et
966 1864 1088 1897 litterae
1113 1864 1221 1897 liuius-

480 1917 563 1950 modi
596 1917 808 1961 subreptionis
841 1917 914 1950 vitio
939 1916 1141 1957 subiaceant,
1167 1917 1219 1950 sed

480 1971 599 2005 validae
620 1977 649 2004 et
678 1972 820 2005 efficaces
846 1972 988 2013 existant,
1013 1983 1049 2004 ac
1074 1982 1111 2004 ex
1138 1982 1220 2005 nunc

480 2025 628 2068 deinceps
642 2025 672 2058 in
686 2031 875 2069 perpetuum
895 2025 1040 2058 omnibus
1055 2028 1084 2058 et
1096 2025 1221 2068 quibus-

479 2089 614 2122 cumque
629 2088 664 2111 ac
676 2089 808 2121 prorsus
825 2078 980 2111 similibus
994 2078 1219 2111 antelationum

479 2132 729 2174 antelationibus,
748 2132 1007 2176 praerogativiffi,
1028 2132 1217 2176 privilegiis,

478 2186 676 2218 libertatibus
690 2213 697 2226 ,
719 2186 988 2227 immunitatibus,
1015 2186 1219 2229 exemptioni-

478 2239 553 2279 bus,
579 2239 723 2279 decretis,
741 2239 1016 2280 declarationibus,
1042 2238 1219 2281 derogatio-

476 2293 580 2333 nibus,
606 2293 777 2333 mandatis,
800 2292 1081 2336 suspensionibus,
1103 2292 1217 2325 favori-

477 2346 551 2386 bus,
572 2346 701 2388 gratiis,
726 2346 907 2389 privilegiis,
926 2345 1062 2385 indultis,
1080 2356 1115 2377 ac
1143 2344 1218 2377 iuri-

478 2400 546 2441 bus,
564 2399 679 2442 quibus
697 2399 747 2431 alii
769 2399 867 2432 nostri
889 2398 1055 2431 familiares
1074 2404 1216 2442 tempore

513 2490 524 2515 t
547 2488 631 2524 Supra
652 2489 677 2514 in
697 2489 749 2515 loe.
767 2487 860 2523 parall.
879 2496 939 2523 pag.
961 2488 1012 2514 υ204
1038 2488 1052 2514 b
1078 2486 1218 2523 legebatur

475 2533 682 2560 commensales
703 2535 816 2560 nostros
836 2535 861 2559 et
881 2534 918 2566 (P.-
935 2533 980 2563 T.).

511 2578 528 2603 2
547 2577 642 2612 Supra,
659 2577 736 2610 ibid„
754 2577 895 2612 legebatur
910 2576 1149 2610 anitelata'om'bus,
1166 2584 1216 2602 an-

477 2622 647 2649 [elationum
663 2620 932 2654 praeroyatim's(11.
954 2621 1000 2655 L).

1067 219 1243 244 numanum
1272 218 1424 243 nonnum

1267 267 1367 300 dictae
1402 267 1628 310 assui-nptionis
1661 272 1786 300 nostrae
1819 266 1857 299 ad
1889 266 2003 299 summi

1266 321 1459 363 apostolatus
1476 320 1609 363 apicem,
1622 329 1656 351 ac
1673 319 1785 362 quibus
1799 319 1849 351 alii
1864 319 2003 352 eiusdem

1266 374 1353 405 Sedis
1368 374 1492 413 notarii,
1511 373 1603 406 etiam
1621 373 1658 405 de
1673 383 1805 405 numero
1819 373 2004 416 participan-

1267 426 1342 458 tium
1366 427 1544 467 existentes,
1569 426 1687 459 etiamsi
1720 426 1861 458 habitum
1892 431 1922 458 et.
1952 435 2002 458 ro-

1265 479 1402 511 cliettuni
1422 479 1616 512 notariorum
1645 479 1742 522 ipsius
1759 479 1847 512 Sedis
1873 489 1935 512 non
1955 479 2005 511 de-

1265 533 1373 572 t'eram,
1396 532 1564 575 palatiique
1597 538 1626 564 et
1650 532 1737 565 aulae
1770 532 2003 576 praedictorum

1264 585 1405 626 comites,
1421 585 1544 625 milites,
1562 585 1682 618 nobiles
1708 585 1799 617 etiam
1825 585 2003 628 originarii,

1264 648 1299 669 ac
1324 638 1531 681 antiquissimi
1558 638 1640 671 cives
1661 638 1800 670 eiusdem
1827 637 1928 679 Urbis,
1954 638 2003 670 vel

1263 690 1394 723 cixitatis
1426 701 1531 734 quam,
1558 697 1589 723 ut
1615 691 1810 734 praefertur,
1834 691 2003 733 elegerint,

1264 743 1380 786 quique
1401 754 1435 776 ex
1455 750 1587 787 utroque
1611 750 1740 787 parente
1761 754 1831 776 vere
1855 743 1953 776 nobili
1974 748 2004 776 et

1264 795 1329 828 cive
1355 796 1527 839 originario
1549 803 1576 829 et
1596 797 1812 840 antiquissimo
1836 797 2003 840 procreati,

1263 848 1300 881 di·
1316 850 1393 889 iure,
1411 854 1536 891 statuto,
1555 850 1791 889 consuetudine,
1808 850 1855 882 vel
1876 849 1951 882 alias
1966 859 2003 883 ex

1263 904 1369 948 aliquo
1395 904 1520 947 speciali
1549 904 1724 948 privilegio,
1751 915 1806 937 seu
1830 904 1905 936 alias
1929 914 2004 947 quo-

1264 956 1445 997 modolibet,
1464 957 1555 989 etiam
1571 957 1672 1000 quoad
1687 956 1915 990 assecutionem
1929 967 2004 1000 quo-

1263 1020 1472 1054 rumcumque
1510 1010 1736 1043 benetie-iorum
1773 1009 2002 1043 ecelesiastico-

1263 1074 1344 1102 rum,
1370 1064 1461 1096 etiam
1489 1075 1545 1108 per
1565 1074 1778 1108 quascumque
1803 1064 1922 1096 litteras
1946 1073 2002 1096 seu

1262 1117 1500 1151 constitutiones
1540 1118 1727 1161 apostolicas
1766 1128 1823 1161 pro
1859 1122 2001 1161 tempore

1261 1170 1369 1210 editas,
1382 1176 1522 1211 utuntur,
1535 1172 1690 1210 fruuntur,
1707 1171 1870 1214 potiuntur
1883 1176 1913 1203 et
1930 1181 2002 1214 gau-

1261 1224 1343 1264 dent,
1369 1236 1403 1257 ae
1431 1225 1483 1264 uti,
1509 1225 1579 1266 l'rui,
1597 1225 1689 1268 potiri
1712 1230 1741 1257 et
1765 1224 1903 1267 gaudere
1928 1234 2000 1267 pos-

1261 1283 1331 1310 sunt
1357 1283 1384 1309 et
1411 1283 1559 1321 poterunt
1589 1277 1823 1321 quomodolibet
1856 1277 1884 1309 in
1917 1277 2000 1309 futu-

1261 1341 1329 1363 rum
1357 1331 1473 1375 ubique
1499 1331 1640 1364 locorum
1664 1331 1693 1362 in
1720 1330 1834 1363 iudicio
1858 1335 1887 1363 et
1904 1335 1999 1369 extra,

1260 1384 1326 1416 sine
1352 1390 1455 1417 tamen
1472 1384 1656 1418 eorumdem
1676 1385 1872 1417 notariorum
1891 1383 1928 1417 de
1945 1393 2000 1416 nu-

1260 1448 1348 1471 mero
1366 1438 1622 1482 participantium
1641 1437 1845 1481 praeiudicio,
1859 1437 1914 1478 uti,
1928 1436 1999 1478 frui,

1258 1490 1352 1533 potiri
1378 1495 1407 1525 et
1431 1491 1580 1534 gaudere,
1602 1491 1700 1524 libere
1719 1496 1747 1523 et
1772 1490 1855 1523 licite
1879 1490 2000 1524 valeant

1258 1544 1384 1577 realiter
1420 1550 1449 1577 et
1486 1544 1606 1587 integre
1640 1545 1669 1577 in
1703 1543 1850 1577 omnibus
1882 1548 1911 1576 et
1942 1553 1999 1588 per

1257 1597 1373 1639 omnia,
1393 1597 1513 1630 etiarnsi
1541 1598 1571 1630 in
1597 1597 1679 1631 Urbe
1697 1602 1726 1631 et
1742 1597 1864 1631 civitate
1888 1597 1997 1630 huius-

1259 1651 1342 1684 modi
1369 1661 1430 1684 non
1457 1651 1675 1691 habitaverint,
1695 1651 1825 1695 perinde
1849 1661 1885 1684 ae
1909 1650 1934 1683 si
1958 1650 1996 1683 de

1258 1715 1329 1737 vere
1349 1705 1446 1737 nobili
1472 1715 1598 1747 genere,
1617 1710 1646 1737 et
1664 1714 1698 1737 ex
1718 1710 1851 1747 utroque
1868 1709 1997 1748 parente

1256 1757 1352 1790 nobili
1371 1757 1543 1800 originario
1560 1768 1595 1790 ac
1613 1757 1831 1801 antiquissimo
1848 1757 1914 1790 cive
1927 1767 1998 1801 pro-

1256 1811 1350 1842 creati
1372 1811 1483 1850 forent,
1501 1816 1530 1842 et.
1548 1810 1728 1843 huiusmodi
1747 1810 1995 1854 praerogativae,

1255 1863 1429 1906 privilegia,
1455 1863 1679 1907 exemptiones,
1705 1863 1838 1906 gratiae,
1863 1863 1995 1904 favores,

1255 1917 1491 1956 concessiones,
1516 1916 1635 1949 indulta
1659 1922 1689 1949 et
1713 1917 1801 1956 iura,
1833 1926 1913 1959 quae
1935 1926 1995 1960 pro

1254 1970 1322 2003 aliis
1346 1970 1507 2003 nobilibus
1524 1976 1554 2002 et
1574 1970 1694 2003 civibus
1711 1969 1892 2012 originariis
1910 1979 1994 2003 ema-

1254 2029 1378 2065 narunt,
1397 2029 1426 2056 et
1450 2033 1530 2067 quae
1556 2023 1677 2056 ratione
1701 2022 1874 2056 nobilitatis
1899 2028 1929 2055 et
1956 2022 1997 2055 ci·

1255 2076 1380 2108 vilitatis
1404 2076 1556 2109 naturalis
1574 2081 1602 2109 et
1620 2076 1810 2119 originariae
1830 2076 1899 2108 aliis
1912 2086 1994 2110 com-

1253 2134 1372 2172 petunt,
1397 2140 1455 2172 pro
1480 2129 1597 2162 eisdem
1616 2129 1814 2162 conclavistis
1835 2129 1864 2161 in
1890 2128 1993 2173 specie

1253 2187 1450 2215 emanassent
1471 2192 1525 2214 scu
1544 2188 1737 2223 emanarent,
1754 2187 1784 2215 et
1803 2182 1848 2215 eis
1871 2187 1994 2215 natura-

1253 2235 1323 2268 liter
1341 2235 1378 2268 de
1396 2235 1474 2276 iure,
1492 2241 1617 2276 statuto,
1632 2235 1867 2275 consuetudine,
1882 2235 1991 2268 sunda-

1253 2289 1346 2330 tione‚
1372 2289 1422 2322 vel
1447 2289 1522 2322 alias
1548 2294 1776 2333 competerent,
1805 2289 1992 2326 auctoritate

1252 2348 1281 2375 et
1306 2347 1415 2376 tenore
1439 2342 1594 2375 similibus
1621 2342 1829 2386 indulgemus.

1295 2396 1310 2438 ἓ
1333 2395 1363 2428 3.
1389 2396 1513 2438 Nosque
1538 2396 1743 2429 conclavistas
1773 2395 1950 2439 praedictos
1974 2405 1991 2428 a

1251 2449 1407 2482 solutione
1431 2454 1461 2482 et
1486 2449 1646 2482 exactione
1664 2449 1857 2483 deeimarum
1883 2453 1913 2482 et
1936 2459 1990 2482 eu-

1251 2502 1435 2546 iuscumque
1459 2502 1598 2546 pedagii,
1623 2502 1766 2543 subsidii,
1791 2502 1933 2545 gabellae
1961 2507 1992 2535 et

1250 2555 1477 2599 cuiuscumque
1495 2556 1610 2596 oneris,
1628 2561 1691 2588 tam
1714 2555 1876 2595 ordinarii,
1896 2565 1991 2599 quam

1250 2609 1501 2651 extraordinarii,
1516 2608 1632 2652 ubique
1647 2610 1799 2650 locorum,
1818 2614 1847 2641 et.
1861 2619 1895 2642 ex
1917 2619 1991 2652 qua-

2013 217 2066 246 An.
2087 218 2120 246 C:
2133 221 2196 251 165ss

2046 2401 2076 2424 Ab
2103 2404 2185 2423 onoma

2011 2433 2145 2456 quorumenm
2160 2431 2185 2448 ιιι

2005 2456 2110 2477 solutione
2135 2454 2148 2475 ti
2164 2458 2187 2476 θ(
2221 2466 2224 2473 v

2006 2484 2046 2503 rat.
