2202 3190
428 185 491 219 836
973 194 1148 219 Burmanni
1173 194 1324 218 ROMANUM

470 248 626 282 beneficia
646 247 801 291 simplicia
821 248 997 291 possident,
1016 254 1071 282 aut
1090 248 1120 280 in

472 302 614 335 futurum
629 301 847 345 possidebunt,
861 302 933 336 licet
947 303 1123 336 dominium

473 355 603 388 illorum
620 356 790 395 retineant,
809 355 996 389 eorumdem
1019 361 1123 389 tamen

472 418 565 441 usum
591 408 726 442 liberum
760 419 823 442 non
856 409 1042 451 habebunt,
1069 410 1123 443 sed

468 461 507 495 de
532 461 688 495 fructibus
713 473 786 496 cum
812 462 961 497 facultate
986 469 1017 496 et
1040 463 1124 495 arbi-

470 521 555 548 tratu
580 516 756 560 superioris
777 517 810 550 in
834 517 886 561 pia
903 527 1001 561 opera
1018 516 1123 560 dispo-

468 578 545 603 nere
570 570 774 611 tenebuntur,
799 569 873 604 488.

382 620 501 655 CCLlV.
513 621 719 656 Confirmatio
737 622 853 657 decreti
867 621 1123 666 congregationis

469 675 694 719 episcoporum
713 682 743 710 et
767 677 974 720 regularium,
992 687 1056 720 quo
1073 686 1124 709 ea-

468 728 540 762 dem
566 730 772 772 congregatio
805 729 944 773 iniungit
976 729 1123 763 commis-

467 783 550 816 sario
587 783 725 826 generati
761 783 869 817 curiae
901 782 1026 816 Ordinis
1058 782 1125 815 Mi-

468 847 585 870 norum
616 838 717 870 sancti
747 837 907 871 Francisci
938 837 976 871 de
1001 836 1120 870 Obser-

468 890 586 931 vanua,
602 896 635 924 ut
649 890 735 924 aliud
750 890 913 925 decretum
930 890 1033 925 dictae
1048 901 1123 924 con-

467 943 662 987 gregationis
688 945 819 977 omnino
851 944 964 988 exequi
992 943 1123 977 mandet

466 998 740 1041 super-negotium
754 1003 943 1041 praetensae
953 997 1123 1031 erectionis

465 1051 630 1085 custodiae
666 1051 924 1085 Recollectorum
949 1051 1119 1085 Lotharin-

466 1103 546 1147 giae,
559 1109 590 1137 et
614 1109 805 1148 perpetuum
831 1104 993 1140 silentium
1021 1105 1123 1149 impo-

467 1158 626 1199 nendum,
650 1158 718 1192 eius
752 1164 859 1192 autem
892 1163 1067 1193 conventus
1092 1165 1121 1192 et

468 1210 581 1244 domos
605 1212 663 1244 sub
689 1212 875 1246 obedientia
901 1217 931 1245 et
963 1212 1122 1255 gubernio

468 1264 651 1306 provinciae
674 1265 827 1299 Franciae
847 1265 1038 1299 parisiensis
1055 1277 1123 1300 om-

466 1316 544 1350 nino
568 1317 765 1362 redigendos
805 1325 837 1352 et
876 1319 1119 1360 subjiciendos,

377 1421 484 1457 CCLV.
512 1423 675 1458 Indultum
705 1431 740 1459 ut
774 1425 1010 1470 Complutensis
1050 1437 1122 1459 aca-

467 1477 573 1512 demia
587 1479 721 1512 recitare
736 1480 835 1523 possit
849 1480 988 1514 officium
1000 1480 1029 1513 S.
1041 1480 1121 1513 Tho-

467 1542 537 1565 mae
562 1531 600 1565 de
626 1532 787 1566 Villanova
821 1533 880 1566 sub
912 1533 974 1567 ritu
999 1533 1119 1577 duplici

466 1585 626 1619 secundae
651 1586 762 1619 classis
787 1597 860 1620 cum
886 1593 1013 1629 octava,
1040 1586 1117 1620 490.

376 1636 496 1672 CCLVI.
528 1638 726 1683 Praecipitur
758 1640 907 1674 omnibus
933 1641 972 1673 de
997 1640 1120 1674 univer-

466 1691 558 1725 sitate
582 1692 798 1737 Complutensi
824 1693 987 1727 observari
1023 1700 1120 1728 statu-

466 1751 534 1779 tum
549 1756 620 1779 inv
634 1746 672 1780 de
690 1746 876 1780 obedientia
894 1748 1008 1781 rectori
1033 1757 1120 1791 prae-

467 1799 594 1841 standa,
613 1799 688 1833 491.

379 1851 515 1887 CCLVlI.
542 1853 754 1887 Declarantur
777 1864 898 1897 poenae
914 1865 994 1898 quas
1014 1855 1119 1888 incur-

467 1911 543 1939 runt
566 1917 631 1940 non
648 1907 854 1942 observantes
875 1914 1029 1942 statutum
1050 1919 1120 1942 inv

467 1960 653 1993 academiae
693 1961 926 2005 Complutensis
962 1962 1001 1995 de
1037 1962 1119 1996 obe-

467 2012 589 2046 dientia
624 2014 740 2047 rectori
770 2014 984 2058 praestanda,
1012 2014 1088 2048 4902.

379 2063 525 2099 CCLVIII.
539 2066 775 2100 Declarationes
788 2078 884 2112 super
896 2067 1119 2101 controversiis

467 2118 550 2152 inter
574 2126 815 2163 procuratorem
832 2122 1009 2164 generalem
1030 2121 1118 2155 Ordi-

468 2171 518 2204 nis
535 2173 690 2206 Minorum
708 2174 876 2208 strictioris
900 2174 1119 2209 observantiae

468 2226 568 2259 sancti
611 2227 773 2261 Francisci
813 2239 848 2261 ac
893 2229 1117 2272 provincialem

466 2279 648 2323 provinciae
672 2281 834 2314 Romanae
859 2289 887 2316 et
907 2282 1118 2326 guardianum

468 2332 497 2365 S.
523 2333 681 2367 Francisci
708 2334 946 2379 'transtyberim
972 2337 1011 2370 de
1035 2336 1118 2370 Urbe

467 2385 541 2419 493.

380 2436 502 2472 CCLIX.
547 2439 753 2475 Confirmatio
786 2442 904 2477 decreti
936 2454 1118 2487 congrega-

470 2493 564 2527 tionis
596 2495 820 2540 episcoporum
857 2503 887 2531 et
923 2497 1117 2541 regularium

468 2556 532 2590 quo
556 2558 650 2591 super
674 2549 889 2583 controversia
913 2549 998 2584 inter
1014 2561 1118 2583 secre-

468 2599 584 2635 tarium
609 2602 787 2642 generalem
811 2613 848 2637 ex
870 2604 935 2639 una
964 2609 995 2641 et
1015 2614 1118 2641 secre-

1263 247 1380 281 tarium
1403 246 1583 291 provinciae
1606 246 1767 280 Romanae
1785 246 1907 281 Ordinis

1263 301 1423 334 Minorum
1449 300 1549 334 sancti
1569 300 1729 334 Francisci
1748 300 1786 334 de
1803 299 1914 334 Obser-

1265 354 1367 388 vantia
1385 365 1421 388 ex
1449 354 1546 387 altera
1563 359 1705 387 vertente
1735 353 1915 387 declaratur

1265 408 1313 441 ius
1336 407 1581 452 praecedentiae
1606 412 1785 451 competere
1813 417 1916 441 secre-

1264 463 1352 497 tariis
1377 463 1580 506 generalibus
1606 462 1727 502 curiae,
1749 461 1824 494 495.

1175 517 1282 551 CCLX.
1310 517 1350 550 Ut
1375 517 1544 561 episcopus
1583 515 1754 549 patavinus
1794 520 1823 548 et
1861 514 1915 548 alii

1264 569 1529 604 commendatarii
1551 568 1817 602 monasteriorum
1836 567 1916 602 Con-

1263 623 1457 668 gregationis
1497 621 1748 656 Camaldulensis
1789 620 1916 654 Ordinis

1264 677 1362 710 sancti
1387 675 1548 709 Benedicti
1571 675 1749 708 monastico
1767 673 1917 718 regimini

1264 741 1298 764 se
1321 740 1386 763 non
1411 730 1570 773 ingerant,
1596 735 1672 770 etc.,
1695 728 1774 766 495.

1176 783 1297 818 CCLXI.
1334 783 1558 817 Ordinationes
1592 793 1688 826 super
1723 780 1917 814 admissione

1264 837 1454 870 clericorum
1504 836 1697 870 secularium
1745 834 1916 868 Doctrinae

1264 890 1458 924 Christianae
1485 890 1517 922 in
1541 889 1640 924 Gallia
1666 887 1704 922 ad
1734 892 1807 922 vota
1834 887 1916 920 sim-

1262 943 1369 988 plicia,
1394 954 1570 988 eorumque
1595 943 1632 976 ad
1653 941 1782 977 ordines
1809 951 1916 975 sacros

1262 998 1476 1042 promotione,
1503 997 1579 1031 497.

1175 1051 1310 1087 CCLXII.
1358 1051 1553 1085 Reformatio
1591 1050 1714 1095 collegii
1748 1060 1916 1084 cursorum

1264 1105 1497 1149 apostotorum,
1525 1105 1599 1139 500.

1175 1157 1330 1193 CCLXlII.
1349 1157 1528 1192 Declaratio
1543 1157 1630 1201 quod
1650 1157 1776 1191 nullum
1795 1157 1842 1191 ius
1856 1167 1916 1191 nec

1263 1212 1358 1246 etiam
1383 1211 1574 1245 cumulative
1601 1215 1758 1254 competat
1783 1209 1916 1243 admini-

1262 1265 1452 1299 stratoribus
1474 1262 1530 1298 seu
1562 1263 1782 1308 superioribus
1804 1273 1915 1297 mona-

1262 1319 1431 1352 steriorum
1465 1317 1695 1351 Parisiensium
1720 1323 1750 1350 et
1774 1316 1914 1349 aliorum

1262 1371 1530 1405 monasteriorum
1553 1370 1838 1405 Carmelitanarum
1855 1369 1916 1403 Ex-

1261 1425 1473 1459 calceatarum
1487 1424 1578 1468 regni
1598 1423 1750 1457 Franciae
1765 1421 1914 1458 visitandi

1261 1478 1346 1512 dicta
1372 1478 1584 1518 monasteria,
1611 1488 1683 1511 eum
1709 1476 1844 1511 diversis
1864 1486 1915 1510 01·-

1261 1531 1479 1565 dinationibus
1507 1531 1591 1565 eirca
1627 1530 1819 1572 visitatores,
1844 1534 1915 1572 etc„

1173 1639 1320 1674 CCLXlV.
1341 1639 1518 1674 Declaratio
1532 1639 1705 1684 apostolica
1718 1648 1776 1682 pro
1793 1637 1917 1671 univer‘

1261 1695 1354 1728 sitate
1379 1694 1475 1728 studii
1494 1692 1650 1737 generalis
1665 1691 1912 1735 Complutensis,

1260 1753 1295 1781 ut
1320 1747 1471 1791 deinceps
1503 1747 1535 1779 in
1568 1745 1704 1779 licentiis
1732 1744 1912 1788 theologiae

1259 1811 1324 1834 non
1350 1801 1451 1834 serant
1475 1806 1583 1834 votum
1600 1799 1659 1831 nisi
1685 1798 1730 1831 illi
1751 1798 1912 1839 doctores,

1260 1853 1314 1897 qui
1344 1854 1391 1886 vel
1424 1863 1478 1896 per
1510 1864 1561 1885 sex
1592 1861 1717 1885 menses
1742 1851 1913 1884 continuos

1258 1912 1330 1940 ante
1355 1906 1476 1940 dictum
1500 1911 1608 1940 votum
1633 1904 1800 1939 serendum
1818 1914 1911 1948 prae-

1260 1966 1366 1994 sentes
1391 1961 1423 1993 in
1449 1961 1535 1994 dicta
1558 1959 1764 1993 universitate
1798 1958 1910 1991 adfue-

1258 2015 1331 2055 rint,
1351 2015 1399 2048 vel
1424 2015 1537 2048 saltem
1556 2012 1716 2046 adfuerint
1733 2015 1914 2055 praesentes

1260 2072 1398 2111 quatuor
1414 2067 1542 2101 actibus
1559 2066 1758 2109 singulorum
1777 2074 1912 2098 concur-

1259 2122 1398 2155 rentium
1430 2121 1469 2154 ad
1502 2120 1644 2155 licentias
1683 2131 1720 2153 ex
1755 2119 1794 2152 iis
1832 2127 1913 2163 quos

1260 2187 1318 2220 pro
1350 2175 1477 2209 licentia
1510 2173 1684 2207 obtinenda
1718 2173 1820 2206 facere
1852 2171 1910 2204 de-

1259 2229 1347 2271 bent,
1370 2229 1447 2263 508.

1172 2282 1306 2317 CCLXV.
1351 2282 1576 2316 Ordinationes
1615 2281 1700 2315 circa
1736 2285 1912 2314 conventus

1259 2336 1461 2369 Briocensem
1476 2340 1506 2369 et
1518 2334 1790 2368 Landerniensem
1816 2341 1914 2376 super

1260 2390 1451 2433 quibusdam
1484 2386 1709 2421 controversiis
1741 2386 1826 2420 inter
1848 2386 1912 2419 sra-

1258 2448 1321 2476 tres
1346 2443 1542 2476 Recollectos
1559 2446 1590 2474 et
1611 2440 1803 2483 Cordigeros
1821 2438 1914 2472 Ordi-

1257 2496 1306 2529 nis
1332 2495 1432 2529 sancti
1459 2495 1623 2528 Francisci
1643 2493 1676 2528 in
1695 2494 1795 2528 Gallia
1820 2503 1910 2526 exor-

1257 2549 1297 2582 tis
1321 2549 1353 2582 in
1377 2549 1517 2592 capitulo
1543 2549 1686 2591 generali
1715 2546 1790 2582 dicti
1820 2545 1908 2579 Ordi-

1257 2602 1306 2638 nis
1330 2607 1507 2645 emanat-ae,
1527 2601 1604 2636 509.
