2202 3190
206 194 254 219 An.
270 191 298 219 C.
322 190 388 218 1662
433 182 497 215 778

408 244 508 281 gatur‚
527 237 637 270 debeat
661 246 697 269 ex
719 236 770 268 illa
791 234 863 278 eligi
889 240 1076 279 procurator
1097 245 1146 278 ge-

407 289 531 322 noratis.

453 342 467 384 ,ξ
492 341 520 374 6.
546 341 580 373 In
604 339 744 384 quolibet
767 344 870 372 autem
897 339 1033 383 capitulo
1058 349 1148 381 gene-

410 394 465 427 rali
492 393 646 436 eligantur
670 403 781 426 novem
807 392 999 432 definitores,
1024 397 1087 424 tres
1105 391 1148 423 vi-

410 447 522 479 delicet
538 456 574 478 ex
593 445 724 488 singulis
749 445 809 477 illis
833 444 1094 488 professionibus,
1112 454 1147 476 ex

412 499 528 543 quibus
554 498 649 530 abbas
666 497 821 541 generalis
838 507 901 530 non
918 497 1011 530 fuerit
1035 507 1150 529 assum-

411 557 493 595 ptus,
514 551 576 584 duo
601 561 676 584 vero
701 561 736 583 ex
761 550 825 591 illa,
850 560 929 593 quae
950 551 986 582 ea
1011 550 1076 583 vice
1100 549 1151 581 ha-

412 605 516 637 buerit
540 604 684 636 abbatem
718 603 920 646 generalem,
949 602 1000 646 qui
1026 612 1150 645 semper

413 658 452 691 sit
476 661 505 690 et
530 657 721 700 intelligatur
745 667 812 689 esse
845 661 936 699 caput
960 655 1127 687 definitorii
1142 682 1150 695 ‚

414 715 444 743 et
478 709 705 743 novennarium
746 709 947 742 definitorum
983 717 1150 740 numerum

416 763 581 807 compleat.
596 763 694 796 Porro
715 767 800 795 extra
817 761 988 805 capitulum
1010 760 1041 792 in
1058 761 1151 793 causa

417 816 611 849 vacationum
629 815 740 849 electio
764 825 919 848 novorum
938 813 1087 846 abbatum
1104 823 1153 846 vo-

417 868 530 901 calium
555 873 585 901 et
609 868 789 901 officialium
818 867 870 899 fiat
895 867 933 899 ab
958 865 1068 898 abbate
1094 875 1149 908 ge-

418 921 518 954 nerali
543 926 573 954 et
596 921 719 954 duobus
744 919 973 959 visitatoribus;
1001 919 1089 962 prius
1113 923 1155 951 ta-

419 985 491 1007 men
508 974 690 1007 definitores
709 974 791 1006 illius
809 972 1023 1017 professionis,
1044 972 1075 1004 in
1095 982 1156 1015 qua

419 1027 539 1060 vacatio
564 1027 740 1069 contigerit,
758 1032 821 1059 tres
845 1025 1016 1058 monachos
1037 1025 1156 1057 habiles

420 1091 478 1123 per
495 1085 564 1113 vota
581 1085 700 1112 secreta
725 1079 840 1122 eligant
863 1078 1086 1122 proponendos
1103 1076 1156 1109 ab-

420 1132 483 1164 bati
505 1131 645 1174 generali
664 1136 693 1163 et
709 1129 932 1170 visitatoribus,
949 1129 1001 1173 qui
1021 1130 1156 1172 aliquem

422 1196 458 1218 ex
484 1186 584 1218 tribus
608 1185 776 1219 nominatis
796 1185 826 1217 in
851 1184 993 1217 abbatem
1019 1184 1158 1217 vocalem

424 1247 453 1275 et
477 1242 641 1275 officialem
661 1241 777 1284 eligere
798 1244 972 1273 teneantur.
993 1239 1160 1272 Eveniente

424 1306 498 1328 vero
530 1294 671 1338 legitima
703 1294 863 1328 vacatione
888 1294 980 1326 unius
1010 1294 1055 1326 vel
1090 1293 1160 1337 plu-

424 1350 507 1382 rium
540 1359 576 1382 ex
608 1349 775 1392 praedictis
799 1348 899 1381 tribus
924 1347 1162 1387 definitoribus,

426 1414 506 1436 unus
530 1403 575 1436 vel
593 1403 699 1447 plures
723 1402 851 1435 abbates
876 1401 1014 1434 eiusdem
1044 1401 1162 1444 profes-

427 1456 522 1490 sionis
555 1456 598 1489 illi
631 1467 666 1489 ex
692 1455 782 1489 dictis
816 1455 916 1488 tribus
947 1454 1165 1487 definitoribus

428 1509 480 1554 qui
505 1509 699 1554 professione
723 1508 882 1552 antiquior
906 1508 1010 1548 fuerit,
1036 1507 1165 1540 vicinio-

429 1575 479 1596 res
503 1563 702 1596 advocentur.
721 1563 758 1595 Et
774 1562 825 1595 hic
850 1562 932 1595 idem
958 1561 1054 1606 stylus
1074 1561 1165 1593 etiam

430 1622 571 1649 servetur
602 1615 632 1648 in
658 1626 731 1649 casu
767 1614 936 1648 vacationis
970 1614 1165 1647 visitatorum

430 1674 516 1702 extra
541 1669 720 1712 capitulum.

475 1723 490 1766 ἓ
515 1722 543 1755 7.
568 1722 730 1761 Quaelibet
754 1725 857 1754 autern
884 1720 1013 1761 electio,
1044 1725 1106 1752 tam
1139 1720 1169 1752 in

432 1776 567 1820 capitulo
581 1786 674 1819 quam
689 1779 775 1808 extra
789 1774 958 1818 capitulum
973 1773 1169 1813 celebranda,

432 1840 488 1873 per
508 1829 585 1862 duas
609 1839 644 1861 ex
669 1828 771 1861 tribus
788 1827 929 1871 partibus
946 1827 1169 1870 suffragiorum

434 1882 497 1923 fiat,
522 1881 661 1925 alioquin
686 1881 725 1913 sit
749 1881 843 1913 nulla.
861 1880 907 1913 Ad
923 1880 1000 1913 haec
1017 1881 1170 1919 volumus,

436 1941 468 1968 ut
493 1935 683 1979 quicumque
708 1934 851 1967 monachi
878 1935 971 1966 trium
996 1934 1167 1977 professio-

436 1999 509 2021 num
535 1988 774 2028 antedictarum,
800 1987 851 2031 qui
877 1992 956 2029 sunt,
972 1991 1001 2020 et
1018 1997 1116 2030 nsque
1135 1986 1173 2018 ad

437 2041 680 2085 publicationem
724 2050 875 2073 novarum
916 2039 1173 2073 constitutionum

438 2100 530 2128 erunt
548 2104 677 2138 capaces
694 2094 831 2127 cuiusvis
848 2094 975 2137 gradus,
996 2094 1027 2126 in
1051 2095 1106 2127 sua
1125 2094 1174 2126 l1a-

439 2148 559 2181 bilitate
584 2153 773 2180 remaneant.

484 2202 498 2245 ἓ
516 2201 544 2235 8.
571 2201 814 2235 Constitutiones
831 2210 905 2234 vero
925 2200 1089 2234 autharum
1105 2210 1176 2234 con-

441 2255 659 2297 gregationum
674 2265 731 2298 per
748 2259 928 2298 praesentes
946 2254 975 2286 in
992 2265 1086 2286 unam
1105 2265 1178 2287 eon-

442 2307 619 2341 iunctarum
644 2318 661 2340 a
686 2307 785 2340 tribus
810 2318 847 2340 ex
872 2306 965 2339 Vallis
991 2307 1179 2347 Umbrosae,

444 2361 497 2403 qui
518 2360 686 2392 sintabbas
700 2360 856 2403 generalis
873 2365 902 2392 et
918 2360 980 2393 duo
996 2360 1180 2401 visitatores,

444 2422 566 2446 necnon
590 2413 628 2445 ab
652 2413 719 2445 aliis
746 2413 844 2446 tribus
869 2413 1030 2446 monachis
1060 2424 1095 2446 ex
1121 2413 1178 2447 Sil-

444 2466 652 2498 vestrinorum
674 2466 972 2509 congregationibus
989 2466 1179 2509 huiusmodi,

447 2518 499 2562 qui
524 2519 585 2551 sint
608 2519 742 2552 vicarius
758 2520 924 2562 generalis,
944 2530 980 2553 ac
992 2525 1181 2563 procurator

448 2571 600 2614 generalis
626 2576 654 2605 et
677 2572 797 2615 primus
827 2573 986 2613 visitator,
1019 2573 1181 2606 revidean-

985 186 1161 211 BULLARIUM
1186 185 1340 210 ROMANUM

1185 239 1246 267 tur.
1264 234 1414 277 lpsaeque
1431 232 1679 274 constitutiones,
1694 232 1738 265 sic
1751 232 1870 266 revisae
1887 237 1917 266 et

1181 286 1337 327 reductae,
1351 296 1368 318 a
1385 285 1520 329 capitulo
1538 284 1676 328 generali
1692 284 1917 328 approbentur,

1181 345 1211 372 et
1236 339 1325 372 nobis
1357 338 1489 371 subinde
1521 337 1769 371 confirmationis
1789 342 1917 380 aposto-

1181 392 1259 425 licae
1284 391 1419 435 desuper
1443 391 1629 425 obtinendae
1654 390 1755 433 gratia
1776 399 1920 433 praesen-

1183 448 1296 478 tentur.

1227 498 1241 540 ἓ
1266 498 1294 531 9.
1320 497 1427 530 Debita
1452 502 1555 530 autem
1581 497 1743 540 hucusque
1762 499 1920 529 contracta

1184 561 1200 583 a
1224 551 1392 594 praedictis
1409 551 1530 584 duabus
1551 549 1847 593 congregationibus
1863 548 1923 582 sol-

1185 609 1295 636 vantur
1320 602 1492 644 distinete¹,
1511 604 1591 636 sicut
1610 603 1703 636 modo
1720 602 1763 644 fit,
1781 612 1838 634 nec
1862 601 1923 634 sint

1186 656 1384 696 communia3
1410 656 1448 689 ad
1473 656 1576 689 debita
1600 666 1674 688 vero
1699 654 1923 695 contrahenda,

1186 715 1216 742 et
1251 719 1402 753 expensas
1437 709 1594 743 faciendas
1625 713 1696 752 post
1727 712 1924 752 praesentem

1933 185 1981 212 An.
1998 183 2027 212 C.
2043 184 2111 212 1662

1997 508 2116 535 Sequuntur

1936 535 2087 557 ordinationem

1187 762 1354 802 unionem,
1386 773 1465 806 quae
1496 767 1686 796 concernent
1710 772 1826 805 corpus
1851 760 1924 794 reli-
1963 799 1968 803 ,

1188 815 1300 858 gionis,
1314 821 1503 848 concurrant
1517 826 1624 849 omnes
1641 814 1853 859 professiones
1866 824 1924 858 pro

1189 870 1264 901 rata.

1233 922 1248 965 g
1272 920 1323 954 210.
1348 921 1511 955 Praeterea
1532 921 1675 954 volumus
1695 919 1814 963 pariter
1835 924 1865 953 et
1880 930 1929 953 or-

1189 974 1335 1007 dinamus
1348 978 1382 1006 ut
1403 974 1535 1007 dilectus
1548 973 1630 1006 filius
1649 973 1818 1006 modernus
1832 973 1929 1005 abbas

1191 1027 1346 1070 generalis
1366 1027 1619 1070 congregationis
1645 1026 1738 1059 Vallis
1756 1025 1930 1059 Umbrosae

1192 1081 1407 1123 generalatum
1423 1080 1586 1113 universae
1601 1079 1854 1123 congregationis
1865 1078 1931 1111 Val-

1193 1134 1230 1167 lis
1256 1134 1429 1167 Umbrosae
1463 1139 1493 1167 et
1524 1133 1725 1166 Silvestrinae
1750 1131 1931 1165 huiusmodi

1194 1192 1303 1230 gerat,
1333 1187 1465 1220 dilectus
1496 1198 1570 1220 vero
1603 1187 1721 1230 pariter
1757 1186 1840 1218 filius
1866 1195 1930 1218 mo-

1195 1242 1311 1275 dernus
1345 1241 1441 1274 abbas
1481 1241 1637 1284 generalis
1679 1238 1933 1283 congregationis

1197 1295 1451 1329 Silvestrinorum
1485 1299 1646 1327 remaneat
1672 1294 1807 1328 vicarius
1840 1305 1934 1337 gene-

1197 1349 1270 1382 ralis
1295 1348 1575 1391 congregationum
1603 1348 1694 1380 Vallis
1716 1348 1889 1381 Umbrosae
1905 1352 1936 1381 et

1198 1402 1407 1442 Silvestrinae‚
1425 1407 1459 1434 ut
1475 1401 1661 1445 praefertur,
1687 1400 1936 1442 coniunctarum,

1200 1461 1229 1488 et
1249 1455 1279 1487 in
1297 1457 1352 1488 sua
1371 1455 1565 1498 professione
1587 1454 1776 1499 Sylvestrina
1794 1454 1935 1487 eamdem

1200 1509 1417 1542 auctoritatem
1427 1508 1631 1551 eamdemque
1639 1507 1937 1549 denominationem,

1201 1573 1294 1606 quam
1319 1572 1402 1595 nunc
1426 1562 1529 1605 habet,
1554 1562 1685 1596 retineat
1709 1572 1808 1605 usque
1829 1561 1867 1594 ad
1888 1572 1938 1595 ca-

1202 1616 1336 1660 pitulum
1362 1616 1528 1658 generale,
1562 1620 1592 1647 et
1625 1625 1698 1648 casu
1730 1626 1792 1659 quo
1817 1615 1940 1648 deficiat

1203 1668 1298 1700 abbas
1321 1668 1487 1711 generalis,
1513 1668 1727 1711 generalatum
1751 1668 1844 1701 totius
1869 1679 1941 1702 con-

1204 1722 1395 1764 gregationis
1419 1721 1569 1765 suscipiat
1593 1721 1764 1764 gerendum
1784 1732 1883 1764 usque
1903 1721 1941 1754 ad

1204 1785 1316 1808 novam
1341 1774 1525 1808 electionem
1550 1779 1583 1807 ut
1607 1785 1701 1818 supra
1724 1774 1907 1807 faciendam.

1250 1829 1264 1872 g
1285 1828 1335 1860 111.
1361 1828 1470 1861 Dilecti
1488 1838 1613 1871 quoque
1630 1827 1685 1859 filii
1704 1827 1848 1860 moderni
1869 1839 1942 1872 pro-

1206 1886 1367 1914 curatores
1385 1881 1547 1924 generales
1572 1886 1633 1913 tam
1652 1880 1744 1913 Vallis
1770 1881 1942 1915 Umbrosae

1206 1946 1300 1978 quam
1325 1935 1524 1968 Silvestrinae
1549 1934 1803 1978 congregationis
1830 1945 1942 1979 supra-

1207 1988 1361 2021 dictarum
1379 1992 1560 2021 remaneant
1585 1994 1808 2032 procuratores
1833 1999 1942 2033 respe-

1208 2042 1287 2074 ctive
1307 2052 1434 2074 suarum
1455 2041 1686 2085 professionum
1707 2052 1744 2074 eo
1766 2041 1858 2074 modo
1883 2053 1945 2085 quo

1208 2105 1291 2128 nunc
1315 2100 1387 2127 sunt
1411 2105 1511 2138 usque
1536 2094 1574 2127 ad
1596 2094 1768 2138 capitulum
1790 2095 1946 2137 generale;

1210 2148 1294 2192 quod
1319 2148 1344 2181 si
1369 2148 1489 2181 interea
1514 2147 1626 2191 aliquis
1647 2158 1757 2180 eorum
1781 2148 1948 2181 cessaverit

1211 2202 1248 2234 ab
1273 2201 1386 2241 officio,
1411 2201 1488 2235 alter
1513 2206 1673 2234 remaneat
1690 2205 1877 2244 procurator
1894 2212 1948 2244 ge-

1212 2254 1326 2287 neralis
1342 2254 1507 2287 ambarum
1526 2253 1806 2296 congregationum
1822 2253 1947 2287 insimul

1213 2307 1385 2347 unitarum;
1411 2307 1478 2350 pari
1504 2306 1597 2339 modo
1614 2306 1718 2338 dilecti
1735 2306 1790 2338 filii
1805 2305 1948 2339 moderni

1215 2360 1388 2394 visitatores
1412 2359 1585 2394 Silvestrini
1610 2359 1641 2391 in
1668 2360 1732 2392 suis
1765 2359 1948 2400 muneribus

1216 2419 1396 2447 remaneant
1413 2424 1512 2457 usque
1526 2413 1564 2446 ad
1581 2413 1673 2445 finem
1688 2423 1797 2446 eorum
1812 2412 1948 2453 triennii,

1215 2478 1276 2511 quo
1302 2472 1442 2510 tempore
1467 2466 1598 2500 durante
1623 2471 1740 2498 tantum
1774 2466 1870 2498 abbas
1896 2477 1949 2508 ge-

1252 2582 1263 2608 1
1281 2580 1351 2608 Edit.
1368 2580 1450 2608 Main.
1467 2580 1532 2616 legit
1546 2580 1675 2609 districte
1690 2580 1726 2614 (a.
1739 2579 1786 2614 12).
