2243 3205
51 165 86 192 An
115 161 143 188 C.
160 159 221 187 1661

57 1125 140 1147 neema
148 1131 219 1152 supra-

45 1153 139 1174 dictorum
151 1154 219 1172 Ponti-

45 1179 100 1200 fienm
106 1179 219 1200 confirmat.

834 159 1018 185 ALEXANDER
1043 160 1087 184 VII
1110 161 1157 184 1³1³.

240 206 393 239 dictarum
420 207 677 241 constitutionum
703 207 879 242 recedendo
905 219 978 242 eon-

239 260 384 293 traxisse:
417 270 488 302 nos,
514 266 645 303 cuncta,
670 272 750 305 quae
782 272 798 294 a
832 261 980 305 praefatis

238 313 534 357 praedecessoribus
560 315 697 355 nostris,
722 319 755 348 ut
780 315 978 348 subditorum

238 368 362 400 utilitati
388 379 423 401 ac
448 368 545 401 nostri
575 369 677 402 Status
709 369 847 401 uberiori
885 369 980 401 incre-

237 427 343 454 mento
355 422 563 463 consulerent,
575 422 743 454 salubriter
753 423 870 455 sancita
883 422 979 462 fuere,

236 474 385 517 pristinae
411 475 577 507 restituere
604 475 839 515 observantiae,
873 476 980 519 eisque

236 527 379 561 firmiora
404 528 585 560 fulcimenta
611 539 732 572 parare,
758 539 856 572 eaque
873 529 979 562 onmia

237 585 267 612 et
292 580 424 623 singula,
449 591 529 624 quae
554 581 721 625 praedictis
747 583 902 615 ullatenus
928 593 979 615 va-

237 634 320 667 leant
352 634 533 674 adversari,
565 635 686 667 etiamsi
722 636 759 669 de
796 636 978 669 necessitate

237 687 441 732 exprimenda
465 689 584 729 forent,
609 699 625 721 e
651 689 754 722 medio
783 690 892 722 tollere
918 700 975 722 cu-

235 741 370 785 pientes,
396 741 628 785 praedictarum
657 743 916 776 constitutionum
943 754 979 776 ac

236 795 375 827 omniun]
402 795 632 828 contrariorum
659 806 786 839 quoquo
812 796 906 829 niodo
936 797 978 828 di-

235 853 319 880 recte
344 848 391 880 vel
416 847 567 881 indirecte
590 847 821 882 adversantium
842 854 872 881 et
902 849 977 881 alio·

236 911 305 933 rum
331 911 606 944 quorumcumque
632 901 670 934 de
695 901 763 934 iure
800 902 978 946 exprimen-

235 953 347 987 doruin
375 960 499 988 tenores
524 965 559 987 ac
585 955 694 995 series,
719 966 754 987 ac
780 955 803 988 si
826 956 864 988 dc
881 956 978 989 verbo

234 1009 272 1041 ad
298 1009 427 1041 verbum
454 1009 561 1041 inserti
589 1009 727 1049 fuissent,
752 1020 810 1053 pro
836 1010 927 1054 plene
949 1016 978 1043 et

234 1062 426 1095 sufficienter
450 1062 608 1106 expressis
622 1072 658 1094 ac
674 1062 799 1095 insertis
817 1063 976 1104 babentes,

279 1115 335 1159 ἐξ).
360 1116 443 1148 Motu
457 1115 598 1159 proprio,
619 1121 649 1148 et.
669 1126 704 1148 ex
724 1118 809 1148 certa
835 1117 975 1157 scientia,

234 1169 335 1213 deque
360 1169 549 1213 apostolicae
575 1169 736 1212 potestatis
761 1169 976 1212 plenitudine,

234 1223 292 1255 hac
304 1224 412 1256 nostra
427 1227 579 1266 perpetuo
594 1222 727 1255 valitura
743 1223 975 1265 constitutione,

234 1275 310 1308 Sixti
336 1276 369 1317 V,
398 1276 564 1309 Clementis
594 1276 670 1316 vlu,
703 1276 789 1308 Pauli
815 1276 848 1315 V,
879 1276 976 1309 Urba-

233 1329 264 1361 ni
290 1329 352 1361 vni
378 1339 415 1362 ac
439 1329 611 1362 Innocentii
636 1330 662 1362 X
694 1329 975 1373 praedecessorum

233 1383 481 1425 constitutiones,
506 1393 541 1416 ac
567 1382 671 1415 omnia
691 1386 721 1416 et
743 1383 866 1425 singula
884 1382 914 1415 in
932 1383 976 1416 eis

234 1440 263 1470 et
288 1446 394 1469 earum
421 1435 559 1480 qualibet
584 1440 728 1469 contenta
753 1441 782 1468 et
806 1446 976 1479 expressa,

233 1489 326 1522 etiam
352 1489 456 1522 forsan
481 1489 616 1533 desuper
632 1499 694 1522 non
713 1490 888 1529 enunciata,
907 1500 977 1523 con-

187 1564 192 1567 ·
233 1542 399 1576 firmamus
412 1548 443 1575 et
460 1543 686 1586 approbamus,
702 1553 738 1576 ac
756 1543 976 1576 inviolabiliter

51 1709 182 1732 ‘Licentia
199 1712 219 1731 et

44 1735 147 1758 facultates
171 1743 219 1758 con-

44 1769 109 1785 cessas
125 1767 218 1786 revocat.

234 1596 266 1629 in
290 1597 437 1630 omnibus
462 1603 492 1630 et
519 1607 576 1641 per
601 1597 706 1630 omnia
730 1597 889 1630 observari
915 1597 972 1630 de-

234 1650 393 1683 cernimus
418 1655 448 1683 et
470 1650 663 1683 mandamus.

278 1705 293 1748 ξ
314 1704 361 1737 10.
388 1705 497 1748 Atque,
522 1710 555 1737 ut
581 1704 704 1747 singula
720 1705 750 1737 in
769 1704 886 1737 eisdem
905 1715 975 1738 con-

233 1757 448 1791 stitutionibus
473 1768 622 1801 expressa
646 1758 769 1801 plenius
795 1758 973 1791 executioni

233 1811 471 1852 demandentur,
496 1812 555 1845 bac
580 1812 609 1844 in
630 1817 721 1855 parte
739 1812 830 1844 etiam
854 1822 975 1845 corum-

232 1865 303 1899 dem
319 1866 597 1910 praedecessorum
613 1866 752 1909 vestigiis
766 1866 973 1905 inhaerentes,

233 1929 342 1952 omnes
367 1923 396 1953 et
417 1919 556 1962 singulas
581 1919 753 1959 facultates,
774 1920 915 1952 licentias
939 1930 974 1952 ac

232 1972 351 2005 indulta
364 1983 580 2016 quaecumque
599 1984 694 2016 super
708 1973 870 2016 quibusvis
883 1972 974 2006 bonis

233 2025 408 2067 stabilibus,
422 2026 547 2066 tenutis,
562 2026 743 2059 tenimentis
757 2037 792 2059 ac
809 2027 898 2067 locis,
912 2032 973 2059 tani

233 2079 532 2112 iurisdictionalibus
558 2090 652 2123 quam
683 2079 900 2112 iurisdictione
924 2091 973 2113 ca-

232 2132 382 2173 rentibus,
403 2133 467 2166 sive
492 2132 553 2165 sint
576 2132 720 2173 feudalia,
741 2133 973 2177 emphyteutica

233 2191 263 2219 et
285 2186 447 2227 livellaria,
463 2187 526 2219 sive
543 2186 709 2227 allodialia,
728 2186 758 2218 in
774 2198 973 2230 quocumque

232 2239 302 2273 loco
326 2241 430 2274 Status
454 2241 551 2274 nostri
578 2240 786 2273 Ecclesiastici
805 2241 974 2273 consisten-

231 2293 283 2336 tia,
309 2294 525 2334 contrabendi,
550 2304 670 2327 necnon
697 2293 748 2326 illa
773 2293 865 2326 etiam
899 2293 973 2325 reti-

231 2346 324 2379 nendi
343 2352 372 2379 et
386 2357 447 2380 non
462 2347 622 2380 babitandi
645 2347 675 2378 in
696 2346 778 2379 Urbe
794 2357 848 2379 seu
863 2351 972 2378 nostro

231 2398 319 2433 Statu
352 2400 594 2441 Ecclesiastico,
627 2410 644 2432 a
675 2399 972 2443 praedecessoribus

232 2454 347 2486 nostris
368 2454 414 2486 vel
436 2464 453 2486 a
473 2454 563 2486 nobis
580 2454 609 2486 in
632 2454 768 2486 favorem
798 2453 970 2486 sorensium

1662 151 1725 185 653

1014 208 1252 249 ecclesiasticae,
1278 210 1370 242 etiam
1399 214 1488 242 motu
1511 209 1643 253 proprio
1657 214 1685 241 et
1698 209 1755 242 sub

1013 261 1175 304 quibusvis
1201 262 1348 295 clausulis
1373 266 1403 296 et
1427 262 1566 302 cautelis,
1591 262 1755 305 derogato-

1014 313 1069 346 riis
1093 319 1123 346 et
1148 315 1386 355 revalidatoriis,
1412 325 1534 348 necnon
1551 315 1756 358 reintegrato-

1014 367 1069 400 riis
1093 367 1123 399 in
1142 368 1308 411 pristinum
1329 373 1441 402 statum
1460 369 1608 409 validum,
1626 379 1755 412 quomo-

1014 420 1132 454 dolibet
1157 431 1306 455 concessa
1330 428 1359 455 et
1384 423 1554 466 impartita,
1577 422 1701 466 penitus
1725 427 1756 455 et

1013 473 1142 507 omnino
1173 484 1376 515 revocamus,
1407 476 1604 507 annullamus
1629 480 1659 508 et
1682 475 1755 509 abo-

1014 528 1125 567 lemus,
1140 538 1175 561 ac
1188 538 1246 571 pro
1271 529 1434 569 revocatis,
1459 529 1625 561 annullatis
1642 533 1671 562 et
1684 529 1755 562 abo-

1015 581 1075 613 litis
1099 581 1208 613 haberi
1234 581 1379 614 volumus
1403 587 1432 614 et
1457 582 1651 615 mandamus.

1058 634 1073 677 ἓ
1097 634 1149 666 M.
1170 634 1325 675 Ceterum,
1339 635 1441 678 quoad
1462 645 1515 668 eos
1531 635 1583 679 qui
1606 636 1754 669 hactenus

1013 693 1238 721 contraxerunt
1262 693 1292 720 et
1323 688 1403 721 bona
1427 689 1586 732 praedicta
1616 689 1754 723 retinue-

1014 746 1086 773 runt
1111 746 1141 774 et
1157 741 1318 785 possident
1336 742 1444 785 vigore
1462 742 1605 775 licentiae
1623 752 1639 774 a
1664 752 1754 785 prae-

1013 794 1232 828 decessoribus
1249 795 1365 829 nostris
1384 796 1431 828 vel
1452 806 1468 828 a
1493 795 1585 828 nobis
1609 796 1754 829 obtentae

1013 853 1192 892 opportuno
1217 853 1363 882 curantes
1395 859 1564 882 occurrere
1601 849 1753 889 consilio,

1013 912 1273 946 unumquemque
1297 902 1335 935 ad
1361 902 1444 934 illam
1470 913 1503 935 rc
1524 902 1590 946 ipsa
1612 902 1755 935 exhiben-

1012 955 1083 988 dam
1109 956 1138 988 in
1164 956 1241 989 actis
1267 956 1370 989 dilecti
1397 956 1452 988 filii
1478 955 1635 988 Francisci
1657 956 1754 988 Luca-

1012 1009 1080 1040 relli
1106 1009 1221 1042 notarii
1246 1020 1389 1042 camerae
1420 1014 1546 1042 nostrae
1579 1009 1658 1041 infra
1692 1014 1754 1042 tres

1013 1072 1136 1094 menses
1154 1073 1170 1094 a
1189 1062 1240 1095 die
1262 1063 1482 1106 publicationis
1507 1062 1681 1105 praesentis
1702 1073 1754 1095 no-

1012 1120 1093 1147 strae
1111 1116 1342 1149 constitutionis
1363 1116 1393 1148 in
1415 1116 1472 1148 bac
1491 1115 1574 1149 Urbe
1596 1115 1754 1148 faciendae

1011 1167 1237 1211 adstringimus
1261 1173 1291 1203 et
1316 1169 1509 1212 obligamus,
1534 1179 1655 1202 necnon
1674 1169 1754 1202 infra

1012 1221 1157 1254 eumdem
1176 1222 1346 1254 terminum
1365 1222 1403 1254 ad
1419 1222 1534 1255 Urbem
1557 1233 1591 1255 ac
1609 1227 1752 1255 nostrum

1011 1275 1131 1308 Statum
1157 1276 1331 1319 respective
1356 1276 1479 1316 venire,
1505 1275 1611 1320 ibique
1629 1286 1700 1308 vere
1718 1286 1753 1308 ac

1012 1339 1082 1360 cum
1108 1328 1222 1361 effectu
1256 1328 1449 1362 domicilium
1484 1329 1588 1362 animo
1613 1339 1649 1362 ac
1684 1339 1755 1372 pro-

1011 1381 1114 1425 posito
1139 1392 1203 1414 non
1228 1382 1393 1414 recedendi
1419 1383 1564 1425 amplius,
1590 1387 1754 1426 perpetuo-

1010 1446 1071 1479 que
1095 1446 1166 1468 cum
1192 1436 1309 1468 familia
1327 1436 1472 1469 manendi
1494 1436 1620 1469 realiter
1639 1437 1753 1470 consti-

1011 1494 1119 1532 tuere,
1154 1495 1249 1533 prout
1274 1490 1366 1523 etiam
1397 1491 1426 1523 in
1454 1490 1570 1523 eisdem
1596 1490 1751 1523 dictorum

1010 1547 1192 1576 nostrorum
1222 1543 1502 1586 praedecessorum
1527 1542 1753 1576 constitutioni-

1009 1596 1068 1628 bus
1086 1596 1290 1640 praecipitur,
1315 1597 1373 1629 sub
1396 1596 1506 1640 poenis
1523 1596 1554 1628 in
1569 1596 1628 1629 illis
1648 1607 1752 1640 respe-

1010 1650 1089 1682 ctive
1114 1650 1278 1690 contentis,
1304 1650 1448 1683 volumus
1473 1655 1502 1682 et
1527 1649 1721 1682 mandamus.

1054 1704 1068 1747 ἓ
1092 1703 1143 1736 19..
1170 1703 1378 1736 Decernentes
1396 1703 1439 1736 sic
1457 1708 1486 1736 et
1502 1713 1564 1736 non
1589 1703 1666 1736 alias
1690 1713 1751 1747 per

1009 1767 1225 1800 quoscumque
1248 1757 1367 1790 iudices
1391 1756 1567 1790 ordinarios
1592 1757 1639 1789 vel
1664 1756 1750 1789 dele-

1009 1814 1117 1853 gatos,
1143 1811 1234 1843 etiam
1265 1821 1430 1843 causarum
1460 1810 1564 1854 palatii
1597 1810 1695 1843 nostri
1720 1815 1750 1842 et

1009 1875 1152 1897 camerae
1183 1864 1373 1908 apostolicae
1398 1864 1555 1897 auditores
1578 1874 1612 1896 ac
1637 1864 1750 1906 guber-

1008 1923 1145 1957 natores,
1159 1917 1349 1960 illorumque
1360 1918 1617 1956 locumtenentes,
1627 1926 1749 1949 necnon

1009 1971 1218 2004 camerarium
1244 1964 1400 2012 nostrum,
1425 1971 1564 2014 aliosque
1590 1970 1619 2003 S.
1653 1970 1686 2003 R.
1716 1970 1748 2002 E.

1009 2025 1193 2066 cardinales,
1214 2025 1308 2057 etiam
1334 2024 1372 2056 de
1397 2025 1492 2057 latere
1517 2024 1604 2057 Sedis
1622 2025 1751 2067 Aposto-

1008 2080 1085 2112 licae
1110 2080 1239 2122 legatos,
1260 2079 1423 2122 dictaeque
1449 2078 1536 2111 Sedis
1560 2078 1701 2117 nuncios,
1719 2082 1749 2109 et

1008 2132 1135 2176 quosvis
1155 2132 1232 2164 alios
1249 2132 1357 2175 quavis
1377 2131 1561 2165 auctoritate
1586 2131 1749 2173 fungentes

1008 2190 1038 2219 et
1062 2185 1277 2218 iurisdictione
1298 2186 1460 2229 pollentes,
1476 2185 1568 2217 etiam
1590 2194 1748 2217 cameram

1009 2239 1105 2282 ipsam
1141 2244 1170 2271 et
1202 2239 1334 2271 clericos
1366 2239 1482 2282 ubique
1515 2243 1545 2271 et
1577 2238 1607 2270 iu
1640 2237 1748 2283 quavis

1008 2292 1172 2332 instantia,
1203 2292 1324 2325 sublata
1354 2292 1397 2324 eis
1429 2296 1459 2326 et
1484 2302 1593 2325 eorum
1620 2291 1748 2323 cuilibet

1006 2345 1115 2388 quavis
1150 2345 1240 2377 aliter
1269 2345 1424 2377 iudicandi
1458 2350 1487 2377 et
1520 2343 1746 2388 interpretandi

1006 2398 1160 2438 facultate,
1185 2397 1315 2430 iudicari
1335 2403 1364 2430 et
1381 2397 1505 2429 deliniri
1530 2397 1656 2437 debere,
1678 2397 1746 2429 irri-

1006 2456 1070 2483 tum
1085 2462 1209 2494 quoquc
1224 2456 1253 2483 et
1271 2451 1362 2483 inane
1379 2450 1531 2494 quidquid
1550 2460 1638 2483 secus
1652 2460 1747 2494 super

232 2506 368 2539 cuiusvis
393 2512 500 2547 status,
514 2507 642 2550 gradus,
656 2506 855 2548 conditionis,
870 2506 972 2549 digni·
1005 2505 1053 2537 liis
1067 2515 1084 2537 a
1097 2515 1266 2547 quoquam,
1280 2504 1388 2547 quavis
1402 2503 1596 2544 auctoritate,
1611 2504 1746 2537 scienter

233 2559 303 2591 tatis
320 2570 354 2592 ae
372 2560 646 2603 praeeminentiae,
668 2565 729 2592 tam
748 2559 863 2592 laicalis
878 2570 970 2604 quani
1006 2559 1051 2591 vel
1074 2558 1270 2601 ignoranter,
1289 2557 1456 2600 contigerit
1479 2557 1632 2591 attentari.

1773 161 1820 186 An⁴
1843 160 1870 185 C.
1889 160 1951 187 1661

1778 1738 1781 1740 -
1794 1711 1906 1732 Decretum
1922 1712 1949 1732 lr-

1766 1741 1838 1758 ruanS.
