2263 3215
271 197 318 224 An.
336 198 362 224 C.
387 198 452 225 1657
498 189 562 222 c270

1050 197 1229 222 numanum
1252 196 1405 221 ROMANUM

467 246 545 286 sito,
565 245 694 289 aliisque
720 244 994 278 constitutionibus
1019 251 1048 277 ct
1072 245 1200 278 ordina-
1237 245 1329 278 etiam
1346 243 1518 287 impressis,
1535 252 1629 275 manu
1643 242 1773 275 alicuius
1789 242 1902 276 notarii
1920 252 1974 287 pu-

468 299 605 332 tionibus
630 298 832 343 apostolicis,
856 308 977 331 necnon
1003 298 1203 331 basilicarum

469 355 498 386 et
523 352 724 385 ecclesiarum
745 352 935 392 huiusmodi,
955 352 1061 385 aliisve
1082 352 1207 395 quibus-

469 405 523 446 vis,
549 405 642 437 ctiam
661 405 848 446 iuramento,
868 405 1108 438 confirmatione
1132 415 1206 447 apo-

469 458 598 498 stolica,
630 459 677 490 vel
712 458 772 491 alia
796 458 904 502 quavis
935 458 1082 491 firmitate
1108 457 1204 490 roho-

469 511 555 551 ratis,
574 511 696 545 statutis
717 517 746 544 ct
775 511 1066 552 consuetudiniluis,
1087 511 1208 555 privile-

470 563 528 605 giis
546 575 682 609 quoque,
702 564 827 597 indultis
845 570 875 597 et
892 564 1002 597 litteris
1020 563 1208 607 apostolicis,

470 617 527 649 sul)
563 618 812 662 quibuscumque
844 618 1013 651 verborum
1049 616 1209 649 tenoribus

470 675 499 701 et
518 671 636 711 formis,
654 682 689 704 ac
716 682 785 704 cum
813 671 976 715 quibusvis
1005 671 1097 702 etiam
1119 669 1210 702 dero-

471 723 664 765 gatoriarum
700 723 926 767 derogatoriis,
952 723 1081 766 aliisque
1107 722 1210 754 effica-

471 776 626 816 cioribus,
652 777 875 809 efficacissimis
900 780 930 810 et
962 775 1092 808 insolitis
1126 775 1209 807 elau-

471 829 556 869 sutis,
575 829 831 873 irritantibusspie
856 835 885 861 et
909 829 977 861 aliis
1001 828 1154 869 decretis,
1181 827 1210 859 in

470 893 586 925 genere
612 883 658 915 vel
684 883 714 915 in
739 883 852 926 specie,
876 893 912 915 ac
936 883 1010 914 alias
1034 881 1210 925 quomodo-

471 936 546 968 libet
576 937 606 968 in
638 937 830 969 contrarium
863 936 1107 980 praemissorum
1139 945 1210 968 con-

471 990 584 1031 cessis,
617 990 810 1022 confirmatis
842 995 871 1021 et
897 989 1070 1027 innoi·atis;
1096 988 1210 1032 ‹piibus

471 1043 616 1076 omuibus
641 1048 670 1075 et
695 1043 836 1086 singulis,
854 1043 974 1075 etiamsi
1001 1054 1057 1086 pro
1084 1042 1209 1074 illorum

471 1096 636 1129 sufficienti
662 1096 867 1139 derogatione
887 1096 925 1128 dc
951 1096 1010 1128 illis
1036 1105 1210 1138 eorumque

471 1149 543 1182 totis
570 1149 730 1183 tenoribus
754 1149 920 1193 specialis,
951 1148 1119 1192 specifica,
1152 1158 1206 1180 ex-

470 1213 577 1246 pressa
603 1208 632 1235 et
656 1202 825 1245 individua,
842 1213 878 1235 ac
902 1202 940 1234 de
965 1201 1061 1235 verbo
1085 1202 1122 1234 ad
1145 1211 1211 1234 ver-

472 1257 559 1297 bum,
577 1266 639 1289 non
664 1261 767 1289 autem
794 1267 850 1300 per
875 1256 1030 1289 clausulas
1048 1255 1210 1297 generales

471 1310 576 1343 idem*
610 1310 825 1354 importantes‚
857 1310 972 1342 mentio
1003 1320 1055 1341 seu
1083 1309 1211 1353 quaevis

472 1363 531 1395 alia
563 1363 722 1406 expressio
754 1363 894 1395 facienda
932 1368 984 1395 aut
1014 1362 1118 1405 aliqua
1153 1362 1211 1394 alia

472 1416 626 1459 exquisita
657 1417 756 1449 forma
781 1415 818 1448 ad
845 1416 904 1448 lioc
929 1415 1080 1448 serranda
1112 1415 1211 1455 soi-ct,

472 1470 598 1503 illorum
623 1471 764 1504 omnium
791 1475 820 1503 et
843 1470 1041 1513 singulorum
1070 1474 1211 1510 tenores,

471 1523 589 1555 formas
623 1529 652 1555 et
687 1523 867 1556 occasiones
902 1522 1119 1566 praesentibus
1154 1532 1212 1565 pro

473 1576 564 1619 plene
589 1581 619 1609 et
636 1576 827 1609 sufficienter
845 1575 1014 1618 expressis,
1036 1575 1166 1607 serratis
1183 1580 1211 1607 et

420 1655 422 1657 .
472 1629 596 1662 insertis
621 1630 795 1674 respective
820 1629 982 1669 habentes,
1003 1628 1062 1660 illis
1087 1628 1161 1660 alias
1183 1628 1211 1659 in

473 1693 530 1715 suo
556 1683 670 1716 robore
694 1682 928 1726 permansuris,
956 1682 994 1714 ad
1026 1682 1213 1726 praemisso-

1239 298 1309 330 blici
1332 297 1527 340 subscriptis,
1543 301 1573 329 et
1593 296 1695 339 sigillo
1712 306 1864 340 personae
1880 296 1910 328 in
1928 306 1976 329 ec-

1240 350 1414 384 clesiastica
1439 350 1589 393 dignitate
1618 350 1804 383 constitutae
1828 349 1974 391 munitis,

1241 404 1348 437 eadem
1374 414 1505 447 prorsus
1537 403 1613 436 tides
1643 403 1673 435 in
1698 403 1813 436 iudicio
1838 407 1868 435 et
1891 407 1977 435 extra

1241 457 1433 499 adhibeatur,
1452 467 1530 500 quae
1555 457 1771 500 praesentibus
1796 456 1870 500 ipsis
1894 455 1978 489 adhi-

1242 510 1379 553 beretur,
1401 510 1424 542 si
1451 511 1550 543 forent
1575 510 1729 544 exhibitae
1754 510 1801 543 vel
1825 514 1977 543 ostensae.

1287 564 1398 596 Datum
1424 564 1560 603 Rornae,
1585 563 1668 607 apud
1693 563 1722 596 S.
1747 563 1896 603 Petrum,
1920 562 1979 595 sub

1243 617 1360 649 annulo
1379 617 1556 658 piscatoris,
1578 617 1627 649 die
1641 627 1674 650 ιιι
1699 616 1808 660 aprilis
1822 614 1979 657 MDCLVI1¹,

1245 670 1445 712 pontificatus
1470 670 1568 702 nostri
1589 680 1670 702 anno
1690 679 1733 702 ιιι.

1281 730 1337 757 Dat.
1354 732 1368 756 Ρ-
1384 732 1476 767 aprilis
1495 732 1571 765 1657,
1587 732 1681 767 pontis.
1699 739 1770 758 anuo
1786 737 1826 757 111.

1581 847 1650 880 CLl.

1246 918 1442 961 Inimegsilur
1458 917 1722 950 eminentissimis
1739 921 1768 950 et
1787 916 1982 950 reverendis-

1289 971 1381 1002 simis
1406 971 1547 1002 dominis
1572 969 1793 1003 cardinalibus
1812 970 1912 1003 trium
1937 980 1985 1003 ec-

1289 1023 1463 1056 cles-iarum
1492 1023 1773 1068 patriarchalium
1805 1023 1903 1056 Urbis·
1928 1033 1983 1056 ar-

1289 1076 1538 1119 chipresbyteris
1574 1086 1747 1120 eorumque
1770 1075 1922 1116 vicariis,
1948 1080 1984 1108 ut

1288 1129 1410 1162 divinis
1434 1129 1549 1171 officiis
1573 1129 1609 1161 in
1633 1128 1751 1162 eisdem
1776 1127 1913 1161 ecclesiis
1935 1128 1984 1161 in-

1290 1183 1403 1215 tersim
1412 1181 1431 1214 ἵ.

1437 1252 1602 1280 Alexander
1628 1252 1707 1285 Papa
1727 1253 1790 1286 VII,

1368 1297 1403 1324 ad
1424 1299 1597 1331 perpetuam
1616 1297 1661 1324 rei
1680 1296 1862 1324 memoriam.

1290 1359 1457 1392 Pastoralis
1482 1359 1576 1392 officii
1595 1358 1686 1392 nobis
1710 1369 1726 1391 a
1750 1358 1884 1392 Domino
1904 1368 1986 1392 com-

1247 1413 1332 1445 missi
1351 1413 1429 1445 ratio
1447 1413 1593 1456 postulat,
1607 1413 1684 1445 utin
1698 1412 1757 1453 his,
1770 1423 1850 1456 quae
1863 1412 1901 1445 ad
1917 1422 1987 1456 pro·

1247 1466 1435 1498 movendum
1455 1466 1486 1498 in
1506 1465 1757 1510 quibuscumque
1782 1465 1932 1507 ecclesiis,
1956 1471 1986 1498 et

1246 1519 1431 1563 praesertim
1450 1519 1543 1552 liuius
1559 1519 1659 1552 almae
1674 1519 1765 1552 Urbis
1783 1524 1908 1552 nostrae
1924 1519 1987 1563 pri-

1249 1572 1366 1613 mariis
1381 1572 1519 1605 divinum
1542 1572 1660 1605 cultum
1681 1572 1865 1616 pei·tinent³‚
1879 1577 1986 1605 aucto·

1247 1625 1345 1660 ritatis
1358 1629 1484 1660 nostrae
1499 1631 1604 1669 partes
1615 1625 1765 1670 peculiari
1780 1625 1987 1659 sollicitudine

1248 1679 1492 1723 interponamus.

473 1747 542 1769 rum
569 1736 713 1769 effectum
744 1735 920 1780 specialiter
945 1741 973 1768 ct
994 1745 1140 1778 expresse
1165 1735 1214 1767 de-

474 1799 644 1832 rogamus3
676 1789 850 1832 ceterisque
881 1788 1046 1822 contrariis
1078 1788 1213 1831 quihus-

474 1853 618 1886 cumque.

519 1896 533 1939 g
558 1896 586 1929 ti.
613 1895 651 1928 Ut
675 1900 778 1927 autem
804 1894 930 1927 caedem
961 1899 1141 1937 praesentes
1166 1893 1215 1925 lit-

476 1953 559 1981 terae
584 1947 732 1980 omnibus
758 1947 953 1980 innotescant
970 1973 977 1987 ‚
995 1950 1024 1980 et
1048 1956 1140 1979 nemo
1170 1956 1216 1979 ea-

475 2012 544 2034 rum
571 2000 779 2044 ignorantiam
805 2000 1011 2044 praetendere
1035 2001 1146 2043 possit,
1168 2011 1216 2032 ro-

1293 1733 1307 1776 g
1331 1733 1360 1765 t.
1385 1733 1537 1772 Quoniam
1569 1733 1664 1776 igitur
1691 1735 1802 1766 natura
1829 1743 1989 1777 compara·
2018 1732 2174 1775 'iniringa'
2198 1729 2201 1767 J

1248 1792 1314 1819 tum
1339 1792 1405 1828 est,
1431 1792 1464 1821 ut
1489 1787 1627 1819 minores
1657 1787 1813 1820 maiorum
1846 1787 1987 1831 exempla
2002 1770 2171 1833 Sillifflgf
2198 1786 2199 1821 ἶ

1249 1845 1439 1883 sequantur,
1465 1850 1500 1872 ac
1529 1839 1662 1883 proinde
1689 1850 1853 1884 speremus
1879 1840 1909 1872 in
1933 1823 2200 1880 D0.{1‘5'51{,⁴{}¹³¹¹fr·53}

1250 1893 1334 1925 mino
1361 1892 1442 1933 sore,
1469 1897 1501 1924 ut
1526 1892 1614 1925 chori
1643 1893 1770 1925 servitio
1799 1893 1829 1925 in
1860 1877 2104 1936 patriar-'mmm'

1249 1945 1391 1978 clialilms
1416 1946 1445 1978 S.
1466 1945 1590 1978 loannis
1615 1946 1645 1978 in
1671 1946 1833 1987 Laterano,
1852 1956 1888 1979 ac
1905 1945 1989 1979 Prin-

335 1902 459 1923 praesentes

275 1929 381 1953 puniti-ari
403 1936 459 1950 man-

276 1956 319 1979 dat,
344 1962 458 1982 earumque

276 1984 412 2007 transumptis
438 1983 459 2002 ti-

276 2008 323 2028 dem
339 2009 421 2029 haberi.

476 2054 580 2086 lumus
605 2059 638 2086 ut
658 2054 750 2094 illae,
776 2063 830 2086 seu
861 2063 969 2085 carum
1002 2053 1152 2096 exempla,
1178 2052 1214 2084 ad

476 2107 580 2139 valvas
596 2106 745 2139 ecclesiae
763 2107 792 2139 S.
813 2105 933 2139 loannis
948 2106 1163 2138 Lateranensis
1181 2116 1216 2137 ae

475 2158 622 2192 basilicae
648 2159 801 2202 Principis
825 2159 1069 2202 Apostolorum,
1094 2169 1214 2191 necnon

476 2213 680 2246 cancellariae
704 2213 902 2256 apostolicae,
923 2218 952 2244 et
970 2212 998 2244 in
1020 2212 1084 2244 acic
1109 2211 1214 2255 Campi

477 2266 587 2299 Florae
603 2266 640 2299 de
659 2266 740 2299 Urbe
764 2266 934 2309 praedicta,
953 2266 1029 2298 sicut
1049 2265 1146 2298 moris
1160 2270 1215 2307 cst,

476 2319 677 2363 publicentur
694 2324 724 2353 ct.
741 2320 917 2362 affigantur,
940 2330 1030 2364 quac,
1048 2318 1091 2352 sic
1114 2318 1217 2362 publi—

476 2377 562 2405 catac
586 2377 616 2405 ct
640 2372 758 2414 affixae,
784 2383 893 2405 omncs
919 2376 947 2406 et
965 2372 1116 2415 singulos,
1137 2382 1216 2415 quos

477 2431 681 2466 concernunt,
700 2425 830 2469 perinde
851 2425 994 2466 afficiant,
1011 2436 1046 2457 ac
1063 2425 1087 2456 si
1106 2435 1214 2457 eorum

476 2479 646 2522 unicuique
669 2478 875 2522 personaliter
893 2479 1050 2511 intimatae
1073 2478 1214 2515 suissenu

478 2536 573 2574 utque
598 2531 735 2574 ipsarum
761 2531 972 2575 praesentium
996 2531 1215 2574 transumptis,

514 2594 527 2619 1
551 2592 618 2619 [Zilil.
641 2593 715 2620 Maii!⁴
738 2594 802 2629 legit
825 2593 955 2628 idemque
976 2594 1013 2627 (¹³-
1034 2597 1080 2627 Τ.).

1288 2061 1296 2086 1
1321 2060 1391 2086 Edit.
1414 2060 1491 2086 Main.
1516 2060 1541 2086 in
1566 2063 1642 2087 textu
1666 2060 1731 2095 legit
1753 2060 1824 2088 1658
1847 2068 1924 2088 anno
1946 2061 1988 2094 111,

1250 2104 1319 2131 sicut
1335 2108 1361 2131 et
1374 2105 1562 2139 Clierubinius‚
1575 2113 1627 2140 quo
1639 2113 1703 2132 casu
1717 2105 1860 2132 referenda
1872 2105 1942 2133 soret
1956 2105 1990 2133 ad

1250 2157 1311 2176 ann.
1330 2158 1398 2185 seq.;
1415 2154 1441 2177 at
1456 2150 1594 2185 inscriptio
1610 2150 1766 2185 marginalis
1781 2154 1807 2178 et
1821 2149 1888 2178 ordo
1903 2150 1990 2178 hulla·

1250 2203 1309 2220 rum
1325 2195 1434 2229 exigunt
1453 2199 1481 2221 ut
1500 2195 1606 2230 legatur
1620 2201 1738 2229 MDCLvn,
1754 2203 1807 2230 quo
1823 2203 1888 2222 casu
1909 2195 1990 2223 etiam

1251 2247 1320 2266 anuo
1336 2245 1353 2265 ιι
1368 2238 1512 2273 legendum
1532 2238 1610 2266 foret.
1627 2239 1752 2267 Ceterum
1768 2239 1920 2267 istiusmodi
1934 2247 1989 2267 nu-

1251 2283 1318 2310 meri
1335 2287 1390 2310 tuin
1406 2283 1432 2310 in
1449 2283 1514 2310 edit.
1535 2283 1618 2310 Main.
1643 2287 1699 2310 tum
1719 2283 1746 2310 in
1769 2283 1917 2311 Cherubin.
1933 2283 1990 2312 fre-

1251 2331 1366 2363 quenter
1386 2327 1467 2355 errati
1487 2331 1549 2354 sunt
1567 2329 1604 2362 (a.
1621 2329 1670 2360 τ.).

1285 2372 1300 2398 2
1323 2372 1357 2398 lle
1378 2372 1534 2399 auctoritate
1554 2372 1628 2399 card.
1650 2372 1767 2408 archipr.
1789 2372 1919 2400 ecclesiae
1939 2372 1990 2400 La-

1251 2416 1401 2443 teranensis
1421 2416 1480 2443 vide
1502 2416 1575 2443 Pauli
1598 2417 1620 2443 V
1645 2416 1756 2444 Constit.
1782 2422 1832 2449 cx,
1854 2420 1921 2443 tom.
1946 2423 1986 2449 xl,

1251 2469 1310 2495 pag.
1332 2462 1393 2494 527,
1420 2461 1493 2487 Pauli
1515 2461 1548 2487 ΙΙΙ
1568 2461 1657 2488 Const.
1681 2467 1742 2488 xLiv
1771 2462 1840 2488 Cum
1860 2461 1989 2496 dilectas,

1251 2509 1314 2531 toni.
1334 2513 1369 2539 xi,
1385 2513 1445 2540 pag.
1462 2505 1523 2538 346,
1545 2508 1572 2532 et
1590 2505 1654 2531 sixti
1670 2505 1689 2531 V
1709 2505 1799 2532 Const.
1814 2511 1894 2540 CLxx,
1916 2505 1989 2533 Cum

1249 2557 1285 2575 eae
1300 2549 1404 2583 debito,
1426 2553 1489 2576 tom.
1512 2557 1548 2584 tx,
1572 2557 1631 2584 pag.
1655 2549 1713 2576 184.

1285 2592 1300 2618 :3
1320 2592 1390 2619 Edit.
1407 2592 1485 2619 llain.
1503 2593 1566 2628 legit
1579 2593 1707 2627 pertinet
1721 2593 1757 2628 (R.
1771 2593 1818 2628 τὴ).
