2263 3215
279 196 327 222 Au.
345 196 370 222 (Σ.
396 197 462 224 tuot}

279 258 393 283 Hispani-³0
432 258 460 277 su·-

278 287 331 303 stunt
348 284 459 304 rain—emit

279 311 301 330 Η.
319 310 344 330 Μ.
371 313 461 335 quintian-

278 343 308 357 tiis
350 337 459 356 reli-brute

278 370 283 388 ι
286 366 341 381 ,,,,,,,
345 378 349 382 ,

278 1475 395 1496 Ι“]»·η.’4ι-ἰ.ιιη
407 1482 453 1502 peu-

271 1504 366 1521 ΙΣΛΙΗΙἸΙΙΠ
382 1509 453 1522 HUIUS<

270 1534 349 1548 §lunelli
370 1535 453 1549 missam

271 1555 383 1575 ‹iilo-nutent
415 1562 453 1576 au-

270 1581 377 1601 dientibus
418 1583 453 1603 im·

271 1610 368 1633 pai-utin:

283 2217 394 2241 ltvmpauo
404 2223 451 2238 cun·

269 2247 389 2264 italiorum.

509 187 571 220 ¹:200
1050 199 1226 223 neemanim

477 244 682 277 intentionem
709 245 880 287 plurimum
908 245 937 277 in
970 246 1103 279 Domino
1128 251 1230 279 com-¹

477 297 668 337 mendantes,
686 308 821 341 cumque
846 298 1034 341 specialibus
1055 274 1230 341 favoribusl

476 356 505 383 et
529 351 639 393 gratiis
664 351 812 394 prosequi
838 352 990 393 volentes,
1015 346 1230 397 supplicatio-l

475 403 567 435 nibus
593 404 659 436 eius
684 404 811 436 nomine
836 405 929 437 nobis
953 416 1047 450 super
1071 407 1130 439 hoc
1154 393 1230 458 ¹¹¹¹·l

476 456 590 489 militer
627 457 782 500 porrectis
808 458 968 501 inclinati,
994 459 1115 492 dilectis
1139 460 1229 514 siliis,

474 509 557 542 clero
583 509 675 542 etiam
698 510 834 553 regulari
849 511 1084 554 praedictorum
1102 519 1230 556 regno:

474 573 542 595 rum
573 562 752 606 Hispaniae,
781 569 812 596 ut
842 564 947 607 aliqua
976 564 1025 597 die
1052 565 1209 598 dominica

475 616 589 648 mensis
622 616 803 649 novembris
837 627 893 660 per
917 617 1119 651 Ordinarium
1151 606 1229 654 loci}

473 667 665 711 designanda
684 669 774 702 annis
795 669 926 712 singulis
948 670 1060 703 festum
1079 670 1228 714 Patrem-j

472 719 514 752 nii
537 721 677 754 eiusdem
703 721 813 755 Beatae
840 722 954 755 Mariae
980 723 1115 766 Virginis
1139 730 1230 756 euml

472 773 574 806 officio
600 773 730 817 duplici,
751 775 834 817 quod
861 774 1012 808 recitatur
1036 775 1086 807 die
1112 785 1129 807 v
1155 764 1229 807 aii-l

472 826 553 868 gusti
575 827 604 859 in
631 826 708 859 sesto
739 827 950 861 Dedicationis
976 828 1003 860 S.
1035 827 1149 860 Mariae
1173 828 1210 860 ad

471 878 562 911 Nives
594 879 744 923 (exceptis
780 879 967 913 lectionibus
1000 881 1128 914 secundi
1160 882 1228 914 no-'

471 931 590 972 eturni,
615 942 694 975 quae
726 938 889 966 sumantur
914 944 950 966 ex
976 944 1121 967 sermone
1147 944 1211 967 san-

471 983 511 1017 cti
536 985 660 1018 Ioannis
685 985 899 1030 Chrysostomi
917 986 977 1020 Dei
998 986 1121 1027 Filius,
1142 993 1210 1029 etc.‚

470 1047 612 1080 quaeque
625 1038 780 1071 habentur
791 1038 841 1071 die
852 1049 895 1072 ΧΠ
911 1039 1109 1082 septembris,
1123 1040 1211 1083 quin·
1226 1049 1228 1095 ξ

472 1091 500 1123 ta
517 1089 597 1122 insra
621 1096 761 1124 octavam
782 1091 956 1125 Nativitatis
982 1092 1079 1136 ipsius
1100 1093 1228 1132 Beataei

470 1142 584 1175 Mariae
603 1143 763 1187 Virginis),
781 1154 903 1177 necnon
921 1155 991 1177 cum
1014 1145 1109 1177 inissa
1130 1156 1210 1189 quae

470 1197 647 1230 celebratur
663 1197 745 1230 dicta
760 1197 809 1231 die
832 1198 1042 1232 Dedicationis
1054 1210 1124 1232 cum
1141 1199 1210 1232 Glo-

469 1250 522 1283 ria
553 1255 583 1283 et
608 1250 724 1291 Credo,
757 1251 916 1284 celebrare
941 1252 1038 1284 libere
1071 1257 1098 1285 et
1126 1252 1209 1285 licite

469 1303 590 1347 possint
622 1308 651 1338 et
683 1304 828 1345 valeant,
868 1305 1052 1338 auctoritate
1088 1311 1210 1349 aposto-

470 1357 541 1398 liea,
568 1362 675 1391 tenore
700 1359 924 1402 praesentium,
952 1358 1155 1392 concedimus
1181 1362 1227 1421 et,1

471 1410 681 1453 indulgemus.
1225 1428 1227 1458 ἱ

513 1464 528 1508 ἓ
551 1463 580 1496 3.
608 1464 771 1497 Praeterea
797 1465 833 1497 ad
860 1465 1034 1507 augendam
1068 1465 1206 1498 fidelium

470 1517 655 1559 religionem
674 1522 703 1549 et
718 1517 894 1550 animarum
920 1518 1051 1550 salutem
1067 1518 1207 1551 caelesti-

468 1569 526 1602 bus
546 1568 704 1603 Ecclesiae
732 1570 886 1603 thesauris
913 1571 963 1614 pia
982 1571 1134 1604 charitate
1168 1571 1208 1603 in—

469 1623 556 1665 tenti,
582 1623 729 1656 omnibus
754 1624 917 1667 utriusque
948 1634 1039 1657 sexus
1063 1624 1207 1658 christili-

469 1677 590 1710 delibus
623 1687 693 1710 vere
723 1677 955 1720 poenitentibus
988 1683 1016 1710 et
1048 1678 1206 1720 confessis,

468 1741 503 1763 ae
525 1732 613 1764 sacra
633 1731 854 1764 communione
872 1732 1006 1771 refectis,
1024 1733 1076 1775 qui
1096 1733 1207 1765 missae

468 1784 598 1818 solemni
633 1784 663 1816 in
694 1784 743 1817 die
769 1784 929 1828 praedicta
955 1785 1154 1818 interfuerint
1179 1791 1208 1818 et

468 1837 512 1870 ibi
534 1848 590 1881 pro
609 1836 852 1870 christianorum
875 1837 1055 1881 principum
1081 1849 1208 1872 eoncor-

467 1889 529 1931 dia,
548 1890 712 1923 haeresum
728 1890 990 1933 exti1·patione,et
1007 1896 1131 1923 sanctae
1150 1892 1208 1923 Ma-

468 1943 523 1977 tris
549 1943 705 1976 Ecclesiae
730 1943 916 1977 exaltatione
947 1944 1013 1988 pias
1044 1945 1081 1977 ad
1108 1945 1206 1978 Deum

467 2007 576 2040 preces
594 1996 773 2035 effuderint,
789 1997 961 2040 plenariam
981 1997 1120 2030 omnium
1139 2009 1208 2041 pec-

467 2056 609 2084 catorum
635 2061 764 2083 suorum
792 2050 1018 2093 indulgentiam
1043 2056 1073 2084 et
1097 2052 1207 2084 remis-

468 2104 588 2137 sionem
615 2103 864 2136 misericorditer
891 2104 920 2136 in
946 2104 1078 2137 Domino
1100 2114 1208 2138 eonce-

467 2157 581 2190 dimus

512 2211 526 2253 ἓ
551 2210 579 2242 li.
610 2210 675 2242 Non
707 2209 904 2243 obstantibus
935 2210 1207 2244 constitutionibus

468 2269 497 2296 et
521 2263 771 2296 ordinationibus
795 2263 986 2307 apostolicis,
1012 2269 1041 2297 et
1066 2265 1209 2298 concilia-

467 2316 565 2358 ribus,
580 2316 782 2359 generalibus
798 2317 843 2348 vel
862 2316 1060 2360 specialibus,
1076 2327 1208 2359 necnon,

467 2374 621 2413 quatenus
645 2380 724 2413 opus
755 2369 814 2409 sit,
839 2370 1042 2403 ecclesiarum
1069 2376 1099 2402 et
1124 2371 1208 2403 ordi-

467 2433 552 2461 num,
578 2423 871 2466 congregationum,
897 2422 1122 2462 institutorum,
1141 2435 1207 2457 mo-

468 2476 699 2517 nasteriorum,
725 2481 936 2509 conventuum
951 2503 958 2517 ,
988 2477 1206 2520 collegiorum,

468 2528 667 2571 aliorumque
686 2529 827 2561 locorum
847 2529 1040 2571 regularium
1059 2540 1207 2572 quorum-

468 2593 613 2626 cumque,
639 2583 730 2616 etiam
756 2583 944 2624 iuramento,
969 2584 1207 2617 confirmatione

1252 199 1404 224 nonaxon

1246 247 1435 290 apostolic-zi,
1458 247 1502 279 vel
1521 247 1628 290 quavis
1647 246 1793 280 firmitate
1813 246 1871 279 alia
1895 246 1983 280 robo-

1247 301 1331 342 ratis,
1349 301 1471 333 statutis
1494 305 1522 332 et
1547 299 1834 339 consuetudinibus,
1860 300 1983 333 ceteris-

1246 364 1306 397 que
1330 353 1495 386 contrariis
1524 353 1784 396 quibuscumque.

1291 407 1400 439 Datum
1422 407 1548 445 Romae,
1570 405 1651 449 apud
1681 406 1709 438 S.
1736 406 1862 439 Mariam
1889 406 1982 439 Maio-

1246 470 1322 501 rem,
1338 460 1395 492 suh
1410 459 1526 492 annulo
1540 459 1718 499 piscatoris,
1732 459 1781 492 die
1805 469 1902 492 xxvni
1917 459 1982 492 iulii

1246 523 1371 551 noceri,
1386 513 1586 556 pontificatus
1598 512 1697 546 nostri
1719 522 1801 546 anno
1818 522 1849 545 n.

1283 575 1339 601 ltat.
1356 574 1400 601 die
1416 575 1450 601 28
1470 574 1526 601 iulii
1547 574 1623 608 1656,
1642 574 1736 609 pontis.
1755 582 1825 601 anno
1842 580 1867 600 11.

1551 707 1675 740 CXXIV.

1246 781 1476 814 Hortatorium
1492 781 1734 824 archiepiscopo
1757 781 1982 824 Neapolitano,

1290 837 1324 866 ut
1343 833 1510 876 reputares
1527 833 1656 866 alliciat
1673 833 1715 866 ad
1728 833 1985 866 subveniendum

1289 890 1317 919 el
1335 885 1579 920 inserviendum
1595 890 1683 931 peste
1700 887 1827 929 infectis
1840 884 1858 918 ¹.

1245 957 1361 984 Dilecto
1389 956 1450 984 filio
1478 960 1582 984 nostro
1609 956 1733 984 Ascanio
1753 956 1838 984 tituli
1865 957 1895 984 S.
1920 957 1983 984 Ma-

1279 1000 1339 1028 riae
1360 1001 1396 1027 de
1417 1000 1553 1028 Aracaeli
1575 1000 1602 1028 S.
1622 1001 1653 1028 R.
1677 1001 1706 1028 E.
1727 1001 1902 1035 presbytero
1924 1008 1984 1029 car-

1280 1045 1374 1072 dinali
1401 1044 1602 1072 Philomarino
1629 1047 1815 1079 nuncupato,
1837 1045 1984 1073 ecelesiae

1279 1090 1494 1124 Neapolitanae
1510 1097 1546 1117 ex
1567 1089 1762 1117 concessione
1780 1093 1810 1117 et
1830 1089 1984 1124 dispensa-

1280 1134 1363 1162 tione
1384 1132 1550 1168 apostolica
1569 1134 1714 1168 praesuli,

1438 1183 1605 1210 Alexander
1624 1183 1702 1216 Papa
1722 1183 1782 1210 vll.

1516 1241 1631 1268 Dilecte
1652 1241 1710 1273 fili,

1279 1287 1409 1313 salutem
1431 1288 1461 1313 et
1481 1285 1677 1319 apostolicam
1696 1286 1946 1314 benedictionem.

1287 1358 1362 1390 Cum
1389 1357 1527 1400 primum
1554 1357 1646 1390 nobis
1671 1357 1807 1390 innotuit
1836 1367 1981 1400 magnam

1243 1411 1523 1454 presbyterorum,
1548 1411 1600 1454 qui
1637 1410 1847 1454 poenitentiae
1879 1415 1909 1444 et
1933 1421 1986 1444 eu-

1243 1463 1410 1497 charistiae
1446 1469 1641 1496 sacramenta
1676 1469 1763 1508 peste
1800 1464 1921 1498 infectis
1953 1464 1984 1497 in

1244 1517 1309 1549 istis
1333 1517 1456 1549 civitate
1481 1522 1511 1549 et
1535 1516 1671 1550 dioecesi
1696 1517 1907 1561 Neapolitanis
1935 1517 1984 1550 ad-

1244 1569 1429 1611 ministrent,
1445 1569 1552 1603 adesse
1571 1570 1745 1613 penuriam,
1769 1570 1985 1615 plurimosque

1244 1623 1424 1666 regulares,
1450 1623 1501 1667 qui
1528 1627 1636 1667 sponte
1665 1625 1700 1656 ea
1735 1624 1764 1656 in
1797 1634 1830 1657 re
1855 1634 1983 1667 operam

1242 1676 1474 1719 praestiterunt,
1499 1676 1640 1717 obiissse,
1659 1677 1878 1720 praecepimus
1895 1687 1985 1721 supe-

1244 1728 1380 1761 rioribus
1411 1729 1611 1771 generalibus
1644 1729 1827 1762 eorumdem
1861 1730 1985 1772 regula-

1244 1781 1336 1822 rium,
1356 1788 1388 1814 ut
1405 1782 1462 1814 sibi
1488 1782 1630 1815 subditos
1657 1782 1685 1814 in
1712 1782 1835 1816 civitate
1856 1788 1885 1815 et
1903 1783 1985 1817 dioe-

1242 1835 1304 1868 cesi
1324 1835 1492 1879 praedietis
1510 1835 1696 1878 superstites
1711 1835 1793 1869 serio
1807 1836 1982 1880 hortentur,

1243 1899 1280 1921 ne
1305 1894 1424 1921 tautum
1446 1888 1635 1921 christianae
1661 1889 1821 1922 charitatis
1839 1900 1919 1934 opus
1934 1889 1984 1923 de-

1244 1946 1385 1981 tractent,
1406 1942 1459 1974 sed
1478 1947 1563 1985 peste
1589 1942 1710 1975 insectis
1730 1948 1857 1986 praesto
1875 1943 1936 1976 sint
1952 1943 1984 1977 in

1243 1994 1459 2038 spiritualibus
1470 2006 1578 2028 eorum
1593 1995 1842 2037 necessitatibus,
1853 1995 1981 2030 uberem

1243 2049 1469 2091 eapropterea'2
1494 2048 1584 2081 nobis
1609 2049 1742 2092 gratiam
1762 2052 1824 2082 eta
1849 2049 1912 2083 Deo
1937 2059 1983 2082 ae-

1245 2108 1349 2134 ternae
1375 2102 1455 2134 vitae
1480 2103 1655 2145 praemium
1682 2103 1892 2136 consecuturi.

1288 2156 1302 2198 g
1320 2155 1348 2187 l.
1368 2155 1403 2189 Et
1417 2156 1559 2199 quamvis
1571 2156 1707 2189 sciamus
1720 2156 1798 2189 nibil
1816 2167 1832 2189 a
1848 2162 1886 2198 te,
1899 2157 1982 2201 quod

1243 2209 1280 2241 ad
1306 2209 1379 2242 boni
1406 2209 1543 2253 pastoris
1568 2209 1706 2243 officium
1740 2210 1897 2254 pertinet,
1922 2221 1982 2254 pro

1243 2262 1449 2296 subventione
1473 2263 1580 2306 gregis
1608 2273 1702 2296 curae
1729 2267 1797 2297 tuae
1822 2264 1983 2297 commisst

1243 2315 1460 2360 praetermitti,
1480 2316 1581 2348 facere
1599 2321 1702 2348 tamen
1721 2326 1783 2350 non
1803 2327 1982 2360 possumuS,

1243 2368 1334 2412 quin,
1371 2379 1429 2412 pro
1458 2371 1492 2402 ea
1522 2379 1602 2412 quae
1630 2369 1708 2413 ριό3
1744 2369 1982 2403 defunctoru1n⁴

1279 2460 1288 2484 1
1309 2458 1345 2485 Ex
1363 2458 1468 2494 [tegest.
1486 2459 1511 2485 in
1527 2459 1629 2486 Secret.
1647 2459 1724 2486 Brev.

1276 2503 1292 2529 ⁹2
1310 2503 1353 2530 Vel
1370 2506 1522 2537 eapropter
1539 2503 1577 2530 vel
1590 2506 1747 2538 propterea
1763 2504 1820 2538 iege
1835 2511 1873 2537 (n.
1889 2505 1937 2538 τ.).

1276 2547 1292 2574 3
1308 2547 1457 2582 Praeposit.
1473 2556 1526 2581 pro
1543 2555 1591 2574 uos
1606 2547 1731 2574 addimus
1746 2554 1785 2577 (n.
1798 2554 1813 2574 ‘r
1829 2548 1846 2577 l.

1276 2593 1291 2621 4
1307 2592 1410 2620 Forsan
1427 2593 1667 2627 clesicuclumrum
1682 2596 1722 2627 (n.
1741 2601 1788 2626 'r.).

1994 198 2043 225 An.
2061 199 2089 226 C.
2111 200 2174 230 1655

2025 1370 2161 1393 Prooemium.

2007 2166 2105 2187 Hortatur
2113 2164 2175 2187 arcbi‘

1999 2193 2118 2219 episcopum
2154 2192 2176 2212 ut

1997 2219 2104 2248 regulares
2132 2218 2176 2239 alti·

1975 2263 1981 2269 ,
1998 2247 2041 2266 ciat
2061 2245 2088 2266 aa
2103 2244 2175 2266 subve-

1997 2271 2096 2293 niendum
2119 2272 2174 2298 peste

1998 2298 2088 2320 insontis.
