2202 3190
254 157 300 182 Αη.
317 156 346 183 C.
368 157 430 184 1661

285 1279 403 1300 clausulae.

260 1489 369 1509 Contraria
379 1489 439 1510 toltit.

481 148 543 182 702

451 207 663 251 suspensionis
688 211 716 240 ct
741 207 906 246 interdicti,
930 208 1062 252 aliisque
1089 210 1186 242 ecclc.-

452 260 583 292 siasticis
608 260 784 299 sententiis,
810 261 950 294 censuris
975 267 1005 294 et
1029 263 1147 305 poenis,
1172 274 1187 295 a

453 313 520 345 iure
546 313 590 345 vel
616 312 654 344 ab
680 312 815 355 bomine⁷
833 314 940 357 quavis
961 316 1123 348 occasione
1142 316 1186 347 vel

453 368 543 398 causa
570 366 648 405 latis,
667 366 690 398 si
712 367 825 410 quibus
846 368 1080 411 quomodolibet
1106 370 1189 402 inno-

452 419 540 451 datae
566 419 720 461 existunt,
746 420 783 452 ad
809 420 952 454 effectum
978 423 1188 466 praesentium

452 472 612 505 dumtaxat
632 474 897 516 consequendum,
915 475 1025 507 harum
1044 475 1124 508 serie
1141 475 1190 507 ab·

453 526 606 558 solventes
631 532 661 559 et
685 527 842 560 absolutas
861 529 926 561 sore
947 534 1118 569 censentes,
1137 529 1190 560 liu-

454 579 586 612 iusmodi
626 580 911 624 supplicationibus
952 582 1089 614 inclinati
1110 609 1116 621 ,
1153 582 1190 613 de

453 638 701 665 memoratorum
716 634 920 666 cardinalium
934 635 1067 677 negotiis
1080 640 1109 667 ct
1122 645 1192 667 con-

453 685 671 718 sultationibus
696 687 916 730 episcoporum
943 692 972 721 ct
997 688 1189 730 regularium

453 738 715 781 praepositorum,
734 740 786 783 qui
813 751 878 772 rem
897 740 1061 783 diligenter
1082 746 1111 773 et
1132 751 1192 773 ma<

454 795 523 822 ture
548 791 782 834 perpenderunt
806 798 833 824 et
859 793 1086 835 examinarunt,
1112 804 1188 826 con-

454 844 539 885 silio,
566 845 689 877 attentis
719 846 874 885 narratis,
906 846 989 879 circa
1019 847 1192 890 praemissa

455 898 608 940 praefatas
620 898 734 930 Urbani
756 899 1007 942 praedecessoris
1025 905 1054 931 ct
1070 904 1192 933 nostras

455 950 485 982 in
511 951 610 983 forma
637 951 743 984 Brevis
763 952 892 992 litteras,
916 962 1038 985 necnon
1067 952 1191 985 decreta

455 1005 708 1047 congregationis
729 1005 911 1038 eorumdem
938 1006 1142 1039 cardinalium
1162 1017 1192 1038 a·

455 1057 511 1089 lias
536 1057 671 1101 desuper
695 1064 847 1099 emanata,
866 1059 923 1090 sub
944 1059 1052 1102 poenis
1077 1059 1107 1091 in
1133 1060 1192 1092 illis

456 1110 610 1153 expressis
626 1111 823 1154 exequutioni
843 1111 1023 1144 demandari
1042 1118 1071 1144 et
1085 1112 1191 1145 obser-

455 1162 533 1202 vari,
558 1164 743 1196 auctoritate
767 1165 948 1207 apostolica,
976 1171 1083 1197 tenore
1107 1176 1192 1208 prae-

456 1215 601 1255 sentium,
622 1217 805 1249 mandamus
830 1223 859 1249 et
883 1218 1103 1262 praecipimus.

501 1269 515 1311 ξ
538 1268 567 1301 3.
594 1270 802 1303 Decernentcs
828 1271 950 1303 irritum
984 1277 1014 1304 et
1045 1273 1146 1313 inane,
1168 1273 1192 1305 si

457 1332 546 1354 secus
571 1333 665 1366 super
690 1323 737 1355 liis
757 1334 773 1356 a
798 1334 974 1367 quoquam,
1000 1325 1108 1368 quavis
1132 1337 1190 1358 au-

457 1376 619 1418 ctoritate,
645 1377 779 1410 scienter
803 1378 850 1409 xcl
881 1378 1072 1421 ignoranter,
1097 1380 1193 1413 conti-

456 1429 537 1471 gerit
562 1430 716 1462 attentari.

500 1483 515 1525 ἓ
538 1482 567 1515 4.
584 1484 651 1516 Νοῐ]
670 1483 865 1517 obstantibus
882 1486 1046 1528 praetensa
1068 1491 1193 1518 senten-

457 1536 508 1577 tia,
527 1547 581 1568 seu
599 1537 733 1579 decreto,
753 1538 904 1580 praedicti
919 1538 1059 1571 officiatis
1078 1539 1195 1582 episco-

456 1590 488 1634 pi
502 1590 676 1624 Briocensis
693 1591 799 1633 vigore
811 1597 948 1624 assertae
965 1592 1194 1625 commissionis

456 1644 634 1686 signaturae
652 1645 784 1677 iustitiae
810 1645 901 1686 edita,
915 1656 1036 1678 necnon
1050 1646 1194 1678 omnibus

457 1702 487 1728 et
511 1697 641 1739 singulis
667 1697 736 1737 illis,
751 1708 830 1740 quae
848 1698 877 1730 in
903 1698 1195 1741 praedictislitteris

457 1760 605 1783 concessa
617 1754 687 1783 sunt
701 1761 762 1783 non
779 1751 914 1793 obstare,
933 1751 1107 1795 ceterisque
1125 1762 1195 1785 con-

458 1803 562 1835 trariis
575 1803 833 1847 quibuscumque.

501 1855 611 1887 Datum
640 1857 767 1897 Romae,
795 1857 876 1900 apud
905 1857 933 1890 S.
952 1858 1078 1890 Mariam
1099 1858 1194 1890 Maio-

459 1909 605 1947 rem,sub
625 1910 739 1942 annulo
761 1910 936 1952 Piscatoris,
964 1910 1014 1942 die
1034 1920 1111 1944 xxm
1129 1911 1195 1943 iulii

459 1970 583 2001 iunctm,
605 1963 804 2005 pontificatus
821 1963 919 1995 nostri
940 1973 1021 1995 anno
1039 1973 1091 1996 v11¹

496 2024 549 2051 Dat.
571 2025 613 2051 die
632 2026 666 2052 ‘23
686 2025 741 2052 iulii
760 2026 1029 2061 t‹501,p0niif.anno
1045 2034 1088 2054 vlt.

779 2191 876 2224 CCCL.

462 2279 648 2313 commissio
672 2281 790 2312 nuncio
811 2281 972 2313 Franciae
990 2284 1019 2313 et
1040 2281 1198 2324 archiepi-

503 2344 593 2376 scopo
621 2333 799 2366 leolosano
824 2338 935 2366 contra
954 2334 1092 2366 vicarios
1108 2345 1197 2377 qene-

504 2386 589 2417 rales
617 2386 852 2430 archiepiscopi
879 2386 1080 2419 parisiensis
1112 2397 1196 2420 occa-

505 2438 592 2470 sione
616 2438 711 2471 edicti
736 2439 908 2471 temeraria
933 2443 960 2471 et
984 2439 1070 2481 salsa
1095 2439 1197 2472 conti-

505 2491 611 2522 nentis
634 2502 690 2533 per
714 2502 762 2524 cos
786 2491 974 2535 publicati¹.

502 2553 508 2576 t
530 2551 565 2577 Ex
582 2552 690 2585 Regvst.
709 2553 733 2579 in
749 2554 846 2579 Secret.
866 2553 942 2580 BreV.

1033 160 1211 185 BULLARIUM
1236 161 1390 185 ROMANUM

1220 209 1448 237 Venerahiuhus
1475 210 1619 237 fratribus
1641 210 1738 238 Caelio
1759 211 1888 244 Caesari,
1908 218 1959 238 no-

1257 257 1320 280 stro
1331 256 1361 281 et
1373 254 1563 287 Apostolicae
1575 254 1660 281 sedis
1676 257 1752 287 apud
1773 254 1959 282 carissimum

1258 298 1289 324 in
1302 298 1418 325 Christo
1433 298 1527 325 filium
1538 301 1674 325 nostrum
1683 299 1862 326 Ludovicum
1875 299 1962 326 Fran·

1258 349 1358 370 corum
1372 350 1472 376 regem
1488 343 1775 370 christianissimum
1789 343 1911 376 nuncio,
1927 351 1961 372 ac

1258 387 1398 414 moderno
1418 388 1584 415 Tholosano
1605 387 1850 421 archiepiscopis,

1417 441 1585 468 Alexander
1605 441 1684 474 Papa
1703 440 1766 468 VII.

1428 512 1612 539 Venerabilis
1632 512 1726 539 frater
1735 512 1757 546 1,

1260 558 1388 584 salutem
1411 560 1442 584 et
1462 557 1658 590 apostolicam
1677 556 1927 584 benedictionem.

1270 636 1411 669 Pervenit
1423 635 1461 668 ad
1473 646 1563 668 aures
1573 640 1706 676 nostraS,
1717 645 1780 668 non
1795 635 1860 668 sine
1875 634 1963 678 gravi

1225 690 1319 722 animi
1346 690 1442 722 nostri
1468 689 1592 730 dolore,
1618 689 1748 722 dilectos
1770 688 1851 722 filios
1874 689 1963 722 Ioan-

1225 754 1295 776 nem
1321 743 1489 786 Baptistam
1516 742 1553 775 de
1578 742 1688 775 Contes
1706 747 1736 775 et
1752 741 1962 775 Alexandrum

1226 797 1263 829 de
1277 796 1418 838 Ilodeng⁷
1435 796 1537 828 dilecti
1552 795 1606 827 filii
1622 795 1720 828 nostri
1736 795 1859 828 Ioannis
1872 795 1965 828 Fran-

1226 850 1301 882 cisci
1328 849 1414 882 Pauli
1440 848 1539 881 Gondi
1566 848 1646 880 tituli
1677 848 1705 881 S.
1731 848 1844 881 Mariae
1870 858 1964 892 super

1226 903 1394 935 Minervam
1421 902 1450 935 S.
1476 903 1509 934 R.
1536 902 1567 934 E.
1594 902 1767 946 presbyteri
1798 901 1965 935 cardinalis

1226 956 1264 989 dc
1290 957 1362 988 Retz
1380 955 1548 998 nuncupati
1568 955 1716 988 ecclesiae
1731 954 1913 988 Parisiensis
1926 965 1964 987 ex

1227 1008 1428 1042 concessione
1463 1012 1492 1041 et
1526 1008 1757 1051 dispensatione
1792 1007 1964 1051 apostolica

1227 1062 1380 1105 praesulis
1389 1061 1520 1093 vicarios
1530 1060 1559 1092 in
1570 1060 1784 1104 spiritualibus
1792 1060 1964 1103 generales,

1227 1114 1361 1147 edictum
1387 1113 1444 1146 sub
1469 1113 1539 1145 data
1565 1113 1625 1145 diei
1650 1123 1706 1146 vm
1724 1113 1799 1145 iunii
1820 1113 1964 1156 proxime

1227 1167 1388 1211 praeteriti
1415 1166 1600 1210 publicasse,
1613 1177 1675 1210 quo
1690 1165 1865 1198 temerariis
1878 1175 1966 1198 men-

1227 1220 1323 1252 daciis
1341 1220 1421 1252 inter
1446 1219 1506 1251 alia
1524 1229 1652 1251 narrare
1670 1229 1724 1252 seu
1742 1229 1882 1252 asserere
1895 1218 1964 1252 ausi

1228 1278 1297 1305 sunt
1333 1277 1473 1316 tempore
1510 1272 1710 1315 pontificatus
1738 1272 1835 1305 felicis
1859 1282 1965 1305 recor-

1228 1326 1361 1359 dationis
1376 1326 1548 1358 Innocentii
1562 1326 1662 1369 Papae
1676 1326 1697 1358 X
1714 1325 1966 1369 praedecessoris

1228 1379 1326 1412 nostri
1352 1389 1414 1412 non
1440 1379 1534 1411 fuisse
1566 1383 1730 1412 tractatum
1763 1379 1822 1411 nisi
1857 1383 1965 1411 utrum

1228 1433 1366 1476 quinque
1384 1432 1626 1476 propositiones,
1641 1442 1698 1475 per
1711 1432 1964 1465 constitutionem

1229 1485 1367 1518 eiusdem
1402 1485 1572 1517 Innocentii
1602 1484 1852 1528 praedecessoris
1884 1495 1966 1518 anno

1229 1537 1454 1571 lucarnationis
1494 1537 1675 1570 Dominicae
1710 1547 1829 1571 iuncmn
1864 1537 1965 1582 pridie

1229 1591 1376 1624 kalendas
1408 1591 1483 1624 iunii
1517 1597 1691 1624 emanatam
1720 1591 1967 1632 condemnatae,

1230 1655 1321 1677 verae
1358 1650 1387 1677 et
1419 1644 1611 1684 catholicae,
1645 1655 1683 1677 an
1715 1655 1790 1678 vero
1818 1644 1913 1677 salsae
1937 1649 1967 1676 et

1230 1698 1405 1730 haereticae
1423 1698 1540 1737 forent3
1566 1708 1636 1730 cum
1662 1703 1765 1730 tamen
1783 1707 1845 1730 non
1863 1697 1966 1730 solum

1229 1751 1266 1783 de
1291 1750 1470 1783 carumdem
1491 1751 1628 1793 quinque
1646 1750 1900 1794 propositionum
1920 1760 1968 1782 ve-

1230 1804 1320 1836 ritate
1345 1803 1391 1836 vel
1417 1803 1548 1835 salsitate
1570 1807 1640 1836 tunc
1661 1808 1826 1835 tractatum
1851 1803 1967 1843 suerit,

1230 1857 1283 1890 sed
1308 1857 1399 1889 etiam
1425 1857 1509 1900 quod
1545 1857 1615 1889 illae
1649 1867 1684 1889 ex
1717 1857 1800 1889 libro
1832 1856 1967 1890 Cornelii

1230 1910 1372 1942 lansenii
1388 1910 1525 1953 episcopi
1547 1910 1692 1953 lprensis,
1710 1910 1758 1942 cui
1778 1910 1885 1942 titulus
1901 1910 1968 1944 Au-

1230 1963 1391 2005 ymanus,
1417 1968 1581 2006 excerptae
1607 1962 1790 2003 extitissent,
1818 1963 1966 2006 ipsaeque

1232 2016 1372 2059 quinque
1394 2016 1628 2059 propositiones
1649 2016 1680 2048 in
1695 2026 1787 2048 sensu
1801 2015 1839 2048 ab
1857 2015 1966 2048 eodem

1232 2069 1376 2103 Cornelio
1401 2068 1543 2101 lansenio
1568 2068 1686 2102 intento
1710 2068 1873 2102 damnatae
1901 2068 1967 2101 sue—

1232 2121 1302 2162 rint,
1320 2121 1400 2154 sicut
1413 2131 1470 2154 nos
1487 2132 1543 2165 per
1559 2126 1710 2163 nostram,
1729 2131 1811 2154 anno
1828 2121 1969 2154 Incarna-

1233 2174 1324 2208 tionis
1348 2174 1669 2215 Dominicaemncm,
1687 2174 1811 2208 decimo
1836 2175 1969 2219 septimo

1232 2227 1380 2260 kalendas
1393 2228 1574 2260 novembris
1589 2228 1703 2260 editam
1715 2227 1968 2261 constitutionem

1232 2281 1468 2314 declaravimus.
1482 2281 1634 2320 Quocirca
1647 2291 1713 2322 nos,
1733 2292 1791 2325 pro
1805 2281 1970 2326 pastoralis

1232 2334 1325 2367 officii
1352 2334 1450 2366 nostri
1476 2334 1580 2367 debito
1611 2340 1672 2366 tam
1705 2334 1792 2377 gravi
1823 2335 1969 2368 inconve-

1231 2386 1328 2419 nienti
1361 2386 1535 2419 remedium
1570 2387 1693 2419 adferre
1723 2387 1903 2430 cupientes,
1933 2396 1970 2420 ac

1232 2439 1305 2472 dicti
1317 2439 1409 2472 edicti
1421 2445 1561 2472 tenorem
1579 2439 1795 2482 praesentibus
1808 2450 1866 2483 pro
1878 2439 1969 2483 plene

1232 2497 1262 2524 et
1287 2492 1477 2524 sufficienter
1502 2502 1649 2535 expresso
1678 2492 1828 2525 habentes
1843 2518 1850 2531 ,
1883 2497 1968 2525 motu

1271 2556 1279 2580 1
1302 2553 1459 2589 Legeudum
1484 2554 1665 2582 Venerabites
1683 2555 1790 2587 fratres
1808 2555 1845 2588 (n.
1861 2553 1911 2587 aa).

2189 0 2202 56 l

2192 52 2202 120 i

1974 162 2023 188 Α-η.
2039 161 2067 188 c.
2089 162 2153 189 ¹661
2193 155 2202 196 l!

2004 645 2092 667 Motiva.
