2243 3205
34 219 126 253 hnsssscss
149 217 212 250 leel

60 976 178 1003 Exposuioy

824 223 1012 247 ALEXANDER
1037 222 1080 245 vlt
1106 222 1153 245 Pr.

516 272 682 307 CCCLVIII.

231 342 442 385 Confirmatio
472 343 590 376 decreti
623 343 878 387 eonyreqationis
909 343 972 386 epi-

273 407 440 440 scoporum
466 401 494 429 et
517 397 723 439 reqularium
748 407 845 441 snper
872 396 972 428 ohser-

274 450 402 482 vatione
419 450 459 482 ab
475 450 664 483 Orclinariis
681 455 709 482 et
720 450 798 482 aliis
811 449 973 482 iudicibus

275 502 431 545 deleqatis
455 513 631 546 reynerum
650 503 891 546 Hispaniarum
905 512 974 534 con-

275 556 485 588 stitutionum
519 556 691 589 Clementis
726 555 808 589 VIII
840 561 868 588 et
902 556 974 589 Gre-

274 609 362 651 qorz'i
396 609 459 641 XV
494 608 531 641 (te
566 619 720 642 novorum
760 612 971 641 conventuum

276 662 499 703 erectionibus,
525 663 611 695 circa
628 663 882 706 appellationem
904 673 973 694 sus—

275 717 441 759 pensivam
458 727 517 759 pro
539 717 709 759 provincie
735 717 900 758 Bur-qemi
921 715 976 748 Or-

276 769 365 802 dinis
390 770 551 802 Minorem
577 771 682 802 sancti
706 770 886 802 Franciscv'.

427 851 593 878 Alexander
613 851 691 884 Papa
711 851 780 882 vu,

375 895 412 922 ad
432 895 566 922 futuram
585 895 630 922 rei
650 895 833 922 memoriam.

278 965 372 1007 Alias,
386 976 444 1009 pro
459 971 548 1009 parte
561 965 747 998 dilectorum
763 965 902 998 filiorum
920 964 978 997 sra-

236 1024 318 1052 trum
339 1019 523 1063 provinciae
548 1019 716 1062 Burgensis
737 1018 862 1051 Ordinis
880 1018 977 1051 Mino-

236 1083 306 1105 rum
325 1073 424 1106 sancti
443 1072 600 1105 Francisci
620 1072 658 1104 de
675 1072 879 1105 Observantia
898 1081 977 1104 nun-

236 1132 422 1170 cupatorum
467 1125 704 1168 congregationi
752 1125 977 1158 venerabilium

235 1180 367 1213 fratrum
389 1185 570 1213 nostrorum
600 1180 628 1212 S.
651 1180 684 1212 R.
716 1179 748 1211 E.
771 1179 977 1211 cardinalium

234 1233 370 1276 negotiis
395 1238 425 1266 et
449 1232 731 1266 consultationibus
756 1231 977 1275 episcoporum

236 1292 266 1319 et
290 1287 485 1330 regularium
511 1286 708 1330 praepositae
729 1285 881 1329 exposito,
896 1284 979 1328 quod

235 1350 293 1384 per
328 1340 583 1373 constitutionem
617 1339 716 1372 felicis
752 1338 979 1372 reeordationis

237 1393 404 1427 Clementis
429 1393 530 1436 Papae
554 1392 619 1425 VIII
651 1391 903 1435 praedecessoris
928 1401 980 1424 no-

238 1447 294 1479 stri
308 1457 405 1490 super
418 1457 571 1479 novorum
590 1450 801 1478 conventuum
822 1445 980 1477 erectione

238 1500 352 1533 editam
390 1499 558 1533 cavebatur
588 1509 753 1542 expresse,
778 1498 880 1542 quod,
907 1498 930 1530 si
964 1509 980 1530 a

238 1554 400 1587 sententiis
441 1553 680 1587 Ordinariorum
724 1553 754 1585 in
800 1551 979 1585 huiusmodi

239 1607 340 1640 causis
364 1607 402 1639 ad
427 1607 537 1640 Sedem
570 1606 780 1650 Apostolicam
813 1605 980 1649 provocari

239 1666 269 1693 et
292 1660 445 1704 appellari
479 1660 696 1702 contingeret,
729 1659 787 1702 ipsi
824 1658 980 1692 Ordinarii

238 1714 357 1746 tamdiu
382 1714 573 1747 erectionem
597 1724 751 1746 novorum
771 1718 980 1746 conventuum

239 1767 432 1810 suspendere
443 1767 593 1800 deberent
606 1777 770 1810 quousque
784 1776 801 1798 a
815 1766 893 1799 Sede
903 1767 981 1809 Apo-

239 1820 350 1853 stolica
376 1821 515 1864 praefata
541 1820 571 1852 in
597 1819 707 1852 eadem
734 1821 828 1851 causa
847 1829 982 1862 pronun-

240 1873 355 1906 ciatum
381 1874 543 1914 existeret;
557 1884 591 1906 ac
606 1873 635 1905 in
650 1873 777 1906 decreto
794 1873 894 1905 dietae
913 1883 983 1905 con-

241 1927 434 1970 gregationis
458 1927 576 1959 dudum
601 1926 786 1959 recolendae
811 1926 983 1959 memoriae

241 1980 387 2023 Gregorii
412 1980 461 2013 XV
488 1980 579 2014 etiam
604 1979 858 2023 praedecessoris
883 1979 981 2012 nostri

241 2033 329 2067 iussu
353 2039 497 2067 emanato
522 2033 759 2077 disponebatur,
784 2033 890 2077 quod,
917 2033 940 2065 si
967 2043 982 2065 a

241 2086 377 2119 decretis
402 2097 458 2130 per
483 2086 666 2120 Ordinarios
702 2086 786 2130 ipsos
819 2087 848 2118 in
882 2086 983 2119 causis

241 2140 422 2174 huiusmodi
441 2140 577 2173 serendis
595 2139 734 2182 legitime
748 2139 899 2183 appellari
914 2150 984 2172 con-

242 2193 399 2237 tingeret,
425 2204 461 2226 ex
487 2199 560 2226 tunc
585 2196 680 2236 prout
711 2203 746 2225 ex
781 2194 817 2225 ea
849 2193 898 2225 dic
924 2203 984 2236 qua

243 2248 412 2291 appellatio
436 2247 703 2290 interponeretur,
729 2257 764 2279 ea
784 2246 822 2278 ad
843 2246 984 2279 eamdem

244 2301 521 2344 congregationem
558 2302 619 2332 una
652 2310 722 2333 cum
760 2304 823 2334 toto
859 2300 985 2342 negotio

243 2354 408 2398 principali
423 2354 568 2387 devoluta
582 2364 648 2387 esse
664 2354 873 2395 censeretur-¹,
883 2353 987 2396 appel-

244 2408 422 2451 lationeque
446 2407 627 2440 huiusmodi
654 2407 810 2450 pendente
835 2407 911 2439 nibil
938 2407 985 2438 in-

244 2461 423 2494 novandum
449 2465 540 2500 esset,
555 2466 584 2493 et
597 2460 802 2493 nibilominus
819 2459 986 2501 Ordinarii,

245 2514 361 2559 aliique
386 2514 504 2547 iudices
529 2513 560 2546 in
585 2513 697 2546 talibus
721 2513 823 2546 causis
854 2512 986 2555 delegati

282 2631 295 2656 1
319 2630 389 2657 Edit.
412 2630 490 2657 Malu.
508 2630 572 2665 legit
592 2632 723 2658 censetur
737 2631 773 2664 (a.
790 2636 838 2663 in).

1005 270 1042 303 de
1067 270 1148 302 sacto
1175 270 1409 313 exequebantur
1435 280 1543 303 eorum
1570 270 1748 309 sententias,

1006 323 1036 355 in
1069 323 1290 366 gravissimum
1325 324 1462 367 partium
1488 323 1662 364 damnum,
1690 322 1748 354 sub

1006 382 1168 420 praetextu
1202 377 1286 420 quod
1316 377 1497 410 constitutio
1523 382 1552 409 et
1586 376 1747 409 decretum

1007 430 1186 462 huiusmodi
1213 430 1244 462 in
1269 441 1327 463 usu
1353 441 1414 463 non
1440 436 1540 463 essent
1575 431 1604 462 in
1632 429 1748 462 eisdem

1008 483 1130 525 regnis:
1157 493 1191 514 ac
1218 483 1247 514 in
1273 483 1382 515 eadem
1409 483 1603 527 expositione
1625 483 1751 515 subiun-

1008 542 1057 570 cto
1094 536 1178 580 quod
1211 536 1284 568 dicti
1318 541 1508 580 exponentes
1546 537 1574 568 in
1613 536 1751 579 praefata

1009 590 1170 634 provincia
1186 590 1336 632 Burgensi
1356 590 1603 633 vigintiquatuor
1621 599 1752 622 conven-

1009 649 1059 676 tus
1085 643 1319 686 antiquissimos
1345 643 1522 683 habebant,
1547 643 1653 685 eisque
1679 652 1748 674 sae-

1010 697 1139 740 pIssime
1162 698 1368 730 movebantur
1394 697 1462 729 lites
1480 707 1575 739 super
1594 696 1752 728 erectione

1009 760 1163 783 novorum
1191 753 1401 783 conventuum
1427 749 1465 780 ab
1490 749 1559 780 aliis
1584 748 1750 791 religiosis,

1011 814 1046 835 ac
1071 803 1248 847 specialiter
1269 814 1285 835 a
1310 802 1459 835 fratribus
1491 802 1665 834 Minoribus
1690 802 1750 834 Or-

1011 857 1092 889 dinis
1111 857 1251 889 eiusdem
1267 857 1362 889 sancti
1378 856 1533 888 Francisci
1548 856 1753 899 Cappuccinis

1011 911 1221 954 nuncupatis,
1253 921 1270 942 a
1305 910 1419 953 quibus
1445 910 1612 943 intentatae
1638 910 1754 941 multae

1012 964 1080 996 lites
1106 964 1268 996 actualiter
1293 963 1488 1007 pendebant,
1517 963 1573 1006 ipsi
1601 974 1674 995 vero
1701 973 1753 994 ex-

1013 1023 1166 1061 ponentes
1190 1018 1392 1058 verebantur,
1416 1028 1464 1059 ne,
1487 1021 1595 1050 contra
1621 1018 1753 1048 toi-mam

1013 1073 1243 1106 constitutionis
1261 1078 1291 1104 et
1309 1072 1425 1105 decreti
1445 1072 1667 1114 praelatorum,
1689 1080 1755 1102 sen-

1015 1128 1126 1159 tentiae
1143 1127 1182 1159 ab
1198 1126 1370 1159 tlrdinariis
1391 1130 1419 1159 et
1434 1125 1588 1158 iudicibus
1605 1124 1755 1166 delegatis

1013 1180 1050 1212 de
1065 1181 1144 1213 facto
1159 1180 1359 1223 exequutioni
1378 1179 1653 1217 demandarentur;
1669 1177 1755 1209 ideo-

1013 1245 1073 1277 ciue
1099 1239 1290 1266 ineiuoratae
1312 1232 1547 1275 congregationi
1569 1232 1755 1275 supplicato,

1015 1293 1046 1319 ut
1072 1287 1101 1319 in
1127 1286 1368 1329 exequutionem
1394 1286 1489 1318 libelli
1517 1285 1667 1328 supplicis
1699 1284 1755 1327 ipsi

1014 1340 1250 1382 congregationi
1278 1350 1295 1371 a
1320 1340 1411 1372 nobis
1436 1339 1557 1371 remissi
1584 1338 1758 1369 ‹leelararvt

1015 1400 1044 1426 et
1061 1393 1244 1426 decerneret
1262 1392 1500 1436 dispositionem
1527 1391 1758 1424 constitutionis

1015 1454 1045 1479 et
1069 1447 1185 1480 decreti
1219 1446 1424 1486 huiusmodi,
1456 1445 1641 1489 praesertim
1675 1445 1757 1477 cirea

1015 1501 1255 1544 appellationem
1275 1500 1501 1543 suspensivam,
1520 1499 1622 1531 lorum
1643 1498 1757 1530 babere

1016 1555 1129 1586 debere
1155 1554 1185 1585 in
1211 1553 1293 1586 dicta
1315 1553 1475 1597 proviiwia
1495 1552 1646 1595 I'lurgensi
1666 1563 1700 1585 ac
1728 1552 1756 1583 iu

1016 1607 1162 1640 omnilius
1177 1607 1282 1650 regnis
1296 1606 1531 1649 Hispaniarum:
1550 1605 1699 1637 emanavit
1718 1605 1756 1636 ab

1017 1661 1125 1694 mutem
1164 1661 1408 1703 congregatione
1443 1659 1603 1692 decretum
1640 1658 1757 1691 tenoris

1016 1715 1067 1758 qui
1094 1714 1244 1757 sequitur⁷
1271 1713 1431 1745 videlicet:

1066 1781 1078 1799 <i
1102 1768 1194 1799 Sacra
1213 1766 1416 1809 congregatio
1437 1766 1756 1798 eminentissum-um

1017 1823 1045 1854 S.
1071 1822 1104 1854 1¹..
1132 1822 1164 1853 E.
1187 1821 1391 1853 cardinalium
1417 1820 1557 1862 negociis
1582 1825 1611 1850 et.
1636 1819 1756 1851 consul-
1785 1807 1825 1846 1⁵¹5,
1843 1808 1880 1820 ΗΠ

1018 1874 1186 1906 tationibus
1229 1874 1453 1917 episcoporum
1494 1878 1521 1905 et
1564 1873 1757 1914 regularium

1018 1928 1196 1971 praeposita
1226 1927 1345 1959 censuit
1378 1926 1638 1959 committendum
1661 1932 1690 1957 ot
1716 1926 1759 1957 iu-

1019 1980 1234 2023 iungendum,
1269 1986 1362 2024 prout
1402 1979 1613 2023 praesentium
1652 1985 1759 2011 tenore

1020 2035 1163 2077 iniungit,
1188 2034 1428 2077 archiepiscopo
1460 2033 1618 2073 Corinthi,
1645 2033 1760 2064 mincio

1018 2088 1191 2131 apostolico
1216 2087 1298 2131 apud
1325 2098 1432 2129 regem
1459 2087 1691 2130 Hispaniarum,
1720 2090 1760 2120 ut.

1019 2143 1179 2184 comperta
1190 2141 1319 2173 veritate
1334 2140 1561 2183 expositorum,
1573 2144 1760 2172 memma-das<

1020 2195 1257 2227 constitutiones
1283 2200 1407 2226 sanctae
1429 2194 1599 2226 memoriae
1624 2194 1761 2225 tllvmeu-

1022 2248 1057 2281 tis
1084 2248 1146 2280 vttt
1174 2254 1202 2279 et
1227 2248 1370 2290 Gregorii
1398 2248 1447 2279 XV
1473 2247 1556 2279 circa
1589 2247 1760 2290 praemissa

1022 2301 1146 2333 mandet
1182 2301 1331 2343 omnique
1357 2305 1470 2333 conatu
1502 2300 1623 2333 studeat
1656 2300 1757 2331 adim-

1022 2354 1101 2397 pleri
1126 2360 1155 2386 et
1178 2354 1350 2394 observari,
1376 2358 1496 2386 asserto
1522 2353 1680 2386 contrario
1704 2364 1759 2385 usu

1023 2407 1151 2439 minime
1176 2407 1340 2446 obstante3
1375 2406 1398 2438 si
1434 2406 1506 2449 quid
1535 2417 1607 2438 vero
1633 2417 1667 2437 vx
1703 2406 1758 2438 ad-

1023 2471 1112 2493 verso
1132 2460 1273 2493 relevans
1291 2459 1474 2499 deducatur,
1499 2459 1529 2491 id
1554 2459 1590 2491 ad
1619 2459 1761 2492 eaiudein

1022 2524 1142 2547 sacram
1169 2513 1446 2556 congregationem
1469 2514 1591 2545 referat.

1068 2568 1194 2607 Romae,
1219 2576 1298 2599 xxm
1323 2566 1514 2609 septembris
1539 2575 1665 2598 nocrxt.

1259 2620 1295 2652 M.
1322 2619 1493 2652 Cardinalis
1518 2620 1677 2652 Gixnrrus
1694 2636 1718 2651 ι».

1655 211 1719 243 715
1767 220 1816 245 An.
1833 220 1860 246 c,
1884 221 1946 246 ieet

1802 1774 1911 1794 tto-rutum
1923 1780 1959 1793 sci-
