2185 3188
29 187 75 214 Αῐι.
96 185 123 212 C.
141 183 207 211 1656

51 986 156 1008 nantum
167 991 199 1005 xu-

47 1012 135 1033 adinum
150 1018 199 1032 ruu-

40 1041 96 1060 mm.

19 1992 23 2010 t
51 1990 154 2013 tumtum
172 1994 198 2015 ir-

20 2022 92 2040 «ΓΙΙἏΩΞ.

20 2141 23 2150 <

21 2329 25 2417 ¹

23 2556 128 2596 &utrari-
139 2575 197 2596 ton-t.

811 177 998 201 ALEXANDER
1024 176 1065 200 Vtt
1090 176 1137 199 PP.

218 228 470 271 congregationis
503 226 787 261 Camaldulensium
820 223 903 268 quod
928 224 959 257 in

219 282 326 316 ultima
356 280 440 314 dieta
472 280 611 314 eiusdem
644 278 897 323 congregationis
921 277 960 311 de

219 346 326 369 mense
343 335 420 368 iunii
437 334 581 378 proxime
598 333 759 378 praeteriti
784 331 958 366 celebratae

239 399 273 421 ro
297 387 379 421 felici
397 387 498 421 dictae
520 397 638 421 conore
664 386 777 420 ationis
794 395 827 418 re
847 384 947 417 ‘lmine
974 412 976 423 ,

217 400 236 433 p
583 413 600 430 D
642 397 661 430 g
831 395 848 428 g
952 410 958 424 ’
974 426 976 446 ”
992 435 1101 479 quavis
1126 435 1276 468 firmitate
1301 435 1360 467 alia
1381 435 1550 474 roboratis,
1567 434 1690 467 statutis
1707 440 1737 467 et

217 447 340 474 maturo
366 446 499 474 tractatu
534 440 680 484 praevio,
705 439 866 472 decretum
890 438 958 477 suit,

217 499 249 527 ut
273 493 311 527 de
335 499 440 527 cetero
465 492 607 526 conversi
642 493 672 525 in
705 491 864 536 praedicta
888 500 958 523 con-

215 545 398 589 gregatione
429 554 492 578 non
524 544 738 588 recipiantur,
763 542 815 575 sed
846 552 956 575 eorum

216 603 320 642 partes
345 597 441 631 oblati
466 597 639 641 suppleant.

259 652 274 695 g
294 651 324 684 2.
347 651 424 685 Cum
441 656 557 691 autem,
573 650 654 683 sicut
671 649 779 682 eadem
802 647 957 691 expositio

215 704 435 747 subiungebat,
460 704 562 736 dictus
587 707 777 747 procurator
801 701 957 744 generalis

214 757 374 790 decretum
407 755 610 797 huiusmodi,
635 765 694 799 pro
726 753 860 788 firmiori
890 754 957 786 eius

215 809 412 843 subsistentia
443 814 473 842 et
506 808 741 850 observatione,
767 806 957 851 apostolicae

214 862 463 897 confirmationis
480 865 604 895 nostrae
622 860 799 905 patrocinio
817 870 957 893 eommu-

213 915 274 949 niri
309 925 511 959 summopere
536 913 710 947 desideret:

257 968 272 1012 ἓ
290 966 320 1001 3.
342 968 414 1009 Nos,
435 967 538 1012 ipsum
563 971 803 1011 procuratorem
829 974 957 1008 genera-

213 1020 273 1054 lem
292 1019 483 1065 specialibus
501 1020 659 1053 favoribus
677 1023 706 1053 et
723 1018 832 1062 gratiis
850 1028 955 1062 prose-

213 1073 265 1117 qui
283 1073 432 1115 volentes,
447 1078 477 1106 et
493 1083 510 1106 a
527 1072 690 1117 quibusvis
708 1070 957 1105 excommunica-

212 1125 315 1168 tionis,
336 1125 552 1170 suspensionis
578 1129 607 1159 et
631 1124 798 1166 interdicti,
824 1123 956 1167 aliisque

212 1179 430 1213 ecclesiasticis
445 1179 616 1220 sententiis,
627 1178 768 1212 censuris
788 1183 817 1212 et
834 1179 954 1222 poenis,

211 1244 229 1266 a
261 1233 329 1267 iure
354 1233 402 1266 vel
427 1233 465 1265 ab
495 1232 632 1274 homine,
658 1232 766 1276 quavis
791 1232 955 1266 occasione

213 1287 259 1320 vel
283 1288 378 1320 causa
407 1286 486 1326 latis,
511 1287 536 1319 si
570 1287 685 1330 quibus
717 1285 956 1329 quomodolibet

212 1339 378 1373 innodatus
395 1340 508 1380 existit,
522 1340 560 1372 ad
580 1340 725 1373 effectum
743 1340 954 1383 praesentium

213 1393 373 1426 dumtaxat
397 1392 666 1437 consequendum,
679 1393 791 1426 harum
807 1393 887 1426 serie
901 1393 954 1426 ab·

213 1448 367 1481 solventes
383 1453 412 1480 ct
426 1447 603 1481 absolutum
621 1448 686 1480 sore
703 1453 874 1487 censentes,
885 1458 956 1491 sup-

213 1501 433 1546 plicationibus
453 1502 520 1534 eius
537 1501 664 1534 nomine
681 1501 771 1533 nobis
785 1511 879 1544 super
896 1501 955 1534 lioc

213 1555 374 1588 humiliter
411 1555 566 1599 porrectis
598 1555 760 1595 inclinati,
793 1555 954 1587 decretum

213 1608 420 1653 praedictum,
437 1608 607 1653 apostolica
632 1608 828 1649 auctoritate,
848 1612 955 1642 tenore

213 1661 445 1706 praesentium,
473 1661 698 1695 confirmamus
737 1667 766 1695 et
799 1661 954 1706 approba-

212 1723 301 1757 mus,
326 1715 432 1760 illique
465 1714 654 1749 inviolabilis
678 1714 867 1759 apostolicae
899 1715 953 1748 tir-

212 1770 326 1803 mitatis
358 1770 456 1804 robur
491 1769 671 1809 adijcimus,
705 1779 740 1802 ac
779 1768 891 1802 omnes
924 1774 954 1802 et

211 1824 352 1867 singulos
377 1823 455 1856 iuris
473 1826 502 1857 et
522 1823 592 1856 facti
613 1822 763 1862 desectus,
790 1822 813 1856 si
833 1822 885 1866 qui
904 1823 953 1856 dc-

211 1887 306 1922 super
339 1876 576 1921 quomodolibet
607 1876 854 1917 intervenerint,
879 1886 952 1920 sup-

211 1931 342 1975 plemus.

255 1985 270 2027 §
294 1983 323 2017 4.
338 1984 548 2018 Decernentes
562 1984 687 2017 easdem
705 1988 888 2027 praesentes
904 1982 952 2016 lit-

212 2042 294 2071 teras
318 2048 444 2082 semper
469 2037 587 2078 firmas,
609 2036 725 2070 validas
757 2043 787 2070 ct
811 2037 952 2070 efficaces

212 2091 343 2124 existere
364 2096 394 2124 et
414 2091 491 2131 sore,
515 2101 550 2123 ac
576 2090 614 2123 ab
638 2090 796 2131 omnibus,
816 2090 854 2123 ad
874 2100 952 2134 quos

212 2150 327 2188 spectat
354 2149 383 2178 et
409 2154 466 2188 pro
492 2150 634 2187 tempore
660 2143 829 2187 spectabit,
855 2143 954 2176 invio-

212 2197 345 2231 labiliter
375 2197 553 2236 observari,
578 2196 685 2240 sicque
711 2197 740 2228 in
772 2196 952 2240 praemissis

213 2262 270 2294 per
285 2260 502 2295 quoscumque
520 2250 637 2283 iudices
654 2250 831 2284 ordinarios
856 2254 884 2284 et
904 2250 953 2283 de-

213 2305 348 2347 legatos,
375 2304 466 2337 etiam
493 2314 656 2336 causarum
692 2303 797 2347 palatii
830 2307 953 2347 aposto-

212 2357 262 2390 lici
289 2357 460 2397 auditores,
483 2356 613 2390 iudicari
632 2362 660 2389 et
678 2356 800 2389 definiri
827 2356 952 2397 debere,

211 2421 246 2444 ac
279 2411 402 2444 irritum
434 2417 465 2443 et
498 2411 587 2443 inane
602 2437 609 2450 ‚
630 2410 654 2442 si
679 2421 769 2443 secus
794 2411 952 2454 superbis

212 2475 227 2497 a
253 2475 427 2509 quoquam,
460 2464 568 2508 quavis
600 2464 794 2505 auctoritate,
819 2464 953 2497 scienter

213 2518 259 2550 vel
286 2518 488 2561 ignoranter,
517 2516 683 2560 contigerit
708 2517 863 2550 attentari.

257 2571 271 2613 ἓ
295 2570 323 2603 5.
355 2571 422 2603 Non
451 2570 647 2603 obstantibus
678 2571 952 2605 constitutionibus

295 2635 371 2661 Buta.
393 2634 475 2662 Rom.
493 2648 526 2654 —
547 2634 603 2661 Vot.
625 2633 699 2661 A'Vt.
858 2633 886 2660 31

994 228 1023 256 et
1036 222 1286 257 ordinationibus
1308 222 1496 267 apostolicis
1518 231 1650 262 necnon,
1665 232 1737 265 qua-

994 282 1083 310 tenus
1108 287 1189 321 opus
1204 276 1251 317 sit,
1269 276 1523 320 congregationis
1548 275 1736 320 praedictae,

993 329 1122 373 eiusque
1147 329 1411 363 monasteriorum
1429 328 1625 373 quorumvis,
1643 329 1736 361 etiam

994 382 1182 422 iuramento,
1207 382 1447 415 confirmatione
1472 381 1663 426 apostolica,
1690 381 1735 413 rel

992 488 1291 529 consuetudinibus,
1317 487 1491 532 privilegiis
1515 497 1658 531 quoque,
1683 487 1732 520 in-

992 541 1086 574 dultis
1107 547 1137 574 et
1160 541 1273 575 litteris
1292 539 1474 584 apostolicis
1492 539 1522 572 in
1541 540 1733 573 contrarium

991 594 1238 638 praemissorum
1282 592 1520 636 quomodolibet
1556 592 1713 625 concessis
1728 620 1735 632 ,

992 647 1185 681 confirmatis
1210 652 1240 679 et
1265 646 1437 686 innovatis,
1456 644 1571 689 quibus
1587 645 1735 678 omnibus

992 705 1021 733 et
1045 700 1188 743 singulis,
1210 700 1336 733 illorum
1367 704 1492 731 tenores
1516 697 1734 741 praesentibus

991 763 1051 796 pro
1075 753 1167 796 plene
1193 757 1222 785 et
1242 750 1434 785 sufficienter
1459 749 1616 794 expressis
1639 760 1674 782 ac
1697 748 1735 782 de

992 804 1089 838 verbo
1113 804 1151 837 ad
1177 804 1308 837 verbum
1334 802 1461 836 insertis
1485 802 1645 844 habentes,
1675 802 1735 834 illis

990 857 1066 891 alias
1084 857 1115 890 in
1140 867 1198 891 suo
1215 856 1331 890 robore
1347 855 1575 900 permansuris,
1592 854 1630 887 ad
1648 865 1736 898 prae-

991 911 1161 945 missorum
1192 910 1358 951 effectum,
1384 910 1442 942 hac
1466 908 1534 942 vice
1564 908 1735 948 dumtaxat,

990 964 1169 1009 specialiter
1194 969 1224 997 et
1248 973 1395 1008 expresse
1419 962 1625 1005 derogamus3
1652 966 1733 995 cete-

991 1018 1097 1062 risque
1122 1017 1289 1051 contrariis
1314 1016 1577 1061 quibuscumque.

1033 1071 1146 1104 Datum
1159 1071 1287 1111 Romae,
1296 1069 1380 1114 apud
1391 1070 1419 1103 S.
1435 1069 1562 1103 Mariam
1574 1068 1734 1107 Maiorem,

990 1125 1048 1158 sub
1079 1124 1196 1157 annulo
1220 1123 1407 1164 piscatoris,
1435 1123 1485 1156 die
1527 1131 1570 1155 vn
1595 1121 1734 1155 octobris

990 1187 1117 1218 unenvl,
1133 1175 1335 1221 pontificatus
1352 1175 1451 1209 nostri
1465 1185 1546 1208 anno
1560 1185 1591 1207 11.

1027 1238 1085 1265 Dat.
1107 1238 1150 1265 die
1167 1239 1179 1265 7
1198 1238 1318 1266 octobris
1334 1238 1414 1271 1656,
1431 1237 1528 1274 pontis.
1546 1245 1616 1264 anno
1633 1244 1661 1263 ιι.

1285 1381 1439 1415 CXXXVI.

991 1463 1203 1505 Confirmatio
1224 1462 1475 1506 privileyiorum
1499 1463 1642 1505 fratrum
1670 1461 1731 1495 Or-

1035 1516 1124 1550 [linis
1152 1516 1190 1550 B.
1219 1516 1346 1549 Mariae
1376 1515 1414 1549 de
1438 1515 1579 1549 Mercede
1603 1515 1734 1549 Redem-

1032 1570 1156 1614 ptionz's
1179 1569 1401 1613 Captivorum.

1183 1650 1351 1678 Alexander
1372 1650 1451 1684 Papa
1471 1649 1535 1681 v11,

1114 1698 1148 1723 ad
1169 1698 1342 1730 perpetuam
1362 1695 1406 1722 rei
1427 1695 1608 1722 memoriam.

1033 1766 1165 1800 Iniuncti
1190 1766 1282 1800 nobis
1300 1766 1465 1810 apostolici
1486 1765 1625 1799 muneris
1650 1766 1730 1800 ratio

988 1821 1135 1864 postulat,
1160 1826 1203 1862 ut,
1221 1831 1382 1853 sacrarum
1408 1819 1598 1863 religionum
1624 1825 1730 1862 gratos

987 1874 1148 1908 Altissimo
1182 1874 1302 1907 fruetus
1336 1873 1460 1906 assidue
1503 1872 1731 1916 praestantium

988 1934 1149 1973 paternam
1166 1938 1275 1961 curam
1293 1932 1450 1970 gerentes,
1467 1926 1642 1970 privilegia,
1660 1937 1732 1969 gra-

988 1983 1045 2016 tias
1062 1987 1092 2015 et
1109 1981 1230 2014 indulta
1247 1981 1307 2013 illis
1325 1991 1342 2013 a
1359 1980 1509 2014 Romanis
1527 1980 1732 2013 Pontificibus

988 2034 1286 2079 praedecessoribus
1325 2034 1441 2067 nostris
1485 2039 1513 2066 et
1552 2033 1732 2077 Apostolica

987 2089 1066 2123 Sede
1086 2098 1245 2128 concessa,
1259 2098 1322 2131 quo
1340 2087 1472 2120 validius
1489 2093 1642 2131 perpetuo
1664 2087 1732 2120 sub—

987 2143 1107 2182 sistant,
1121 2146 1247 2175 nostrae
1261 2140 1511 2175 confirmationis
1532 2140 1648 2174 robore
1667 2151 1731 2173 mu-

987 2197 1120 2229 niamus.

1031 2251 1045 2293 §
1073 2250 1099 2283 1.
1125 2250 1247 2293 Exponi
1273 2249 1427 2293 siquidem
1453 2248 1546 2282 nobis
1564 2258 1666 2292 nuper
1691 2248 1732 2281 se-

987 2304 1028 2337 cit
1053 2303 1186 2336 dilectus
1217 2302 1300 2335 filius
1331 2302 1462 2335 Michael
1492 2301 1531 2334 de
1555 2301 1730 2342 Alcantara,

989 2356 1122 2391 vicarius
1154 2355 1311 2398 generalis
1342 2355 1448 2388 Italiae
1480 2359 1510 2388 et
1541 2353 1663 2388 Siciliae
1696 2365 1731 2387 ac

988 2415 1176 2454 procurator
1196 2408 1352 2452 generalis
1366 2409 1498 2441 fratrum
1515 2407 1639 2441 Ordinis
1661 2407 1731 2440 Bea-

988 2468 1036 2495 tae
1061 2462 1174 2495 Mariae
1191 2461 1228 2494 de
1249 2461 1389 2494 Mercede
1403 2459 1636 2504 Redemptionis
1655 2460 1732 2504 Cap-

988 2517 1135 2557 tivorum,
1150 2519 1210 2549 tam
1238 2525 1294 2547 suo
1314 2524 1407 2558 quam
1425 2513 1516 2548 etiam
1543 2513 1730 2547 dilectorum

987 2570 1126 2604 filiorum
1150 2568 1329 2613 lldeplionsi
1354 2580 1389 2601 ex
1415 2568 1603 2612 Solomayor
1628 2568 1726 2611 magi-

1641 164 1698 197 CMt
1750 171 1801 199 An.
1823 172 1850 199 c.
1870 172 1936 198 1656

1773 1777 1914 1797 Prooemium.

1774 2255 1914 2281 Suppli-:atum
