2263 3215
294 234 342 261 An.
362 233 389 262 C.
410 234 479 262 1656

331 2100 431 2121 Mutivum
451 2100 487 2120 liu-

305 2128 336 2147 ius
353 2127 488 2147 Constitutio-

304 2160 342 2174 nia.

525 222 588 259 198

493 289 570 323 ctae,
591 283 682 316 etiam
701 282 888 323 iuramento,
905 282 1143 317 confirmatione
1163 294 1234 326 apo·

493 336 602 369 stolica
617 362 624 375 ,
651 335 695 368 vel
721 334 829 378 quavis
846 334 995 369 firmitate
1019 335 1079 368 alia
1105 335 1233 369 robora-

494 389 542 429 tis,
560 388 681 422 statutis
706 392 735 422 et
759 387 1046 428 consuetudinibus,
1061 388 1233 431 privilegiis

494 452 641 485 quoque,
663 441 791 474 indultis
816 447 845 474 et
868 441 980 474 litteris
1004 440 1184 484 apostolicis
1205 441 1232 472 in

495 495 687 527 contrarium
721 495 968 538 praemissorum
995 487 1252 538 quomodolibet*

495 548 662 588 concessis,
680 547 873 581 confirmatis
887 552 917 581 et
937 547 1104 587 innovatis,
1122 547 1234 590 quibus

495 601 642 634 omnibus
656 607 687 634 et
703 601 844 644 singulis,
863 601 989 635 illorum
1005 607 1131 634 tenores
1148 610 1235 644 prae-
1251 618 1252 623 =

496 653 636 687 sentibus
654 665 711 698 pro
728 655 819 698 plene
837 660 867 688 ct
891 655 1082 687 sufficienter
1111 663 1236 697 expres-
1252 663 1253 674 ι

496 707 537 740 sis
565 717 600 740 ac
625 707 663 740 de
692 707 788 741 verbo
813 708 850 741 ad
880 707 1009 740 verbum
1037 706 1159 739 insertis
1186 706 1236 738 ba-

497 760 615 801 bentes,
632 761 692 793 illis
716 761 791 793 alias
818 761 847 793 in
873 772 929 794 suo
955 760 1069 794 robore
1093 769 1237 803 perman-

496 814 598 854 suris,
630 814 668 847 ad
701 815 948 858 praemissorum
979 814 1146 853 effectum,
1179 813 1253 846 liac=

498 867 563 901 vice
588 868 758 909 dumtaxat,
779 869 957 912 specialiter
983 874 1008 900 et
1037 877 1168 911 expesse
1188 867 1254 899 ‹le-2

497 931 666 964 rogamus;
693 922 867 965 ceterisque
899 921 1065 955 contrariis
1100 921 1233 964 quibus-

497 985 641 1018 cumque.

541 1028 651 1061 Datum
669 1029 796 1071 Romae,
821 1029 904 1073 apud
933 1030 961 1063 S.
988 1029 1114 1062 Mariam
1142 1028 1234 1061 Maio-

498 1092 576 1123 rem,
597 1081 654 1115 sub
679 1082 794 1116 annulo
820 1082 996 1122 piscatoris,
1019 1082 1068 1115 die
1097 1091 1169 1114 xxvi
1191 1081 1237 1114 iu-

499 1134 529 1167 lii
557 1144 682 1175 rtiDCLvI,
702 1135 900 1179 pontificatus
924 1134 1023 1168 nostri
1048 1144 1129 1167 anno
1154 1144 1184 1167 ιι.

534 1197 590 1224 Dat.
609 1196 650 1224 die
667 1198 700 1223 ⁴26
716 1196 771 1224 iulii
791 1197 866 1230 1656,
884 1197 980 1232 pontis.
998 1205 1066 1223 auno
1083 1202 1108 1222 11.

816 1357 927 1390 cxxii.

503 1444 637 1478 I’raerid
651 1446 879 1478 annullatione
892 1446 1101 1478 revocationis
1115 1450 1142 1478 et
1156 1456 1239 1478 amo-

546 1499 644 1531 tionis
670 1499 823 1532 Andreae
855 1498 891 1532 de
925 1499 1068 1542 Saussay
1101 1499 1240 1542 episcopi

548 1551 574 1584 T
574 1551 711 1585 ullensis
721 1563 740 1584 a
749 1553 913 1585 vicariatu
931 1552 1078 1596 qenerali
1091 1552 1240 1585 ecclesiae

554 1605 766 1647 Parisiensis,
783 1610 811 1639 et
831 1606 1016 1639 subsecutae
1032 1606 1173 1638 aliorum
1197 1606 1240 1638 ri-

545 1659 708 1691 cariorum
722 1669 1000 1703 quorumcumque
1009 1658 1239 1704 deputationis,

546 1723 563 1744 a
588 1712 718 1745 domino
734 1712 902 1745 cardinali
917 1712 956 1745 de
972 1713 1046 1746 Retz
1066 1713 1239 1755 factarum,

545 1765 709 1798 substituit
725 1766 829 1799 alium
846 1766 881 1799 in
901 1766 1005 1799 locum
1019 1765 1161 1799 eiusdem
1175 1765 1241 1798 An-

545 1818 640 1852 dreae
664 1819 803 1862 episcopi
834 1819 942 1862 quood
969 1819 1164 1852 vicariatum
1189 1829 1241 1861 qe-

546 1872 689 1905 neralem
714 1873 749 1905 in
773 1872 1006 1916 spiritualibus
1033 1876 1061 1905 et
1089 1876 1242 1915 tempora-

547 1924 632 1958 libus
657 1925 761 1958 dictae
785 1925 932 1958 ecclesiae
957 1924 1188 1958 Parisiensis¹.

696 2014 862 2041 Alexander
887 2014 965 2048 Papa
985 2014 1045 2041 vn.

548 2090 563 2133 ξ
588 2090 616 2122 fl.
641 2089 738 2132 Cum,
770 2091 850 2123 sicut
880 2089 1080 2133 accepimus,
1111 2089 1260 2123 dilectus¹

503 2143 586 2176 silius
610 2148 717 2176 noster
751 2144 879 2176 loannes
912 2143 1098 2176 Franciscus
1130 2143 1242 2176 Paulus

503 2196 632 2230 Gondus
657 2195 685 2229 S.
704 2197 738 2229 R.
765 2196 795 2229 Ε.
826 2196 989 2241 presbyter
1014 2196 1180 2229 cardinalis
1205 2196 1243 2228 de

503 2250 577 2283 Retz
601 2255 810 2294 nuncupatus,
832 2251 981 2283 ecclesiae
998 2250 1181 2283 Parisiensis
1206 2260 1241 2282 ex

503 2303 704 2337 concessione
740 2310 770 2337 et
802 2303 1033 2348 dispensatione
1070 2303 1242 2347 apostolica

502 2357 647 2401 praesul,
672 2357 925 2391 constitutionem
956 2362 984 2392 ct
1008 2357 1241 2401 deputationem

503 2410 690 2443 venerabilis
725 2410 828 2443 frati-is
862 2410 1003 2443 Andreae
1027 2410 1068 2443 du
1093 2410 1242 2454 Saussay,

502 2473 586 2496 nunc
606 2464 744 2507 episcopi
762 2463 925 2504 Tullcusis,
944 2464 974 2496 in
1000 2463 1096 2507 ipsius
1120 2464 1243 2496 loannis

504 2517 662 2550 Francisci
700 2518 785 2550 Pauli
818 2517 985 2550 cardinalis
1019 2517 1172 2561 praesulis
1198 2517 1241 2548 vi-

504 2571 624 2604 carium
658 2572 688 2603 in
713 2570 928 2615 spiritualibus
959 2576 988 2603 et
1019 2570 1244 2614 temporalibus

541 2635 551 2660 1
577 2632 612 2660 Ex
632 2634 741 2668 Regest.
763 2634 790 2660 iu
811 2634 912 2660 Secret.
935 2633 1011 2660 Brev.

1078 234 1262 259 BULLARIUM'
1280 233 1433 259 ROMANUM

1250 535 1253 550 t

2020 229 2067 256 An.
2083 228 2111 256 C.
2130 229 2195 259 105⁶

1267 282 1446 325 generalem
1464 281 1495 313 in
1513 279 1672 324 praedicta
1693 279 1824 312 ecclesia
1837 278 2004 312 Parisiensi

1268 336 1305 368 ab
1330 335 1440 368 eodem
1466 333 1580 367 Ioanne
1601 332 1768 366 Francisco
1792 331 1887 365 Paulo
1907 330 2006 365 cardi·

1250 388 1337 421 ,nale
1361 387 1505 432 praesule
1537 396 1608 420 cum
1634 384 1874 430 participatione
1896 384 2005 418 nostra

1268 441 1343 473 alias
1360 441 1482 479 factam,
1503 439 1616 472 nedum
1635 438 1724 472 nobis
1742 437 1937 478 inconsultis,
1957 446 2006 469 ve-

1270 504 1337 527 rum
1364 493 1457 526 etiam
1483 498 1609 537 praeter
1635 496 1781 531 mentem,
1800 490 2005 523 intentionem

1269 552 1298 580 et
1320 547 1509 580 voluntatem
1535 549 1674 580 nostram
1701 544 1761 589 ipsi
1786 544 1894 577 loanni
1912 543 2006 576 Fran-

1269 600 1352 633 cisco
1378 599 1473 632 Paulo
1507 598 1656 632 cardinali
1692 597 1828 642 praesuli
1858 601 2006 630 oretenus

1269 652 1488 695 significatam,
1503 651 1706 691 revocaverit,
1720 655 1750 684 et
1762 649 1913 694 quosdam
1931 649 2007 683 alios

1270 716 1343 739 suos
1369 706 1398 738 in
1424 705 1556 738 ecclesia
1582 704 1743 748 praedicta
1768 702 1933 737 Parisiensi
1963 701 2008 735 vi-

1270 759 1371 792 carios
1396 758 1592 792 constituerit
1617 763 1646 790 et
1670 756 1881 801 deputaverit:

1315 813 1329 855 ἓ
1353 812 1381 844 2.
1408 812 1480 851 Nos,
1505 812 1620 855 quibus
1645 811 1786 844 omnium
1809 809 1894 843 orbis
1912 809 2009 843 eccle·
2064 820 2201 844 novamn-

1271 865 1387 898 siarum
1403 864 1580 898 sollicitudo
1595 863 1757 905 incumbit,
1775 862 2009 897 considerantes
2022 847 2095 901 2¹5³?
2103 847 2200 904 ξῑῖἓιῗιἛ

1271 929 1333 952 non
1358 929 1426 952 esse
1453 918 1565 951 rationi
1602 921 1869 958 consentaneum,
1895 921 1929 949 ut
1956 900 2201 956 ea,}1⁰2¹'e⁰i'›2¹r'us⁸a⁶=‚‘²=¹i'·'.

1271 983 1350 1017 quae
1368 983 1426 1017 pro
1444 973 1528 1006 bono
1546 972 1749 1005 ecclesiarum
1775 969 2008 1014 praedictarum

1272 1026 1425 1069 regimine
1440 1036 1496 1069 per
1510 1036 1617 1058 earum
1637 1024 1807 1068 praesules,
1822 1024 1915 1058 etiam
1933 1023 2010 1056 eius·

1271 1079 1342 1112 dem
1367 1079 1396 1111 S.
1419 1079 1452 1111 ll.
1471 1079 1503 1111 E.
1525 1077 1711 1118 cardinales,
1729 1087 1800 1110 cum
1820 1077 1930 1110 nostra
1954 1086 2010 1120 ap·

1271 1132 1458 1177 probatione
1469 1133 1547 1165 sacta
1559 1132 1694 1174 suerunt,
1709 1130 1909 1175 postmodum
1920 1129 2012 1163 nobis

1272 1186 1455 1219 inconsultis
1473 1185 1608 1218 scienter
1623 1184 1843 1225 immutentur,
1861 1193 1898 1216 ac
1915 1181 2012 1226 quieti

1272 1245 1301 1272 et
1337 1238 1553 1283 tranquillitati
1591 1237 1770 1282 praedictae
1804 1235 2010 1277 Parisiensis,

1272 1298 1421 1335 quantum
1449 1302 1518 1325 cum
1544 1291 1677 1324 Domino
1702 1300 1881 1334 possumus,
1898 1298 2012 1322 consu-

1272 1347 1336 1379 lere
1354 1346 1509 1385 volentcs3
1537 1350 1623 1378 motu
1644 1343 1785 1388 proprio,
1807 1353 1842 1376 ac
1866 1352 1902 1376 ex
1927 1342 2012 1375 certa

1255 1399 1403 1432 scientia
1430 1404 1457 1431 et
1484 1399 1606 1432 matura
1637 1397 1863 1430 deliberatione
1886 1395 2012 1437 nostris,

1273 1452 1374 1496 deque
1399 1451 1589 1495 apostolicae
1613 1450 1776 1494 potestatis
1800 1448 2012 1493 plenitudine,

1274 1506 1505 1539 revocationem
1531 1504 1604 1538 dicti
1629 1503 1770 1537 Andreae
1794 1502 1954 1547 episcopi,
1983 1507 2014 1535 et

1273 1560 1341 1592 eius
1365 1559 1556 1592 amotionem
1582 1569 1597 1591 a
1623 1567 1753 1590 munere
1786 1556 1892 1590 vicarii
1917 1565 2013 1599 gene-

1275 1613 1348 1646 ralis
1373 1612 1575 1652 huiusmodi,
1600 1622 1635 1645 ae
1659 1611 1858 1644 subsecutam
1884 1609 2014 1654 deputa-

1276 1666 1391 1699 tionem
1417 1675 1691 1709 quorumcumque
1724 1664 1857 1696 aliorum
1882 1661 2015 1696 vicario-

1277 1730 1345 1752 rum
1372 1719 1532 1762 (quorum
1555 1717 1683 1751 nomina
1708 1722 1738 1750 et
1761 1715 1950 1759 cognomina
1978 1725 2015 1748 ac

1275 1772 1439 1817 qualitates
1464 1772 1514 1805 liic
1538 1782 1596 1815 pro
1620 1770 1776 1814 expressis
1793 1769 1902 1803 haberi
1927 1769 2015 1802 volu-

1276 1827 1370 1869 mus)
1394 1836 1450 1869 per
1476 1825 1672 1869 praedictum
1697 1824 1844 1857 loannem
1869 1822 2015 1856 Francis-

1276 1890 1346 1913 cum
1384 1879 1514 1912 Paulum
1551 1878 1741 1911 cardinalem
1779 1876 1956 1920 praesulem
1981 1881 2016 1909 ut

1277 1932 1489 1976 praemittitur
1514 1932 1628 1972 factas,
1663 1937 1770 1964 tenore
1801 1929 2014 1974 praesentium

1277 1995 1471 2018 revocamus.

1321 2039 1336 2082 g
1358 2038 1387 2072 3.
1414 2039 1456 2072 Ac
1473 2049 1533 2082 pro
1551 2041 1597 2079 ea,
1617 2048 1710 2081 quam
1729 2037 1766 2070 de
1783 2038 1836 2070 tua
1856 2036 1927 2078 fide,
1945 2046 2017 2080 pru·
2058 2042 2168 2065 Substituit
2181 2046 2204 2063 ne

1276 2091 1390 2134 denua,
1410 2091 1551 2125 doctriua
1571 2097 1601 2124 et
1619 2091 1794 2134 integritate
1812 2089 1965 2123 habemus
1985 2088 2017 2121 in
2031 2071 2204 2118 llissllss‘tffile‘i

1276 2145 1408 2178 Domino
1434 2145 1559 2185 fiducia,
1577 2148 1737 2188 sperantes
1755 2149 1783 2176 te
1803 2152 1915 2176 munus
1932 2141 2016 2175 vica·
2030 2123 2159 2178 ssilssi'lffim
2172 2121 2205 2144 ⁶⁰⁸

1276 2198 1314 2232 rii
1341 2198 1497 2241 generalis
1531 2197 1669 2230 eiusdem
1704 2196 1827 2230 loannis
1858 2195 2016 2229 Francisci

1280 2252 1363 2284 Pauli
1390 2251 1556 2284 cardinalis
1577 2251 1729 2295 praesulis
1754 2251 1783 2284 in
1808 2249 1939 2283 ecclesia
1964 2250 2018 2283 Pa-

1259 2335 1261 2347 ,
1280 2305 1403 2337 risionsi
1429 2304 1587 2348 praedicta
1605 2304 1642 2337 ad
1665 2304 1718 2337 Dei
1741 2301 1874 2346 gloriam
1893 2307 1924 2336 et
1940 2303 2018 2336 eius-

1277 2358 1347 2391 dem
1371 2359 1519 2391 ccclesiae
1542 2358 1705 2391 utilitatem
1731 2363 1814 2390 recte
1832 2362 1862 2390 et
1885 2356 2017 2390 fideliter

1278 2412 1594 2454 administraturtuu‚
1625 2417 1653 2444 to
1681 2411 1712 2444 in
1737 2411 1841 2444 locum
1867 2409 2018 2454 praedicti

1278 2464 1421 2497 Andreae
1454 2465 1594 2508 episcopi
1620 2463 1737 2508 (quoad
1770 2474 1883 2496 munus
1911 2461 2018 2496 vicarii

1261 2538 1262 2543 =
1278 2518 1433 2561 generalis
1451 2518 1481 2550 in
1505 2517 1721 2561 spiritualibus
1737 2523 1767 2550 et
1790 2516 2018 2561 tempora-libus

1279 2571 1417 2603 eiusdem
1439 2571 1589 2604 ccclesiae
1602 2570 1796 2612 Parisiensis,
1818 2570 2018 2614 liberumque

1279 2624 1361 2657 illius
1379 2625 1571 2667 exercitium,
1586 2635 1655 2657 cum
1676 2626 1711 2656 ea
1730 2623 1924 2667 plenitudine
1941 2623 2020 2657 iuris
