2263 3215
282 186 331 211 An.
348 184 375 210 c.
399 185 464 212 1657
511 174 575 209 ⁶258

320 1786 459 1806 Prooemium.

479 232 664 277 apostolica,
685 233 731 265 vel
748 232 858 276 quavis
877 232 1026 266 firmitate
1047 234 1108 267 alia
1129 234 1223 268 robo—

479 286 565 325 ratis,
574 285 695 319 statutis
709 289 738 319 et
747 285 1038 326 consuetudinibus,
1050 286 1222 330 privilegiis

481 349 623 382 quoque,
645 337 774 371 indultis
799 343 829 371 et
854 338 965 371 litteris
985 339 1166 382 apostolicis
1192 339 1221 371 in

481 391 674 424 contrarium
706 392 953 435 praemissorum
984 392 1223 437 quomodolibet

481 443 638 476 concessis
655 470 662 483 ,
688 444 881 478 confirmatis
909 450 938 478 et
960 445 1132 484 innovatis,
1158 444 1223 488 qui-

481 495 541 528 bus
555 495 702 529 omnibus
722 502 752 530 et
772 497 917 540 singulis,
939 497 1064 531 illorum
1099 502 1223 530 tenores

482 548 698 592 praesentibus
726 560 784 593 pro
801 550 891 594 plene
908 556 937 583 ct
962 551 1151 584 sufficienter
1174 561 1223 582 ex-

484 602 600 645 pressis
621 613 656 635 ac
679 602 717 635 dc
749 603 845 637 verbo
873 604 910 636 ad
944 604 1073 637 verbum
1100 603 1224 636 insertis

483 654 643 697 habentes,
674 655 734 688 illis
758 656 833 689 alias
858 657 888 689 in
916 667 972 690 suo
1003 656 1118 689 robore
1153 666 1223 699 per-

484 708 650 748 mansuris,
668 708 706 741 ad
724 709 969 752 praemissorum
988 710 1133 742 effectum
1145 736 1152 749 ‚
1167 709 1224 741 liac

484 761 551 794 rice
575 761 744 803 dumtaxat,
763 762 939 806 specialiter
955 768 984 795 et
1009 773 1158 805 expresse
1175 762 1225 795 de—

483 823 652 856 rogamus;
685 815 860 858 ceterisque
891 815 1056 848 contrariis
1089 814 1221 858 quibus-

484 877 630 910 cumque.

529 920 638 952 Datum
668 921 783 954 Romae
813 922 894 965 apud
920 923 948 955 S.
975 921 1102 954 Mariam
1128 921 1224 954 Maio-

485 975 629 1014 rem‚sub
647 975 762 1008 annulo
773 975 950 1015 piscatoris,
964 975 1014 1008 dic
1031 974 1224 1008 ulsebruarii

486 1037 623 1069 unctvu,
653 1029 853 1071 pontificatus
878 1029 978 1062 nostri
1002 1039 1084 1062 anno
1105 1039 1135 1062 11.

523 1089 581 1117 Dat.
599 1090 641 1116 die
658 1090 673 1117 3
688 1090 819 1118 februarii
838 1091 915 1125 1657,
937 1091 1031 1126 pontis.
1049 1099 1092 1118 an.
1110 1097 1137 1117 11.

797 1233 918 1266 CXLIV.

488 1315 680 1349 Subsidium
693 1320 820 1348 centum
829 1315 974 1349 millium
982 1320 1143 1349 scutorum
1154 1317 1230 1349 auri

535 1379 630 1412 super
647 1369 807 1412 fructibus
831 1369 1053 1402 ecclesiasticis
1070 1379 1229 1413 quarum-

533 1424 578 1455 ra's
595 1423 802 1455 ecclesiarum
827 1426 855 1455 et
882 1423 1107 1464 beneficiorum
1126 1424 1161 1456 in
1177 1423 1231 1456 do-

537 1476 638 1508 minio
657 1476 770 1508 Veneto
785 1476 996 1509 existentibus
1008 1486 1067 1519 pro
1085 1477 1231 1519 expensis

533 1532 645 1561 contra
666 1529 785 1562 Turesis
803 1529 842 1562 ab
860 1529 968 1562 eadem
985 1529 1164 1573 Republica
1184 1530 1232 1572 fa-

535 1581 656 1614 ciendis
670 1580 687 1614 ¹.

685 1661 854 1689 Alexander
874 1662 953 1696 Papa
974 1661 1037 1689 vn.

633 1707 668 1733 ad
685 1706 817 1734 futuram
838 1707 881 1734 rei
901 1706 1083 1735 memoriam.

535 1779 550 1821 ἓ
567 1778 595 1810 Χ1.
617 1778 702 1811 Etsi²
721 1778 822 1819 nobis,
840 1789 901 1822 pro
916 1779 991 1811 cura
1010 1778 1176 1821 pastoralis
1193 1778 1235 1811 os—

491 1831 552 1863 sicii
579 1830 683 1863 divina
708 1831 894 1874 disponente
921 1830 1119 1874 providentia
1142 1830 1234 1864 nobis

492 1884 613 1917 meritis
638 1884 711 1916 licet
735 1883 908 1927 imparibus
939 1882 1119 1923 commissi,
1156 1883 1233 1916 nihil

492 1937 592 1979 magis
617 1937 703 1970 cordi
730 1937 778 1978 sit,
801 1947 895 1980 quarn
916 1946 1067 1980 personas
1092 1936 1234 1969 ecclesia-

493 1990 585 2022 sticas
602 1989 640 2022 ab
657 1989 916 2023 extraordinariis
939 1989 1089 2023 oneribus
1114 1989 1230 2022 immu-

493 2054 548 2076 nes
561 2053 686 2087 semper
711 2053 908 2084 conservare,
927 2042 1019 2087 idque
1037 2042 1095 2076 nisi
1112 2053 1235 2076 summa

493 2097 662 2130 necessitas
686 2102 778 2140 cogat
809 2108 842 2130 re
868 2097 935 2141 ipsa
959 2097 1064 2130 animo
1089 2098 1235 2130 statueri-

494 2161 582 2189 mus;
616 2150 846 2190 nihilominus,
879 2150 959 2184 sicut
990 2151 1050 2183 iam
1088 2151 1236 2184 omnibus

493 2207 601 2238 notum
627 2214 695 2237 csse
719 2204 822 2244 debet,
837 2214 909 2237 cum
934 2204 1107 2237 Tui-carum
1133 2209 1235 2248 tyran-

494 2267 552 2289 nus
577 2257 731 2289 nefarium
753 2256 870 2289 bellum
885 2283 892 2297 ,
918 2256 1002 2300 quod
1027 2267 1044 2289 a
1069 2256 1235 2290 duodecim

494 2310 541 2342 vel
568 2309 694 2342 circiter
719 2310 807 2343 annis
832 2310 953 2343 dilectis
980 2310 1052 2343 filiis
1076 2310 1237 2344 nobilibus

494 2363 569 2395 viris
593 2363 664 2396 duci
689 2367 718 2397 et
742 2363 882 2397 dominio
909 2364 1098 2397 Venetorum
1124 2363 1237 2405 intulit,

495 2417 666 2449 etiamnum
693 2416 811 2459 ingenti
844 2421 998 2460 apparatu
1029 2417 1237 2460 maximisque

535 2499 542 2522 1
563 2496 598 2523 Ex
616 2497 725 2531 Regest.
742 2497 769 2523 in
785 2497 890 2524 Secret.
906 2498 1045 2524 Brevium.

532 2540 667 2568 asimites
694 2541 752 2568 vide
773 2541 922 2568 Innocentii
948 2541 965 2567 X
987 2542 1012 2568 in
1034 2545 1099 2569 tom.
1122 2549 1167 2575 κν,
1189 2550 1238 2577 pa·

496 2585 558 2621 gina
578 2584 640 2620 397,
661 2585 713 2612 038
733 2589 757 2612 et
779 2585 829 2613 736
848 2588 885 2621 (n.
907 2586 954 2621 τ.).

1063 186 1239 210 BULLARIUM
1266 185 1417 209 ROMANUM

1254 232 1372 267 viribus
1391 237 1610 277 prosequatur,
1630 238 1661 266 et
1673 238 1840 278 propterea
1853 233 1913 278 ipsi
1930 233 1993 267 dux

1255 291 1284 319 et
1308 285 1483 319 dominium
1508 285 1644 319 maiores
1669 296 1762 329 quam
1784 296 1922 330 unquam
1944 297 1994 319 an-

1256 344 1303 371 tea
1327 344 1390 371 tam
1427 338 1602 371 maritimas
1626 348 1721 382 quam
1746 343 1912 372 terrestres
1936 349 1992 372 co·

1255 392 1344 435 pias,
1369 396 1403 423 nt
1426 401 1459 424 se
1483 401 1601 436 suaque
1629 396 1797 435 tueantur,
1830 402 1943 436 parare
1966 397 1996 425 et

1255 444 1431 486 instruere,
1456 455 1491 478 ac
1516 443 1649 488 proinde
1676 444 1819 487 ingentes
1844 454 1997 488 expensas

1256 497 1358 530 facere
1382 497 1477 531 modo
1502 497 1752 542 compellantur:

1300 551 1316 594 g
1339 550 1368 583 ⁶2.
1394 551 1467 591 Nos,
1487 550 1722 584 considerantes
1738 560 1801 584 non
1818 549 1922 584 minus
1940 551 1998 584 cle-

1258 815 1510 850 christifidelium
1535 816 1721 857 cervicibus,
1745 816 1910 850 adiuvante
1933 817 1997 850 Do-

1259 870 1363 910 mino,
1388 869 1601 914 repellantur,
1625 869 1772 913 cogimur
1799 869 1838 902 de
1861 868 2000 902 universi

1258 922 1335 956 cleri
1367 921 1498 956 dominii
1527 922 1635 955 Veneti
1660 921 1861 956 facultatibus
1885 922 1917 955 in
1941 922 2001 956 hoc

1258 974 1444 1018 gravissimo
1469 975 1802 1020 periculosissimoque
1822 986 1897 1009 casu
1920 975 2001 1008 fidu-

1259 1027 1340 1061 ciam
1365 1038 1490 1062 sumere
1505 1055 1512 1069 ,
1536 1032 1718 1072 sperantes,
1744 1028 1827 1072 quod
1857 1027 1916 1072 ipsi
1940 1027 2002 1061 hoc

1259 1091 1339 1114 onus
1363 1081 1585 1124 urgentissima
1610 1081 1793 1114 necessitate
1818 1086 1848 1114 et
1872 1081 2002 1114 iustissi-

1261 1136 1311 1167 ma
1325 1134 1362 1167 de
1379 1136 1471 1168 causa
1486 1146 1502 1167 a
1518 1134 1608 1168 nobis
1623 1134 1681 1167 sibi
1700 1134 1883 1178 impositum
1902 1144 2002 1178 aequo

1261 1188 1366 1221 animo
1383 1188 1466 1221 ferre
1490 1198 1552 1221 non
1578 1188 1775 1221 recusabunt.
1794 1189 1877 1221 Motu
1898 1188 2003 1231 itaque

1262 1241 1414 1286 proprio,
1439 1252 1475 1274 ac
1500 1251 1534 1274 ex
1561 1243 1646 1275 certa
1672 1242 1802 1275 scientia
1827 1245 1857 1275 et
1881 1243 2001 1276 matura

1262 1295 1488 1329 deliberatione
1519 1295 1653 1337 nostris,
1678 1295 1779 1339 deque
1813 1295 2004 1340 apostolicae

1263 1350 1426 1393 potestatis
1452 1349 1672 1393 plenitudine,
1705 1360 1801 1382 unum
1828 1349 2004 1382 subsidium

1264 1407 1387 1437 centum
1407 1402 1538 1436 millium
1553 1408 1714 1436 scutorum
1739 1403 1806 1436 auri
1829 1413 1923 1447 super
1939 1413 2006 1436 om·

1264 1456 1355 1489 nibus
1380 1461 1410 1489 ct
1433 1456 1565 1499 singulis
1588 1456 1753 1496 fructibus,
1778 1456 1952 1490 redditibus
1977 1461 2007 1490 et

1265 1509 1469 1553 proventibus
1485 1509 1657 1543 secundum
1674 1520 1784 1543 verum
1802 1520 1940 1543 annuum
1958 1520 2007 1542 va-

1266 1564 1365 1596 lorem
1384 1563 1558 1607 praesentis
1574 1563 1646 1596 anni
1663 1573 1937 1608 quarumcumque
1956 1573 2007 1597 ca-

1267 1616 1456 1649 thedralium
1500 1616 1593 1649 etiam
1629 1616 1943 1661 metropolitanarum
1978 1620 2009 1651 et

1267 1669 1524 1714 patriarchalium
1540 1697 1547 1711 ,
1572 1675 1666 1714 atque
1697 1670 1829 1703 aliarum
1861 1670 2008 1704 ccclesia-

1267 1734 1338 1757 rum
1363 1734 1398 1756 ac
1430 1723 1693 1757 monasteriorum
1712 1752 1719 1766 ‚
1748 1724 1946 1768 prioratuum
1978 1729 2009 1757 et

1267 1777 1493 1810 beneficiorum
1516 1777 1799 1811 ecclesiasticorum
1818 1777 2007 1810 secularium

1267 1841 1559 1875 quorumcumque,
1584 1841 1619 1864 ac
1649 1830 1850 1874 hospitalium
1875 1835 1906 1864 et
1929 1841 2008 1875 quo-

1268 1884 1386 1917 rumvis
1410 1884 1562 1918 Ordinum
1596 1890 1626 1917 et
1657 1884 1840 1917 militiarum
1865 1884 1941 1927 (non
1965 1888 2011 1916 ta-

1268 1948 1338 1971 men
1365 1937 1526 1981 hospitalis
1556 1937 1653 1970 sancti
1685 1937 1808 1971 Ioannis
1833 1938 2010 1981 Hierosoly-

1268 1991 1397 2031 mitani,
1423 1991 1510 2024 cuius
1543 1991 1656 2023 fratres
1692 2001 1750 2035 pro
1787 1990 1956 2024 munienda
1981 1996 2011 2024 et

1268 2044 1462 2077 defendenda
1477 2043 1626 2077 adversus
1646 2043 1809 2088 improbos
1826 2043 2010 2077 eorumdem

1268 2098 1443 2130 Turcarum
1476 2102 1606 2130 conatus
1638 2097 1740 2130 insula
1765 2097 1908 2131 Melitana
1943 2107 2012 2141 gra-

1270 2151 1414 2184 vissimos
1438 2154 1581 2194 sumptus
1605 2150 1712 2183 subire
1732 2156 1762 2183 et
1786 2160 1936 2193 magnum
1959 2160 2012 2183 aes

1269 2204 1406 2237 alienum
1422 2204 1610 2237 contrahere
1627 2204 1792 2248 oportuit),
1806 2203 2011 2247 regularium,

1270 2268 1340 2291 cum
1366 2258 1440 2290 cura
1465 2262 1495 2290 et
1519 2257 1585 2290 sine
1610 2258 1695 2297 cura,
1713 2257 1744 2290 in
1764 2257 1848 2290 dicto
1872 2256 2012 2290 dominio

1270 2310 1480 2350 existentium,
1498 2321 1515 2343 a
1533 2304 1766 2344 venerabilibus
1786 2310 1936 2344 fratribus
1955 2320 2012 2355 pa-

1271 2364 1428 2404 triarchis,
1452 2363 1711 2408 archiepiscopis,
1736 2363 1893 2408 episcopis
1918 2369 1948 2397 et
1967 2363 2013 2397 di-

1271 2416 1358 2450 lectis
1393 2416 1477 2449 fiiliis
1513 2417 1642 2457 electis,
1679 2416 2011 2458 administratoribus,

1272 2470 1571 2511 commendatariis,
1608 2470 1793 2512 abbatibus,
1830 2470 2013 2514 prioribus,

1272 2524 1469 2568 praepositis,
1495 2524 1653 2568 praelatis⁷
1679 2523 1833 2568 capitulis,
1851 2524 2012 2557 conventi-

1273 2577 1341 2620 bus,
1366 2577 1542 2621 ceterisque
1567 2577 1710 2621 personis
1728 2577 1948 2612 ecclesiasticis
1969 2587 2014 2613 εει-ἰ

2007 186 2055 214 An.
2071 188 2098 215 C.
2119 190 2181 219 1657
2205 223 2210 227 ,

2075 567 2187 591 Sub-idiu-

1256 603 1407 643 ricorum,
1432 613 1526 646 quam
1551 603 1703 637 laicorum
1727 603 1887 645 interesse,
1902 609 1935 636 ut
1952 595 2185 649 ea,351¹ii3i'i121'1¹¹⁵¹¹⁵1'.²'''

1257 666 1337 700 quae
1367 655 1405 688 ad
1438 655 1652 689 defensionem
1680 656 1861 689 huiusmodi
1885 666 1996 689 neces·
2013 645 2187 700 ffli55¹5upa¹i⁹22

1257 709 1338 742 saria
1370 714 1461 750 sunt,
1492 709 1631 743 studiose
1666 715 1911 754 comparentur,
1936 719 1999 753 quo
2014 698 2187 758 ssilssffifssilfllssll

1257 762 1421 795 christiani
1456 763 1592 797 nominis
1623 763 1728 797 hostes
1759 763 1960 797 infensissimi
1983 753 2188 801 aiiffimcifflffiifm‘

2244 186 2263 225 ἵ.
2236 128 2239 133 .

2239 568 2250 593 ι)

2244 607 2249 623 ι

2234 635 2263 751 ,2

2233 763 2248 776 θ.
2260 770 2261 774 ,

2220 969 2243 1278 ·-“ἫΑ

2256 1006 2263 1144 .,.-ᾼ..
