2263 3215
299 166 347 195 Αῃ,
368 166 395 192 e.
419 167 484 195 1657
531 158 596 191 ⁶254

325 708 445 729 Exordium.

324 1185 432 1211 Expositio
448 1191 481 1204 su-

297 1217 334 1237 per
345 1212 451 1232 erectione
461 1214 479 1231 1-1

297 1239 380 1263 luxibus
398 1239 480 1264 collegii

300 1263 371 1286 chniu

1070 169 1247 194 BULLARIUM

540 224 647 248 sorum
674 216 903 248 canonicorum
934 216 1133 260 reqularz'um
1163 219 1253 263 con-l

538 270 738 312 yreqalionis
772 269 933 313 repuleris
967 270 1022 304 SS.
1055 271 1234 304 Salvatoris

538 321 596 354 sub
614 322 727 365 requlti
752 323 784 356 S.
812 323 1006 366 Α1ιςμιείιήῐ,
1030 324 1086 357 sub
1107 325 1253 375 invoca-t

540 375 625 407 tione
638 375 669 408 S.
686 375 874 408 Alexandri
886 377 998 420 Papae
1020 381 1047 410 et
1066 378 1234 419 andron-is,
1251 376 1253 405 ἒ

539 428 574 470 in
592 428 747 461 canonica
774 426 976 463 Bononiensi
999 430 1142 463 eiusdem
1166 438 1253 473 con—3

538 481 740 524 qreyate'onis
754 482 771 514 ¹.

690 572 856 599 Alexander
876 573 954 606 Papa
973 574 1039 605 vu,

637 615 674 643 ad
694 616 828 643 futuram
852 617 896 644 rei
916 618 1095 645 memoriam.

542 694 573 727 ln
591 706 739 739 supremo
758 697 919 730 militantis
935 697 1092 730 Ecclesiae
1111 697 1234 737 throno,

495 749 617 782 meritis
649 749 721 784 licet
753 751 943 795 imparibus,
975 751 1078 783 divina
1104 750 1236 794 disposi-

497 803 579 837 tione
604 805 773 845 constituti,
789 805 849 846 illa,
867 815 946 849 quae
960 816 976 838 a
991 805 1147 848 religiosis
1163 804 1236 837 viris
1251 804 1255 837 1

495 867 553 900 pro
579 859 663 890 recta
694 857 841 891 iuvenum
877 858 1072 892 institutione
1110 858 1232 891 studio-

495 921 630 954 rumque
660 911 859 954 promotione
885 912 1017 955 providc
1043 912 1122 944 sacta
1147 917 1235 951 sunt,

495 963 638 1004 libenter,
664 974 734 996 eum
760 975 776 996 a
802 965 891 997 nobis
922 965 1053 1008 petitur,
1085 964 1234 1008 apostoli—

496 1026 550 1049 cae
568 1016 817 1050 confirmationis
836 1018 1011 1061 patrocinio
1037 1017 1235 1058 roboramus,

495 1075 590 1112 prout
615 1070 825 1113 conspicimus
850 1071 1018 1103 salubriter
1048 1071 1078 1104 in
1103 1071 1236 1104 Domino

496 1122 652 1166 expedire¹

540 1176 555 1219 ξ
580 1176 608 1209 (1.
636 1177 754 1221 Exponi
780 1177 870 1211 nobis
890 1187 993 1222 nuper
1010 1178 1081 1211 fecit
1105 1178 1236 1211 dilectus

496 1229 579 1262 silius
616 1230 802 1264 Prudentius
836 1231 1018 1271 lanuensis,
1047 1236 1236 1275 procurator

497 1283 653 1326 generalis
669 1284 928 1326 Congregationis
949 1285 1172 1318 canonicorum
1191 1295 1237 1318 re-

497 1336 653 1379 gularium
669 1336 719 1370 SS.
735 1337 914 1377 Salvatoris,
932 1338 988 1370 sub
1003 1338 1111 1381 regula
1130 1338 1158 1371 S.
1176 1339 1236 1371 Au-

497 1390 623 1432 gustini,
649 1390 732 1434 quod
756 1390 864 1423 eadem
884 1391 1092 1434 Congregatio
1118 1392 1148 1424 in
1170 1392 1235 1425 eius

496 1442 578 1475 dieta
598 1443 766 1476 novissime
785 1443 892 1477 habita
910 1444 1076 1487 collegium
1096 1445 1233 1478 Clusium

496 1496 740 1540 nuncupandum
766 1496 932 1530 duodecim
957 1498 1158 1531 alumnorum
1187 1509 1234 1531 sa-

496 1559 568 1581 crae
586 1549 762 1592 theologiae
779 1550 992 1583 studiosorum
1011 1551 1234 1584 canonicorum

497 1603 691 1646 regularium
717 1603 817 1636 dictae
835 1604 1094 1647 Congregationis
1112 1605 1169 1637 sul)
1194 1605 1236 1637 in-

497 1656 659 1690 vocatione
684 1657 712 1690 S.
739 1657 905 1690 Alexandri
923 1658 1025 1702 Papae
1042 1663 1072 1691 et
1090 1659 1235 1703 martyris

495 1710 527 1742 in
563 1709 713 1742 canonica
750 1710 937 1743 Bononiensi
977 1712 1235 1754 Congregationis

495 1763 677 1797 huiusmodi
714 1769 867 1808 perpetuo
901 1765 999 1798 erexit
1032 1765 1088 1798 sub
1114 1765 1236 1808 legibus

496 1828 551 1850 seu
576 1817 826 1852 ordinationibus
852 1819 969 1852 tenoris
994 1820 1046 1862 qui
1077 1819 1233 1863 sequitur,

496 1871 658 1904 videlicet:

539 1934 559 1957 1.
585 1924 732 1968 Optantes
757 1925 858 1958 dietae
883 1925 942 1958 hoc
959 1936 1040 1959 anno
1059 1926 1233 1958 celebratae

496 1977 654 2011 Bononiae
680 1984 794 2022 patres,
814 1990 873 2023 pro
891 1979 1030 2012 muneris
1050 1980 1096 2011 sui
1123 1979 1235 2012 sollici-

496 2030 602 2064 tudine
616 2041 651 2063 ac
668 2031 815 2064 iuvenum
842 2032 989 2075 religiosa
1017 2032 1233 2075 instructione,

496 2094 604 2117 eorum
631 2084 731 2117 studia
756 2096 965 2129 promovere,
998 2086 1173 2119 reformare
1199 2097 1234 2119 ac

495 2136 651 2181 dirigere,
677 2143 854 2171 statuerunt
882 2149 917 2171 ae
949 2144 1087 2172 statuunt
1111 2139 1234 2172 fundari

496 2191 638 2235 erigique
670 2192 837 2235 collegium
871 2192 1031 2236 perpetuis
1059 2203 1094 2225 ae
1123 2193 1235 2227 suturis

496 2244 693 2288 temporibus
718 2245 904 2278 duraturum
931 2246 962 2278 in
985 2246 1044 2279 liae
1061 2244 1169 2279 eadem
1188 2257 1235 2279 ca-

495 2297 608 2330 noniea
637 2297 687 2330 SS.
716 2298 884 2332 Salvatoris
903 2299 1047 2333 Cltz'sz'um
1064 2309 1231 2343 nuncupa»-

496 2355 561 2383 tum
588 2351 645 2384 sub
667 2351 862 2385 invocatione
887 2352 915 2385 S.
942 2353 1108 2386 Alexandri
1134 2353 1235 2397 Papae

497 2408 527 2435 et
551 2402 710 2446 martyris,
737 2403 767 2434 in
792 2413 854 2446 quo
888 2413 949 2436 non
982 2404 1115 2447 amplius
1141 2415 1233 2448 quam

497 2455 661 2488 duodecim
688 2455 806 2488 alumni
833 2456 956 2499 degant.

541 2518 572 2540 11.
597 2508 769 2552 Collegium
796 2509 856 2542 iam
882 2510 1010 2550 dictum,
1040 2522 1098 2554 pro
1123 2511 1233 2543 bumili

534 2572 543 2597 1
568 2570 603 2597 Ex
625 2571 733 2606 Regest.
757 2572 781 2597 in
803 2571 904 2599 Secret.
928 2572 1003 2599 Brev.

1273 168 1428 195 ROMANUM

1268 218 1420 262 obsequio
1445 228 1521 260 erga
1545 227 1704 250 summum
1722 222 1905 261 regnantem
1931 217 2008 251 Pon-

1269 271 1382 303 tificem
1411 270 1558 304 Clcisium
1585 275 1810 314 mmcupatum‚
1841 271 1870 303 in
1897 270 2007 303 annuis

1269 324 1416 356 natalitiis
1441 324 1469 355 S.
1496 323 1662 356 Alexandri
1688 323 1787 367 Papae
1808 328 1838 356 et
1862 323 2007 368 martyris

1270 376 1410 409 tutelaris
1436 376 1588 420 praedicti
1615 382 1741 409 cantare
1766 381 1854 410 curet
1878 376 2006 409 missam

1269 430 1441 462 solemnem
1467 440 1538 462 eum
1553 430 1691 463 secunda
1708 430 1850 463 oratione
1866 440 1925 474 pro
1943 439 2008 462 san-

1251 482 1407 516 ¹ctissimo
1446 483 1574 516 domino
1610 489 1718 517 nostro
1758 484 1839 528 Papa
1875 484 2007 516 Alexan-

1252 536 1327 569 ›dro
1354 537 1413 578 VH,
1439 547 1473 570 ac
1498 536 1610 570 deinde
1630 537 1668 569 ab
1687 537 1786 570 altero
1807 537 2007 570 alumnorum

1252 578 1370 625 {oratio
1396 590 1460 622 sive
1485 591 1596 623 concio
1627 590 1664 623 de
1694 590 1834 624 eiusdem
1868 589 2008 622 tutelaris

1252 633 1414 676 llaudibus
1439 643 1563 687 publice
1588 643 1921 687 habentui-,horisque
1935 653 2008 686 pro-

1252 697 1452 729 *meridianis
1476 697 1514 729 ab
1539 697 1638 730 altero
1665 697 1766 729 theses
1791 696 1917 740 publice
1949 696 2007 728 de-

1270 750 1441 783 fendendae
1466 761 1481 783 c
1507 752 1595 783 sacra
1621 750 1780 793 theologia
1802 753 2007 794 exponantur.

1315 815 1358 838 111.
1373 806 1441 838 Non
1460 805 1579 848 possint
1591 804 1709 837 alumni
1723 805 1815 837 aliam
1833 804 2009 838 doctrinam

1271 859 1436 902 complecti
1469 863 1498 893 et
1529 859 1617 903 sequi
1651 869 1745 902 quam
1777 858 1840 890 divi
1871 857 2010 891 Thomae

1270 912 1452 954 Aquinatis,
1484 922 1564 955 quae
1595 922 1611 944 a
1647 911 1818 946 lectoribus
1853 916 2008 955 perpetuo

1270 970 1444 1008 exponatur
1468 975 1560 1008 quam
1588 965 1722 998 maxime
1754 965 1791 997 ad
1822 974 2008 1007 germanum

1270 1018 1456 1050 sanctissimi
1481 1018 1620 1051 doctoris
1645 1028 1782 1052 sensum.

1315 1081 1356 1104 lv.
1389 1071 1447 1104 Per
1479 1071 1619 1116 quinque
1650 1081 1748 1104 annos
1778 1071 1808 1103 in
1838 1070 2008 1113 collegium

1271 1123 1399 1157 admissi
1423 1134 1626 1168 perseverare
1644 1128 1817 1164 teneantur,
1835 1127 1864 1158 et
1880 1133 2008 1156 cursum

1270 1177 1483 1221 theologicum
1510 1178 1540 1211 in
1561 1178 1722 1211 Summam
1753 1189 1770 1211 a
1794 1178 1865 1211 divo
1889 1177 2010 1210 Thoma

1271 1230 1427 1264 redactam
1453 1231 1595 1265 ordinate
1621 1233 1757 1276 explere.

1315 1295 1343 1317 v.
1368 1284 1461 1317 Horis
1487 1284 1647 1317 matutinis
1672 1285 1811 1328 quotidie
1836 1284 1930 1318 lectio
1958 1284 2009 1316 ha-

1270 1338 1390 1379 beatur,
1417 1338 1466 1370 cui
1492 1348 1602 1370 omnes
1627 1338 1756 1371 omnino
1783 1338 1932 1371 interesse
1956 1337 2010 1370 de-

1269 1390 1373 1431 beant,
1396 1391 1496 1423 nullas
1511 1390 1550 1424 ob
1568 1401 1677 1424 causas
1690 1391 1850 1425 vacatione
1863 1390 2008 1430 admissa,

1270 1444 1408 1487 exceptis
1433 1444 1543 1476 diebus
1568 1444 1653 1477 sestis
1670 1448 1700 1478 et
1713 1444 1821 1477 solitae
1838 1444 1919 1477 inter
1937 1443 2010 1477 heb-

1270 1497 1436 1530 domadam
1463 1497 1642 1531 vacationis.
1675 1497 1768 1531 Horis
1800 1508 1874 1531 vero
1905 1507 2010 1541 pome-

1270 1549 1418 1583 ridianis¹
1445 1551 1599 1584 revocatis
1624 1551 1758 1584 alumnis
1782 1554 1946 1594 praeactae
1971 1551 2010 1583 16-

1270 1603 1380 1637 ctionis
1405 1604 1530 1637 collatio
1554 1604 1618 1645 fiat,
1633 1609 1667 1637 ut
1680 1614 1802 1645 eorum,
1820 1614 1900 1648 quae
1918 1613 2009 1636 mane

1269 1656 1374 1691 audita
1394 1661 1476 1698 sunt,
1493 1657 1586 1690 altius
1611 1658 1766 1691 memoria
1791 1657 1945 1696 firmetur,
1964 1656 2010 1689 in-

1269 1710 1350 1744 dicta
1376 1716 1448 1744 tunc
1473 1711 1635 1756 g3·1n11asio
1659 1711 1854 1755 repetitione.

1314 1774 1353 1796 vt.
1378 1765 1523 1803 Quolibet
1547 1774 1654 1797 mense
1679 1764 1788 1797 eadem
1807 1764 1846 1797 de
1868 1764 2008 1805 materia,

1269 1827 1349 1862 quae
1373 1818 1453 1850 lecta
1470 1822 1499 1850 et
1517 1817 1657 1861 exposita
1683 1817 1786 1858 fuerit,
1805 1816 1930 1861 publice
1947 1816 2009 1850 dis-

1269 1870 1430 1903 cutiendae
1449 1870 1551 1904 theses
1561 1875 1790 1914 proponantur,
1808 1881 1825 1903 a
1838 1879 1901 1915 quo
1914 1880 2010 1903 onere

1269 1933 1360 1956 nemo
1378 1924 1479 1967 excipi
1500 1923 1609 1964 valeat,
1622 1929 1651 1956 ct
1664 1924 1786 1967 expleto
1799 1933 1902 1956 annuo
1915 1934 2010 1957 cursu

1269 1978 1362 2011 totius
1388 1978 1527 2010 leeturae
1555 1978 1751 2011 theoremata
1782 1977 1954 2012 solemnius
1979 1977 2011 2010 in

1269 2031 1400 2064 ecclesia
1424 2031 1569 2074 agitanda
1591 2032 1628 2064 ab
1645 2031 1790 2065 omnibus
1807 2031 1943 2064 alumnis
1955 2041 2010 2075 pu-

1269 2085 1433 2119 blieentur.

1314 2149 1365 2171 vu.
1392 2139 1528 2172 Durante
1554 2139 1770 2183 quinquennio
1798 2149 1856 2172 nec
1879 2148 1936 2182 per
1961 2138 2010 2171 ab·

1270 2193 1372 2225 batem
1399 2193 1578 2235 generalem
1604 2192 1705 2236 quivis
1730 2192 1932 2225 alumnorum
1955 2202 2008 2224 re-

1270 2256 1395 2279 movere
1414 2246 1521 2290 possit,
1534 2251 1626 2289 prout
1642 2246 1733 2280 etiam
1749 2245 2009 2279 constitutionum

1269 2304 1448 2332 nostrarum
1476 2300 1543 2341 lege
1569 2303 1693 2333 cautum
1719 2304 1773 2339 est;
1799 2299 1883 2343 quod
1904 2298 1928 2331 si
1954 2298 2009 2342 qui

1269 2352 1464 2387 correctione
1493 2353 1557 2385 sive
1582 2353 1695 2386 acriori
1733 2352 2007 2386 animadversione

1268 2405 1396 2448 dignum
1423 2405 1683 2449 perpetraverint,
1706 2405 1791 2447 inibi⁷
1813 2405 1897 2438 iuxta
1919 2415 2009 2448 regu-

1269 2459 1344 2491 laria
1369 2464 1475 2491 nostra
1498 2458 1648 2499 instituta,
1668 2459 1850 2502 puniantur,
1877 2458 1914 2490 iis
1940 2463 2014 2491 tan-v

1269 2511 1431 2545 tummodo
1456 2512 1580 2544 casibus
1611 2512 1766 2555 exeeptis,
1802 2512 1855 2555 qui
1889 2512 2008 2545 alumni

1306 2575 1313 2600 1
1335 2573 1402 2600 Edit.
1421 2573 1498 2600 Main.
1516 2574 1581 2608 legit
1594 2574 1824 2608 promeridianis
1839 2574 1876 2608 (R.
1894 2577 1942 2608 Τ.).

2019 171 2113 201 An.C.
2132 173 2192 205 tw!
2223 166 2247 218 ,i

2220 228 2221 243 t

2221 260 2224 291 1
