2243 3205
43 210 92 236 An.
113 207 142 234 C.
160 206 227 234 1658

63 801 154 821 Litterae
165 799 219 820 Mar·

39 828 75 848 tini
91 827 115 847 V.

825 203 1013 228 ALEXANDER
1040 203 1082 226 Vtt
1109 204 1156 226 ΓΡ.

236 253 421 287 eorumdem
448 253 600 293 fratrum,
626 262 747 286 necnon
774 262 882 286 omnes
917 252 975 284 im-

236 307 403 340 munitates
429 312 457 340 et
482 306 642 340 libertates
670 307 714 339 eis
745 317 762 338 a
787 306 974 350 praedeces-

235 359 360 393 soribus
393 360 456 393 suis
489 360 636 393 Romanis
669 359 872 392 Pontificibus
897 369 974 392 con-

235 423 347 453 cessas,
372 423 494 446 necnon
523 413 685 445 libertates
711 417 739 445 et
764 412 978 456 exemptiones

234 466 424 499 secularium
442 466 651 505 exactionum,
670 477 686 498 a
706 465 842 508 regibus,
867 465 979 509 princi-

234 519 326 564 pibus
345 523 373 553 et
389 519 458 552 aliis
479 519 735 553 christifidelibus
750 519 978 552 rationabiliter

234 573 311 617 ipsis
337 573 487 605 fratribus
507 576 536 606 et
557 582 666 605 eorum
694 572 770 605 loeIs
797 572 977 605 huiusmodi

235 636 399 659 concessas
413 626 619 667 confirmavit,
634 630 725 669 prout
743 625 772 657 in
788 625 885 669 ipsius
904 626 978 658 illar-

234 679 291 711 tini
328 678 603 722 praedecessoris,
638 688 771 722 quarum
805 683 895 711 tenor
924 689 974 711 se-

234 731 360 775 quitur:

279 783 359 828 §34
374 783 540 817 Martinus
560 784 737 828 episcopus,
753 794 862 816 sermts
879 794 978 817 servo-

234 847 310 871 rum
318 837 389 878 Dei,
402 836 444 869 od
451 840 644 881 perpetuam
655 837 703 870 rei
713 837 914 870 memoriam.
928 837 978 870 Se-

234 890 281 923 dis
305 891 502 934 Apostolicae
528 890 725 934 providentia
750 890 977 933 circumspecta

234 954 386 988 personas
400 943 457 977 sub
471 943 608 987 regulari
620 943 820 976 observantia
832 948 976 976 vacantes

234 996 359 1031 assiduo
384 997 487 1030 studio
512 996 581 1041 piae
606 997 697 1037 vitae,
718 996 855 1040 benigno
869 996 974 1030 favore

234 1047 479 1094 prosequimur¹,
499 1054 528 1082 et
546 1060 625 1093 quae
650 1060 708 1093 pro
729 1049 868 1094 ipsarum
890 1060 975 1083 com-

233 1102 406 1146 plectendis
446 1102 703 1135 indemnitatibus
738 1113 773 1135 ac
813 1102 976 1145 religionis

232 1155 464 1199 perseverantia
482 1155 600 1200 pariter
618 1160 647 1188 et
664 1161 833 1199 augmento
845 1155 976 1200 provida

233 1208 458 1242 deliberatione
476 1209 554 1243 facta
572 1209 669 1249 fuere,
690 1215 724 1241 ut
745 1209 862 1242 illibata
879 1209 976 1253 persi-

233 1267 324 1303 stant,
350 1262 531 1296 solidiorem
562 1263 726 1306 apostotici
752 1262 876 1296 roboris
901 1273 975 1296 con-

233 1316 332 1349 suevit
357 1316 492 1349 adiicere
516 1316 709 1349 firmitatem.
735 1316 856 1349 Dudum
883 1317 975 1360 siqui-

233 1369 302 1402 dem
333 1369 524 1412 Bonifacius,
551 1370 580 1402 in
613 1371 668 1403 sua
698 1370 886 1410 obedientia,
915 1371 973 1403 sul)

233 1435 294 1468 qua
318 1423 421 1458 dilecti
447 1423 501 1456 filii
527 1423 616 1468 prior
645 1429 674 1456 et
694 1424 806 1456 fratres
834 1423 862 1456 S.
888 1424 973 1456 Pauli

233 1476 328 1521 primi
356 1477 505 1509 eremitae
530 1476 655 1510 Ordinis
687 1477 783 1509 sancti
810 1477 974 1519 Augustini

235 1536 308 1563 tune
324 1530 543 1574 persistebant,
565 1530 602 1563 IX
620 1530 809 1570 nominatus,
833 1530 973 1573 ipsorum

234 1583 350 1627 prioris
375 1588 404 1616 et
430 1583 562 1616 fratrum
588 1583 736 1627 precibus
760 1593 910 1625 annuens,
939 1594 975 1617 ac

234 1637 363 1681 cupiens
392 1641 425 1670 ut
449 1636 532 1670 Ordo
549 1637 706 1680 praefatus
726 1647 762 1669 co
784 1637 975 1670 felicioribus

234 1691 401 1734 proficeret
415 1690 626 1732 incrementis,
641 1701 703 1734 quo
718 1690 889 1724 maioribus
903 1702 974 1734 gra<

234 1745 284 1778 tiis
308 1745 388 1778 foret
412 1744 449 1777 ab
474 1744 582 1777 eadem
608 1744 687 1777 Sede
707 1744 976 1777 0011ununicatus⁹

234 1799 418 1832 auctoritate
439 1798 610 1843 apostolica
627 1803 656 1831 et
674 1798 883 1841 irrefragabili
901 1809 974 1832 con-

234 1853 392 1887 stitutione
417 1852 590 1897 prohibuit,
608 1863 646 1885 nc
672 1852 785 1896 aliquis
804 1852 849 1885 rel
867 1852 974 1896 aliqui,

234 1906 370 1939 cuiusvis
403 1909 520 1945 status,
557 1905 674 1948 gradus
708 1916 762 1938 seu
787 1905 974 1938 conditionis

234 1959 380 1993 existeret
394 1959 439 1992 vel
455 1959 633 2001 existerent,
649 1959 785 2002 aliquam
807 1969 973 2002 personam

234 2013 412 2056 religiosam
435 2013 481 2046 vel
501 2013 627 2046 fratrem
653 2012 726 2045 dicti
752 2011 877 2045 Ordinis
904 2023 975 2056 pro-

234 2068 349 2100 fessum
369 2066 414 2099 vel
438 2076 623 2099 conversum
641 2065 679 2097 de
704 2065 787 2099 dicto
807 2065 922 2099 Ordine
945 2066 974 2098 in

234 2121 362 2153 fratrem
403 2119 533 2152 alicuius
567 2119 695 2152 atterius
731 2119 855 2152 Ordinis
888 2119 972 2163 paris

235 2185 289 2207 seu
314 2174 406 2207 etiam
433 2172 575 2207 arctioris
601 2173 752 2216 recipere,
770 2183 823 2205 seu
845 2173 920 2205 alias
937 2173 974 2205 ad

234 2227 459 2272 professionem
486 2226 672 2266 admittere,
697 2226 762 2259 sine
789 2226 916 2269 speciali
943 2227 975 2259 li-

234 2281 336 2315 centia
372 2281 460 2314 Sedis
494 2281 650 2324 praefatae
681 2280 810 2312 faciente
850 2280 973 2323 plenam

234 2347 270 2369 ac
295 2345 472 2378 expressam
497 2344 532 2366 ac
552 2333 589 2366 de
608 2334 704 2366 verbo
725 2333 762 2365 ad
785 2332 914 2366 verbum
938 2333 975 2366 de

234 2387 446 2434 prohibitione
462 2387 642 2420 huiusmodi
661 2386 862 2426 mentionem,
879 2386 916 2418 de
931 2398 976 2419 ec-

236 2448 302 2476 tero
320 2441 378 2475 sub
395 2440 728 2474 excommunicationis
751 2440 861 2483 poena,
881 2450 974 2483 quarn

236 2495 495 2530 contrafacientes
522 2494 684 2527 incurrere
711 2493 806 2525 voluit
832 2503 867 2526 eo
894 2493 972 2536 ipso,

274 2569 283 2594 1
308 2566 418 2593 Videtur
438 2565 582 2601 legendum
600 2565 738 2600 prosequi
757 2570 796 2598 (u.
813 2566 858 2595 T.).

269 2612 285 2639 2
301 2612 337 2639 Ex
355 2610 515 2647 supradictis
531 2609 675 2645 legendum
686 2609 874 2637 communitus
886 2610 974 2644 (uxr.)-

320 2666 397 2694 Bull.
418 2666 502 2694 Rom.
523 2681 555 2685 —
575 2664 632 2691 Vol.
649 2663 724 2691 XVI.
906 2663 938 2690 48

1012 251 1122 294 quovis
1140 251 1235 284 modo
1257 256 1505 294 praesumerent,
1525 255 1619 294 prout
1643 249 1672 281 in
1691 249 1754 281 suis

1012 303 1124 336 litteris
1157 303 1293 347 desuper
1327 303 1475 337 confectis
1508 302 1630 347 plenius
1656 302 1755 335 eonti-

1012 362 1114 389 netur.

1057 412 1071 455 ξ
1093 411 1144 445 35.
1164 411 1265 450 Quare
1283 422 1340 456 pro
1361 417 1448 455 parte
1466 411 1620 444 dictorum
1639 410 1756 454 prioris

1012 470 1041 497 et
1066 465 1197 498 fratrum
1216 465 1306 497 nobis
1329 465 1386 497 suit
1413 464 1575 497 humiliter
1601 463 1756 507 supplica-

1012 523 1088 558 tum,
1110 522 1143 552 ut
1171 518 1417 562 prohibitionem
1444 528 1479 550 ac
1503 518 1621 550 litteras
1649 517 1755 549 liuius-

1013 571 1096 605 modi
1122 572 1256 616 potioris
1284 571 1371 605 Sedis
1389 571 1585 615 Apostolieue
1612 570 1755 602 munimi-

1012 625 1059 658 nis
1075 624 1233 669 praesidio
1248 625 1361 658 fulcire
1379 624 1571 667 benignitate
1585 623 1753 666 apostoliea

1012 677 1225 721 dignaremur.
1245 678 1307 711 Nos
1322 677 1427 721 igitur,
1446 677 1625 709 huiusmodi
1640 676 1755 720 suppli<

1012 731 1353 774 cationibusjinclinati,
1368 730 1613 775 prohibitionem
1628 741 1663 763 ac
1676 730 1754 762 litte-

1011 795 1061 817 ras
1075 784 1250 828 praedictas
1263 795 1298 817 ac
1313 784 1384 817 inde
1398 788 1528 828 sequuta
1538 793 1754 827 quaecumque

1012 842 1078 870 rata
1094 837 1244 871 habentes
1265 842 1294 870 et
1314 842 1414 880 grata,
1439 837 1491 869 illa
1516 836 1625 869 eadem
1647 841 1754 868 aucto-

1012 891 1102 924 ritate
1120 891 1337 935 approbamus
1347 891 1466 935 pariter
1480 889 1753 929 etconfiimamus,

1011 955 1047 978 ac
1063 945 1240 988 praesentis
1258 945 1365 988 scripti
1387 943 1563 989 patrocinio
1581 942 1755 976 communi-

1012 1008 1089 1031 mus.
1113 998 1195 1031 Nulli
1216 1009 1293 1041 ergo
1321 998 1451 1031 omnino
1469 997 1634 1030 hominum
1664 996 1755 1028 liceat

1011 1051 1090 1084 hanc
1107 1052 1254 1095 paginam
1275 1057 1401 1085 nostrae
1420 1049 1665 1095 approbationis,
1684 1059 1755 1082 cou-

1010 1103 1197 1137 firmationis
1233 1109 1263 1137 et
1298 1103 1529 1137 communionis
1560 1102 1752 1144 infringere,

1011 1157 1057 1189 vel
1083 1157 1109 1190 ci
1135 1167 1213 1190 ausu
1239 1156 1408 1190 temerario
1435 1156 1602 1190 contraire.
1628 1155 1657 1188 Si
1683 1154 1753 1198 quis

1009 1214 1112 1242 autem
1139 1210 1199 1243 hoc
1223 1215 1375 1243 attentare
1402 1208 1659 1253 praesumpserit,
1678 1206 1754 1239 indi-

1009 1263 1189 1305 gnationem
1217 1262 1441 1307 omnipotentis
1459 1262 1512 1295 Dei
1531 1272 1565 1294 ac
1586 1260 1749 1294 beatorum

1010 1315 1091 1348 Petri
1117 1320 1146 1347 et
1171 1315 1257 1348 Pauli
1283 1316 1500 1359 apostolorum
1522 1314 1587 1346 eius
1608 1323 1640 1345 se
1660 1323 1752 1345 nove-

1009 1369 1048 1403 rit
1073 1369 1283 1402 incursurum.

1044 1431 1227 1467 Constantiae,
1245 1439 1271 1458 tu
1288 1431 1417 1459 kalendas
1432 1430 1558 1464 ianuarii,
1579 1430 1752 1466 pontificatus

1008 1476 1091 1504 nostri
1107 1485 1177 1503 anno
1194 1484 1212 1503 1.

1053 1530 1068 1573 ξ
1091 1529 1142 1563 36.
1170 1530 1206 1563 Et
1231 1529 1261 1562 in
1278 1529 1347 1562 aliis
1365 1529 1503 1562 eiusdem
1522 1528 1644 1561 Martini
1666 1538 1751 1571 prae-

1008 1583 1199 1624 decessoris,
1225 1583 1340 1616 scilieet
1358 1593 1363 1614 ς

1053 1637 1218 1669 Martinus
1243 1636 1422 1679 episeopus,
1451 1645 1559 1667 servus
1587 1644 1751 1667 serrorum

1009 1689 1080 1729 Dei,
1102 1689 1227 1721 dilectis
1253 1689 1333 1731 filiis
1356 1689 1462 1732 priori
1485 1688 1643 1731 qeneroli,
1670 1689 1751 1719 vi'co-

1009 1742 1070 1775 riis
1087 1747 1115 1775 el
1138 1742 1320 1785 priorz'buS,
1349 1752 1384 1773 uc
1410 1741 1567 1774 mzirrrsz's
1592 1741 1751 1783 fratribus

1009 1798 1039 1831 S.
1067 1796 1162 1829 Pauli
1184 1796 1288 1839 primi
1316 1795 1467 1828 cremitae
1489 1794 1624 1828 Ordinis
1647 1795 1752 1827 sancti

1009 1851 1034 1883 Α
1044 1849 1192 1893 uyttslim'
1203 1849 1392 1892 ubicmnque
1403 1847 1657 1887 consistentibus,
1668 1847 1751 1879 salu-

1011 1907 1071 1936 tem
1089 1907 1117 1935 et
1135 1901 1342 1946 apostolicam
1362 1901 1622 1934 benedictionem.
1641 1902 1715 1933 Cum
1735 1912 1751 1932 a

1009 1955 1098 1989 nobis
1112 1955 1229 1999 petitur
1242 1955 1325 1998 quod
1341 1954 1456 1987 iustum
1472 1959 1557 1987 estet
1572 1954 1750 1993 honestum,

1009 2015 1071 2042 tam
1098 2009 1187 2052 vigor
1212 2008 1397 2052 aequitatis,
1423 2018 1516 2051 quain
1550 2008 1642 2040 etlam
1672 2008 1750 2040 ordo

1008 2063 1105 2105 exigit
1129 2062 1279 2103 rationis,
1305 2067 1339 2095 ut
1368 2061 1398 2093 id
1426 2072 1481 2105 per
1506 2060 1748 2093 sollicitudiuem

1008 2116 1101 2150 officii
1119 2116 1217 2150 nostri
1235 2116 1272 2148 ad
1298 2115 1437 2148 debitum
1457 2113 1688 2158 perducuntur‘
1708 2114 1751 2146 ef-

1009 2171 1133 2204 fectum.
1160 2171 1342 2214 Eapropter,
1361 2169 1464 2202 dilecti
1485 2169 1514 2201 in
1532 2169 1665 2201 Domino
1683 2168 1749 2210 tilii,

1008 2224 1121 2268 quibus
1147 2224 1218 2256 licet
1242 2223 1358 2256 habere
1384 2222 1598 2266 possessiones
1624 2227 1648 2254 et
1679 2233 1750 2264 pro-

1007 2277 1112 2321 prium
1138 2277 1168 2309 iu
1187 2276 1346 2309 communi
1368 2286 1403 2308 ex
1426 2275 1545 2308 indulto
1564 2274 1650 2307 Sedis
1674 2274 1750 2317 Apo-

1008 2331 1134 2363 stolicae
1161 2329 1298 2373 speciali,
1324 2329 1434 2362 vestris
1460 2328 1547 2361 iustis
1572 2328 1752 2371 postulatio-

1008 2384 1099 2416 nibus
1114 2388 1202 2425 grato
1214 2388 1438 2415 concurrentes
1452 2392 1590 2420 assensu,
1601 2391 1750 2423 personas

1010 2442 1127 2470 vestras
1140 2440 1169 2470 et
1186 2436 1254 2469 loca
1270 2436 1299 2468 in
1315 2435 1427 2478 quibus
1445 2434 1550 2467 divino
1569 2434 1642 2465 estis
1662 2444 1749 2466 uian-

1010 2490 1102 2534 cipati
1121 2489 1282 2533 obsequio,
1301 2499 1370 2521 euin
1386 2487 1531 2519 omnibus
1553 2487 1654 2526 lvonis,
1670 2496 1750 2530 quac

1047 2564 1055 2588 t
1081 2561 1173 2588 Potius
1193 2561 1253 2596 lege
1269 2560 1450 2594 perducatur
1475 2567 1522 2594 pro
1543 2559 1750 2593 perducuntur

1009 2609 1048 2642 (n.
1065 2612 1104 2639 T.)
