2243 3205
33 184 80 211 An.
97 182 124 209 C.
146 181 213 208 1659

827 175 1014 203 ALEXANDER
1037 177 1082 201 VII
1105 177 1153 202 Pr.

227 227 427 271 superiorum
453 226 536 260 illius
560 226 710 270 temporis
735 226 969 265 relaxationem,
1005 225 1269 269 supprimeretur,
1292 224 1437 268 illiusque
1461 224 1602 257 redditus
1627 223 1748 267 praedi-

227 280 338 324 vigore
362 280 594 314 constitutionis
619 280 717 314 felicis
742 275 972 314 recordationis

228 333 401 367 Innocentii
420 334 520 378 Papae
541 335 563 367 X
590 333 843 377 praedecessoris
859 333 970 373 nostri,

229 398 309 432 quae
331 387 442 432 incipit
466 387 719 428 Instaurandae,
738 392 806 429 etc.,
828 397 972 431 suppres-

229 451 281 474 sus
306 441 425 482 fuisset,
450 440 629 474 ordinatum
655 441 721 482 fuit,
747 445 863 473 attento
889 439 973 484 quod

230 494 313 528 dicta
324 498 407 528 terra
422 494 589 527 missarum
602 500 631 528 et
645 494 908 528 confessariorum
922 504 974 538 pe-

230 547 323 580 nuria
349 547 523 588 laborabat,
542 552 574 580 ut
595 548 725 581 ecelesia
746 547 884 580 eiusdem
903 557 975 580 con-

233 606 344 634 ventus
369 601 413 635 sic
430 601 590 645 suppressi
612 601 642 633 in
659 601 885 645 parochialem,
903 611 973 633 cum

231 654 443 697 assignatione
453 664 548 687 curae
558 654 735 687 animarum
745 653 918 698 parochiali
930 664 975 686 ec-

231 707 347 740 clesiae
366 707 605 750 praepositurae
618 713 816 751 nuncupatae
834 707 974 740 eiusdem

231 764 345 801 terrae,
370 760 420 793 cui
446 760 575 805 copiosa
602 761 870 805 parochianorum
897 762 976 794 mul-

231 813 332 848 titudo
357 814 505 855 suberat,
530 815 752 855 incumbentis,
778 820 807 848 et
846 815 877 847 in
910 815 976 859 ipsa

232 869 314 901 nova
339 868 514 912 parochiali
533 868 666 902 ecelesia
684 879 746 901 una
771 868 976 913 cappellania,

232 931 327 965 quam
354 921 499 955 obtinens
523 932 581 965 pro
607 925 750 966 tempore
776 922 977 966 cappellanus

233 974 360 1008 missam
386 974 417 1007 in
443 975 551 1008 eadem
578 975 710 1008 ecelesia
736 975 876 1019 quotidie
902 975 979 1007 cele-

233 1028 349 1069 brare,
375 1028 522 1073 illiusque
553 1029 727 1072 parochum
753 1028 784 1061 in
809 1029 885 1061 cura
910 1027 977 1060 ani-

234 1091 358 1114 marum
391 1081 566 1115 exercenda
598 1082 787 1115 coadiuvare
818 1081 978 1124 obligatus

234 1140 326 1176 esset,
351 1135 526 1179 respective
551 1136 759 1178 erigerentur3
786 1140 815 1168 et
838 1135 979 1178 parocho

234 1188 361 1233 quidem
384 1193 521 1229 centum,
536 1189 718 1233 cappellano
732 1199 806 1221 vero
819 1189 980 1231 sexaginta

236 1247 325 1275 scuta
349 1242 386 1275 ad
412 1242 565 1276 rationem
591 1248 711 1286 septem
733 1243 887 1275 librarum
913 1252 980 1275 mo-

236 1301 329 1329 netae
354 1296 478 1329 illarum
504 1297 641 1340 partium
660 1307 719 1340 pro
737 1297 876 1340 quolibet
893 1301 980 1329 scuto

239 1350 413 1395 respective
443 1350 601 1383 annuatim
635 1361 671 1383 ex
703 1350 877 1383 redditibus
906 1349 981 1382 dicti

239 1409 411 1439 conventus
436 1404 597 1448 suppressi
623 1405 876 1447 assignarentur,
902 1404 980 1437 resi·

240 1457 337 1491 duum
355 1468 430 1491 vero
451 1457 629 1490 reddituum
648 1457 828 1490 huiusmodi
850 1457 982 1490 semina-

240 1511 289 1544 rio
328 1510 540 1544 ecclesiastico
580 1510 713 1544 Collensi
742 1511 981 1554 applicaretur,

240 1575 330 1608 quae,
345 1569 495 1608 quantum
514 1563 639 1608 quidem
658 1564 696 1596 ad
714 1564 904 1598 erectionem
926 1574 982 1596 no-

240 1628 298 1651 vae
321 1617 512 1662 parochialis
537 1617 687 1650 ecelesiae
712 1623 741 1650 et
771 1617 983 1662 cappellaniae

241 1671 424 1704 huiusmodi
448 1671 567 1712 attinet,
593 1671 768 1704 executioni
798 1671 984 1704 demandata

241 1724 378 1770 fuerunt,
396 1724 513 1757 eisdem
534 1724 708 1768 parochiali
737 1724 869 1757 ecclesia
893 1724 986 1756 Fran-

241 1777 325 1811 cisco
345 1778 431 1811 Mutii
450 1781 479 1812 et
496 1777 689 1822 cappellania
707 1788 724 1810 a
741 1777 901 1822 primaeva
922 1788 986 1811 ere-

243 1831 346 1864 ctione
362 1830 545 1864 vacantibus
565 1831 673 1864 loanni
694 1830 858 1864 Dominico
875 1831 983 1864 Scachi

241 1885 434 1930 presbyteris
459 1885 582 1918 illarum
608 1885 745 1929 partium
772 1885 892 1918 dilectis
913 1885 985 1919 siliis

243 1949 314 1972 cum
336 1938 547 1982 assignatione
565 1938 711 1971 iamdicta
728 1938 901 1982 respective
926 1938 987 1972 col-

243 1991 332 2025 latis:
367 1992 535 2036 applicatio
568 2002 644 2025 vero
677 1991 794 2024 residui
827 1991 984 2025 dictorum

1006 284 1055 312 cto
1076 278 1240 312 conventui
1266 278 1295 311 S.
1321 278 1479 311 Laurentii
1505 288 1674 322 suppresso
1695 288 1748 321 ap-

1006 332 1209 377 plicarentur,
1224 332 1306 365 idem
1340 336 1511 366 conventus
1540 332 1568 365 S.
1590 331 1747 365 Laurentii

1006 386 1206 429 reintegrari,
1227 397 1280 419 seu
1306 386 1343 418 de
1369 396 1450 419 novo
1475 386 1554 429 erigi
1572 391 1689 429 posset,
1708 390 1749 417 at<

1006 451 1066 484 que
1093 440 1134 473 ita
1159 445 1350 473 memoratae
1376 446 1501 479 terrae,
1530 450 1609 483 quae
1641 439 1749 483 populi

1008 494 1181 538 frequentia
1208 493 1347 537 situsque
1373 493 1560 526 amoenitate
1578 494 1658 526 inter
1675 493 1750 525 alias

1008 548 1176 591 conspicua
1196 548 1309 587 existit,
1334 547 1451 589 decori,
1474 547 1618 590 illiusque
1636 547 1751 580 cix-ium

1008 608 1038 634 et
1055 601 1240 641 incolarum,
1258 601 1311 644 qui
1329 612 1386 645 per
1401 601 1657 644 suppressionem
1677 600 1752 633 dicti

1009 660 1180 689 conventus
1205 655 1234 687 S.
1260 654 1417 687 Laurentii
1442 665 1511 697 ope,
1529 656 1689 697 operaque
1715 655 1752 686 il-

1008 708 1068 741 lius
1105 708 1236 740 fratrum
1273 707 1411 739 destituti
1445 707 1596 739 notabilia
1628 708 1749 739 incom—

1011 754 1102 794 moda
1120 761 1202 805 passi
1220 766 1301 801 sunt,
1316 760 1472 804 spirituali
1499 760 1704 793 consolationi
1723 765 1752 792 et

1010 814 1135 847 utilitati
1162 819 1398 858 peropportune
1417 814 1645 853 consuleretur,
1668 819 1697 845 et.
1718 813 1752 845 il-

1011 867 1076 908 lis¹,
1095 868 1174 900 sicut
1194 873 1265 900 ante
1290 868 1545 911 suppressionem
1572 866 1752 899 huiusmodi

1012 921 1115 962 fiebat,
1141 921 1243 953 divina
1268 921 1370 953 officia
1391 920 1636 962 celebrarentur,
1655 931 1756 953 sacra-

1012 980 1115 1007 menta
1125 975 1282 1008 Ecclesiae
1298 974 1583 1018 frequentarentur,
1598 974 1755 1017 praediea-

1013 1029 1113 1062 tiones
1131 1028 1218 1061 verbi
1249 1028 1301 1061 Dei
1326 1028 1363 1060 ad
1382 1028 1531 1072 populum
1554 1028 1755 1068 haberentur,

1012 1093 1134 1115 necnon
1160 1082 1378 1126 processiones
1402 1081 1543 1125 aliaeque
1564 1081 1632 1125 piae
1651 1086 1681 1114 et
1705 1081 1755 1114 de-

1015 1142 1102 1169 votae
1128 1135 1319 1174 functiones3

1059 1190 1073 1233 ἓ
1108 1189 1137 1222 3.
1169 1190 1309 1233 Cumque
1341 1189 1444 1222 dilecti
1484 1188 1536 1220 filii
1575 1189 1756 1232 superiores

1015 1248 1263 1276 memoratorum
1293 1242 1417 1276 Ordinis
1449 1248 1478 1275 et
1503 1241 1757 1284 congregationis

1015 1295 1229 1340 suppressioni
1260 1295 1332 1327 dieti
1359 1300 1532 1328 conventus
1556 1295 1585 1328 S.
1612 1295 1756 1335 Antonii,

1015 1356 1165 1393 quantum
1181 1349 1218 1382 ad
1236 1360 1289 1382 eos
1303 1353 1431 1393 spectat,
1450 1349 1656 1391 consentiant,
1668 1360 1758 1393 prae-

1016 1403 1089 1437 dicti
1107 1414 1181 1436 vero
1198 1403 1386 1436 Franciscus
1411 1408 1441 1435 et
1466 1403 1596 1435 Ioannes
1621 1403 1758 1436 Domini-

1016 1469 1071 1491 cus
1096 1468 1167 1490 suas
1193 1457 1407 1501 parochialem
1438 1457 1603 1490 ecclesiam
1630 1463 1657 1489 et
1684 1467 1757 1500 eap-

1017 1512 1182 1556 pellaniam
1198 1511 1395 1555 supradictas
1410 1510 1582 1554 respective
1596 1511 1758 1553 resignare

1018 1566 1116 1598 libere
1130 1565 1228 1609 parati
1247 1565 1316 1607 siut,
1331 1565 1356 1598 si
1372 1575 1481 1598 eorum
1497 1565 1692 1597 indemnitati
1703 1575 1759 1608 per

1019 1618 1289 1662 infrascriptarum
1304 1618 1491 1662 pensionum
1506 1629 1560 1651 seu
1577 1618 1760 1662 praestatio-

1018 1683 1092 1704 num
1121 1681 1295 1704 annuarum
1328 1671 1572 1714 assignationem
1598 1671 1760 1715 providea-

1020 1729 1079 1759 tur:
1093 1726 1183 1759 nobis
1198 1731 1366 1769 propterea
1379 1725 1558 1769 praedictus
1575 1725 1760 1758 Ambrosius

1019 1780 1195 1823 episcopus,
1215 1789 1337 1812 necnon
1361 1779 1466 1811 dilecti
1492 1779 1546 1811 filii
1573 1779 1759 1811 universitas

1020 1838 1049 1865 et
1073 1833 1216 1865 homines
1234 1832 1334 1864 dictae
1353 1835 1453 1866 terrae
1468 1832 1581 1865 Bonitii
1600 1833 1761 1865 humiliter

1020 1885 1189 1929 supplicari
1214 1885 1366 1926 fecerunt,
1387 1891 1421 1918 ut
1445 1885 1475 1917 in
1501 1886 1682 1929 praemissis
1708 1897 1761 1930 op-

1021 1944 1154 1982 portune
1179 1938 1345 1982 providere
1371 1943 1400 1971 et
1425 1944 1459 1970 ut
1484 1939 1564 1971 infra
1597 1939 1760 1982 indulgere

1020 1992 1058 2025 de
1071 1991 1264 2035 benignitate
1282 1992 1456 2036 apostolica
1474 1991 1690 2035 dignaremur.

1799 1198 1940 1223 Supplicatum

1645 165 1709 199 483
1756 175 1804 201 An.
1827 173 1854 200 e.
1879 174 1946 201 1659

244 2045 425 2078 reddituum
457 2045 619 2089 praedicto
652 2045 820 2079 seminario
846 2044 986 2078 facienda

245 2098 397 2133 haetenus
422 2100 535 2132 mansit
559 2100 590 2132 in
615 2110 778 2144 suspenso.

290 2154 305 2197 ᾗ
328 2152 358 2186 2.
376 2153 451 2187 Cum
473 2157 588 2196 autem,
603 2153 683 2186 sicut
703 2153 811 2186 eadem
831 2153 986 2196 expositio

245 2206 465 2250 subiungebat,
481 2206 608 2251 quidam
627 2212 799 2239 conventus
816 2206 874 2239 sub
897 2206 987 2239 titulo

245 2270 301 2294 seu
325 2260 522 2296 invocatione
547 2260 575 2293 S.
602 2259 725 2293 Antonii
755 2260 886 2292 fratrum
912 2260 988 2292 Con-

1065 2047 1079 2090 ξ
1104 2046 1133 2078 lt.
1160 2046 1221 2080 Nos
1247 2046 1353 2089 igitur,
1379 2046 1430 2089 pio
1455 2051 1485 2078 et
1506 2047 1654 2089 religioso
1684 2047 1961 2098 05¹¹&..11.¹“¹‘0s.·¹1¹‘'.¹.¹,'t;

1021 2100 1090 2133 dem
1118 2099 1274 2133 Ambrosii
1300 2100 1439 2144 episcopi
1466 2101 1632 2141 desiderio,
1658 2111 1762 2144 quan-
1779 2084 1961 2126 [ἷυΙΙι-Π-ῆιύῗνιΐι·

1778 2136 1812 2157 gat
1837 2135 1855 2152 et
1886 2135 1962 2151 reinte-

1023 2157 1085 2187 tum
1105 2164 1174 2186 cum
1190 2153 1322 2186 Domino
1348 2164 1528 2197 possumus,
1550 2154 1763 2188 favorabiliter
1779 2162 1823 2202 {fvt
1836 2162 1961 2205 ⁹‘1''¹.‘ti]f'-¹.¹.¹v'.'i

1021 2217 1182 2247 annuere,
1211 2207 1378 2250 ipsumque
1404 2206 1603 2240 Ambrosium
1636 2200 1785 2250 episto->²
1862 2200 1876 2205 '⁸
1911 2195 1916 2204 “

1789 2218 1896 2238 lippi-emi«
1915 2218 1963 2237 qui-

1779 2239 1866 2258 tumtum
1876 2245 1892 2257 ri
1904 2245 1924 2257 iii
1938 2245 1964 2258 >w

1022 2271 1095 2303 pum
1121 2270 1157 2292 ac
1185 2260 1421 2293 universitatem
1448 2265 1477 2292 ct
1504 2260 1647 2293 homines
1677 2249 1910 2312 prae-svublwss·
1927 2247 1963 2284 <¹¹-

246 2313 438 2356 greg-ationis
463 2313 626 2346 llicetanae
651 2312 723 2345 dieti
745 2311 879 2352 Ordinis,
900 2312 988 2345 cuius

246 2367 376 2409 fructus,
395 2366 534 2399 redditus
560 2371 589 2399 et
613 2370 783 2409 proventus
801 2366 877 2398 certi
897 2371 926 2398 ct
944 2365 989 2398 in-

247 2421 325 2455 certi
348 2420 474 2453 insimul
500 2420 675 2464 computari
697 2419 734 2452 ad
760 2420 989 2463 quadringenta

247 2473 294 2507 vel
320 2473 446 2507 circiter
470 2477 555 2507 scuta
579 2473 665 2517 paria
690 2473 849 2505 annuatim
875 2483 986 2506 ascen-

247 2526 334 2566 dunt,
349 2518 484 2560 circiter
501 2526 594 2559 trium
622 2526 802 2558 milliarium
825 2526 989 2559 intervallo

249 2591 265 2613 a
278 2581 437 2624 praedicta
454 2583 536 2612 terra
552 2581 669 2614 distans
685 2580 871 2624 reperiatur,
886 2581 949 2624 qui,
965 2581 988 2613 si

1022 2313 1121 2345 dictos
1139 2313 1326 2356 specialibus
1356 2314 1515 2346 favoribus
1529 2319 1558 2346 et
1572 2313 1681 2356 gratiis
1695 2325 1764 2357 pro·
1789 2299 1839 2313 '''''''

1023 2366 1109 2409 sequi
1129 2366 1277 2407 volentes,
1291 2370 1443 2400 eteorum
1466 2367 1641 2409 singulares
1659 2378 1764 2411 perso-

1023 2430 1077 2452 nas
1101 2430 1117 2451 a
1143 2419 1305 2462 quibusvis
1331 2421 1675 2461 excommunicationis,
1694 2427 1762 2464 ete,

1023 2477 1052 2506 et
1077 2473 1234 2506 absolutas
1259 2473 1324 2505 fore
1349 2479 1521 2515 censentes,
1550 2484 1670 2507 necnon
1697 2486 1764 2507 erc-

1024 2526 1162 2559 ctionum
1188 2531 1217 2558 et
1236 2526 1465 2560 institutionum
1486 2537 1585 2560 novae
1600 2528 1764 2572 parochia-

1063 2591 1070 2615 1
1092 2588 1190 2616 Forsan
1207 2589 1269 2617 illie
1287 2598 1333 2625 pro
1350 2590 1409 2618 iltis
1426 2590 1572 2625 legendum
1589 2592 1626 2626 (u.
1645 2592 1692 2625 vr.).
