2243 3205
242 192 285 217 tn.
310 190 336 216 C.
357 190 421 218 1059

263 835 372 855 Dvrielutn
388 835 414 856 il·-

232 865 262 881 (Η.
265 870 302 881 ιιιιι

255 1525 369 1547 Contrariis
377 1525 413 1546 de-

469 182 532 213 asto

437 240 517 272 serie
553 240 749 272 absolventes
774 243 803 275 et
826 240 984 274 absolutas
1005 241 1075 275 sore
1099 252 1172 275 cen-

436 298 558 331 sentes,
588 293 872 336 supplicationibus
904 304 1014 328 eorum
1044 295 1172 328 nomine

434 346 522 377 nobis
548 356 642 389 super
667 346 725 379 boc
750 347 912 380 humiliter
940 349 1094 391 porrectis
1119 349 1169 380 in*

434 399 556 437 clinati,
582 398 744 431 decretum
767 400 997 443 praeinsertum
1017 401 1046 433 in
1068 401 1173 443 singu-

433 452 513 493 gulis
530 453 596 483 eius
614 452 765 495 partibus,
780 453 965 486 auctoritate
989 454 1171 498 apostolica,

435 510 541 537 tenore
566 505 792 548 praesentium,
819 506 1043 539 confirmamus
1068 512 1097 539 et
1116 516 1169 550 ap-

433 558 611 602 probamus,
638 559 743 602 illique
772 560 958 593 inviolabilis
981 559 1171 604 apostolicae

432 611 600 648 firmitatis,
627 612 725 644 robur
749 612 923 652 adiicimus,
948 623 983 646 ac
1008 622 1116 646 omnes
1142 617 1171 643 et

431 664 570 706 singulos
597 665 673 697 iuris
698 671 729 697 etv
754 666 822 698 sacti
841 666 989 705 desectus,
1008 666 1033 698 si
1050 665 1101 709 qui
1120 665 1171 697 de—

430 727 525 761 super
541 718 777 761 quomodolibet
799 719 1032 760 intervenerint,
1050 718 1171 763 supple-

431 781 510 802 mus.

474 824 488 867 ἓ
508 824 537 856 t.
556 825 763 858 Decernentes
784 825 907 858 easdem
929 830 1108 868 praesentes
1125 825 1170 857 lit-

430 882 512 910 teras
537 888 661 922 semper
686 879 802 919 sirmas,
828 878 946 911 validas
972 884 1002 911 et,
1029 879 1170 911 efficaces

430 931 563 964 existere
591 936 621 963 et
646 932 722 971 sore,
748 942 782 964 ac
819 932 856 964 ab
881 932 1028 964 omnibus
1053 937 1083 964 et
1107 932 1168 963 sin-

430 984 531 1025 gulis,
560 984 597 1016 a‹l
633 995 711 1027 quos
740 990 858 1028 spectat
883 990 912 1017 ct
944 995 1002 1028 pro
1027 989 1170 1028 tempore

429 1037 691 1081 quandocumque
705 1038 869 1081 spectabit,
886 1037 1106 1071 inviolabiliter
1120 1038 1171 1070 ob-

430 1090 558 1130 servari,
580 1096 609 1123 et
634 1091 664 1123 in
682 1091 862 1134 praemissis
880 1101 936 1135 per
953 1102 1170 1135 quoscumque

431 1143 548 1176 iudices
569 1143 747 1177 ordinarios
762 1148 791 1178 et
807 1144 976 1187 delegatos,
990 1144 1083 1177 etiam
1098 1155 1170 1177 cau-

431 1208 534 1230 sarum
549 1198 655 1241 palatii
670 1198 834 1241 apostolici
849 1198 1018 1239 auditoreS,
1029 1209 1065 1231 ac
1077 1209 1170 1242 quae-

430 1251 474 1283 vis
507 1251 580 1284 dicti
616 1252 780 1295 hospitalis
809 1252 975 1285 tribunalia
989 1252 1008 1293 ¹,
1038 1253 1167 1285 iudicari

429 1309 459 1335 et
484 1304 608 1337 deliniri
634 1305 763 1345 debere,
789 1316 824 1338 ac
849 1305 972 1338 irritum
1006 1310 1034 1339 et
1068 1306 1169 1346 inane,

429 1358 453 1389 si
484 1369 574 1391 secus
599 1370 694 1402 super
726 1359 773 1392 liis
805 1370 820 1392 a
854 1370 1034 1403 quoquam,
1061 1360 1169 1403 quavis

429 1412 624 1451 auctoritate,
643 1412 776 1446 scienter
804 1414 848 1444 rel
877 1413 1068 1455 ignoranter,
1093 1423 1168 1446 con-

429 1465 535 1508 tigerit
552 1466 706 1498 attentari.

473 1520 487 1562 §
512 1518 541 1551 5.
567 1520 634 1552 Non
659 1519 854 1552 obstantibus
882 1520 1071 1563 praemissis,
1098 1529 1169 1552 nec-

430 1582 502 1609 non,
527 1578 679 1616 quatenus
704 1583 783 1617 opus
808 1573 863 1611 sit,
889 1573 1127 1607 confirmatione
1152 1583 1170 1605 a

431 1625 528 1659 felicis
552 1625 780 1659 recordationis
805 1626 899 1658 Paulo
925 1626 1007 1669 Papa
1033 1626 1055 1657 V
1081 1636 1170 1669 prae-

429 1679 593 1712 decessore
618 1685 725 1712 nostro
751 1681 911 1720 emanata,
937 1679 1067 1723 aliisque
1093 1689 1169 1712 con-

428 1733 642 1766 stitutionibus
657 1738 686 1767 et
702 1733 953 1766 ordinationibus
979 1734 1167 1777 apostolicis,

429 1796 464 1819 ac
485 1786 624 1819 eiusdem
640 1786 811 1830 hospitalis,
827 1786 957 1830 eiusque
978 1787 1169 1830 linguarum,

428 1840 520 1871 etiam
547 1839 736 1879 iuramento,
762 1840 1001 1872 confirmatione
1026 1840 1169 1883 apostoli-

429 1894 464 1926 ca
480 1920 487 1933 ‚
513 1894 559 1925 vel
591 1894 699 1937 quavis
724 1894 871 1927 firmitate
903 1894 961 1925 alia
991 1893 1168 1933 roboratis,

429 1947 552 1979 statutis
570 1953 597 1979 et
624 1946 913 1986 consuetmlinibus,
939 1946 1168 1987 stabilimentis,

429 1999 537 2031 usibus
562 2006 591 2032 et
616 2000 752 2037 naturis,
777 2010 813 2033 ac
838 1999 1090 2032 ordinationibus
1116 2010 1168 2032 ca-

428 2053 627 2095 pitularibus,
652 2053 824 2097 privilegiis
841 2063 976 2096 quoquc,
992 2052 1119 2086 indultis
1140 2058 1170 2086 et

430 2106 541 2139 litteris
557 2106 737 2150 apostolicis
755 2107 785 2139 in
804 2106 997 2140 contrarium
1019 2107 1169 2151 praemis-

429 2170 536 2192 sorum
562 2159 801 2204 quomodolibet
821 2159 987 2199 concessis,
1005 2159 1170 2193 confirma-

430 2213 467 2246 tis
492 2219 521 2245 et
543 2213 717 2253 innovatis;
743 2212 856 2256 quibus
882 2212 1028 2246 omnibus
1053 2217 1083 2245 et
1106 2213 1169 2246 sin-

430 2266 531 2308 gulis,
557 2267 683 2299 illorum
709 2272 833 2299 tenores
866 2266 1085 2310 praesentibus
1110 2277 1168 2310 pro

429 2319 521 2361 plene
539 2323 568 2353 et
587 2319 779 2353 sufficienter
797 2320 952 2363 expressis
966 2330 1001 2352 ac
1017 2319 1055 2352 de
1072 2319 1168 2353 verbo

429 2372 465 2403 ad
491 2373 621 2405 verbum
642 2373 766 2407 insertis
785 2372 945 2415 habentes,
963 2373 1023 2406 illis
1046 2372 1121 2406 alias
1137 2373 1168 2405 in

429 2435 486 2458 suo
500 2426 614 2458 robore
632 2426 855 2470 permansuris,
865 2425 903 2458 ad
920 2426 1166 2470 praemissorum

429 2477 584 2519 effectum,
602 2478 660 2511 bac
678 2479 744 2512 vice
757 2479 928 2520 dumtaxat,
946 2479 1125 2523 specialiter
1138 2483 1168 2511 et

464 2594 477 2621 1
501 2594 569 2620 Edit.
591 2594 667 2621 Main.
689 2595 754 2630 tegit
774 2595 969 2623 tribunalium
984 2595 1022 2630 (tt.
1039 2597 1086 2627 T.).

1013 193 1191 218 ntttiLAntttM
1215 193 1299 217 ROMA
1304 193 1369 217 NUM

1207 251 1355 285 expresse
1372 240 1582 283 derogamus3
1615 240 1790 284 ceterisque
1822 245 1946 274 contra-

1208 295 1261 327 riis
1286 294 1548 338 quibuscumque.

1250 349 1264 390 ξ
1295 348 1324 380 6.
1366 347 1517 380 Volumus
1558 350 1660 379 autem
1700 349 1731 380 ut
1763 348 1945 381 earumdem

1206 400 1418 443 praesentium
1444 399 1671 443 transumptis,
1697 409 1790 432 manu
1815 399 1946 433 alicuius

1205 453 1317 487 notarii
1341 453 1458 497 publici
1475 452 1678 497 subscriptis,
1703 458 1732 485 et
1757 453 1859 496 sigillo
1879 463 1947 497 per-

1206 516 1301 541 sonae
1333 506 1363 538 in
1395 506 1608 541 ecclesiastica
1643 505 1794 549 dignitate
1832 507 1946 539 consti-

1205 564 1289 592 tutae
1315 560 1460 599 munitis,
1486 559 1594 593 eadem
1620 569 1750 603 prorsus
1782 558 1858 592 tides
1882 565 1945 592 tam

1206 613 1234 645 in
1261 612 1376 645 iudicio
1400 623 1493 656 quam
1519 618 1605 646 extra
1630 612 1705 645 illud
1730 612 1847 656 ubique
1863 612 1947 646 loco-

1205 676 1275 698 rum
1300 666 1497 707 adhibeatur,
1522 676 1601 710 quae
1626 665 1703 710 ipsis
1727 666 1945 709 praesentibus

1204 718 1428 760 adhiberetur,
1453 719 1476 752 si
1503 719 1606 754 forent
1642 719 1797 752 exhibitae
1827 719 1874 751 vel
1904 729 1942 752 o-

1204 776 1336 805 stensac.

1248 826 1359 858 Datum
1383 826 1513 868 Romae,
1532 825 1615 870 apud
1647 826 1675 859 S.
1702 826 1828 859 Mariam
1855 825 1946 859 Maio-

1205 889 1282 919 rem,
1305 879 1362 911 sub
1384 879 1499 911 annulo
1515 879 1693 921 piscatoris,
1711 879 1760 912 die
1775 889 1848 913 xxm
1862 884 1944 912 octo-

1204 932 1269 964 bris
1286 942 1438 972 MDCLvlu,
1456 932 1657 976 pontificatus
1670 933 1769 966 nostri
1788 942 1869 968 anno
1888 942 1929 965 lv.

1240 994 1297 1021 Dat.
1316 995 1359 1021 die
1375 995 1403 1022 31
1424 995 1544 1024 octobris
1560 995 1644 1030 1658,
1664 996 1761 1032 pontif.
1779 1003 1821 1022 an,
1840 1002 1876 1022 tv.

1514 1147 1633 1181 CCXIV.

1203 1227 1306 1260 Bulla
1329 1228 1395 1260 sive
1420 1227 1548 1260 litterae
1572 1227 1744 1260 decretales
1777 1228 1944 1260 canoniza-

1248 1281 1345 1312 tionis
1377 1280 1407 1313 S.
1439 1280 1579 1313 Thomae
1610 1281 1648 1313 cle
1684 1280 1854 1313 Villauova
1884 1290 1943 1312 ar-

1246 1334 1440 1377 chiepiscopi
1471 1334 1644 1367 Valentini⁴

1389 1414 1554 1441 Alexander
1583 1414 1754 1448 episcopus,

1397 1466 1502 1485 servus
1515 1465 1669 1485 servorum
1684 1459 1746 1491 Dei,

1354 1503 1388 1529 ad
1406 1503 1537 1530 futuram
1553 1503 1596 1530 rei
1612 1503 1792 1530 memoriam.

1248 1572 1485 1605 Sanctissimuni
1525 1583 1631 1615 regem
1668 1579 1694 1605 et
1732 1573 1919 1617 proplietam
1935 1601 1942 1614 ,

1203 1635 1273 1657 eum
1292 1625 1345 1657 Dei
1371 1625 1482 1669 spiritu
1508 1626 1618 1669 plenus
1638 1626 1743 1659 omnia
1764 1630 1940 1663 creatarum

1203 1689 1309 1711 rerum
1328 1689 1443 1721 genera
1461 1684 1490 1711 et.
1508 1684 1682 1712 creatorem
1700 1690 1791 1713 suum
1813 1680 1943 1716 laudan-

1203 1732 1277 1764 dum
1298 1732 1488 1766 dulcissimis
1501 1732 1629 1775 psalmis
1646 1732 1763 1772 invitat,
1778 1732 1941 1766 hominum

1204 1785 1374 1828 praecipue
1398 1787 1490 1817 causa
1517 1784 1545 1817 id
1571 1785 1672 1818 facere
1701 1785 1784 1818 haud
1808 1786 1943 1823 obscure

1203 1837 1414 1880 cognoscitur.
1448 1837 1570 1870 Etenim
1607 1839 1766 1882 angelicae
1802 1843 1941 1878 mentes,

1202 1901 1279 1934 quas
1296 1891 1399 1934 primo
1417 1895 1526 1931 vocat,
1551 1891 1721 1924 animantia
1739 1892 1812 1925 item
1831 1897 1941 1929 cuncta

1202 1949 1294 1987 atque
1320 1945 1476 1987 inanima,
1502 1955 1583 1988 quae
1608 1945 1754 1989 deinceps
1785 1945 1940 1989 appellat,

1203 1998 1278 2030 nihil
1305 1997 1474 2031 admodum
1501 1998 1654 2031 eiusmodi
1683 1998 1746 2031 sive
1771 1999 1857 2032 iussu
1877 1999 1942 2032 sive

1203 2051 1405 2085 incitamento
1426 2051 1622 2094 indigebant3
1648 2052 1763 2096 quippe
1784 2052 1855 2086 illac
1872 2053 1942 2089 bea-

1203 2104 1342 2138 titudinis
1378 2115 1451 2137 suae
1487 2105 1670 2139 necessitate
1705 2116 1763 2149 per
1798 2110 1941 2140 sanctum

1202 2158 1353 2203 hymnum
1369 2158 1546 2192 incessabili
1563 2170 1637 2192 roce
1655 2159 1868 2203 proclamant3
1883 2160 1941 2195 ista

1202 2223 1276 2245 vero
1300 2222 1357 2245 suo
1382 2211 1475 2246 modo
1500 2217 1660 2246 auctorem
1686 2223 1788 2254 suum,
1805 2213 1880 2247 dum
1901 2213 1941 2246 si-

1201 2267 1274 2306 lent,
1298 2265 1433 2307 laudant,
1458 2266 1588 2309 aliisque
1606 2265 1797 2299 divinitatem
1819 2266 1941 2311 opificis

1201 2319 1487 2363 contemplantibus
1499 2319 1699 2352 laudandum¹
1711 2319 1872 2363 praebent.
1884 2319 1941 2363 Igi-

1201 2377 1252 2406 tur
1266 2372 1373 2405 tideles
1391 2372 1584 2416 propheticis
1598 2373 1728 2406 vocibus
1742 2373 1939 2417 potissimum

1201 2425 1386 2465 excitantur,
1410 2425 1523 2469 quibus
1542 2425 1676 2458 maxime
1693 2425 1824 2464 dicitur:
1849 2425 1937 2464 Lau-

1200 2478 1273 2512 date
1283 2478 1460 2512 Dominum
1470 2478 1501 2511 in
1512 2479 1640 2512 Sanctis
1649 2479 1716 2514 eius
1722 2491 1733 2520 ,·
1748 2479 1938 2513 honorantes

1237 2596 1246 2620 t
1271 2594 1392 2631 Syntaxis
1413 2595 1592 2623 laudandam
1611 2594 1724 2630 requirit
1741 2595 1781 2630 (n.
1798 2594 1846 2628 T.).

1958 193 2006 219 Λη.
2028 193 2057 220 C.
2076 193 2143 221 1658

1995 361 2144 387 'transumpto-

1961 394 2004 407 rum
2022 388 2032 407 Ιὶ
2043 389 2072 407 les

1984 1595 2124 1617 Prooemium.
