2243 3205
126 2246 217 2268 Pontifex
234 2256 281 2273 ⁴711·ss-

100 2274 138 2294 tm<
154 2278 201 2299 agat
216 2275 267 2297 ltno.

879 154 1063 180 ALEXANDER
1087 156 1131 180 vn
1154 157 1202 180 PP.

287 205 352 238 eius
377 215 483 238 curam
501 205 661 245 adhibitis,
680 215 735 248 spe
752 204 789 237 ad
812 203 944 236 salutem
968 203 1029 247 pri-

286 257 398 290 stinam
416 258 566 291 redeundi
597 268 726 302 prorsus
744 257 900 298 destituta,
921 256 959 289 ad
980 267 1028 289 se-

285 311 454 355 pulchrum
486 312 624 345 Thomae
659 311 780 353 delata,
805 312 932 355 postera
957 309 1027 352 die⁷

286 365 366 399 hora
394 376 455 410 qua
471 376 595 399 sacrum
621 376 680 410 pro
705 365 771 398 eius
797 365 927 398 sanitate
953 364 1030 397 celc-

286 413 448 461 brabatur,
465 423 571 453 sanata
595 423 651 460 est,
665 425 695 452 et
719 419 756 451 de
781 418 875 451 cubili
897 427 1030 461 surgens

287 473 326 505 ad
361 477 493 507 matrem
526 472 711 515 incolumis,
743 472 832 516 quasi
869 481 1028 515 nunquam

288 537 381 570 passa
404 527 513 560 suisset
537 526 750 570 ophthalmiae
777 525 922 559 morbum
943 553 950 567 ,
971 525 1031 557 cla-

288 579 421 613 rissimis
441 580 540 613 oculis
563 580 672 612 festiva
697 578 865 613 contendit.

332 634 355 666 A
381 633 592 667 carcinomate
616 633 814 666 Franciscam
835 632 931 666 Nadal
956 631 1031 664 libe-

290 688 378 727 ravit‚
394 693 423 720 et
435 687 618 721 Catharinac
636 686 816 720 Vincentiae
830 686 966 719 Roselon
983 685 1030 717 in-

289 740 539 773 numerabilibus
563 739 664 784 plagis
698 750 754 784 pcr
778 739 1028 783 quinquennium

289 793 445 826 cruciatae
463 793 655 837 insperatam
673 793 805 826 salutem
824 792 969 825 reddidit.

334 847 460 880 Petrum
480 846 661 890 Antonium,
683 852 833 887 sutorem,
859 857 894 879 cx
919 855 1031 879 nervo-

290 912 360 934 rum
378 901 594 935 contractione
606 912 664 945 per
677 900 838 933 biennium
857 899 1031 933 claudican-

291 959 364 996 tem,
377 955 502 999 iamque
519 955 672 996 inutilem,
690 954 820 987 sanavit.

331 1008 461 1042 Iacobus
469 1008 612 1049 Cervera,
626 1007 1031 1049 caementarius,ulceribus

291 1062 515 1096 insanabilibus
535 1063 656 1106 plenus,
680 1062 717 1095 ab
735 1072 771 1095 eo
796 1066 932 1094 sanatur.
952 1060 1027 1092 Vin-

290 1117 410 1150 centius
426 1117 553 1161 Cyprer,
573 1117 677 1150 nervis
702 1127 737 1149 ex
755 1115 888 1160 paralysi
910 1114 1030 1155 solutis,

290 1170 454 1203 sanitatem
468 1171 588 1214 pariter
605 1169 796 1214 impetravit.

335 1223 431 1257 Arida
454 1224 554 1257 ubera
577 1223 762 1258 Catharinae
779 1222 963 1264 Montaltac,
982 1221 1031 1254 ad-

291 1278 384 1311 motis
408 1277 540 1311 floribus
573 1277 686 1321 quibus
720 1276 801 1309 servi
838 1276 892 1309 Dei
929 1275 1032 1319 sepul-

292 1331 404 1364 chrum
437 1341 617 1375 respersum
650 1334 737 1372 erat,
774 1329 812 1362 ad
843 1329 1030 1362 infantulum

290 1384 528 1419 sustentandum
569 1385 648 1417 lacte
683 1384 765 1417 illico
802 1383 932 1417 assluere
968 1383 1033 1416 visa

292 1445 372 1472 sunt.

336 1492 494 1526 Ludovico
514 1492 655 1536 Lemosy,
673 1502 730 1535 per
754 1501 806 1524 sex
832 1500 930 1523 annos
954 1489 1032 1523 adeo

291 1546 423 1590 pedibus
441 1545 596 1579 laboranti
617 1550 649 1579 ut
666 1544 850 1589 saepissime
867 1544 961 1577 cubili
980 1544 1033 1576 im-

292 1599 452 1633 mobiliter
469 1600 658 1640 inhaereret,
671 1599 761 1632 bases
779 1604 808 1632 ct
825 1599 946 1642 plantas
964 1608 1034 1631 con-

291 1653 446 1686 solidavit.

335 1707 579 1748 Quatuordecim
611 1717 766 1740 annorum
803 1707 913 1740 hernia
946 1705 1033 1739 loan-

291 1771 363 1796 nem
380 1761 554 1796 Tibicinesn
572 1761 721 1795 afflictum
738 1761 889 1805 pristinae
912 1759 1032 1794 sanitati
1050 1790 1052 1800 ‚

292 1815 438 1849 restituit.

338 1869 525 1913 Septennem
558 1869 696 1913 puellam
741 1868 934 1901 Vincentiam
965 1867 1035 1900 Mat-

293 1922 368 1956 theu
394 1922 425 1955 in
449 1928 580 1966 puteum
604 1922 782 1966 delapsam,
809 1922 839 1954 in
864 1922 954 1965 aquis
979 1932 1035 1965 pcr

295 1981 359 2010 tres
383 1976 477 2009 horas
494 1976 689 2009 submersam
711 1975 826 2019 eripuit
846 1975 1033 2008 incolumen.

337 2028 455 2068 Quibus
480 2029 718 2063 coruscantibus
747 2029 844 2072 signis
868 2029 919 2061 lux
946 2027 1035 2061 efful-

295 2082 344 2124 sit,
358 2082 555 2128 ostenditque
569 2082 781 2116 venerandum
801 2093 868 2116 esse
886 2083 916 2115 in
931 2083 1034 2123 terris,
1051 2099 1053 2102 ·

294 2146 390 2180 quern
416 2136 446 2169 in
464 2137 557 2169 caelis
574 2136 651 2170 adeo
668 2141 831 2181 acceptum
850 2136 1034 2169 advocatum
1052 2149 1053 2163 i

295 2189 435 2223 humana
458 2189 590 2223 haberet
614 2190 789 2223 infirmitas.

341 2243 356 2286 g
383 2243 435 2276 25.
462 2244 591 2286 Agimus
615 2244 710 2287 igitur
735 2243 944 2287 omnipotenti
974 2243 1036 2275 Deo

297 2296 545 2340 quammaximas
559 2307 724 2341 possumus
746 2296 873 2340 gratias,
892 2301 921 2328 ct
936 2296 1036 2339 reple-

297 2354 363 2382 tum
378 2354 423 2382 est
436 2350 551 2392 gaudio
565 2361 619 2384 cor
629 2355 771 2384 nostrum
779 2349 923 2392 etlingua
933 2353 1038 2382 nostra

298 2402 499 2444 exultatione,
507 2404 590 2447 quod
601 2404 694 2436 nullis
711 2405 826 2437 nostris
842 2401 1038 2445 suffraganti-

297 2455 356 2489 bus
367 2455 497 2497 meritis,
510 2456 564 2489 scd
574 2456 768 2490 inscrutabili
783 2455 952 2500 sapientiae
964 2466 1038 2488 suae

298 2520 413 2543 arcano
438 2510 517 2543 hanc
542 2511 622 2543 servi
648 2510 694 2542 sui
721 2509 964 2543 canonizationis
990 2520 1040 2543 ce-

301 2564 505 2597 lebrationem
531 2575 587 2608 per
613 2569 738 2599 nostrae
774 2564 957 2597 humilitatis
983 2564 1039 2596 mi-

1706 146 1770 179 *¹403

1062 204 1226 237 nisterium
1253 204 1306 237 toti
1344 204 1412 237 orbi
1450 203 1669 248 splendescere
1705 214 1802 247 prae—

1063 256 1226 290 ordinavit.
1252 258 1328 291 Cum
1359 258 1440 290 enim
1475 258 1533 290 iam
1560 257 1598 290 ab
1624 257 1690 289 eius
1722 256 1802 289 felici

1062 321 1175 343 occasu
1204 321 1260 354 per
1288 312 1449 344 universas
1476 316 1584 355 gentes
1609 315 1638 345 et
1662 310 1803 343 nationes

1063 364 1160 408 ipsius
1179 364 1325 397 sanctitas
1346 365 1568 405 celebraretur,
1587 370 1616 397 et
1641 364 1738 408 ipsius
1751 374 1804 395 no-

1064 428 1134 451 men
1167 418 1250 461 apud
1284 418 1502 451 christifideles
1534 428 1647 461 magno
1680 417 1710 449 in
1741 417 1801 449 lio-

1063 482 1140 505 nore
1166 475 1263 512 esset,
1294 477 1444 515 operante
1470 472 1602 504 Domino
1628 481 1684 514 per
1710 471 1805 503 inter-

1065 525 1239 559 cessionem
1266 525 1333 557 cius
1359 530 1400 557 tot
1429 524 1588 566 miracula,
1606 534 1686 567 quae
1710 524 1804 557 etiam

1065 579 1094 611 in
1120 579 1185 612 dies
1211 581 1272 611 una
1298 589 1369 611 cum
1395 579 1461 611 eius
1486 578 1685 611 veneratione
1710 588 1805 620 auge-

1064 634 1197 674 bantur,
1226 634 1274 666 ria
1299 633 1469 677 parabatur
1493 644 1509 665 a
1534 634 1624 666 Patre
1649 632 1803 665 luminum

1064 689 1201 721 Thomae
1223 686 1449 720 clarificationi.

1108 741 1122 784 ἓ
1139 740 1190 773 26.
1210 741 1379 784 Propterea
1401 739 1438 771 ab
1456 739 1621 772 Ordinario
1639 748 1804 782 processus

1065 847 1221 881 exhibitus
1244 846 1302 879 suit
1326 856 1407 878 anno
1433 855 1562 885 moerin,
1584 850 1611 877 ct
1631 844 1804 877 accedenti-

1065 902 1123 935 bus
1147 901 1294 946 precibus
1311 901 1403 934 etiam
1422 900 1524 932 clarae
1550 899 1720 932 memoriae
1738 898 1805 931 l‘lii-

1065 956 1144 1000 lippi
1165 956 1203 988 Ill
1225 954 1446 999 Hispaniarum
1465 954 1548 997 regis
1566 953 1720 989 catholici,
1738 962 1805 984 nec<

1065 1020 1126 1043 non
1152 1009 1331 1053 praesulum
1350 1014 1376 1042 et
1397 1018 1564 1052 procerum
1584 1007 1804 1051 deputatorum

1065 1063 1154 1106 regni
1183 1063 1340 1096 Valentiae
1368 1072 1403 1095 ac
1430 1062 1523 1096 totius
1548 1061 1672 1094 Ordinis
1688 1061 1806 1093 Eremi-

1065 1124 1167 1151 tarum
1187 1117 1282 1150 sancti
1298 1115 1462 1159 Augustini
1485 1115 1576 1147 tertio
1596 1114 1746 1158 repetitis,
1761 1124 1807 1146 ce-

1065 1171 1203 1215 terisque
1216 1170 1255 1203 de
1273 1180 1362 1203 more
1376 1168 1521 1213 peractis,
1540 1178 1726 1211 responsum
1751 1166 1806 1199 suit

1064 1236 1081 1258 a
1099 1224 1257 1269 praedicta
1275 1223 1520 1266 congregatione
1548 1222 1639 1266 plane
1664 1224 1807 1254 constare

1065 1279 1102 1311 (le
1140 1278 1296 1311 validitate
1332 1286 1556 1321 processuum,
1583 1275 1620 1307 de
1657 1275 1806 1306 virtutum

1066 1331 1257 1373 excellentia,
1288 1331 1326 1363 dc
1351 1330 1423 1362 (idei
1449 1329 1592 1373 puritate,
1621 1328 1698 1360 vitae
1731 1338 1805 1359 san-

1066 1386 1224 1425 ctimonia,
1251 1385 1475 1417 miraculorum
1502 1382 1700 1426 operatione,
1727 1382 1807 1413 sama

1067 1439 1248 1479 sanctitatis,
1275 1444 1304 1471 et
1329 1436 1505 1481 frequentia
1530 1435 1638 1480 populi
1663 1435 1699 1467 ad
1726 1434 1806 1467 servi

1068 1493 1119 1526 Dei
1147 1492 1370 1536 sepulchrum,
1396 1501 1430 1523 ac
1455 1495 1624 1534 propterca
1651 1499 1743 1532 posse
1769 1488 1807 1531 tsi

1068 1547 1197 1579 Summo
1223 1545 1365 1578 Pontifici
1391 1543 1579 1588 placuisset)
1604 1543 1808 1585 imposterum

1068 1599 1243 1643 nuncupari
1268 1599 1408 1638 Beatum,
1426 1597 1508 1631 etde
1534 1608 1570 1629 eo
1596 1602 1753 1640 tamquam
1772 1596 1808 1628 de

1067 1654 1251 1688 Conl‘essore
1277 1651 1426 1685 Pontiticc
1458 1650 1623 1694 quotannis
1656 1650 1687 1682 in
1712 1659 1810 1692 regno

1069 1706 1225 1740 Valentiae
1246 1716 1261 1738 a
1281 1704 1437 1748 religiosis
1462 1703 1625 1746 utriusque
1650 1714 1740 1736 sexus
1758 1703 1812 1736 Or-

1068 1760 1148 1793 dinis
1174 1759 1271 1792 sancti
1297 1758 1473 1801 Augustini,
1500 1762 1529 1789 ct
1552 1757 1581 1789 in
1607 1756 1728 1789 civitate
1753 1756 1810 1788 Va-

1071 1814 1165 1846 lentia
1186 1814 1271 1847 clero
1306 1818 1368 1844 tam
1400 1811 1532 1844 seculari
1565 1822 1658 1854 quam
1685 1810 1810 1853 regula-

1070 1867 1095 1900 ri
1127 1866 1250 1900 recitari
1276 1865 1414 1899 officium
1441 1871 1470 1897 et
1495 1864 1620 1897 missam
1646 1863 1810 1897 celebrari.

1069 1921 1188 1960 Quibus
1221 1919 1330 1952 annuit
1363 1919 1459 1952 felicis
1490 1918 1717 1951 recordationis
1738 1917 1813 1949 Pau-

1071 1976 1118 2008 lus
1145 1975 1167 2006 V
1200 1973 1423 2017 praedecessor
1459 1978 1586 2014 noster,
1612 1982 1647 2004 ac
1678 1971 1812 2014 desuper

1071 2029 1188 2062 litteras
1209 2027 1240 2060 in
1259 2028 1359 2060 forma
1379 2026 1485 2059 Brevis
1503 2025 1666 2066 concessit,
1681 2030 1710 2057 ct
1727 2034 1813 2068 prae-

1070 2082 1187 2115 dictum
1214 2080 1369 2113 indultum
1404 2090 1474 2112 mox
1509 2084 1669 2112 extensum
1696 2078 1751 2111 suit
1776 2077 1813 2109 ad

1071 2145 1179 2169 omnes
1210 2134 1375 2177 utriusque
1406 2143 1498 2166 sexus
1530 2132 1696 2174 religiosos
1721 2140 1813 2174 prac-

1071 2189 1171 2221 dictos
1196 2198 1368 2230 regnorum
1394 2186 1560 2226 Castellae,
1586 2185 1760 2228 Aragoniac
1785 2187 1814 2217 et

1071 2242 1258 2281 tlataloniae,
1276 2250 1397 2273 necnon
1422 2240 1459 2272 ad
1487 2239 1638 2283 oppidum
1665 2239 1815 2271 villaeno-

1074 2307 1137 2336 vae,
1158 2300 1185 2328 et
1213 2294 1337 2326 tandem
1363 2294 1400 2326 ad
1426 2303 1535 2326 omnes
1560 2293 1679 2336 pariter
1704 2292 1815 2325 utrius<

1072 2359 1132 2392 que
1160 2359 1251 2380 sexus
1284 2347 1447 2390 religiOsos
1472 2345 1597 2379 Ordinis
1629 2345 1725 2377 sancti
1752 2346 1814 2377 ,Xu-

1073 2401 1188 2445 gnstini
1221 2401 1339 2444 ubique
1365 2406 1520 2433 terrarum
1547 2398 1722 2432 existentes.

1118 2458 1132 2497 g
1152 2454 1202 2486 27.
1218 2454 1334 2486 Eodem
1349 2464 1475 2497 quoquc
1492 2462 1584 2492 anuo,
1606 2452 1729 2484 duobus
1747 2451 1815 2483 aliis
1831 2485 1850 2503 in

1076 2509 1203 2552 insuper
1228 2506 1408 2551 approbatis
1434 2506 1603 2546 miraculis,
1629 2507 1747 2539 censuit
1770 2516 1816 2537 ca<
1842 2499 1845 2504 ’

1074 2563 1144 2596 dem
1172 2561 1375 2605 congregatio
1395 2565 1467 2601 tota,
1493 2570 1584 2604 posse
1610 2560 1720 2593 ⁵<edem
1740 2562 1815 2603 Apo-

1818 154 1866 180 An.
1887 153 1914 180 C.
1933 154 2000 180 ¹658

1856 752 1969 771 Processus
1985 752 2005 771 et

1820 779 1917 799 instantia
1926 785 2001 804 prm-a-

1065 794 1281 828 insormativus
1306 803 1412 826 sacrae
1433 792 1668 835 congregationi
1687 793 1802 824 rituum
1819 812 1844 825 m

1848 809 1957 827 nmatione.

1854 2458 1863 2476 Χ
1873 2460 1928 2477 otum
1940 2462 2014 2477 sarrae

1855 2484 2012 2504 iiivircativnis.
