2243 3205
85 159 132 188 An.
153 160 182 187 C.
200 159 267 186 ¹658

123 643 263 670 Paralyticum

82 673 148 692 sanat.

95 1332 262 1358 Quamplurimos

80 1360 107 1380 ad
152 1361 262 1385 [tumulen-

80 1389 128 1407 tiam
147 1385 263 1409 revocavit,

81 1415 101 1434 et
115 1413 166 1432 mira
182 1412 207 1432 de
231 1412 263 1432 di-

80 1440 141 1460 vinae
153 1439 263 1459 Trinitatis

80 1466 177 1492 mysterio
198 1471 263 1492 expo-

80 1493 128 1514 suit.

876 158 1062 182 ALEXANDER
1088 159 1131 182 vn
1156 159 1203 182 Pr.

1705 148 1764 182 401
1816 159 1865 184 An.
1888 159 1915 184 ι’.
1937 158 2000 185 icas

279 205 308 238 vi
332 205 481 239 frumenti
506 216 719 250 compressam
745 207 794 239 vix
813 206 886 240 totis
903 206 1022 239 viribus
1056 215 1217 249 nunquam
1234 207 1371 240 Thomae
1396 208 1565 250 singularis
1582 207 1736 240 modestia
1766 210 1799 240 ut

279 257 477 301 impellentes
501 269 645 293 reserare
669 264 857 303 potuerunt,
883 269 1018 303 quamo-

278 310 368 344 brem
400 317 530 356 stupore
561 312 698 356 perculsi
734 312 857 355 magnis
893 311 1022 345 vocibus

278 362 449 396 inclamant
483 362 681 396 miraculum.
707 363 850 406 Tumque
885 363 1020 396 Thomas

278 425 316 448 eo
339 425 529 457 accurrens,
555 415 676 448 cunetis
708 415 868 448 silentium
902 414 1021 458 praeci-

277 468 376 512 piens,
391 468 516 502 mulieri
533 469 673 502 triticum
694 469 862 512 elargitus:
885 468 1019 508 Vescere,

278 522 335 562 ait,
349 526 377 554 et
404 521 625 565 Omnipotenti
649 522 776 565 qratias
797 532 866 565 aye,
886 521 945 565 qui
963 521 1021 554 tibi

279 574 367 607 illud
389 575 533 619 paravit.

323 628 338 671 g
363 628 413 661 16.
439 628 484 661 Ad
509 628 585 661 haec
609 629 755 661 conscius
780 639 813 661 se
831 627 972 670 missum,
987 633 1021 661 ut

278 680 459 714 mederetur
475 680 618 714 contritis
632 681 737 722 corde,
753 681 908 725 producto
926 691 1021 725 super

277 743 449 777 pauperem
481 733 649 777 quemdam
674 734 997 777 Caesaraugustanum
1013 761 1020 775 ‚

277 786 485 830 quadraginta
496 786 556 819 iam
571 787 661 820 annis
674 787 809 832 paralysi
826 787 1019 820 laborantem

277 844 308 872 et
331 839 521 873 fulcimentis
538 839 733 875 insistentem
758 841 849 884 signo
867 841 1021 874 sanctissi-

276 902 346 926 mae
362 892 464 926 crucis
481 892 600 926 dicens:
621 893 760 936 Confide,
775 898 804 927 et
820 893 873 926 dic
893 894 1020 937 qratias

275 946 351 987 Deo,
367 947 426 991 qui
443 946 599 990 eliquatus
612 951 657 980 est
672 946 729 980 tibi
745 946 883 980 satutem
901 947 1019 990 imper-

279 999 346 1040 tiri,
368 999 575 1033 consolidavit
592 1000 682 1034 bases
699 1006 730 1033 et
746 1000 867 1044 plantas
884 999 961 1042 eius,
979 999 1021 1034 ita

275 1058 310 1085 ut
334 1052 522 1097 paralyticus
547 1063 580 1086 se
604 1053 741 1096 erigeret
771 1051 911 1096 undique
944 1052 1019 1085 vali-

276 1104 344 1145 dus,
362 1105 549 1149 relectisque
574 1105 764 1139 fulcimentis
781 1104 818 1137 ad
840 1104 935 1148 pedes
953 1104 1019 1137 eius

276 1158 516 1201 procumberet:
542 1159 592 1192 cui
617 1164 742 1191 sanctus
762 1157 1020 1202 archiepiscopus

276 1212 435 1245 silentium
463 1212 583 1253 indixit,
611 1222 647 1245 ac
667 1212 730 1245 Deo
750 1215 858 1255 gratus
882 1217 916 1245 ut
940 1215 1021 1246 esset

276 1271 307 1299 et
330 1277 390 1310 pro
414 1276 447 1299 se
471 1276 580 1310 preces
604 1266 749 1299 funderet
772 1266 916 1299 hortatus
940 1271 995 1299 est.

322 1322 337 1365 ἓ
361 1320 412 1352 17.
437 1320 557 1353 Memor
581 1320 674 1353 etiam
699 1319 918 1364 promissionis
935 1319 1019 1353 Chri-

278 1374 316 1408 sti
336 1373 476 1407 Domini:
494 1373 531 1407 Si
555 1373 637 1417 quid
650 1373 813 1417 petieritis
830 1373 965 1406 Patrem
983 1374 1019 1406 in

277 1428 409 1461 nomine
433 1437 523 1467 meo,
554 1426 643 1459 dabit
672 1425 767 1466 vobis,
795 1436 954 1469 nunquam
981 1425 1019 1458 ad

278 1481 446 1515 conciones
473 1479 632 1514 habendas
657 1479 806 1523 perrexit,
824 1485 876 1512 aut
892 1489 1019 1513 conver-

277 1534 374 1568 sionis
398 1533 529 1567 alicuius
552 1533 747 1577 provinciam
777 1532 936 1576 suscepit,
959 1533 1019 1566 nisi

277 1589 374 1622 Deum
392 1587 479 1632 prius
495 1586 602 1620 effusis
626 1586 775 1631 precibus
795 1593 965 1628 exorasset,
987 1593 1020 1620 ut

277 1641 381 1675 divina
394 1640 494 1685 gratia
507 1640 586 1674 dura
600 1645 801 1684 peccatorum
813 1640 909 1674 corda
926 1641 1020 1674 emol-

276 1695 335 1728 lire
358 1694 558 1737 dignaretur,
584 1704 655 1727 mox
681 1694 720 1726 ab
744 1693 925 1727 huiusmodi
951 1704 1019 1727 ora-

277 1749 362 1783 tione
385 1758 580 1791 consurgens
611 1758 648 1781 eo
680 1748 814 1790 fervore,
835 1747 1019 1792 ardentique

277 1803 344 1836 zelo
368 1806 551 1846 peccatores
576 1801 739 1845 corripuit,
766 1806 798 1833 ut
822 1801 1018 1844 quampluri-

276 1867 346 1890 mos
365 1855 404 1889 ad
428 1855 653 1900 poenitentiam
671 1860 701 1888 et
716 1854 913 1899 perfectioris
939 1855 1018 1888 vitae

277 1910 420 1944 semitam
446 1910 658 1951 revocaverit;
683 1919 762 1953 quos
787 1914 885 1943 tactos
909 1909 1018 1943 dolore

278 1963 381 1997 cordis
417 1962 605 1996 intrinsecus
642 1962 681 1995 ad
716 1962 897 1996 confessarii
922 1963 1018 2007 pedes

278 2017 363 2051 illico
376 2026 544 2050 accurrere
558 2016 750 2060 impellebat.
767 2015 903 2059 Contigit
913 2017 1017 2058 etiam,

277 2075 332 2112 ut,
357 2080 463 2104 coram
488 2069 571 2103 dicto
596 2080 671 2112 rege
696 2069 840 2113 Philippo
865 2069 889 2103 ΙΙ
921 2081 1018 2114 agens

278 2124 316 2158 de
341 2123 490 2157 ineffabili
515 2123 735 2156 Sanctissimae
766 2123 926 2156 Trinitatis
951 2136 1016 2168 my-

277 2177 383 2219 sterio,
408 2187 445 2210 eo
470 2187 568 2220 usque
593 2175 729 2209 erexerit
753 2181 900 2216 mentem,
918 2182 951 2209 ut
967 2187 1017 2209 ar-

278 2230 500 2274 chiepiscopus
525 2228 737 2269 Granatcnsis,
751 2228 798 2260 vir
814 2228 958 2261 doctrina
983 2240 1018 2261 ac

278 2284 392 2328 pietate
417 2282 587 2326 praeditus,
611 2281 725 2314 dixerit
749 2291 782 2314 se
806 2291 868 2315 non
892 2287 1018 2324 putasse

279 2347 316 2370 eo
331 2336 418 2369 illum
434 2335 649 2378 sesepotuisse
665 2334 817 2375 attollere,
831 2333 925 2377 quod,
939 2345 1018 2378 quae

279 2390 425 2431 audisset,
451 2389 624 2422 humanum
650 2387 842 2420 intellectum
861 2387 954 2430 longe
972 2398 1018 2420 ex-

280 2444 437 2479 cederent.
455 2443 591 2475 Huiusce
609 2452 683 2474 vcro
707 2446 737 2474 et
760 2441 891 2474 aliarum
909 2452 1016 2485 quam-

280 2494 465 2541 plurimum¹
480 2495 667 2529 concionum
679 2494 787 2535 codex,
797 2505 830 2528 se
840 2495 1018 2539 superstite,

315 2560 326 2586 1
351 2560 450 2586 Forsan
471 2557 754 2593 quamplurimarum
773 2558 810 2591 (n.
826 2558 875 2591 ⁴12).

366 2613 442 2640 Buu.
464 2612 546 2640 Rom.
564 2626 598 2633 -
616 2611 674 2640 Vol.
696 2610 771 2639 XVI.
928 2609 958 2637 51

1056 259 1135 303 typis
1160 260 1410 293 committeretur
1443 261 1589 304 praebuit
1624 271 1795 293 assensum.

1099 313 1114 355 ἓ
1144 311 1196 345 18.
1228 312 1413 346 Continuam
1445 313 1574 357 insuper
1603 314 1657 347 Dei
1689 324 1798 346 servus
1852 326 1864 344 ιι
1896 327 1998 344 ima»-

1815 358 1845 371 ῃι,
1877 351 1891 370 l*
1910 357 1999 369 numme

1054 365 1168 398 mentis
1194 365 1398 399 elevationem
1424 367 1623 410 patiebatur,
1650 367 1692 399 ita
1717 371 1749 400 ut
1781 377 1797 399 a
1814 379 1938 397 vrtvtvvmtw
1988 384 1999 395 ⁴.

1055 417 1279 459 concionibus,
1304 419 1436 462 aliisque
1460 420 1558 452 sacris
1582 420 1798 453 functionibus
1814 408 1868 452 &2¹:⁷7
1906 404 1999 424 *¹³²⁸*

1053 471 1212 504 abstinere
1237 477 1422 514 cogeretur,
1456 473 1567 506 exinde
1599 473 1707 505 mundi
1735 473 1799 515 glo-

1054 525 1134 558 riam
1155 527 1192 558 ea
1209 525 1332 558 ratione
1349 525 1498 558 devitans.
1516 526 1613 565 Quem
1628 531 1742 567 tamen,
1766 526 1798 558 in

1053 577 1225 611 novissimo
1243 578 1312 611 loco
1330 577 1462 611 interius
1487 579 1735 619 recumbentem,
1753 580 1797 611 al-

1054 631 1124 672 tius,
1142 630 1196 674 qui
1214 640 1286 664 eum
1310 631 1349 663 ad
1373 631 1499 674 nuptias
1524 631 1718 671 invitaverat,
1734 642 1797 664 non

1054 683 1122 716 sine
1145 685 1260 726 magna
1277 683 1380 726 gloria
1400 694 1507 717 coram
1525 684 1797 717 discumbentilnis

1053 737 1223 771 ascendere
1238 737 1400 780 compulit.
1426 737 1460 769 ln
1484 737 1553 781 ipsa
1578 737 1662 770 enim
1687 738 1798 770 Ascen-

1053 789 1150 824 sionis
1174 789 1357 823 Dominicae
1381 790 1573 830 celebritate,
1588 800 1658 822 cum
1684 790 1797 822 divinis

1053 842 1164 876 officiis
1190 843 1363 885 interesset,
1388 843 1426 876 ad
1451 843 1654 886 antiphonam
1679 843 1795 883 Nonae,

1053 894 1281 935 et,videntibus
1298 895 1370 936 illis,
1378 895 1515 929 elevatus
1529 900 1590 935 est,
1608 899 1637 927 et
1654 895 1721 938 ipse
1734 905 1796 937 quo

1054 949 1175 981 eterra
1195 948 1338 981 sublatus
1365 959 1497 992 prorsus
1523 948 1694 981 immobilis
1723 947 1798 980 inte-

1053 1011 1111 1044 gro
1136 1000 1302 1034 duodecim
1328 1001 1481 1035 horarum
1517 1001 1618 1045 spatio
1649 1001 1796 1034 omnibus

1053 1054 1230 1088 videntibus
1273 1055 1464 1099 permansit,
1497 1055 1585 1098 quasi
1622 1054 1683 1087 iam
1723 1054 1796 1086 felix

1053 1107 1105 1139 illa
1129 1107 1232 1140 anima
1257 1118 1313 1141 suo
1339 1107 1441 1141 itineri
1460 1107 1498 1140 ad
1518 1108 1615 1140 Deum
1641 1117 1673 1140 se
1697 1107 1797 1140 accin-

1053 1166 1152 1203 geret.

1097 1213 1112 1257 5
1137 1213 1188 1246 119.
1213 1213 1349 1247 Tandem
1376 1214 1424 1247 liis
1450 1214 1620 1257 multisque
1648 1213 1716 1245 aliis
1734 1223 1795 1245 me-
1825 1223 1942 1254 „css-uu<
1961 1224 1995 1259 ,10-

1053 1265 1120 1299 ritis
1141 1267 1253 1310 plenus
1271 1267 1302 1299 in
1327 1267 1439 1300 febrim
1453 1267 1570 1307 incidit,
1593 1278 1639 1306 ac,
1657 1277 1727 1299 cum
1745 1278 1795 1309 pe—
1810 1254 1996 1301 {'f'.'¹{.''r¹}¹¹r¹1.¹'“¹¹'

1053 1320 1170 1353 culium
1188 1320 1397 1354 domesticum
1423 1320 1542 1353 iamdiu
1559 1321 1590 1352 in
1608 1321 1668 1363 piis
1687 1321 1794 1353 usibus

1052 1374 1309 1417 consumpsisset,
1324 1385 1405 1418 quae
1430 1374 1652 1417 pauperrimae
1670 1374 1795 1417 suppel-

1052 1427 1146 1460 lectili
1171 1433 1359 1471 supererant
1379 1428 1460 1460 inter
1485 1438 1642 1471 pauperes
1665 1427 1795 1459 familia-

1053 1490 1102 1513 res
1135 1481 1268 1523 partitus
1293 1486 1355 1521 est,
1381 1481 1498 1514 oblitus
1523 1490 1597 1513 vero
1629 1479 1792 1512 cuiusdam

1051 1533 1348 1567 Commentariensis
1369 1533 1603 1577 patrisfamilias
1625 1533 1726 1575 egeni,
1745 1544 1794 1565 cu-

1052 1586 1114 1620 bile
1128 1597 1191 1630 quo
1211 1592 1379 1629 aegrotans
1404 1587 1533 1626 iacebat,
1555 1597 1626 1619 cum
1644 1586 1688 1618 nil
1709 1586 1793 1618 aliud

1052 1640 1110 1684 ipsi
1135 1645 1332 1684 superesset,
1358 1641 1385 1673 ei
1410 1640 1551 1679 donavit,
1577 1643 1606 1673 ct
1632 1639 1734 1679 tunc¹‚
1761 1645 1793 1672 ut

1052 1693 1136 1736 quod
1164 1704 1255 1726 suum
1281 1699 1348 1726 erat
1372 1694 1489 1733 ferret,
1515 1693 1718 1731 hortabatur;
1745 1698 1792 1734 at,

1052 1747 1256 1780 renuentibus
1273 1746 1480 1779 familiaribus
1494 1746 1596 1789 ipsum
1617 1756 1713 1789 super
1731 1752 1792 1779 sto-

1053 1810 1137 1833 ream
1163 1810 1280 1843 ponere
1316 1806 1350 1833 ut
1384 1800 1454 1833 fieri
1479 1800 1680 1843 postulabat,
1713 1800 1792 1832 mira

1052 1853 1226 1886 humilitate
1242 1853 1428 1897 perviscera
1445 1853 1516 1886 lnsu
1530 1853 1657 1886 Cnmsri
1671 1863 1687 1885 a
1705 1853 1792 1886 Com-

1052 1907 1253 1940 mentariensi
1297 1907 1436 1940 eiusdem
1481 1906 1592 1940 cubilis
1627 1916 1718 1939 usum
1754 1906 1792 1937 ad

1052 1965 1184 1994 mortem
1217 1970 1316 2003 usque
1340 1964 1485 2003 precatus
1510 1965 1566 2000 est,
1591 1964 1632 2000 ut,
1648 1959 1700 2002 qui
1726 1958 1793 1991 aliis

1051 2014 1245 2059 pauperibus
1270 2017 1352 2047 totus
1377 2013 1504 2053 vixerat,
1522 2013 1553 2045 in
1578 2013 1680 2046 alieno
1705 2012 1793 2045 dcce-

1051 2067 1127 2101 dens
1152 2067 1374 2111 pauperrimus
1401 2071 1588 2099 moreretur.

1095 2122 1110 2164 ἓ
1134 2121 1184 2153 ΞΟ.
1211 2121 1350 2163 Cumque
1375 2130 1468 2153 orans
1493 2125 1523 2152 et
1543 2119 1673 2162 vigilans
1698 2129 1791 2162 expc-
1817 2158 1869 2170 ,UH

1051 2179 1149 2207 ctaret
1179 2173 1347 2206 adventum
1380 2173 1503 2206 Domini
1533 2173 1602 2213 sui,
1628 2173 1792 2215 episcopus
1809 2186 1819 2223 ¹j
1940 2212 1944 2223 k

1051 2226 1286 2270 segobricensis
1302 2227 1446 2259 ultimum
1461 2226 1627 2258 adventare
1643 2225 1720 2258 ritae
1737 2231 1793 2257 ter·
1808 2238 1831 2276 ξιιμ
1843 2264 1884 2276 Μ
1905 2265 1908 2276 Ι
1923 2238 1925 2249 ·

1052 2281 1172 2313 minum
1198 2279 1367 2320 nunciavit,
1384 2279 1434 2312 eui
1466 2278 1657 2311 exhilaratus
1675 2278 1791 2319 gratias
1809 2287 1847 2303 vst-

1052 2333 1115 2376 egit
1132 2338 1162 2365 ct
1176 2332 1308 2365 addidit:
1324 2333 1475 2365 Lactalzts
1489 2341 1560 2363 sum
1577 2331 1610 2362 in
1630 2330 1693 2369 leis,
1711 2341 1792 2373 :saue

1052 2386 1139 2419 dicta
1163 2391 1239 2419 sunt
1260 2386 1355 2425 milti,
1374 2385 1409 2417 in
1429 2384 1561 2417 domum
1581 2384 1715 2416 Domini
1733 2384 1791 2415 im-

1052 2450 1146 2478 mus,·
1167 2449 1321 2482 usurpans
1346 2438 1438 2470 etiam
1465 2436 1539 2469 illud
1557 2438 1585 2469 S.
1605 2436 1737 2468 Martini:
1755 2437 1792 2469 δι’

1052 2493 1158 2527 adhuc
1181 2492 1300 2536 popule
1327 2495 1379 2524 tuo
1404 2501 1475 2524 sum
1501 2490 1705 2530 necessarius,
1727 2500 1789 2522 non

1087 2556 1099 2583 'l
1120 2555 1218 2582 Forsan
1234 2553 1376 2589 legendum
1392 2553 1468 2580 huuc
1485 2557 1519 2583 (1¹.
1537 2552 1585 2584 T.).
