2243 3205
890 166 986 190 INDEX
1011 165 1143 191 RUBRICA
1149 166 1214 191 RUM

366 216 428 263 ‘pro
461 224 621 263 tempore,
648 228 713 262 quo
745 217 817 251 illae
846 229 910 252 non
936 223 1028 253 erunt

369 273 504 314 locatae,
530 272 606 307 407.

282 326 408 360 CCXVI.
435 325 616 369 Iniungitur
641 325 861 370 superioribus
885 335 1029 359 conven-

367 385 458 413 tuum
484 378 666 422 provinciae
690 378 912 421 Portugalliae
937 378 1028 412 Ordi-

368 432 418 466 nis
442 432 473 465 S.
493 431 694 475 Hieronymi,
710 431 769 464 sub
796 431 908 475 poenis
927 431 1028 475 priva-

367 485 463 518 tionis
499 484 586 518 vocis
611 483 731 518 activae
756 490 787 518 et
812 484 960 528 passivae
992 496 1027 518 ac

367 538 548 572 officiorum
573 543 604 571 et
628 538 823 582 dignitatum
838 566 846 580 ‚
875 544 905 571 et
936 538 1027 572 inha-

365 591 500 626 bilitatis
533 592 572 625 ad
605 603 662 633 ea,
695 598 730 626 ut
762 598 846 626 ratas
872 593 1026 627 annuales

365 645 636 690 quindenniorum
661 646 893 681 solvendorum
923 657 1027 681 came-

365 711 417 733 rae
448 699 642 744 apostolicae
676 700 708 734 in
733 703 827 744 capsa
865 711 922 733 seu
954 701 1024 734 loco

366 759 523 797 separato,
551 753 685 787 seorsim
711 753 750 787 ab
775 754 847 787 aliis
879 753 1023 798 ipsorum

368 811 583 840 conventuum
618 807 821 849 redditibus,
851 808 1024 852 quotannis

366 860 540 904 deponant,
568 860 644 894 409.

279 913 417 950 CCXVII.
438 914 645 948 Confirmatio
665 914 784 948 decreti
804 925 862 959 pro
879 914 1023 959 Congre—

366 968 493 1011 gatione
511 968 638 1002 Ordinis
662 969 896 1003 monachorum
921 971 1021 1003 sancti

364 1021 554 1066 Hieronymi
581 1023 795 1066 Portugalliae
819 1022 907 1064 editi,
935 1025 1022 1067 quod

365 1075 472 1109 nullus
485 1086 522 1109 ex
535 1075 618 1109 dicta
632 1076 885 1120 Congregatione
900 1077 1023 1120 religio-

364 1140 419 1163 sus
455 1130 680 1172 particularis,
715 1130 813 1174 possit
849 1130 1022 1174 impetrare

364 1182 462 1215 Breve
492 1182 624 1225 aliquod
655 1194 671 1216 a
709 1183 790 1217 Sede
823 1184 1017 1228 Apostolica,

363 1241 418 1268 aut
444 1236 609 1269 decretum
634 1247 651 1269 a
676 1237 929 1280 congregatione
954 1238 1020 1271 Re-

362 1289 524 1333 gularium
544 1300 601 1334 pro
619 1290 774 1334 religione
792 1290 823 1324 in
841 1292 1018 1332 communi,

362 1342 529 1387 speciatim
560 1354 617 1387 pro
643 1343 847 1387 praesidente
872 1345 1017 1389 capituli,

360 1397 421 1430 sub
434 1398 537 1441 poena
550 1398 737 1442 privationis
750 1399 835 1432 vocis
854 1400 972 1433 activae
990 1405 1021 1433 et

360 1450 514 1495 passivae,
539 1461 574 1484 ac
596 1451 682 1485 exilii
705 1452 744 1484 ad
770 1452 1020 1496 quadriennium

362 1515 380 1538 a
405 1509 565 1538 conventu
589 1505 681 1538 cuius
706 1511 752 1539 est
778 1505 876 1547 filius,
904 1506 979 1539 410.

275 1558 427 1593 CCXVIII.
447 1558 627 1593 Declaratio
645 1569 743 1603 super
756 1559 900 1593 ecclesiis
919 1565 950 1593 ct
967 1561 1021 1593 bo-

362 1612 410 1645 nis
436 1612 701 1646 commendatum
727 1612 766 1646 de
802 1613 1017 1657 Scapezzano,

362 1665 401 1699 de
425 1665 622 1699 Saxoserrato
640 1671 670 1699 et
691 1665 720 1698 S.
736 1666 850 1700 Mariae
868 1668 1019 1701 Fanensis

360 1719 527 1763 hospitalis
558 1719 587 1752 S.
603 1719 732 1752 Ioannis
761 1720 1020 1765 Hierosol3mita-

363 1772 410 1813 ni,
437 1772 513 1805 411.

273 1825 403 1860 CCXIX.
419 1825 600 1859 Mandatum
621 1826 806 1870 provinciali
834 1828 1018 1871 provinciae

361 1878 520 1913 Turoniae
533 1879 730 1913 Pictanensis
739 1879 868 1914 Ordinis
882 1882 1018 1916 fratrum

360 1932 517 1965 Minorum
538 1933 637 1966 sancti
655 1933 817 1968 Francisci
838 1935 877 1969 de
898 1935 1018 1970 Obser—

359 1985 479 2026 vantia,
495 1990 529 2019 ut
541 1986 695 2019 nonnulla
708 1987 848 2029 decreta,
864 1990 1017 2033 rescripta

362 2045 392 2074 et
416 2040 531 2073 Brevia
554 2050 572 2072 a
596 2041 874 2084 perturbatoribus
901 2044 1013 2078 obser-

360 2092 426 2127 vari
451 2093 557 2133 saciat,
583 2093 658 2127 414.

273 2146 384 2182 CCXX.
419 2145 630 2181 Confirmatio
673 2147 790 2182 decreti
828 2149 1013 2195 Congrega-

361 2200 457 2234 tionis
482 2200 708 2242 lmmunitatis‚
728 2203 826 2246 quod,
854 2213 912 2247 pro
937 2204 1017 2239 elee-

361 2254 500 2298 mosynis
526 2254 689 2296 frumenti,
715 2255 790 2297 vini,
819 2257 908 2291 lanae
927 2263 957 2291 et
977 2259 1017 2292 si-

360 2307 501 2349 milium,
530 2313 594 2342 tam
619 2309 714 2349 datis,
744 2321 839 2353 quam
865 2313 1013 2357 receptis,

360 2372 419 2406 pro
444 2362 530 2396 victu
563 2362 697 2396 fratrum
723 2364 880 2398 Minorum
912 2367 1013 2400 sancti

358 2416 522 2450 Francisci
555 2416 594 2450 de
626 2417 848 2460 Observantia,
885 2429 949 2453 non
974 2421 1014 2454 sit

361 2470 512 2504 solvenda
537 2469 672 2514 gabeHa,
698 2470 773 2504 415.

271 2523 397 2558 CCXXI.
432 2523 578 2557 Facultas
605 2524 720 2558 rectori
754 2532 783 2559 et
813 2526 1012 2570 sapientibus

359 2587 476 2621 operae
501 2577 765 2622 metropolitanae
790 2580 944 2614 ecclesiae
962 2581 1015 2614 Se-

412 2637 490 2668 Bull.
507 2638 590 2667 Rom.
615 2655 645 2660 —
670 2640 728 2668 Vol.
746 2640 820 2668 XVI.
968 2642 1018 2671 105

1168 220 1277 254 nensis
1310 220 1505 254 demoliendi
1531 222 1664 255 domum
1696 222 1824 256 archie-

1169 273 1367 318 piscopalem
1384 274 1566 315 Senensem,
1585 280 1615 308 et
1632 283 1688 319 pro
1706 276 1827 310 archie-

1168 327 1374 371 piscoporum
1407 328 1602 362 habitatione
1640 329 1821 373 assignandi

1168 381 1301 414 domum
1326 381 1469 415 eiusdem
1495 392 1622 425 operae,
1647 382 1722 416 416.

1079 432 1416 467 CCXXILDonativum
1430 434 1717 469 extraordinarium
1733 437 1822 480 regni

1168 486 1294 520 Siciliae
1327 494 1493 522 scutorum
1525 496 1654 523 centum
1686 490 1822 524 millium

1167 551 1223 584 pro
1260 552 1335 584 rege
1366 542 1526 576 catholico
1563 553 1621 587 pro
1657 554 1721 576 una
1756 543 1823 577 vice

1167 599 1305 635 tantum,
1331 595 1406 628 4117.

1078 646 1227 681 CCXXIII.
1246 648 1335 687 Quod
1351 650 1458 682 nullus
1477 650 1678 693 particularis
1695 650 1822 694 religio-

1176 711 1229 734 sus
1253 701 1498 745 Conrcgationis
1524 703 1753 736 canonicorum
1775 715 1822 737 re-

1165 754 1325 797 gularium
1350 755 1380 788 S.
1408 755 1577 799 Augustini
1608 757 1822 800 Portugalliae

1164 807 1265 851 possit
1297 807 1335 841 de
1366 813 1472 841 cetero
1504 809 1676 852 impetrare
1701 820 1718 841 a
1742 809 1821 844 Sede

1164 862 1343 905 Apostolica
1369 862 1514 905 quamvis
1539 862 1671 906 gratiam
1691 873 1821 897 concer-

1164 921 1293 949 nentem
1335 926 1505 948 commune
1539 916 1683 959 regimen
1717 917 1820 950 dictae

1163 968 1425 1012 Congregationis
1445 968 1513 1002 sine
1530 979 1687 1003 consensu
1705 975 1735 1003 et
1753 981 1821 1013 spe-

1163 1022 1234 1056 ciali
1260 1021 1389 1056 licentia
1414 1022 1544 1066 capituli
1571 1023 1730 1066 generalis
1758 1023 1818 1056 sub

1162 1077 1265 1120 poena
1277 1075 1430 1109 nullitatis
1444 1075 1559 1109 similis
1577 1076 1713 1120 gratiae,
1738 1076 1814 1111 4020.

1074 1128 1224 1164 CCXXIV.
1252 1129 1440 1163 Commissio
1464 1129 1650 1174 inquisitori
1669 1130 1818 1165 Melitano

1162 1193 1258 1227 super
1283 1182 1490 1217 concessione
1515 1183 1674 1216 facultatis
1706 1183 1818 1227 impo-

1160 1237 1256 1270 nendi
1267 1236 1537 1270 contributionem
1549 1237 1643 1270 trium
1653 1243 1818 1270 scutorum

1160 1300 1257 1333 super
1281 1290 1421 1333 qualibet
1446 1291 1545 1323 salma
1572 1290 1685 1324 terreni
1711 1291 1743 1323 in
1763 1290 1818 1323 in-

1162 1345 1232 1377 sula
1263 1343 1404 1377 Gaudisii
1434 1344 1601 1388 hospitalis
1632 1344 1663 1377 S.
1690 1344 1818 1377 Ioannis

1160 1397 1452 1441 Hierosolymitani,
1478 1397 1553 1431 4⁶20.

1072 1450 1208 1484 CCXXV.
1252 1452 1399 1484 Facultas
1443 1461 1559 1494 magno
1594 1450 1747 1493 magistro
1788 1455 1819 1485 et

1160 1503 1294 1538 consilio
1319 1504 1485 1548 hospitalis
1505 1504 1535 1537 S.
1560 1503 1690 1537 Ioannis
1710 1503 1820 1538 Hiero-

1161 1557 1345 1601 solymitani
1383 1558 1542 1592 condendi
1580 1557 1817 1591 ordinationem

1161 1621 1256 1655 super
1270 1611 1454 1654 receptione
1469 1611 1732 1654 cappellanorum
1746 1622 1817 1645 con-

1160 1665 1372 1705 ventualium,
1396 1664 1472 1698 422.

1071 1717 1220 1752 CCXXVI.
1260 1718 1467 1752 Confirmatio
1506 1718 1747 1752 ordinationum
1784 1718 1817 1752 in

1160 1772 1306 1816 pluribus
1331 1772 1478 1817 capitulis
1503 1772 1707 1816 generalibus
1728 1772 1817 1806 Ordi-

1158 1826 1206 1860 nis
1224 1826 1358 1860 fratrum
1373 1827 1633 1861 Praedicatorum
1649 1827 1815 1868 factarum,

1158 1891 1198 1913 ne
1216 1880 1287 1924 quis
1301 1880 1481 1923 religiosus,
1498 1879 1557 1913 sub
1577 1879 1733 1924 gravioris
1750 1881 1816 1913 cul-

1159 1945 1239 1978 pae,
1275 1945 1311 1966 ac
1347 1934 1442 1968 etiam
1478 1934 1815 1968 excommunicationis

1157 1988 1240 2021 latae
1274 1987 1465 2028 sententiae,
1493 1986 1649 2029 magistro
1674 1987 1814 2031 generali

1111 2035 1116 2039 ’
1156 2046 1347 2080 reservatae,
1378 2039 1657 2082 interminatione,
1690 2040 1811 2074 directe

1157 2093 1345 2127 divisionem
1366 2093 1442 2127 dicti
1469 2092 1596 2126 Ordinis
1613 2093 1663 2127 vel
1680 2093 1813 2127 institu-

1156 2148 1277 2181 tionem
1311 2147 1418 2180 vicarit
1459 2146 1617 2190 generalis
1650 2146 1812 2179 lndiarum

1155 2201 1266 2246 quovis
1291 2205 1458 2244 praetextu
1483 2204 1645 2243 procuret,
1673 2198 1747 2232 423.

1066 2255 1229 2291 ccxxvii
1247 2254 1454 2288 Confirmatio
1466 2254 1574 2287 statuti
1585 2253 1810 2298 Congregatio-

1153 2310 1201 2344 nis
1228 2309 1456 2342 canonicorum
1483 2307 1674 2341 secularium
1696 2307 1727 2340 S.
1755 2308 1811 2341 Io-

1155 2362 1245 2397 annis
1271 2362 1488 2406 Evangelistae
1514 2360 1601 2405 regni
1636 2361 1808 2404 Portugal-

1155 2418 1213 2451 liae
1239 2427 1335 2460 super
1364 2415 1565 2449 restrictione
1589 2415 1713 2449 numeri
1740 2415 1810 2450 ele-

1154 2477 1278 2506 ctorum
1304 2470 1462 2514 generalis
1496 2469 1637 2503 eiusdem
1663 2469 1808 2514 Congre-

1153 2524 1286 2569 gationi‚
1314 2523 1390 2557 425.

1066 2579 1242 2615 CCXXVllI.
1259 2577 1467 2613 Confirmatio
1481 2576 1692 2622 quarumdam
1703 2576 1807 2612 decla-
