<?xml version="1.0" encoding="UTF-8"?>
<!DOCTYPE html PUBLIC "-//W3C//DTD XHTML 1.0 Transitional//EN"
    "http://www.w3.org/TR/xhtml1/DTD/xhtml1-transitional.dtd">
<html xmlns="http://www.w3.org/1999/xhtml" xml:lang="en" lang="en">
 <head>
  <title>
</title>
<meta http-equiv="Content-Type" content="text/html;charset=utf-8" />
  <meta name='ocr-system' content='tesseract 3.04.00' />
  <meta name='ocr-capabilities' content='ocr_page ocr_carea ocr_par ocr_line ocrx_word'/>
</head>
<body>
  <div class='ocr_page' id='page_1' title='image "./bullarumdiplomat16cath_0588.png"; bbox 0 0 2243 3205; ppageno 0'>
   <div class='ocr_carea' id='block_1_1' title="bbox 244 169 538 204">
    <p class='ocr_par' dir='ltr' id='par_1_1' title="bbox 244 169 538 204">
     <span class='ocr_line' id='line_1_1' title="bbox 244 169 538 204; baseline -0.01 -2"><span class='ocrx_word' id='word_1_1' title='bbox 244 176 291 203; x_wconf 83' lang='lat' dir='ltr'>An.</span> <span class='ocrx_word' id='word_1_2' title='bbox 314 176 342 203; x_wconf 92' lang='lat' dir='ltr'>C.</span> <span class='ocrx_word' id='word_1_3' title='bbox 366 177 433 204; x_wconf 79' lang='lat'>1660</span> <span class='ocrx_word' id='word_1_4' title='bbox 479 169 538 201; x_wconf 57' lang='lat'>535</span> 
     </span>
    </p>
   </div>
   <div class='ocr_carea' id='block_1_2' title="bbox 443 226 1224 2620">
    <p class='ocr_par' dir='ltr' id='par_1_2' title="bbox 443 226 1184 363">
     <span class='ocr_line' id='line_1_2' title="bbox 443 226 1184 271; baseline 0.005 -13"><span class='ocrx_word' id='word_1_5' title='bbox 443 226 620 259; x_wconf 75' lang='lat' dir='ltr'>sacerdotes</span> <span class='ocrx_word' id='word_1_6' title='bbox 645 226 771 259; x_wconf 87' lang='lat' dir='ltr'>missam</span> <span class='ocrx_word' id='word_1_7' title='bbox 789 237 882 260; x_wconf 81' lang='lat' dir='ltr'>unani</span> <span class='ocrx_word' id='word_1_8' title='bbox 897 238 955 271; x_wconf 87' lang='lat' dir='ltr'>pro</span> <span class='ocrx_word' id='word_1_9' title='bbox 973 228 1076 262; x_wconf 71' lang='lat' dir='ltr'>anima</span> <span class='ocrx_word' id='word_1_10' title='bbox 1097 229 1184 262; x_wconf 90' lang='lat' dir='ltr'>ducis</span> 
     </span>
     <span class='ocr_line' id='line_1_3' title="bbox 445 278 1184 321; baseline 0.007 -12"><span class='ocrx_word' id='word_1_11' title='bbox 445 278 621 321; x_wconf 89' lang='lat' dir='ltr'>respective</span> <span class='ocrx_word' id='word_1_12' title='bbox 637 278 682 311; x_wconf 86' lang='lat' dir='ltr'>vel</span> <span class='ocrx_word' id='word_1_13' title='bbox 692 279 833 312; x_wconf 83' lang='lat' dir='ltr'>ducissae</span> <span class='ocrx_word' id='word_1_14' title='bbox 848 279 1011 318; x_wconf 72' lang='lat' dir='ltr'>defunctae</span> <span class='ocrx_word' id='word_1_15' title='bbox 1024 281 1184 314; x_wconf 90' lang='lat' dir='ltr'>celebrare</span> 
     </span>
     <span class='ocr_line' id='line_1_4' title="bbox 446 335 619 363; baseline 0.012 -2"><span class='ocrx_word' id='word_1_16' title='bbox 446 335 619 363; x_wconf 89' lang='lat' dir='ltr'>teneantur.</span> 
     </span>
    </p>

    <p class='ocr_par' dir='ltr' id='par_1_3' title="bbox 445 384 1203 578">
     <span class='ocr_line' id='line_1_5' title="bbox 490 384 1203 419; baseline 0.006 -4"><span class='ocrx_word' id='word_1_17' title='bbox 490 393 542 416; x_wconf 83' lang='lat' dir='ltr'>vn.</span> <span class='ocrx_word' id='word_1_18' title='bbox 568 384 773 418; x_wconf 87' lang='lat' dir='ltr'>Morientibus</span> <span class='ocrx_word' id='word_1_19' title='bbox 797 396 872 419; x_wconf 87' lang='lat' dir='ltr'>vero</span> <span class='ocrx_word' id='word_1_20' title='bbox 903 386 1064 419; x_wconf 80' lang='lat' dir='ltr'>hodiernis</span> <span class='ocrx_word' id='word_1_21' title='bbox 1096 386 1203 419; x_wconf 72' lang='lat' dir='ltr'>dictis*</span> 
     </span>
     <span class='ocr_line' id='line_1_6' title="bbox 446 436 1184 482; baseline 0.004 -13"><span class='ocrx_word' id='word_1_22' title='bbox 446 436 524 469; x_wconf 87' lang='lat' dir='ltr'>duce</span> <span class='ocrx_word' id='word_1_23' title='bbox 549 440 578 470; x_wconf 87' lang='lat' dir='ltr'>et</span> <span class='ocrx_word' id='word_1_24' title='bbox 602 437 737 478; x_wconf 74' lang='lat' dir='ltr'>ducissa,</span> <span class='ocrx_word' id='word_1_25' title='bbox 755 438 786 470; x_wconf 90' lang='lat' dir='ltr'>in</span> <span class='ocrx_word' id='word_1_26' title='bbox 803 438 988 482; x_wconf 80' lang='lat' dir='ltr'>suffragium</span> <span class='ocrx_word' id='word_1_27' title='bbox 1009 439 1184 472; x_wconf 88' lang='lat' dir='ltr'>animarum</span> 
     </span>
     <span class='ocr_line' id='line_1_7' title="bbox 446 490 1187 536; baseline 0.005 -14"><span class='ocrx_word' id='word_1_28' title='bbox 446 500 573 522; x_wconf 90' lang='lat' dir='ltr'>suarum</span> <span class='ocrx_word' id='word_1_29' title='bbox 582 490 752 534; x_wconf 78' lang='lat' dir='ltr'>participes</span> <span class='ocrx_word' id='word_1_30' title='bbox 765 491 937 525; x_wconf 89' lang='lat' dir='ltr'>reddantur</span> <span class='ocrx_word' id='word_1_31' title='bbox 947 492 1102 526; x_wconf 89' lang='lat' dir='ltr'>honorum</span> <span class='ocrx_word' id='word_1_32' title='bbox 1116 503 1187 536; x_wconf 93' lang='lat' dir='ltr'>ope-</span> 
     </span>
     <span class='ocr_line' id='line_1_8' title="bbox 445 543 886 578; baseline 0.007 -3"><span class='ocrx_word' id='word_1_33' title='bbox 445 554 516 575; x_wconf 90' lang='lat' dir='ltr'>rum</span> <span class='ocrx_word' id='word_1_34' title='bbox 538 543 632 576; x_wconf 89' lang='lat' dir='ltr'>totius</span> <span class='ocrx_word' id='word_1_35' title='bbox 650 544 886 578; x_wconf 85' lang='lat' dir='ltr'>recollectionis.</span> 
     </span>
    </p>

    <p class='ocr_par' dir='ltr' id='par_1_4' title="bbox 446 597 1189 1002">
     <span class='ocr_line' id='line_1_9' title="bbox 492 597 1186 631; baseline 0.004 -3"><span class='ocrx_word' id='word_1_36' title='bbox 492 606 557 629; x_wconf 82' lang='lat' dir='ltr'>vm.</span> <span class='ocrx_word' id='word_1_37' title='bbox 577 597 673 630; x_wconf 89' lang='lat' dir='ltr'>Prout</span> <span class='ocrx_word' id='word_1_38' title='bbox 697 603 726 630; x_wconf 89' lang='lat' dir='ltr'>et</span> <span class='ocrx_word' id='word_1_39' title='bbox 750 597 824 631; x_wconf 90' lang='lat' dir='ltr'>dicti</span> <span class='ocrx_word' id='word_1_40' title='bbox 844 598 989 631; x_wconf 84' lang='lat' dir='ltr'>hodierni</span> <span class='ocrx_word' id='word_1_41' title='bbox 1010 598 1070 631; x_wconf 86' lang='lat' dir='ltr'>dux</span> <span class='ocrx_word' id='word_1_42' title='bbox 1088 604 1118 631; x_wconf 87' lang='lat' dir='ltr'>et</span> <span class='ocrx_word' id='word_1_43' title='bbox 1134 598 1186 631; x_wconf 90' lang='lat' dir='ltr'>du-</span> 
     </span>
     <span class='ocr_line' id='line_1_10' title="bbox 446 648 1186 696; baseline 0.004 -16"><span class='ocrx_word' id='word_1_44' title='bbox 446 648 545 689; x_wconf 81' lang='lat' dir='ltr'>cissa,</span> <span class='ocrx_word' id='word_1_45' title='bbox 571 649 651 682; x_wconf 88' lang='lat' dir='ltr'>sicut</span> <span class='ocrx_word' id='word_1_46' title='bbox 675 650 768 683; x_wconf 88' lang='lat' dir='ltr'>etiam</span> <span class='ocrx_word' id='word_1_47' title='bbox 793 656 957 696; x_wconf 84' lang='lat' dir='ltr'>eteorum</span> <span class='ocrx_word' id='word_1_48' title='bbox 990 661 1186 684; x_wconf 80' lang='lat' dir='ltr'>successores</span> 
     </span>
     <span class='ocr_line' id='line_1_11' title="bbox 446 701 1188 748; baseline 0.003 -15"><span class='ocrx_word' id='word_1_49' title='bbox 446 701 477 734; x_wconf 89' lang='lat' dir='ltr'>in</span> <span class='ocrx_word' id='word_1_50' title='bbox 504 702 628 743; x_wconf 90' lang='lat' dir='ltr'>ducatu,</span> <span class='ocrx_word' id='word_1_51' title='bbox 650 703 818 747; x_wconf 80' lang='lat' dir='ltr'>participes</span> <span class='ocrx_word' id='word_1_52' title='bbox 839 704 914 736; x_wconf 85' lang='lat' dir='ltr'>fiant</span> <span class='ocrx_word' id='word_1_53' title='bbox 938 703 1109 748; x_wconf 90' lang='lat' dir='ltr'>spiritualis</span> <span class='ocrx_word' id='word_1_54' title='bbox 1125 703 1188 736; x_wconf 91' lang='lat' dir='ltr'>fru-</span> 
     </span>
     <span class='ocr_line' id='line_1_12' title="bbox 448 756 1188 799; baseline 0.003 -13"><span class='ocrx_word' id='word_1_55' title='bbox 448 759 526 795; x_wconf 88' lang='lat' dir='ltr'>ctus,</span> <span class='ocrx_word' id='word_1_56' title='bbox 545 766 637 799; x_wconf 90' lang='lat' dir='ltr'>quem</span> <span class='ocrx_word' id='word_1_57' title='bbox 666 756 807 799; x_wconf 82' lang='lat' dir='ltr'>religiosi</span> <span class='ocrx_word' id='word_1_58' title='bbox 837 757 931 793; x_wconf 85' lang='lat' dir='ltr'>totius</span> <span class='ocrx_word' id='word_1_59' title='bbox 959 756 1188 790; x_wconf 89' lang='lat' dir='ltr'>recollectionis</span> 
     </span>
     <span class='ocr_line' id='line_1_13' title="bbox 448 808 1187 854; baseline 0.003 -14"><span class='ocrx_word' id='word_1_60' title='bbox 448 808 578 849; x_wconf 88' lang='lat' dir='ltr'>orando,</span> <span class='ocrx_word' id='word_1_61' title='bbox 599 808 778 850; x_wconf 84' lang='lat' dir='ltr'>ieiunando,</span> <span class='ocrx_word' id='word_1_62' title='bbox 795 810 917 854; x_wconf 89' lang='lat' dir='ltr'>aliaque</span> <span class='ocrx_word' id='word_1_63' title='bbox 935 809 985 854; x_wconf 88' lang='lat' dir='ltr'>pia</span> <span class='ocrx_word' id='word_1_64' title='bbox 1002 820 1098 853; x_wconf 88' lang='lat' dir='ltr'>opera</span> <span class='ocrx_word' id='word_1_65' title='bbox 1125 815 1187 842; x_wconf 88' lang='lat' dir='ltr'>tam</span> 
     </span>
     <span class='ocr_line' id='line_1_14' title="bbox 448 862 1188 907; baseline 0.003 -14"><span class='ocrx_word' id='word_1_66' title='bbox 448 862 627 894; x_wconf 86' lang='lat' dir='ltr'>communia</span> <span class='ocrx_word' id='word_1_67' title='bbox 645 873 740 906; x_wconf 87' lang='lat' dir='ltr'>quam</span> <span class='ocrx_word' id='word_1_68' title='bbox 768 863 973 907; x_wconf 84' lang='lat' dir='ltr'>particularia</span> <span class='ocrx_word' id='word_1_69' title='bbox 1001 863 1188 904; x_wconf 88' lang='lat' dir='ltr'>exercendo,</span> 
     </span>
     <span class='ocr_line' id='line_1_15' title="bbox 448 916 1189 961; baseline 0.001 -13"><span class='ocrx_word' id='word_1_70' title='bbox 448 926 483 948; x_wconf 88' lang='lat' dir='ltr'>ac</span> <span class='ocrx_word' id='word_1_71' title='bbox 508 916 695 959; x_wconf 85' lang='lat' dir='ltr'>praesertim</span> <span class='ocrx_word' id='word_1_72' title='bbox 721 917 860 960; x_wconf 86' lang='lat' dir='ltr'>captivos</span> <span class='ocrx_word' id='word_1_73' title='bbox 886 917 1080 959; x_wconf 83' lang='lat' dir='ltr'>redimendo,</span> <span class='ocrx_word' id='word_1_74' title='bbox 1106 917 1189 961; x_wconf 84' lang='lat' dir='ltr'>apud</span> 
     </span>
     <span class='ocr_line' id='line_1_16' title="bbox 450 968 738 1002; baseline 0.007 -2"><span class='ocrx_word' id='word_1_75' title='bbox 450 968 547 1001; x_wconf 88' lang='lat' dir='ltr'>Deum</span> <span class='ocrx_word' id='word_1_76' title='bbox 566 969 738 1002; x_wconf 89' lang='lat' dir='ltr'>lucrantur.</span> 
     </span>
    </p>

    <p class='ocr_par' dir='ltr' id='par_1_5' title="bbox 450 1023 1197 1712">
     <span class='ocr_line' id='line_1_17' title="bbox 493 1023 1191 1068; baseline 0.003 -13"><span class='ocrx_word' id='word_1_77' title='bbox 493 1032 532 1056; x_wconf 83' lang='lat' dir='ltr'>lx.</span> <span class='ocrx_word' id='word_1_78' title='bbox 560 1023 679 1066; x_wconf 87' lang='lat' dir='ltr'>Itidem,</span> <span class='ocrx_word' id='word_1_79' title='bbox 705 1024 866 1068; x_wconf 79' lang='lat' dir='ltr'>supposita</span> <span class='ocrx_word' id='word_1_80' title='bbox 891 1026 1095 1068; x_wconf 72' lang='lat' dir='ltr'>praenarrata</span> <span class='ocrx_word' id='word_1_81' title='bbox 1121 1034 1191 1057; x_wconf 92' lang='lat' dir='ltr'>con-</span> 
     </span>
     <span class='ocr_line' id='line_1_18' title="bbox 450 1076 1190 1122; baseline 0.004 -14"><span class='ocrx_word' id='word_1_82' title='bbox 450 1076 621 1111; x_wconf 90' lang='lat' dir='ltr'>tributione</span> <span class='ocrx_word' id='word_1_83' title='bbox 646 1083 807 1111; x_wconf 88' lang='lat' dir='ltr'>scutorum</span> <span class='ocrx_word' id='word_1_84' title='bbox 831 1084 1045 1112; x_wconf 88' lang='lat' dir='ltr'>trecentorum</span> <span class='ocrx_word' id='word_1_85' title='bbox 1063 1089 1120 1122; x_wconf 88' lang='lat' dir='ltr'>per</span> <span class='ocrx_word' id='word_1_86' title='bbox 1137 1078 1190 1111; x_wconf 92' lang='lat' dir='ltr'>do-</span> 
     </span>
     <span class='ocr_line' id='line_1_19' title="bbox 450 1131 1192 1172; baseline 0.001 -9"><span class='ocrx_word' id='word_1_87' title='bbox 450 1131 571 1164; x_wconf 89' lang='lat' dir='ltr'>minum</span> <span class='ocrx_word' id='word_1_88' title='bbox 589 1131 701 1164; x_wconf 76' lang='lat' dir='ltr'>duceni</span> <span class='ocrx_word' id='word_1_89' title='bbox 720 1138 749 1164; x_wconf 88' lang='lat' dir='ltr'>et</span> <span class='ocrx_word' id='word_1_90' title='bbox 767 1142 965 1165; x_wconf 83' lang='lat' dir='ltr'>successores</span> <span class='ocrx_word' id='word_1_91' title='bbox 980 1132 1010 1164; x_wconf 93' lang='lat' dir='ltr'>in</span> <span class='ocrx_word' id='word_1_92' title='bbox 1024 1131 1192 1172; x_wconf 90' lang='lat' dir='ltr'>ducatu,ut</span> 
     </span>
     <span class='ocr_line' id='line_1_20' title="bbox 451 1185 1192 1229; baseline 0 -11"><span class='ocrx_word' id='word_1_93' title='bbox 451 1196 546 1229; x_wconf 87' lang='lat' dir='ltr'>supra</span> <span class='ocrx_word' id='word_1_94' title='bbox 571 1185 722 1227; x_wconf 78' lang='lat' dir='ltr'>facienda,</span> <span class='ocrx_word' id='word_1_95' title='bbox 741 1185 841 1218; x_wconf 90' lang='lat' dir='ltr'>eidem</span> <span class='ocrx_word' id='word_1_96' title='bbox 861 1186 1043 1219; x_wconf 79' lang='lat' dir='ltr'>conceditur</span> <span class='ocrx_word' id='word_1_97' title='bbox 1064 1186 1192 1219; x_wconf 76' lang='lat' dir='ltr'>facultas</span> 
     </span>
     <span class='ocr_line' id='line_1_21' title="bbox 451 1239 1193 1283; baseline 0 -12"><span class='ocrx_word' id='word_1_98' title='bbox 451 1239 633 1282; x_wconf 72' lang='lat' dir='ltr'>nominandi</span> <span class='ocrx_word' id='word_1_99' title='bbox 660 1239 706 1272; x_wconf 88' lang='lat' dir='ltr'>vel</span> <span class='ocrx_word' id='word_1_100' title='bbox 733 1239 903 1283; x_wconf 88' lang='lat' dir='ltr'>deputandi</span> <span class='ocrx_word' id='word_1_101' title='bbox 920 1239 1037 1281; x_wconf 91' lang='lat' dir='ltr'>locum,</span> <span class='ocrx_word' id='word_1_102' title='bbox 1055 1249 1109 1272; x_wconf 89' lang='lat' dir='ltr'>seu</span> <span class='ocrx_word' id='word_1_103' title='bbox 1127 1250 1193 1272; x_wconf 91' lang='lat' dir='ltr'>mo-</span> 
     </span>
     <span class='ocr_line' id='line_1_22' title="bbox 451 1292 1193 1335; baseline 0 -10"><span class='ocrx_word' id='word_1_104' title='bbox 451 1293 636 1333; x_wconf 86' lang='lat' dir='ltr'>nasterium,</span> <span class='ocrx_word' id='word_1_105' title='bbox 652 1292 703 1325; x_wconf 89' lang='lat' dir='ltr'>ubi</span> <span class='ocrx_word' id='word_1_106' title='bbox 725 1292 857 1335; x_wconf 77' lang='lat' dir='ltr'>singulis</span> <span class='ocrx_word' id='word_1_107' title='bbox 873 1292 1015 1325; x_wconf 77' lang='lat' dir='ltr'>trienniis</span> <span class='ocrx_word' id='word_1_108' title='bbox 1040 1292 1193 1325; x_wconf 85' lang='lat' dir='ltr'>celebrari</span> 
     </span>
     <span class='ocr_line' id='line_1_23' title="bbox 453 1346 1194 1391; baseline 0 -12"><span class='ocrx_word' id='word_1_109' title='bbox 453 1346 564 1380; x_wconf 86' lang='lat' dir='ltr'>debeat</span> <span class='ocrx_word' id='word_1_110' title='bbox 590 1347 762 1391; x_wconf 86' lang='lat' dir='ltr'>capitulum</span> <span class='ocrx_word' id='word_1_111' title='bbox 788 1346 979 1391; x_wconf 82' lang='lat' dir='ltr'>provinciale</span> <span class='ocrx_word' id='word_1_112' title='bbox 1014 1347 1194 1390; x_wconf 82' lang='lat' dir='ltr'>provinciae</span> 
     </span>
     <span class='ocr_line' id='line_1_24' title="bbox 454 1400 1194 1444; baseline 0 -11"><span class='ocrx_word' id='word_1_113' title='bbox 454 1401 658 1440; x_wconf 75' lang='lat' dir='ltr'>Andalusiae,</span> <span class='ocrx_word' id='word_1_114' title='bbox 684 1401 725 1433; x_wconf 89' lang='lat' dir='ltr'>ita</span> <span class='ocrx_word' id='word_1_115' title='bbox 749 1404 852 1435; x_wconf 83' lang='lat' dir='ltr'>tamen</span> <span class='ocrx_word' id='word_1_116' title='bbox 873 1405 907 1433; x_wconf 90' lang='lat' dir='ltr'>ut</span> <span class='ocrx_word' id='word_1_117' title='bbox 930 1400 1104 1433; x_wconf 85' lang='lat' dir='ltr'>nominatio</span> <span class='ocrx_word' id='word_1_118' title='bbox 1130 1401 1194 1444; x_wconf 87' lang='lat' dir='ltr'>ipsa</span> 
     </span>
     <span class='ocr_line' id='line_1_25' title="bbox 454 1453 1194 1497; baseline 0 -11"><span class='ocrx_word' id='word_1_119' title='bbox 454 1455 509 1487; x_wconf 86' lang='lat' dir='ltr'>fiat</span> <span class='ocrx_word' id='word_1_120' title='bbox 540 1454 571 1486; x_wconf 90' lang='lat' dir='ltr'>in</span> <span class='ocrx_word' id='word_1_121' title='bbox 601 1453 798 1487; x_wconf 71' lang='lat' dir='ltr'>antecedenti</span> <span class='ocrx_word' id='word_1_122' title='bbox 829 1453 965 1497; x_wconf 87' lang='lat' dir='ltr'>capitulo</span> <span class='ocrx_word' id='word_1_123' title='bbox 996 1464 1054 1497; x_wconf 89' lang='lat' dir='ltr'>pro</span> <span class='ocrx_word' id='word_1_124' title='bbox 1086 1453 1194 1486; x_wconf 88' lang='lat' dir='ltr'>subse-</span> 
     </span>
     <span class='ocr_line' id='line_1_26' title="bbox 455 1507 1196 1551; baseline -0.001 -11"><span class='ocrx_word' id='word_1_125' title='bbox 455 1507 577 1551; x_wconf 83' lang='lat' dir='ltr'>quenti;</span> <span class='ocrx_word' id='word_1_126' title='bbox 592 1513 631 1548; x_wconf 86' lang='lat' dir='ltr'>et,</span> <span class='ocrx_word' id='word_1_127' title='bbox 649 1507 673 1540; x_wconf 80' lang='lat' dir='ltr'>si</span> <span class='ocrx_word' id='word_1_128' title='bbox 692 1508 779 1540; x_wconf 89' lang='lat' dir='ltr'>locus</span> <span class='ocrx_word' id='word_1_129' title='bbox 797 1507 976 1540; x_wconf 86' lang='lat' dir='ltr'>nominatus</span> <span class='ocrx_word' id='word_1_130' title='bbox 1002 1507 1137 1551; x_wconf 80' lang='lat' dir='ltr'>aliquam</span> <span class='ocrx_word' id='word_1_131' title='bbox 1156 1507 1196 1540; x_wconf 92' lang='lat' dir='ltr'>ob</span> 
     </span>
     <span class='ocr_line' id='line_1_27' title="bbox 456 1560 1197 1604; baseline -0.001 -11"><span class='ocrx_word' id='word_1_132' title='bbox 456 1571 580 1594; x_wconf 88' lang='lat' dir='ltr'>causam</span> <span class='ocrx_word' id='word_1_133' title='bbox 618 1560 754 1604; x_wconf 90' lang='lat' dir='ltr'>capitulo</span> <span class='ocrx_word' id='word_1_134' title='bbox 792 1560 895 1593; x_wconf 85' lang='lat' dir='ltr'>minus</span> <span class='ocrx_word' id='word_1_135' title='bbox 933 1560 1075 1604; x_wconf 84' lang='lat' dir='ltr'>placeat,</span> <span class='ocrx_word' id='word_1_136' title='bbox 1106 1560 1197 1593; x_wconf 88' lang='lat' dir='ltr'>liceat</span> 
     </span>
     <span class='ocr_line' id='line_1_28' title="bbox 456 1614 1197 1658; baseline -0.001 -11"><span class='ocrx_word' id='word_1_137' title='bbox 456 1615 528 1647; x_wconf 88' lang='lat' dir='ltr'>alibi</span> <span class='ocrx_word' id='word_1_138' title='bbox 554 1614 692 1658; x_wconf 88' lang='lat' dir='ltr'>propriis</span> <span class='ocrx_word' id='word_1_139' title='bbox 725 1614 869 1658; x_wconf 82' lang='lat' dir='ltr'>expensis</span> <span class='ocrx_word' id='word_1_140' title='bbox 894 1614 1077 1654; x_wconf 87' lang='lat' dir='ltr'>celebrare,</span> <span class='ocrx_word' id='word_1_141' title='bbox 1103 1619 1136 1646; x_wconf 86' lang='lat' dir='ltr'>ut</span> <span class='ocrx_word' id='word_1_142' title='bbox 1160 1614 1197 1646; x_wconf 90' lang='lat' dir='ltr'>de</span> 
     </span>
     <span class='ocr_line' id='line_1_29' title="bbox 457 1667 1100 1712; baseline -0.002 -12"><span class='ocrx_word' id='word_1_143' title='bbox 457 1668 593 1712; x_wconf 85' lang='lat' dir='ltr'>capitulo</span> <span class='ocrx_word' id='word_1_144' title='bbox 618 1668 756 1710; x_wconf 76' lang='lat' dir='ltr'>generali</span> <span class='ocrx_word' id='word_1_145' title='bbox 783 1678 878 1711; x_wconf 86' lang='lat' dir='ltr'>supra</span> <span class='ocrx_word' id='word_1_146' title='bbox 903 1667 1021 1700; x_wconf 92' lang='lat' dir='ltr'>dictum</span> <span class='ocrx_word' id='word_1_147' title='bbox 1046 1672 1100 1699; x_wconf 88' lang='lat' dir='ltr'>est.</span> 
     </span>
    </p>

    <p class='ocr_par' dir='ltr' id='par_1_6' title="bbox 458 1720 1224 2556">
     <span class='ocr_line' id='line_1_30' title="bbox 502 1720 1199 1764; baseline -0.001 -11"><span class='ocrx_word' id='word_1_148' title='bbox 502 1731 530 1753; x_wconf 84' lang='lat' dir='ltr'>x.</span> <span class='ocrx_word' id='word_1_149' title='bbox 558 1720 706 1763; x_wconf 77' lang='lat' dir='ltr'>Religiosi</span> <span class='ocrx_word' id='word_1_150' title='bbox 732 1731 840 1754; x_wconf 89' lang='lat' dir='ltr'>omnes</span> <span class='ocrx_word' id='word_1_151' title='bbox 865 1720 1058 1761; x_wconf 85' lang='lat' dir='ltr'>sacerdotes,</span> <span class='ocrx_word' id='word_1_152' title='bbox 1083 1720 1137 1764; x_wconf 86' lang='lat' dir='ltr'>qui</span> <span class='ocrx_word' id='word_1_153' title='bbox 1169 1720 1199 1752; x_wconf 92' lang='lat' dir='ltr'>in</span> 
     </span>
     <span class='ocr_line' id='line_1_31' title="bbox 458 1774 1198 1818; baseline -0.003 -10"><span class='ocrx_word' id='word_1_154' title='bbox 458 1775 594 1818; x_wconf 85' lang='lat' dir='ltr'>capitulo</span> <span class='ocrx_word' id='word_1_155' title='bbox 631 1774 816 1818; x_wconf 75' lang='lat' dir='ltr'>provinCIali</span> <span class='ocrx_word' id='word_1_156' title='bbox 848 1774 1029 1818; x_wconf 88' lang='lat' dir='ltr'>provinciae</span> <span class='ocrx_word' id='word_1_157' title='bbox 1064 1774 1198 1806; x_wconf 88' lang='lat' dir='ltr'>Andalu-</span> 
     </span>
     <span class='ocr_line' id='line_1_32' title="bbox 458 1827 1200 1871; baseline -0.001 -10"><span class='ocrx_word' id='word_1_158' title='bbox 458 1829 521 1861; x_wconf 86' lang='lat' dir='ltr'>siae</span> <span class='ocrx_word' id='word_1_159' title='bbox 547 1828 765 1868; x_wconf 79' lang='lat' dir='ltr'>intervenient,</span> <span class='ocrx_word' id='word_1_160' title='bbox 783 1827 933 1871; x_wconf 82' lang='lat' dir='ltr'>quotidie,</span> <span class='ocrx_word' id='word_1_161' title='bbox 959 1828 1091 1860; x_wconf 89' lang='lat' dir='ltr'>durante</span> <span class='ocrx_word' id='word_1_162' title='bbox 1117 1827 1200 1860; x_wconf 89' lang='lat' dir='ltr'>dicto</span> 
     </span>
     <span class='ocr_line' id='line_1_33' title="bbox 459 1881 1201 1925; baseline -0.001 -11"><span class='ocrx_word' id='word_1_163' title='bbox 459 1882 606 1925; x_wconf 84' lang='lat' dir='ltr'>capitulo,</span> <span class='ocrx_word' id='word_1_164' title='bbox 625 1881 751 1914; x_wconf 85' lang='lat' dir='ltr'>missam</span> <span class='ocrx_word' id='word_1_165' title='bbox 773 1881 934 1914; x_wconf 87' lang='lat' dir='ltr'>celebrare</span> <span class='ocrx_word' id='word_1_166' title='bbox 954 1886 1119 1913; x_wconf 89' lang='lat' dir='ltr'>teneantur</span> <span class='ocrx_word' id='word_1_167' title='bbox 1143 1891 1201 1924; x_wconf 94' lang='lat' dir='ltr'>pro</span> 
     </span>
     <span class='ocr_line' id='line_1_34' title="bbox 460 1934 1220 1978; baseline -0.001 -11"><span class='ocrx_word' id='word_1_168' title='bbox 460 1935 593 1968; x_wconf 88' lang='lat' dir='ltr'>ducibus</span> <span class='ocrx_word' id='word_1_169' title='bbox 622 1935 762 1978; x_wconf 89' lang='lat' dir='ltr'>patronis</span> <span class='ocrx_word' id='word_1_170' title='bbox 795 1934 872 1967; x_wconf 89' lang='lat' dir='ltr'>vivis</span> <span class='ocrx_word' id='word_1_171' title='bbox 907 1940 1000 1978; x_wconf 89' lang='lat' dir='ltr'>atque</span> <span class='ocrx_word' id='word_1_172' title='bbox 1025 1934 1220 1974; x_wconf 84' lang='lat' dir='ltr'>defunctis;·</span> 
     </span>
     <span class='ocr_line' id='line_1_35' title="bbox 462 1988 1221 2032; baseline 0 -11"><span class='ocrx_word' id='word_1_173' title='bbox 462 1989 590 2032; x_wconf 80' lang='lat' dir='ltr'>insuper</span> <span class='ocrx_word' id='word_1_174' title='bbox 615 1988 656 2021; x_wconf 87' lang='lat' dir='ltr'>ibi</span> <span class='ocrx_word' id='word_1_175' title='bbox 682 1999 743 2021; x_wconf 88' lang='lat' dir='ltr'>una</span> <span class='ocrx_word' id='word_1_176' title='bbox 769 1988 864 2021; x_wconf 86' lang='lat' dir='ltr'>missa</span> <span class='ocrx_word' id='word_1_177' title='bbox 889 1988 1038 2021; x_wconf 87' lang='lat' dir='ltr'>solemnis</span> <span class='ocrx_word' id='word_1_178' title='bbox 1064 1999 1122 2032; x_wconf 88' lang='lat' dir='ltr'>pro</span> <span class='ocrx_word' id='word_1_179' title='bbox 1147 1988 1221 2027; x_wconf 63' lang='lat' dir='ltr'>dez-³¹</span> 
     </span>
     <span class='ocr_line' id='line_1_36' title="bbox 461 2039 1221 2085; baseline -0.003 -10"><span class='ocrx_word' id='word_1_180' title='bbox 461 2042 574 2075; x_wconf 87' lang='lat' dir='ltr'>functis</span> <span class='ocrx_word' id='word_1_181' title='bbox 599 2041 739 2085; x_wconf 88' lang='lat' dir='ltr'>patronis</span> <span class='ocrx_word' id='word_1_182' title='bbox 770 2047 918 2082; x_wconf 83' lang='lat' dir='ltr'>canetur,</span> <span class='ocrx_word' id='word_1_183' title='bbox 944 2039 1221 2082; x_wconf 61' lang='lat' dir='ltr'>descendentibus}</span> 
     </span>
     <span class='ocr_line' id='line_1_37' title="bbox 462 2088 1222 2139; baseline 0 -11"><span class='ocrx_word' id='word_1_184' title='bbox 462 2095 619 2138; x_wconf 75' lang='lat' dir='ltr'>religiosis</span> <span class='ocrx_word' id='word_1_185' title='bbox 633 2095 780 2127; x_wconf 88' lang='lat' dir='ltr'>omnibus</span> <span class='ocrx_word' id='word_1_186' title='bbox 795 2095 1052 2127; x_wconf 88' lang='lat' dir='ltr'>interessentibus</span> <span class='ocrx_word' id='word_1_187' title='bbox 1067 2094 1203 2139; x_wconf 86' lang='lat' dir='ltr'>capitulo</span> <span class='ocrx_word' id='word_1_188' title='bbox 1220 2088 1222 2109; x_wconf 75' lang='lat'><em>¹</em></span> 
     </span>
     <span class='ocr_line' id='line_1_38' title="bbox 463 2148 1223 2195; baseline -0.001 -13"><span class='ocrx_word' id='word_1_189' title='bbox 463 2149 500 2182; x_wconf 91' lang='lat' dir='ltr'>ad</span> <span class='ocrx_word' id='word_1_190' title='bbox 527 2149 664 2182; x_wconf 89' lang='lat' dir='ltr'>medium</span> <span class='ocrx_word' id='word_1_191' title='bbox 691 2149 840 2182; x_wconf 88' lang='lat' dir='ltr'>ecclesiae</span> <span class='ocrx_word' id='word_1_192' title='bbox 875 2149 913 2181; x_wconf 85' lang='lat' dir='ltr'>ad</span> <span class='ocrx_word' id='word_1_193' title='bbox 939 2148 1115 2181; x_wconf 88' lang='lat' dir='ltr'>cauendum</span> <span class='ocrx_word' id='word_1_194' title='bbox 1141 2159 1223 2195; x_wconf 66' lang='lat' dir='ltr'>res-⁴</span> 
     </span>
     <span class='ocr_line' id='line_1_39' title="bbox 462 2202 1223 2248; baseline -0.001 -13"><span class='ocrx_word' id='word_1_195' title='bbox 462 2202 647 2247; x_wconf 88' lang='lat' dir='ltr'>ponsorium</span> <span class='ocrx_word' id='word_1_196' title='bbox 669 2213 766 2246; x_wconf 87' lang='lat' dir='ltr'>prope</span> <span class='ocrx_word' id='word_1_197' title='bbox 792 2202 946 2234; x_wconf 88' lang='lat' dir='ltr'>tumulum</span> <span class='ocrx_word' id='word_1_198' title='bbox 967 2202 1092 2235; x_wconf 82' lang='lat' dir='ltr'>funebri</span> <span class='ocrx_word' id='word_1_199' title='bbox 1113 2208 1223 2248; x_wconf 57' lang='lat' dir='ltr'>appa-J</span> 
     </span>
     <span class='ocr_line' id='line_1_40' title="bbox 464 2255 1223 2304; baseline 0 -16"><span class='ocrx_word' id='word_1_200' title='bbox 464 2261 533 2289; x_wconf 85' lang='lat' dir='ltr'>ratu</span> <span class='ocrx_word' id='word_1_201' title='bbox 548 2261 702 2295; x_wconf 75' lang='lat' dir='ltr'>erectur11;</span> <span class='ocrx_word' id='word_1_202' title='bbox 721 2255 761 2289; x_wconf 86' lang='lat' dir='ltr'>ita</span> <span class='ocrx_word' id='word_1_203' title='bbox 783 2260 886 2288; x_wconf 86' lang='lat' dir='ltr'>tamen</span> <span class='ocrx_word' id='word_1_204' title='bbox 904 2261 936 2287; x_wconf 93' lang='lat' dir='ltr'>ut</span> <span class='ocrx_word' id='word_1_205' title='bbox 949 2266 1004 2299; x_wconf 91' lang='lat' dir='ltr'>per</span> <span class='ocrx_word' id='word_1_206' title='bbox 1025 2255 1204 2288; x_wconf 89' lang='lat' dir='ltr'>huiusmodi</span> <span class='ocrx_word' id='word_1_207' title='bbox 1222 2261 1223 2304; x_wconf 49' lang='lat' dir='ltr'>t</span> 
     </span>
     <span class='ocr_line' id='line_1_41' title="bbox 465 2305 1224 2347; baseline -0.001 -4"><span class='ocrx_word' id='word_1_208' title='bbox 465 2311 692 2344; x_wconf 84' lang='lat' dir='ltr'>celebrationes</span> <span class='ocrx_word' id='word_1_209' title='bbox 718 2310 885 2342; x_wconf 86' lang='lat' dir='ltr'>missarum</span> <span class='ocrx_word' id='word_1_210' title='bbox 914 2310 1066 2343; x_wconf 86' lang='lat' dir='ltr'>lectarum</span> <span class='ocrx_word' id='word_1_211' title='bbox 1089 2313 1117 2344; x_wconf 85' lang='lat' dir='ltr'>et</span> <span class='ocrx_word' id='word_1_212' title='bbox 1137 2305 1224 2347; x_wconf 48' lang='lat' dir='ltr'>can-1</span> 
     </span>
     <span class='ocr_line' id='line_1_42' title="bbox 466 2350 1224 2408; baseline 0 -12"><span class='ocrx_word' id='word_1_213' title='bbox 466 2370 555 2404; x_wconf 84' lang='lat' dir='ltr'>tatae,</span> <span class='ocrx_word' id='word_1_214' title='bbox 574 2369 605 2397; x_wconf 88' lang='lat' dir='ltr'>ut</span> <span class='ocrx_word' id='word_1_215' title='bbox 626 2375 730 2408; x_wconf 80' lang='lat' dir='ltr'>supra,</span> <span class='ocrx_word' id='word_1_216' title='bbox 748 2374 810 2397; x_wconf 88' lang='lat' dir='ltr'>non</span> <span class='ocrx_word' id='word_1_217' title='bbox 828 2363 1017 2407; x_wconf 87' lang='lat' dir='ltr'>impediatur</span> <span class='ocrx_word' id='word_1_218' title='bbox 1038 2363 1206 2396; x_wconf 82' lang='lat' dir='ltr'>satisfactio</span> <span class='ocrx_word' id='word_1_219' title='bbox 1222 2350 1224 2406; x_wconf 41' lang='grc'>1,</span> 
     </span>
     <span class='ocr_line' id='line_1_43' title="bbox 466 2417 1204 2450; baseline -0.001 0"><span class='ocrx_word' id='word_1_220' title='bbox 466 2428 597 2450; x_wconf 84' lang='lat' dir='ltr'>onerum</span> <span class='ocrx_word' id='word_1_221' title='bbox 623 2422 653 2450; x_wconf 89' lang='lat' dir='ltr'>et</span> <span class='ocrx_word' id='word_1_222' title='bbox 678 2417 844 2450; x_wconf 86' lang='lat' dir='ltr'>missarum</span> <span class='ocrx_word' id='word_1_223' title='bbox 869 2427 904 2449; x_wconf 82' lang='lat' dir='ltr'>ex</span> <span class='ocrx_word' id='word_1_224' title='bbox 931 2417 1071 2450; x_wconf 86' lang='lat' dir='ltr'>instituto</span> <span class='ocrx_word' id='word_1_225' title='bbox 1103 2417 1204 2450; x_wconf 87' lang='lat' dir='ltr'>recol-</span> 
     </span>
     <span class='ocr_line' id='line_1_44' title="bbox 467 2469 1206 2513; baseline 0.001 -12"><span class='ocrx_word' id='word_1_226' title='bbox 467 2470 609 2503; x_wconf 86' lang='lat' dir='ltr'>lectionis</span> <span class='ocrx_word' id='word_1_227' title='bbox 638 2481 692 2502; x_wconf 88' lang='lat' dir='ltr'>seu</span> <span class='ocrx_word' id='word_1_228' title='bbox 718 2480 754 2502; x_wconf 85' lang='lat' dir='ltr'>ex</span> <span class='ocrx_word' id='word_1_229' title='bbox 779 2470 992 2503; x_wconf 83' lang='lat' dir='ltr'>anterioribus</span> <span class='ocrx_word' id='word_1_230' title='bbox 1010 2469 1206 2513; x_wconf 82' lang='lat' dir='ltr'>obligationi—</span> 
     </span>
     <span class='ocr_line' id='line_1_45' title="bbox 466 2522 811 2556; baseline 0.003 -2"><span class='ocrx_word' id='word_1_231' title='bbox 466 2522 525 2555; x_wconf 87' lang='lat' dir='ltr'>bus</span> <span class='ocrx_word' id='word_1_232' title='bbox 543 2523 811 2556; x_wconf 86' lang='lat' dir='ltr'>celebrandarum.</span> 
     </span>
    </p>

    <p class='ocr_par' dir='ltr' id='par_1_7' title="bbox 513 2575 1206 2620">
     <span class='ocr_line' id='line_1_46' title="bbox 513 2575 1206 2620; baseline 0 -11"><span class='ocrx_word' id='word_1_233' title='bbox 513 2585 551 2609; x_wconf 83' lang='lat' dir='ltr'>xi.</span> <span class='ocrx_word' id='word_1_234' title='bbox 578 2575 613 2608; x_wconf 86' lang='lat' dir='ltr'>Et</span> <span class='ocrx_word' id='word_1_235' title='bbox 638 2576 761 2619; x_wconf 86' lang='lat' dir='ltr'>patroni</span> <span class='ocrx_word' id='word_1_236' title='bbox 786 2587 843 2620; x_wconf 89' lang='lat' dir='ltr'>pro</span> <span class='ocrx_word' id='word_1_237' title='bbox 869 2581 1010 2620; x_wconf 88' lang='lat' dir='ltr'>tempore</span> <span class='ocrx_word' id='word_1_238' title='bbox 1038 2576 1206 2620; x_wconf 89' lang='lat' dir='ltr'>participes</span> 
     </span>
    </p>
   </div>
   <div class='ocr_carea' id='block_1_3' title="bbox 1201 232 1221 1986">
    <p class='ocr_par' dir='ltr' id='par_1_8' title="bbox 1201 232 1221 1986">
     <span class='ocr_line' id='line_1_47' title="bbox 1201 232 1221 1986; baseline 0 0"><span class='ocrx_word' id='word_1_239' title='bbox 1201 232 1221 1986; x_wconf 95' lang='lat' dir='ltr'> </span> 
     </span>
    </p>
   </div>
   <div class='ocr_carea' id='block_1_4' title="bbox 1201 232 1224 2187">
    <p class='ocr_par' dir='ltr' id='par_1_9' title="bbox 1201 232 1224 2187">
     <span class='ocr_line' id='line_1_48' title="bbox 1201 232 1224 2187; baseline 0 0"><span class='ocrx_word' id='word_1_240' title='bbox 1201 232 1224 2187; x_wconf 95' lang='lat' dir='ltr'> </span> 
     </span>
    </p>
   </div>
   <div class='ocr_carea' id='block_1_5' title="bbox 1028 180 1385 205">
    <p class='ocr_par' dir='ltr' id='par_1_10' title="bbox 1028 180 1385 205">
     <span class='ocr_line' id='line_1_49' title="bbox 1028 180 1385 205; baseline -0.003 0"><span class='ocrx_word' id='word_1_241' title='bbox 1028 180 1205 205; x_wconf 74' lang='lat' dir='ltr'>BULLARIUM</span> <span class='ocrx_word' id='word_1_242' title='bbox 1231 181 1385 205; x_wconf 77' lang='lat' dir='ltr'>ROMANUM</span> 
     </span>
    </p>
   </div>
   <div class='ocr_carea' id='block_1_6' title="bbox 1217 228 1955 276">
    <p class='ocr_par' dir='ltr' id='par_1_11' title="bbox 1217 228 1955 276">
     <span class='ocr_line' id='line_1_50' title="bbox 1217 228 1955 276; baseline 0.007 -15"><span class='ocrx_word' id='word_1_243' title='bbox 1217 228 1388 262; x_wconf 89' lang='lat' dir='ltr'>reddantur</span> <span class='ocrx_word' id='word_1_244' title='bbox 1412 230 1531 263; x_wconf 88' lang='lat' dir='ltr'>fructus</span> <span class='ocrx_word' id='word_1_245' title='bbox 1556 232 1696 264; x_wconf 87' lang='lat' dir='ltr'>omnium</span> <span class='ocrx_word' id='word_1_246' title='bbox 1722 243 1853 276; x_wconf 90' lang='lat' dir='ltr'>operum</span> <span class='ocrx_word' id='word_1_247' title='bbox 1868 260 1875 274; x_wconf 90' lang='lat'>,</span> <span class='ocrx_word' id='word_1_248' title='bbox 1900 243 1955 266; x_wconf 86' lang='lat' dir='ltr'>seu</span> 
     </span>
    </p>
   </div>
   <div class='ocr_carea' id='block_1_7' title="bbox 1201 284 1956 329">
    <p class='ocr_par' dir='ltr' id='par_1_12' title="bbox 1201 284 1956 329">
     <span class='ocr_line' id='line_1_51' title="bbox 1201 284 1956 329; baseline 0.007 -15"><span class='ocrx_word' id='word_1_249' title='bbox 1201 287 1342 315; x_wconf 66' lang='lat' dir='ltr'>actuum</span> <span class='ocrx_word' id='word_1_250' title='bbox 1375 284 1618 325; x_wconf 84' lang='lat' dir='ltr'>communitatis,</span> <span class='ocrx_word' id='word_1_251' title='bbox 1651 296 1731 328; x_wconf 88' lang='lat' dir='ltr'>quae</span> <span class='ocrx_word' id='word_1_252' title='bbox 1761 286 1793 318; x_wconf 92' lang='lat' dir='ltr'>in</span> <span class='ocrx_word' id='word_1_253' title='bbox 1825 286 1956 329; x_wconf 82' lang='lat' dir='ltr'>singulis</span> 
     </span>
    </p>
   </div>
   <div class='ocr_carea' id='block_1_8' title="bbox 1217 335 1968 1337">
    <p class='ocr_par' dir='ltr' id='par_1_13' title="bbox 1217 335 1957 422">
     <span class='ocr_line' id='line_1_52' title="bbox 1217 335 1957 381; baseline 0.005 -14"><span class='ocrx_word' id='word_1_254' title='bbox 1217 335 1386 379; x_wconf 89' lang='lat' dir='ltr'>praedictis</span> <span class='ocrx_word' id='word_1_255' title='bbox 1411 337 1553 380; x_wconf 84' lang='lat' dir='ltr'>capitulis</span> <span class='ocrx_word' id='word_1_256' title='bbox 1585 338 1831 381; x_wconf 89' lang='lat' dir='ltr'>provincialibus</span> <span class='ocrx_word' id='word_1_257' title='bbox 1859 338 1957 371; x_wconf 86' lang='lat' dir='ltr'>Anda-</span> 
     </span>
     <span class='ocr_line' id='line_1_53' title="bbox 1219 388 1424 422; baseline 0.01 -2"><span class='ocrx_word' id='word_1_258' title='bbox 1219 388 1315 421; x_wconf 88' lang='lat' dir='ltr'>lusiae</span> <span class='ocrx_word' id='word_1_259' title='bbox 1341 389 1424 422; x_wconf 86' lang='lat' dir='ltr'>fient.</span> 
     </span>
    </p>

    <p class='ocr_par' dir='ltr' id='par_1_14' title="bbox 1218 441 1961 898">
     <span class='ocr_line' id='line_1_54' title="bbox 1263 441 1957 486; baseline 0.003 -13"><span class='ocrx_word' id='word_1_260' title='bbox 1263 450 1315 473; x_wconf 84' lang='lat' dir='ltr'>xn.</span> <span class='ocrx_word' id='word_1_261' title='bbox 1338 441 1371 473; x_wconf 89' lang='lat' dir='ltr'>In</span> <span class='ocrx_word' id='word_1_262' title='bbox 1396 442 1510 485; x_wconf 89' lang='lat' dir='ltr'>quibus</span> <span class='ocrx_word' id='word_1_263' title='bbox 1538 443 1682 486; x_wconf 88' lang='lat' dir='ltr'>capitulis</span> <span class='ocrx_word' id='word_1_264' title='bbox 1710 442 1957 486; x_wconf 87' lang='lat' dir='ltr'>provincialibus</span> 
     </span>
     <span class='ocr_line' id='line_1_55' title="bbox 1218 493 1959 539; baseline 0.004 -14"><span class='ocrx_word' id='word_1_265' title='bbox 1218 493 1404 527; x_wconf 81' lang='lat' dir='ltr'>Andalusiae</span> <span class='ocrx_word' id='word_1_266' title='bbox 1430 500 1459 527; x_wconf 88' lang='lat' dir='ltr'>et</span> <span class='ocrx_word' id='word_1_267' title='bbox 1483 495 1514 527; x_wconf 89' lang='lat' dir='ltr'>in</span> <span class='ocrx_word' id='word_1_268' title='bbox 1531 506 1721 539; x_wconf 87' lang='lat' dir='ltr'>unoquoque</span> <span class='ocrx_word' id='word_1_269' title='bbox 1746 506 1855 529; x_wconf 82' lang='lat' dir='ltr'>eorum</span> <span class='ocrx_word' id='word_1_270' title='bbox 1873 506 1959 539; x_wconf 87' lang='lat' dir='ltr'>prae-</span> 
     </span>
     <span class='ocr_line' id='line_1_56' title="bbox 1219 546 1959 592; baseline 0.005 -15"><span class='ocrx_word' id='word_1_271' title='bbox 1219 546 1374 590; x_wconf 88' lang='lat' dir='ltr'>cipiatur,</span> <span class='ocrx_word' id='word_1_272' title='bbox 1406 548 1490 591; x_wconf 84' lang='lat' dir='ltr'>quod</span> <span class='ocrx_word' id='word_1_273' title='bbox 1522 548 1652 591; x_wconf 86' lang='lat' dir='ltr'>quilibet</span> <span class='ocrx_word' id='word_1_274' title='bbox 1684 548 1829 581; x_wconf 87' lang='lat' dir='ltr'>sacerdos</span> <span class='ocrx_word' id='word_1_275' title='bbox 1861 548 1959 592; x_wconf 86' lang='lat' dir='ltr'>ipsius</span> 
     </span>
     <span class='ocr_line' id='line_1_57' title="bbox 1220 599 1959 645; baseline 0.003 -13"><span class='ocrx_word' id='word_1_276' title='bbox 1220 599 1409 644; x_wconf 87' lang='lat' dir='ltr'>provinciae,</span> <span class='ocrx_word' id='word_1_277' title='bbox 1428 600 1508 633; x_wconf 88' lang='lat' dir='ltr'>intra</span> <span class='ocrx_word' id='word_1_278' title='bbox 1526 607 1648 644; x_wconf 89' lang='lat' dir='ltr'>tempus</span> <span class='ocrx_word' id='word_1_279' title='bbox 1672 601 1710 634; x_wconf 87' lang='lat' dir='ltr'>ab</span> <span class='ocrx_word' id='word_1_280' title='bbox 1734 612 1798 634; x_wconf 90' lang='lat' dir='ltr'>uno</span> <span class='ocrx_word' id='word_1_281' title='bbox 1823 601 1959 645; x_wconf 88' lang='lat' dir='ltr'>capitulo</span> 
     </span>
     <span class='ocr_line' id='line_1_58' title="bbox 1220 652 1958 697; baseline 0.004 -13"><span class='ocrx_word' id='word_1_282' title='bbox 1220 652 1258 685; x_wconf 88' lang='lat' dir='ltr'>ad</span> <span class='ocrx_word' id='word_1_283' title='bbox 1283 652 1367 685; x_wconf 87' lang='lat' dir='ltr'>aliud</span> <span class='ocrx_word' id='word_1_284' title='bbox 1392 653 1599 694; x_wconf 87' lang='lat' dir='ltr'>intercedens,</span> <span class='ocrx_word' id='word_1_285' title='bbox 1618 654 1649 686; x_wconf 90' lang='lat' dir='ltr'>in</span> <span class='ocrx_word' id='word_1_286' title='bbox 1674 664 1866 697; x_wconf 88' lang='lat' dir='ltr'>unoquoque</span> <span class='ocrx_word' id='word_1_287' title='bbox 1891 664 1958 687; x_wconf 88' lang='lat' dir='ltr'>mo-</span> 
     </span>
     <span class='ocr_line' id='line_1_59' title="bbox 1220 705 1961 750; baseline 0 -12"><span class='ocrx_word' id='word_1_288' title='bbox 1220 705 1357 738; x_wconf 85' lang='lat' dir='ltr'>nasterio</span> <span class='ocrx_word' id='word_1_289' title='bbox 1382 706 1448 739; x_wconf 93' lang='lat' dir='ltr'>eius</span> <span class='ocrx_word' id='word_1_290' title='bbox 1468 706 1648 750; x_wconf 86' lang='lat' dir='ltr'>provinciae</span> <span class='ocrx_word' id='word_1_291' title='bbox 1673 707 1767 739; x_wconf 82' lang='lat' dir='ltr'>inissa</span> <span class='ocrx_word' id='word_1_292' title='bbox 1791 711 1913 740; x_wconf 84' lang='lat' dir='ltr'>cantata</span> <span class='ocrx_word' id='word_1_293' title='bbox 1931 711 1961 739; x_wconf 85' lang='lat' dir='ltr'>et</span> 
     </span>
     <span class='ocr_line' id='line_1_60' title="bbox 1221 759 1961 801; baseline 0.001 -10"><span class='ocrx_word' id='word_1_294' title='bbox 1221 769 1237 791; x_wconf 92' lang='lat' dir='ltr'>a</span> <span class='ocrx_word' id='word_1_295' title='bbox 1262 759 1394 801; x_wconf 78' lang='lat' dir='ltr'>singulis</span> <span class='ocrx_word' id='word_1_296' title='bbox 1426 759 1640 792; x_wconf 87' lang='lat' dir='ltr'>sacerdotibus</span> <span class='ocrx_word' id='word_1_297' title='bbox 1671 759 1765 792; x_wconf 86' lang='lat' dir='ltr'>missa</span> <span class='ocrx_word' id='word_1_298' title='bbox 1796 770 1858 792; x_wconf 90' lang='lat' dir='ltr'>una</span> <span class='ocrx_word' id='word_1_299' title='bbox 1881 759 1961 792; x_wconf 90' lang='lat' dir='ltr'>lecta</span> 
     </span>
     <span class='ocr_line' id='line_1_61' title="bbox 1222 811 1961 858; baseline 0 -14"><span class='ocrx_word' id='word_1_300' title='bbox 1222 822 1280 855; x_wconf 88' lang='lat' dir='ltr'>pro</span> <span class='ocrx_word' id='word_1_301' title='bbox 1304 812 1444 858; x_wconf 88' lang='lat' dir='ltr'>patronis</span> <span class='ocrx_word' id='word_1_302' title='bbox 1469 812 1546 846; x_wconf 90' lang='lat' dir='ltr'>vivis</span> <span class='ocrx_word' id='word_1_303' title='bbox 1580 818 1673 856; x_wconf 86' lang='lat' dir='ltr'>atque</span> <span class='ocrx_word' id='word_1_304' title='bbox 1703 811 1856 845; x_wconf 88' lang='lat' dir='ltr'>defunctis</span> <span class='ocrx_word' id='word_1_305' title='bbox 1881 812 1961 845; x_wconf 90' lang='lat' dir='ltr'>cele-</span> 
     </span>
     <span class='ocr_line' id='line_1_62' title="bbox 1222 865 1363 898; baseline 0.007 -1"><span class='ocrx_word' id='word_1_306' title='bbox 1222 865 1363 898; x_wconf 88' lang='lat' dir='ltr'>brentur.</span> 
     </span>
    </p>

    <p class='ocr_par' dir='ltr' id='par_1_15' title="bbox 1223 917 1968 1337">
     <span class='ocr_line' id='line_1_63' title="bbox 1267 917 1963 962; baseline -0.001 -11"><span class='ocrx_word' id='word_1_307' title='bbox 1267 928 1332 951; x_wconf 85' lang='lat' dir='ltr'>xm.</span> <span class='ocrx_word' id='word_1_308' title='bbox 1367 918 1551 952; x_wconf 84' lang='lat' dir='ltr'>Sacerdotes</span> <span class='ocrx_word' id='word_1_309' title='bbox 1582 918 1723 962; x_wconf 85' lang='lat' dir='ltr'>religiosi</span> <span class='ocrx_word' id='word_1_310' title='bbox 1759 917 1963 951; x_wconf 87' lang='lat' dir='ltr'>inservientes</span> 
     </span>
     <span class='ocr_line' id='line_1_64' title="bbox 1223 971 1964 1016; baseline 0 -12"><span class='ocrx_word' id='word_1_311' title='bbox 1223 972 1396 1016; x_wconf 87' lang='lat' dir='ltr'>respective</span> <span class='ocrx_word' id='word_1_312' title='bbox 1419 972 1451 1004; x_wconf 90' lang='lat' dir='ltr'>in</span> <span class='ocrx_word' id='word_1_313' title='bbox 1476 972 1611 1016; x_wconf 83' lang='lat' dir='ltr'>capitulo</span> <span class='ocrx_word' id='word_1_314' title='bbox 1637 972 1776 1015; x_wconf 83' lang='lat' dir='ltr'>generali</span> <span class='ocrx_word' id='word_1_315' title='bbox 1794 976 1824 1005; x_wconf 93' lang='lat' dir='ltr'>et</span> <span class='ocrx_word' id='word_1_316' title='bbox 1839 971 1964 1016; x_wconf 92' lang='lat' dir='ltr'>provin-</span> 
     </span>
     <span class='ocr_line' id='line_1_65' title="bbox 1224 1024 1964 1070; baseline -0.001 -12"><span class='ocrx_word' id='word_1_317' title='bbox 1224 1026 1271 1058; x_wconf 76' lang='lat' dir='ltr'>cia</span> <span class='ocrx_word' id='word_1_318' title='bbox 1296 1025 1503 1068; x_wconf 86' lang='lat' dir='ltr'>Andalusiae,</span> <span class='ocrx_word' id='word_1_319' title='bbox 1529 1036 1564 1059; x_wconf 90' lang='lat' dir='ltr'>ac</span> <span class='ocrx_word' id='word_1_320' title='bbox 1596 1025 1729 1070; x_wconf 88' lang='lat' dir='ltr'>proinde</span> <span class='ocrx_word' id='word_1_321' title='bbox 1762 1024 1893 1068; x_wconf 83' lang='lat' dir='ltr'>obligati</span> <span class='ocrx_word' id='word_1_322' title='bbox 1926 1024 1964 1058; x_wconf 89' lang='lat' dir='ltr'>ad</span> 
     </span>
     <span class='ocr_line' id='line_1_66' title="bbox 1225 1077 1966 1122; baseline -0.003 -10"><span class='ocrx_word' id='word_1_323' title='bbox 1225 1078 1468 1112; x_wconf 83' lang='lat' dir='ltr'>celebrationem</span> <span class='ocrx_word' id='word_1_324' title='bbox 1491 1078 1668 1121; x_wconf 84' lang='lat' dir='ltr'>missarum,</span> <span class='ocrx_word' id='word_1_325' title='bbox 1690 1082 1723 1112; x_wconf 89' lang='lat' dir='ltr'>ut</span> <span class='ocrx_word' id='word_1_326' title='bbox 1740 1088 1845 1122; x_wconf 88' lang='lat' dir='ltr'>supra,</span> <span class='ocrx_word' id='word_1_327' title='bbox 1862 1077 1897 1117; x_wconf 77' lang='lat' dir='ltr'>si=</span> <span class='ocrx_word' id='word_1_328' title='bbox 1912 1077 1966 1110; x_wconf 90' lang='lat' dir='ltr'>du-</span> 
     </span>
     <span class='ocr_line' id='line_1_67' title="bbox 1226 1131 1966 1176; baseline -0.003 -11"><span class='ocrx_word' id='word_1_329' title='bbox 1226 1133 1368 1165; x_wconf 88' lang='lat' dir='ltr'>rantibus</span> <span class='ocrx_word' id='word_1_330' title='bbox 1381 1132 1472 1166; x_wconf 87' lang='lat' dir='ltr'>dictis</span> <span class='ocrx_word' id='word_1_331' title='bbox 1493 1132 1648 1176; x_wconf 87' lang='lat' dir='ltr'>capitulis,</span> <span class='ocrx_word' id='word_1_332' title='bbox 1667 1131 1830 1165; x_wconf 89' lang='lat' dir='ltr'>antedictis</span> <span class='ocrx_word' id='word_1_333' title='bbox 1851 1131 1966 1175; x_wconf 83' lang='lat' dir='ltr'>ohliga-</span> 
     </span>
     <span class='ocr_line' id='line_1_68' title="bbox 1227 1185 1966 1227; baseline -0.003 -8"><span class='ocrx_word' id='word_1_334' title='bbox 1227 1185 1362 1220; x_wconf 88' lang='lat' dir='ltr'>tionibus</span> <span class='ocrx_word' id='word_1_335' title='bbox 1386 1196 1448 1219; x_wconf 89' lang='lat' dir='ltr'>non</span> <span class='ocrx_word' id='word_1_336' title='bbox 1474 1185 1690 1227; x_wconf 76' lang='lat' dir='ltr'>satisfecerint,</span> <span class='ocrx_word' id='word_1_337' title='bbox 1716 1190 1880 1218; x_wconf 85' lang='lat' dir='ltr'>teneantur</span> <span class='ocrx_word' id='word_1_338' title='bbox 1895 1189 1966 1217; x_wconf 85' lang='lat' dir='ltr'>ante</span> 
     </span>
     <span class='ocr_line' id='line_1_69' title="bbox 1227 1238 1968 1283; baseline -0.001 -11"><span class='ocrx_word' id='word_1_339' title='bbox 1227 1239 1473 1273; x_wconf 82' lang='lat' dir='ltr'>celebrationem</span> <span class='ocrx_word' id='word_1_340' title='bbox 1498 1239 1569 1272; x_wconf 88' lang='lat' dir='ltr'>novi</span> <span class='ocrx_word' id='word_1_341' title='bbox 1595 1238 1720 1283; x_wconf 89' lang='lat' dir='ltr'>capituli</span> <span class='ocrx_word' id='word_1_342' title='bbox 1742 1238 1898 1282; x_wconf 78' lang='lat' dir='ltr'>generalis</span> <span class='ocrx_word' id='word_1_343' title='bbox 1915 1243 1968 1271; x_wconf 81' lang='lat' dir='ltr'>aut</span> 
     </span>
     <span class='ocr_line' id='line_1_70' title="bbox 1226 1291 1968 1337; baseline -0.001 -12"><span class='ocrx_word' id='word_1_344' title='bbox 1226 1293 1427 1337; x_wconf 83' lang='lat' dir='ltr'>provincialis</span> <span class='ocrx_word' id='word_1_345' title='bbox 1452 1292 1626 1336; x_wconf 88' lang='lat' dir='ltr'>respective</span> <span class='ocrx_word' id='word_1_346' title='bbox 1652 1292 1849 1332; x_wconf 80' lang='lat' dir='ltr'>satisfacere;</span> <span class='ocrx_word' id='word_1_347' title='bbox 1867 1291 1908 1324; x_wconf 89' lang='lat' dir='ltr'>ita</span> <span class='ocrx_word' id='word_1_348' title='bbox 1927 1296 1968 1324; x_wconf 89' lang='lat' dir='ltr'>ta-</span> 
     </span>
    </p>
   </div>
   <div class='ocr_carea' id='block_1_9' title="bbox 1963 162 2152 214">
    <p class='ocr_par' dir='ltr' id='par_1_16' title="bbox 1963 162 2152 214">
     <span class='ocr_line' id='line_1_71' title="bbox 1963 162 2152 214; baseline 0.011 -2"><span class='ocrx_word' id='word_1_349' title='bbox 1963 185 2015 212; x_wconf 77' lang='lat' dir='ltr'>An.</span> <span class='ocrx_word' id='word_1_350' title='bbox 2031 184 2061 212; x_wconf 88' lang='lat' dir='ltr'>c.</span> <span class='ocrx_word' id='word_1_351' title='bbox 2083 162 2152 214; x_wconf 60' lang='lat'>{660</span> 
     </span>
    </p>
   </div>
   <div class='ocr_carea' id='block_1_10' title="bbox 1229 1345 1977 1390">
    <p class='ocr_par' dir='ltr' id='par_1_17' title="bbox 1229 1345 1977 1390">
     <span class='ocr_line' id='line_1_72' title="bbox 1229 1345 1977 1390; baseline -0.001 -11"><span class='ocrx_word' id='word_1_352' title='bbox 1229 1357 1300 1379; x_wconf 88' lang='lat' dir='ltr'>men</span> <span class='ocrx_word' id='word_1_353' title='bbox 1326 1352 1358 1379; x_wconf 89' lang='lat' dir='ltr'>ut</span> <span class='ocrx_word' id='word_1_354' title='bbox 1383 1347 1561 1379; x_wconf 85' lang='lat' dir='ltr'>nullatenus</span> <span class='ocrx_word' id='word_1_355' title='bbox 1587 1346 1775 1390; x_wconf 86' lang='lat' dir='ltr'>impediatur</span> <span class='ocrx_word' id='word_1_356' title='bbox 1800 1345 1977 1379; x_wconf 60' lang='lat' dir='ltr'>satisfactio-</span> 
     </span>
    </p>
   </div>
   <div class='ocr_carea' id='block_1_11' title="bbox 1228 1398 1980 2619">
    <p class='ocr_par' dir='ltr' id='par_1_18' title="bbox 1228 1398 1970 1551">
     <span class='ocr_line' id='line_1_73' title="bbox 1228 1398 1970 1433; baseline -0.001 0"><span class='ocrx_word' id='word_1_357' title='bbox 1228 1401 1363 1433; x_wconf 84' lang='lat' dir='ltr'>aliorum</span> <span class='ocrx_word' id='word_1_358' title='bbox 1381 1411 1417 1433; x_wconf 78' lang='lat' dir='ltr'>ex</span> <span class='ocrx_word' id='word_1_359' title='bbox 1435 1400 1576 1433; x_wconf 82' lang='lat' dir='ltr'>instituto</span> <span class='ocrx_word' id='word_1_360' title='bbox 1599 1399 1828 1433; x_wconf 87' lang='lat' dir='ltr'>recollectionis</span> <span class='ocrx_word' id='word_1_361' title='bbox 1852 1398 1970 1432; x_wconf 83' lang='lat' dir='ltr'>debito-</span> 
     </span>
     <span class='ocr_line' id='line_1_74' title="bbox 1229 1452 1970 1495; baseline -0.001 -9"><span class='ocrx_word' id='word_1_362' title='bbox 1229 1464 1299 1486; x_wconf 88' lang='lat' dir='ltr'>rum</span> <span class='ocrx_word' id='word_1_363' title='bbox 1326 1453 1372 1486; x_wconf 93' lang='lat' dir='ltr'>vel</span> <span class='ocrx_word' id='word_1_364' title='bbox 1399 1463 1434 1486; x_wconf 83' lang='lat' dir='ltr'>ex</span> <span class='ocrx_word' id='word_1_365' title='bbox 1460 1452 1671 1486; x_wconf 87' lang='lat' dir='ltr'>anterioribus</span> <span class='ocrx_word' id='word_1_366' title='bbox 1702 1452 1970 1495; x_wconf 84' lang='lat' dir='ltr'>obligationibus,</span> 
     </span>
     <span class='ocr_line' id='line_1_75' title="bbox 1230 1506 1617 1551; baseline -0.005 -11"><span class='ocrx_word' id='word_1_367' title='bbox 1230 1513 1263 1540; x_wconf 90' lang='lat' dir='ltr'>ut</span> <span class='ocrx_word' id='word_1_368' title='bbox 1287 1518 1381 1551; x_wconf 88' lang='lat' dir='ltr'>supra</span> <span class='ocrx_word' id='word_1_369' title='bbox 1406 1507 1524 1539; x_wconf 88' lang='lat' dir='ltr'>dictum</span> <span class='ocrx_word' id='word_1_370' title='bbox 1549 1506 1617 1539; x_wconf 86' lang='lat' dir='ltr'>fuit.</span> 
     </span>
    </p>

    <p class='ocr_par' dir='ltr' id='par_1_19' title="bbox 1231 1561 1974 1915">
     <span class='ocr_line' id='line_1_76' title="bbox 1275 1561 1972 1605; baseline -0.001 -10"><span class='ocrx_word' id='word_1_371' title='bbox 1275 1572 1338 1595; x_wconf 80' lang='lat' dir='ltr'>xiv.</span> <span class='ocrx_word' id='word_1_372' title='bbox 1364 1562 1397 1594; x_wconf 91' lang='lat' dir='ltr'>In</span> <span class='ocrx_word' id='word_1_373' title='bbox 1422 1561 1562 1605; x_wconf 85' lang='lat' dir='ltr'>praefato</span> <span class='ocrx_word' id='word_1_374' title='bbox 1597 1561 1787 1594; x_wconf 89' lang='lat' dir='ltr'>monasterio</span> <span class='ocrx_word' id='word_1_375' title='bbox 1819 1561 1847 1594; x_wconf 88' lang='lat' dir='ltr'>S.</span> <span class='ocrx_word' id='word_1_376' title='bbox 1872 1561 1972 1594; x_wconf 87' lang='lat' dir='ltr'>Luear</span> 
     </span>
     <span class='ocr_line' id='line_1_77' title="bbox 1231 1614 1971 1659; baseline -0.001 -11"><span class='ocrx_word' id='word_1_377' title='bbox 1231 1615 1361 1658; x_wconf 79' lang='lat' dir='ltr'>singulis</span> <span class='ocrx_word' id='word_1_378' title='bbox 1386 1615 1471 1647; x_wconf 88' lang='lat' dir='ltr'>feriis</span> <span class='ocrx_word' id='word_1_379' title='bbox 1495 1615 1589 1647; x_wconf 84' lang='lat' dir='ltr'>sextis</span> <span class='ocrx_word' id='word_1_380' title='bbox 1621 1619 1650 1647; x_wconf 89' lang='lat' dir='ltr'>et</span> <span class='ocrx_word' id='word_1_381' title='bbox 1681 1614 1816 1648; x_wconf 86' lang='lat' dir='ltr'>sabbatis</span> <span class='ocrx_word' id='word_1_382' title='bbox 1841 1614 1872 1647; x_wconf 91' lang='lat' dir='ltr'>in</span> <span class='ocrx_word' id='word_1_383' title='bbox 1898 1624 1971 1659; x_wconf 91' lang='lat' dir='ltr'>per-</span> 
     </span>
     <span class='ocr_line' id='line_1_78' title="bbox 1231 1667 1973 1712; baseline -0.001 -11"><span class='ocrx_word' id='word_1_384' title='bbox 1231 1674 1359 1712; x_wconf 90' lang='lat' dir='ltr'>petuum</span> <span class='ocrx_word' id='word_1_385' title='bbox 1387 1679 1443 1712; x_wconf 91' lang='lat' dir='ltr'>per</span> <span class='ocrx_word' id='word_1_386' title='bbox 1468 1678 1576 1701; x_wconf 90' lang='lat' dir='ltr'>omnes</span> <span class='ocrx_word' id='word_1_387' title='bbox 1601 1668 1696 1701; x_wconf 86' lang='lat' dir='ltr'>horas</span> <span class='ocrx_word' id='word_1_388' title='bbox 1720 1668 1781 1701; x_wconf 91' lang='lat' dir='ltr'>diei</span> <span class='ocrx_word' id='word_1_389' title='bbox 1817 1678 1852 1701; x_wconf 90' lang='lat' dir='ltr'>ac</span> <span class='ocrx_word' id='word_1_390' title='bbox 1872 1667 1973 1701; x_wconf 87' lang='lat' dir='ltr'>noctis</span> 
     </span>
     <span class='ocr_line' id='line_1_79' title="bbox 1233 1720 1973 1764; baseline 0 -11"><span class='ocrx_word' id='word_1_391' title='bbox 1233 1721 1343 1754; x_wconf 85' lang='lat' dir='ltr'>debeat</span> <span class='ocrx_word' id='word_1_392' title='bbox 1367 1721 1405 1753; x_wconf 88' lang='lat' dir='ltr'>ab</span> <span class='ocrx_word' id='word_1_393' title='bbox 1430 1721 1534 1764; x_wconf 90' lang='lat' dir='ltr'>aliquo</span> <span class='ocrx_word' id='word_1_394' title='bbox 1559 1721 1655 1754; x_wconf 85' lang='lat' dir='ltr'>fratre</span> <span class='ocrx_word' id='word_1_395' title='bbox 1680 1722 1799 1754; x_wconf 81' lang='lat' dir='ltr'>alterna</span> <span class='ocrx_word' id='word_1_396' title='bbox 1821 1720 1887 1754; x_wconf 91' lang='lat' dir='ltr'>vice</span> <span class='ocrx_word' id='word_1_397' title='bbox 1904 1720 1973 1754; x_wconf 83' lang='lat' dir='ltr'>sieri</span> 
     </span>
     <span class='ocr_line' id='line_1_80' title="bbox 1234 1774 1974 1818; baseline -0.001 -9"><span class='ocrx_word' id='word_1_398' title='bbox 1234 1776 1334 1809; x_wconf 87' lang='lat' dir='ltr'>oratio</span> <span class='ocrx_word' id='word_1_399' title='bbox 1359 1775 1397 1808; x_wconf 84' lang='lat' dir='ltr'>ad</span> <span class='ocrx_word' id='word_1_400' title='bbox 1422 1775 1518 1808; x_wconf 88' lang='lat' dir='ltr'>Deum</span> <span class='ocrx_word' id='word_1_401' title='bbox 1553 1785 1610 1818; x_wconf 90' lang='lat' dir='ltr'>pro</span> <span class='ocrx_word' id='word_1_402' title='bbox 1642 1774 1806 1807; x_wconf 87' lang='lat' dir='ltr'>animabus</span> <span class='ocrx_word' id='word_1_403' title='bbox 1830 1774 1974 1808; x_wconf 84' lang='lat' dir='ltr'>fundato·</span> 
     </span>
     <span class='ocr_line' id='line_1_81' title="bbox 1234 1827 1974 1873; baseline -0.001 -11"><span class='ocrx_word' id='word_1_404' title='bbox 1234 1840 1316 1870; x_wconf 91' lang='lat' dir='ltr'>rum,</span> <span class='ocrx_word' id='word_1_405' title='bbox 1337 1829 1541 1873; x_wconf 86' lang='lat' dir='ltr'>ipsorumque</span> <span class='ocrx_word' id='word_1_406' title='bbox 1562 1828 1718 1862; x_wconf 87' lang='lat' dir='ltr'>maiorum</span> <span class='ocrx_word' id='word_1_407' title='bbox 1739 1834 1768 1862; x_wconf 87' lang='lat' dir='ltr'>et</span> <span class='ocrx_word' id='word_1_408' title='bbox 1785 1827 1974 1872; x_wconf 82' lang='lat' dir='ltr'>consangui-</span> 
     </span>
     <span class='ocr_line' id='line_1_82' title="bbox 1234 1893 1376 1915; baseline -0.007 0"><span class='ocrx_word' id='word_1_409' title='bbox 1234 1893 1376 1915; x_wconf 86' lang='lat' dir='ltr'>neorum.</span> 
     </span>
    </p>

    <p class='ocr_par' dir='ltr' id='par_1_20' title="bbox 1237 1934 1979 2343">
     <span class='ocr_line' id='line_1_83' title="bbox 1280 1934 1976 1979; baseline 0 -11"><span class='ocrx_word' id='word_1_410' title='bbox 1280 1946 1330 1968; x_wconf 87' lang='lat' dir='ltr'>xv.</span> <span class='ocrx_word' id='word_1_411' title='bbox 1350 1936 1517 1979; x_wconf 85' lang='lat' dir='ltr'>Postquam</span> <span class='ocrx_word' id='word_1_412' title='bbox 1542 1935 1622 1968; x_wconf 87' lang='lat' dir='ltr'>facta</span> <span class='ocrx_word' id='word_1_413' title='bbox 1642 1934 1736 1968; x_wconf 86' lang='lat' dir='ltr'>fuerit</span> <span class='ocrx_word' id='word_1_414' title='bbox 1758 1934 1868 1969; x_wconf 87' lang='lat' dir='ltr'>electio</span> <span class='ocrx_word' id='word_1_415' title='bbox 1893 1946 1976 1969; x_wconf 84' lang='lat' dir='ltr'>coni-</span> 
     </span>
     <span class='ocr_line' id='line_1_84' title="bbox 1237 1988 1976 2032; baseline 0.001 -11"><span class='ocrx_word' id='word_1_416' title='bbox 1237 1989 1457 2022; x_wconf 85' lang='lat' dir='ltr'>mendatorum</span> <span class='ocrx_word' id='word_1_417' title='bbox 1482 1999 1540 2032; x_wconf 87' lang='lat' dir='ltr'>pro</span> <span class='ocrx_word' id='word_1_418' title='bbox 1566 1994 1707 2032; x_wconf 87' lang='lat' dir='ltr'>tempore</span> <span class='ocrx_word' id='word_1_419' title='bbox 1726 1988 1820 2021; x_wconf 89' lang='lat' dir='ltr'>trium</span> <span class='ocrx_word' id='word_1_420' title='bbox 1842 1999 1976 2022; x_wconf 85' lang='lat' dir='ltr'>conven-</span> 
     </span>
     <span class='ocr_line' id='line_1_85' title="bbox 1238 2042 1978 2087; baseline 0.001 -12"><span class='ocrx_word' id='word_1_421' title='bbox 1238 2046 1324 2076; x_wconf 86' lang='lat' dir='ltr'>tuum</span> <span class='ocrx_word' id='word_1_422' title='bbox 1349 2053 1366 2075; x_wconf 89' lang='lat' dir='ltr'>a</span> <span class='ocrx_word' id='word_1_423' title='bbox 1398 2042 1488 2075; x_wconf 91' lang='lat' dir='ltr'>dictis</span> <span class='ocrx_word' id='word_1_424' title='bbox 1520 2042 1660 2086; x_wconf 90' lang='lat' dir='ltr'>patronis</span> <span class='ocrx_word' id='word_1_425' title='bbox 1686 2048 1719 2075; x_wconf 91' lang='lat' dir='ltr'>ut</span> <span class='ocrx_word' id='word_1_426' title='bbox 1752 2053 1848 2087; x_wconf 89' lang='lat' dir='ltr'>supra</span> <span class='ocrx_word' id='word_1_427' title='bbox 1871 2042 1978 2076; x_wconf 84' lang='lat' dir='ltr'>funda-</span> 
     </span>
     <span class='ocr_line' id='line_1_86' title="bbox 1238 2095 1978 2138; baseline 0 -9"><span class='ocrx_word' id='word_1_428' title='bbox 1238 2102 1352 2137; x_wconf 88' lang='lat' dir='ltr'>torum,</span> <span class='ocrx_word' id='word_1_429' title='bbox 1373 2095 1484 2128; x_wconf 87' lang='lat' dir='ltr'>debeat</span> <span class='ocrx_word' id='word_1_430' title='bbox 1509 2095 1680 2138; x_wconf 82' lang='lat' dir='ltr'>significari</span> <span class='ocrx_word' id='word_1_431' title='bbox 1706 2095 1833 2129; x_wconf 91' lang='lat' dir='ltr'>domino</span> <span class='ocrx_word' id='word_1_432' title='bbox 1852 2095 1924 2129; x_wconf 91' lang='lat' dir='ltr'>duci</span> <span class='ocrx_word' id='word_1_433' title='bbox 1948 2100 1978 2129; x_wconf 87' lang='lat' dir='ltr'>et</span> 
     </span>
     <span class='ocr_line' id='line_1_87' title="bbox 1237 2149 1978 2194; baseline 0.001 -12"><span class='ocrx_word' id='word_1_434' title='bbox 1237 2154 1370 2194; x_wconf 88' lang='lat' dir='ltr'>patrono</span> <span class='ocrx_word' id='word_1_435' title='bbox 1393 2160 1451 2194; x_wconf 88' lang='lat' dir='ltr'>pro</span> <span class='ocrx_word' id='word_1_436' title='bbox 1477 2155 1629 2193; x_wconf 86' lang='lat' dir='ltr'>tempore,</span> <span class='ocrx_word' id='word_1_437' title='bbox 1651 2150 1690 2182; x_wconf 86' lang='lat' dir='ltr'>ad</span> <span class='ocrx_word' id='word_1_438' title='bbox 1714 2149 1859 2183; x_wconf 86' lang='lat' dir='ltr'>effectum</span> <span class='ocrx_word' id='word_1_439' title='bbox 1885 2155 1926 2192; x_wconf 85' lang='lat' dir='ltr'>ut,</span> <span class='ocrx_word' id='word_1_440' title='bbox 1953 2150 1978 2184; x_wconf 96' lang='lat' dir='ltr'>si</span> 
     </span>
     <span class='ocr_line' id='line_1_88' title="bbox 1239 2202 1978 2247; baseline 0.001 -12"><span class='ocrx_word' id='word_1_441' title='bbox 1239 2203 1380 2245; x_wconf 86' lang='lat' dir='ltr'>voluerit,</span> <span class='ocrx_word' id='word_1_442' title='bbox 1407 2213 1497 2235; x_wconf 89' lang='lat' dir='ltr'>suum</span> <span class='ocrx_word' id='word_1_443' title='bbox 1523 2203 1689 2236; x_wconf 85' lang='lat' dir='ltr'>honestum</span> <span class='ocrx_word' id='word_1_444' title='bbox 1715 2202 1913 2247; x_wconf 84' lang='lat' dir='ltr'>impartiatur</span> <span class='ocrx_word' id='word_1_445' title='bbox 1929 2214 1978 2236; x_wconf 87' lang='lat' dir='ltr'>as-</span> 
     </span>
     <span class='ocr_line' id='line_1_89' title="bbox 1239 2256 1979 2300; baseline 0.004 -12"><span class='ocrx_word' id='word_1_446' title='bbox 1239 2267 1375 2297; x_wconf 87' lang='lat' dir='ltr'>sensum,</span> <span class='ocrx_word' id='word_1_447' title='bbox 1394 2256 1478 2289; x_wconf 87' lang='lat' dir='ltr'>iuxta</span> <span class='ocrx_word' id='word_1_448' title='bbox 1495 2256 1735 2300; x_wconf 83' lang='lat' dir='ltr'>dispositionem</span> <span class='ocrx_word' id='word_1_449' title='bbox 1755 2266 1918 2291; x_wconf 85' lang='lat' dir='ltr'>sacrorum</span> <span class='ocrx_word' id='word_1_450' title='bbox 1932 2267 1979 2291; x_wconf 87' lang='lat' dir='ltr'>ca-</span> 
     </span>
     <span class='ocr_line' id='line_1_90' title="bbox 1238 2320 1366 2343; baseline -0.008 0"><span class='ocrx_word' id='word_1_451' title='bbox 1238 2320 1366 2343; x_wconf 87' lang='lat' dir='ltr'>nonum.</span> 
     </span>
    </p>

    <p class='ocr_par' dir='ltr' id='par_1_21' title="bbox 1239 2363 1980 2619">
     <span class='ocr_line' id='line_1_91' title="bbox 1284 2363 1979 2408; baseline 0 -12"><span class='ocrx_word' id='word_1_452' title='bbox 1284 2373 1348 2397; x_wconf 79' lang='lat' dir='ltr'>xvi.</span> <span class='ocrx_word' id='word_1_453' title='bbox 1369 2363 1474 2396; x_wconf 83' lang='lat' dir='ltr'>Valeat</span> <span class='ocrx_word' id='word_1_454' title='bbox 1494 2368 1645 2407; x_wconf 88' lang='lat' dir='ltr'>patronus</span> <span class='ocrx_word' id='word_1_455' title='bbox 1671 2373 1728 2407; x_wconf 89' lang='lat' dir='ltr'>pro</span> <span class='ocrx_word' id='word_1_456' title='bbox 1750 2366 1892 2408; x_wconf 86' lang='lat' dir='ltr'>tempore</span> <span class='ocrx_word' id='word_1_457' title='bbox 1920 2363 1979 2396; x_wconf 90' lang='lat' dir='ltr'>sibi</span> 
     </span>
     <span class='ocr_line' id='line_1_92' title="bbox 1239 2417 1980 2462; baseline 0.001 -12"><span class='ocrx_word' id='word_1_458' title='bbox 1239 2428 1399 2450; x_wconf 88' lang='lat' dir='ltr'>assumere</span> <span class='ocrx_word' id='word_1_459' title='bbox 1424 2427 1521 2450; x_wconf 89' lang='lat' dir='ltr'>unum</span> <span class='ocrx_word' id='word_1_460' title='bbox 1540 2417 1724 2460; x_wconf 81' lang='lat' dir='ltr'>religiosum</span> <span class='ocrx_word' id='word_1_461' title='bbox 1743 2428 1780 2450; x_wconf 85' lang='lat' dir='ltr'>ex</span> <span class='ocrx_word' id='word_1_462' title='bbox 1800 2417 1882 2451; x_wconf 80' lang='lat' dir='ltr'>dieta</span> <span class='ocrx_word' id='word_1_463' title='bbox 1906 2428 1980 2462; x_wconf 92' lang='lat' dir='ltr'>pro-</span> 
     </span>
     <span class='ocr_line' id='line_1_93' title="bbox 1241 2470 1979 2510; baseline 0.001 -8"><span class='ocrx_word' id='word_1_464' title='bbox 1241 2470 1341 2503; x_wconf 77' lang='lat' dir='ltr'>vincia</span> <span class='ocrx_word' id='word_1_465' title='bbox 1362 2470 1549 2503; x_wconf 87' lang='lat' dir='ltr'>Andalusiae</span> <span class='ocrx_word' id='word_1_466' title='bbox 1574 2470 1603 2502; x_wconf 93' lang='lat' dir='ltr'>in</span> <span class='ocrx_word' id='word_1_467' title='bbox 1634 2470 1858 2503; x_wconf 86' lang='lat' dir='ltr'>confessarium</span> <span class='ocrx_word' id='word_1_468' title='bbox 1875 2497 1882 2510; x_wconf 96' lang='lat'>,</span> <span class='ocrx_word' id='word_1_469' title='bbox 1907 2480 1979 2503; x_wconf 89' lang='lat' dir='ltr'>cum</span> 
     </span>
     <span class='ocr_line' id='line_1_94' title="bbox 1242 2523 1979 2567; baseline 0 -12"><span class='ocrx_word' id='word_1_470' title='bbox 1242 2523 1385 2556; x_wconf 86' lang='lat' dir='ltr'>facultate</span> <span class='ocrx_word' id='word_1_471' title='bbox 1410 2523 1511 2567; x_wconf 88' lang='lat' dir='ltr'>ipsum</span> <span class='ocrx_word' id='word_1_472' title='bbox 1536 2533 1653 2563; x_wconf 89' lang='lat' dir='ltr'>secum,</span> <span class='ocrx_word' id='word_1_473' title='bbox 1679 2523 1770 2556; x_wconf 82' lang='lat' dir='ltr'>etiam</span> <span class='ocrx_word' id='word_1_474' title='bbox 1796 2528 1881 2556; x_wconf 85' lang='lat' dir='ltr'>extra</span> <span class='ocrx_word' id='word_1_475' title='bbox 1904 2532 1979 2566; x_wconf 92' lang='lat' dir='ltr'>pro-</span> 
     </span>
     <span class='ocr_line' id='line_1_95' title="bbox 1241 2575 1980 2619; baseline -0.001 -10"><span class='ocrx_word' id='word_1_476' title='bbox 1241 2576 1385 2619; x_wconf 84' lang='lat' dir='ltr'>vinciam,</span> <span class='ocrx_word' id='word_1_477' title='bbox 1404 2575 1594 2616; x_wconf 76' lang='lat' dir='ltr'>abducendi,</span> <span class='ocrx_word' id='word_1_478' title='bbox 1610 2576 1650 2610; x_wconf 89' lang='lat' dir='ltr'>ita</span> <span class='ocrx_word' id='word_1_479' title='bbox 1669 2581 1771 2609; x_wconf 89' lang='lat' dir='ltr'>tamen</span> <span class='ocrx_word' id='word_1_480' title='bbox 1787 2581 1819 2608; x_wconf 86' lang='lat' dir='ltr'>ut</span> <span class='ocrx_word' id='word_1_481' title='bbox 1835 2575 1873 2608; x_wconf 86' lang='lat' dir='ltr'>ad</span> <span class='ocrx_word' id='word_1_482' title='bbox 1890 2585 1980 2619; x_wconf 87' lang='lat' dir='ltr'>prae-</span> 
     </span>
    </p>
   </div>
  </div>
 </body>
</html>
