2243 3205
817 208 1005 235 ALExAsnEa
1029 208 1073 233 vn
1098 209 1146 233 ιη’.
1653 197 1710 232 321

1005 267 1020 288 a
1036 257 1154 299 populo
1168 257 1313 290 distinete
1327 256 1429 290 audiri
1444 256 1552 302 possit.
1567 256 1619 289 Die
1635 267 1650 287 x
1667 265 1748 288 mar-

1005 315 1035 341 tn
1062 320 1200 342 aiacem.

37 216 85 242 ΑΙ.
105 209 218 240 &1657
1765 207 1814 235 An.
1835 207 1947 236 c.1657

508 257 688 290 CLXXXIII.

226 329 438 371 Confirmatio
451 328 672 373 quorumdam
688 328 883 361 decretorum
900 340 968 360 ron-

267 382 467 425 (Jreyaliom's
491 392 656 414 sacrorum
680 383 807 414 rituum
827 392 885 425 pro
905 383 967 424 epi-
1020 377 1040 409 Ι.
1061 378 1229 421 episeopus
1243 378 1432 419 Salnnensis,
1447 379 1531 412 eald.
1551 379 1746 412 SALLETTOE.

105 803 207 825 accenset

30 832 80 854 alias
111 833 204 851 emanata

31 859 118 880 decreta.

267 446 358 478 scopo
386 435 566 469 Com-hensa·
598 436 682 468 eirca
716 435 966 467 observationem

268 488 514 521 caeremoniales
535 489 681 529 romani,
708 492 736 520 et
759 488 963 520 rubricarum

269 541 414 574 missalis
441 542 568 574 romani
585 552 644 585 per
660 542 777 574 elerum
804 541 908 575 dictae
924 553 966 574 cc-

269 594 385 627 clesiae
409 594 593 636 faciendam
608 593 625 626 ¹.

416 674 584 701 Alexander
606 674 685 708 Papa
706 675 768 708 vlt,

364 718 400 745 ad
427 718 560 746 futuram
580 718 623 745 rei
645 719 825 746 memoriam.

266 789 281 832 ἓ
310 789 334 821 l.
360 788 443 822 Alias
468 794 655 821 emanarunt
675 800 692 821 a
718 789 963 831 congregatione

222 841 450 874 venerabilium
475 842 610 874 fratrum
635 846 817 875 nostrorum
839 847 963 874 sanctae

221 895 380 928 Romanae
405 895 562 928 Ecclesiae
583 894 789 927 cardinalium
811 895 908 926 sacris
926 895 963 927 ri-

221 947 304 982 tibus
328 947 519 991 praeposita,
538 958 632 991 super
652 947 840 991 quibusdam
861 947 963 980 dubiis

221 1000 266 1033 illi
291 1010 351 1044 pro
375 1005 464 1044 parte
488 1000 675 1033 venerabilis
699 1000 804 1032 fratris
822 999 962 1043 episcopi

220 1053 384 1096 Seguntini
418 1053 610 1097 propositis,
642 1053 871 1092 resolutiones,
908 1063 962 1085 seu

221 1105 366 1147 decreta,
392 1106 510 1139 tenoris
535 1106 588 1150 qui
620 1107 771 1150 sequitur,
797 1106 961 1139 videlieet:

271 1171 283 1191 ι(
305 1159 480 1203 Episcopus
505 1159 696 1202 Seguntinus
714 1159 772 1192 tria
790 1158 884 1192 dubia
909 1159 961 1192 de-

221 1212 333 1245 clarari
359 1212 535 1256 postulavit,
557 1212 715 1245 videlicet:

265 1275 284 1298 1.
309 1266 366 1306 An,
391 1272 509 1298 attento
533 1265 617 1309 quod
643 1265 710 1308 ipse
727 1265 826 1308 possit
847 1276 961 1308 eogere

221 1318 389 1352 canonicos
422 1324 451 1351 et
486 1319 604 1352 elerum
635 1318 821 1352 cathedralis
846 1319 884 1351 ad
909 1330 960 1351 su-

220 1372 365 1406 mendam
393 1384 427 1405 ex
450 1373 516 1405 eius
534 1372 680 1405 manibus
693 1372 742 1405 die
760 1372 837 1405 ioris
855 1375 960 1405 sanet-[1

221 1425 302 1459 infra
326 1427 493 1459 missarum
515 1426 668 1459 solemnia
686 1436 805 1459 sacram
824 1437 962 1459 eommu-

219 1479 358 1521 nionem,
383 1481 483 1524 possit
507 1480 652 1513 similiter
666 1491 779 1522 cogere
797 1491 962 1524 quoscum-

220 1544 280 1579 que
305 1534 484 1567 sacerdotes
509 1534 568 1577 ipsi
589 1535 707 1567 oratori
725 1534 755 1566 in
773 1534 961 1568 benedictio-

219 1598 258 1621 ne
282 1599 446 1622 sacrorum
471 1588 615 1621 oleorum
641 1588 863 1621 ministrantes.

264 1643 300 1676 Et
323 1653 413 1675 sacra
438 1642 555 1675 rituum
575 1642 780 1685 congregatio
798 1642 959 1685 respondit

218 1707 311 1740 posse
329 1701 358 1729 ct
375 1696 490 1728 debere
515 1706 630 1738 cogere
655 1696 747 1728 etiam
773 1695 958 1738 praedictos.

263 1760 295 1783 11.
321 1751 384 1791 An,
410 1748 549 1783 attexit-‘⁴1²'
581 1750 737 1782 contraria
770 1750 959 1792 Seguntiiiue

220 1803 369 1836 ecclesiae
388 1802 624 1842 consuetudine,
646 1802 774 1835 tolerari
801 1803 909 1845 possit,
928 1808 959 1835 ut

219 1856 328 1890 diebus
363 1856 523 1889 ferialibus
553 1856 632 1888 infra
666 1862 787 1899 tempus
813 1857 959 1899 paschale

219 1911 381 1944 omittatur
406 1910 436 1943 in
461 1910 560 1943 choro
585 1909 721 1943 ollieium
740 1920 871 1953 parrum
890 1910 961 1943 Bea-

218 1970 268 1998 tae
291 1965 405 1997 Mariae
432 1964 576 2007 Virginis.

264 2017 301 2051 Et.
316 2028 405 2050 sacra
422 2017 625 2060 congregatio
644 2017 814 2060 respondit,
832 2028 894 2050 non
910 2018 961 2051 ob-

219 2076 319 2104 stante
351 2071 490 2115 qualibet
524 2070 680 2104 contraria
712 2071 959 2112 consuetudine,

221 2124 405 2158 servandam
442 2134 509 2157 esse
542 2123 797 2156 constitutionem
836 2130 960 2157 sanctae

221 2178 394 2211 memoriae
412 2177 455 2209 Pii
478 2177 578 2220 Papae
596 2178 628 2209 V.

264 2242 308 2265 111.
337 2233 383 2264 An
417 2231 457 2264 sit
489 2230 650 2263 toleranda
686 2231 903 2272 consuetudo,
928 2237 960 2264 ut

221 2285 399 2330 symbolum
424 2284 481 2317 sub
506 2294 626 2326 organo
652 2284 841 2316 moduletur.

265 2339 358 2372 Sacra
368 2338 571 2381 congregatio
586 2338 748 2381 respondit
761 2338 895 2371 abusum
909 2338 963 2370 hu-

222 2392 357 2427 iusmodi
376 2391 504 2424 minime
530 2392 739 2431 tolerandum,
764 2391 816 2424 scd
833 2392 961 2424 omnino

222 2457 279 2491 per
297 2446 478 2490 episcopum
496 2445 666 2489 provideri,
685 2450 718 2477 ut
735 2445 855 2487 integre
873 2445 961 2478 intel-

221 2500 336 2544 ligibili
362 2509 438 2532 voce
461 2498 638 2542 symbolum
657 2498 849 2539 decantetur,
868 2498 909 2531 ita
930 2504 962 2531 ut

259 2573 270 2598 1
288 2570 325 2598 Ex
342 2571 448 2604 Regest⁴
466 2570 492 2596 in
507 2570 610 2597 Secret.
627 2569 704 2596 Brcv.

257 2615 273 2643 Ξ
291 2615 362 2643 Edit.
378 2615 456 2643 Main.
473 2615 538 2650 legit
554 2618 662 2642 allento
678 2622 716 2648 (a.
735 2615 782 2649 13).

307 2670 384 2698 Bull.
406 2670 488 2697 Rom.
510 2684 543 2690 -—
562 2669 619 2696 Vol.
636 2667 712 2695 XVI.
893 2668 922 2695 ι41

1092 440 1188 482 (Loco
1206 443 1228 481 †
1246 440 1355 482 sig-itti)

1157 502 1353 535 anfflsers
1370 503 1472 535 Iliam
1492 503 1634 536 Fucinus

1111 566 1218 588 sacrae
1244 555 1361 587 rituum
1384 566 1532 598 congreg.
1551 561 1657 589 sceret.
1684 573 1693 585 ι»

1045 626 1059 669 ἓ
1084 626 1112 658 2.
1139 626 1213 659 Cum
1240 630 1355 665 autem,
1373 626 1454 658 sicut
1475 626 1557 658 idem
1575 627 1742 669 episeopus

1000 679 1089 712 nobis
1114 690 1216 722 nuper
1234 679 1348 722 exponi
1366 679 1448 719 fecit,
1467 679 1532 722 ipse
1558 679 1741 722 praemissa,

998 743 1056 776 pro
1080 733 1214 765 firmiori
1241 733 1367 765 illorum
1389 733 1602 771 subsistentia,
1621 739 1743 776 aposto-

999 786 1077 818 lieae
1101 785 1350 819 confirmationis
1375 790 1500 818 nostrae
1526 785 1641 818 robore
1662 796 1743 818 com-

1000 839 1114 870 muniri
1137 849 1341 881 summopere
1359 839 1531 871 desideret:
1554 848 1622 878 HOS,
1642 838 1741 881 ipsum

998 891 1179 935 episcopum
1199 892 1389 935 specialibus
1407 891 1567 925 favoribus
1583 897 1612 924 et.
1633 891 1742 933 gratiis

998 944 1146 988 prosequi
1174 945 1322 984 volentes,
1341 950 1370 977 et
1394 956 1410 976 a
1436 944 1598 988 quibusvis
1620 954 1743 977 excom-

999 997 1239 1038 municationis,
1266 998 1482 1041 suspensionis
1507 1003 1535 1030 ct
1561 997 1741 1039 interdicti,

997 1050 1128 1093 aliisque
1153 1051 1372 1084 ecclesiasticis
1397 1050 1574 1091 sententiis,
1600 1050 1741 1083 censuris

998 1109 1027 1136 et
1051 1104 1170 1147 poenis,
1196 1114 1212 1136 a
1238 1105 1306 1136 iure
1331 1104 1378 1136 vel
1403 1103 1442 1136 ab
1467 1103 1605 1145 homine,
1632 1103 1741 1146 quavis

997 1157 1161 1190 occasione
1186 1158 1233 1190 vel
1259 1160 1352 1190 causa
1378 1157 1459 1197 latis,
1483 1157 1507 1189 si
1530 1156 1646 1200 quibus
1667 1167 1742 1200 quo-

999 1210 1169 1244 modolibet
1194 1211 1361 1244 innodatus
1386 1210 1500 1251 existit,
1526 1210 1564 1242 ad
1590 1209 1738 1242 effectum

997 1263 1209 1307 praesentium
1227 1264 1388 1296 dumtaxat
1406 1262 1675 1305 consequendum,
1690 1262 1741 1295 lia-

998 1328 1067 1349 rum
1093 1316 1173 1349 serie
1199 1317 1398 1349 absolventes
1416 1321 1446 1349 et
1469 1315 1647 1348 absolutum
1675 1316 1740 1348 sore

996 1377 1158 1404 censentes
1173 1398 1180 1411 ,
1205 1370 1488 1414 supplicationibus
1520 1369 1589 1402 cius
1613 1370 1740 1402 nomine

996 1425 1086 1457 nobis
1111 1436 1206 1469 super
1230 1426 1289 1458 hoc
1315 1424 1478 1457 humiliter
1512 1423 1668 1468 porrectis
1694 1423 1739 1455 in—

995 1479 1122 1518 clinati,
1148 1479 1358 1512 resolutiones
1383 1488 1438 1510 seu
1464 1477 1590 1510 decreta
1618 1477 1739 1520 praein-

995 1538 1087 1573 serta,
1112 1533 1285 1576 apostolica
1301 1533 1499 1573 auctoritate,
1521 1537 1630 1564 tenore
1651 1542 1738 1575 prae-

995 1586 1139 1626 sentium,
1164 1588 1389 1619 coulirtnatmts
1411 1592 1440 1618 et
1457 1585 1681 1628 approbamus,
1708 1585 1739 1617 ll-

995 1639 1093 1682 lisque
1131 1640 1319 1673 inviolabilis
1356 1639 1549 1683 apostolicae
1579 1638 1737 1671 firmitatis

996 1693 1290 1733 1·0bur21dtiei11ms;
1317 1694 1401 1726 salva
1428 1699 1531 1725 tamen
1557 1702 1683 1735 semper
1706 1692 1738 1724 in

995 1747 1177 1791 praemissis
1202 1748 1387 1780 auctoritate
1413 1746 1667 1790 congregationiS
1684 1757 1737 1779 eo—

996 1800 1139 1833 rumdem
1162 1801 1380 1833 cardinalium.

1039 1853 1096 1898 §3
1116 1854 1324 1886 Decerncntes
1345 1853 1469 1885 casdem
1492 1858 1673 1896 praesentes
1693 1852 1739 1886 lit-

996 1913 1076 1942 teras
1101 1918 1228 1950 semper
1260 1909 1386 1947 tirmas,
1419 1906 1536 1938 vatidus
1550 1911 1579 1938 et
1596 1906 1738 1938 cstieaees

995 1961 1129 1994 existere
1159 1966 1188 1993 ct
1220 1960 1307 2000 sore,
1341 1971 1377 1993 ac
1407 1960 1446 1992 ab
1481 1959 1563 1999 illis,
1588 1959 1626 1991 ad
1660 1970 1739 2002 quos

995 2020 1112 2059 spectat
1138 2020 1168 2048 ct
1192 2025 1250 2058 pro
1284 2020 1428 2058 tempore
1453 2013 1617 2057 spectabit,
1640 2013 1739 2045 invio-

995 2069 1131 2101 labiliter
1156 2068 1318 2101 observari
1335 2094 1342 2107 ,
1368 2067 1475 2110 sieque
1504 2067 1534 2098 in
1557 2065 1740 2109 praemissis

996 2133 1053 2166 per
1066 2132 1285 2166 quoscumque
1307 2121 1425 2153 iudices
1450 2119 1629 2152 ordinarios
1644 2124 1673 2151 ct
1687 2119 1739 2151 dc-

996 2176 1124 2218 teg-atos,
1142 2175 1234 2208 ctiam
1251 2185 1416 2207 cansarum
1446 2173 1552 2217 palatii
1574 2172 1739 2215 apostolici

995 2229 1165 2268 auditores,
1182 2228 1313 2260 iudicari
1343 2232 1373 2259 et
1398 2225 1522 2260 deliniri
1548 2225 1674 2265 debere,
1703 2236 1739 2258 ac

996 2283 1119 2315 irritum
1153 2286 1181 2315 et
1215 2282 1328 2323 inane,
1355 2281 1379 2313 si
1415 2291 1505 2313 secus
1530 2289 1625 2322 super
1650 2278 1698 2310 liis
1723 2289 1739 2309 a

995 2346 1173 2379 quoquam,
1198 2335 1306 2378 quavis
1331 2334 1528 2373 auctoritate,
1542 2332 1677 2365 scienter
1692 2332 1738 2364 x'cl

996 2391 1195 2432 ignoranter,
1221 2388 1389 2431 eontigerit
1413 2386 1567 2421 attentari.

1040 2444 1054 2487 ᾗ
1085 2443 1114 2475 4.
1147 2443 1214 2475 Non
1248 2442 1445 2476 obstantibus
1479 2439 1678 2484 praemissis,
1703 2450 1738 2472 ac

996 2495 1271 2530 constitutionibus
1289 2500 1319 2527 et
1343 2493 1594 2527 ordinationibus
1614 2498 1738 2536 aposto-

997 2551 1074 2589 licis,
1094 2559 1227 2588 nccnon,
1245 2553 1400 2592 quatenus
1417 2557 1496 2591 opus
1514 2547 1562 2587 sit,
1589 2546 1738 2579 ccclesiae

997 2604 1163 2649 praefatae,
1189 2607 1218 2635 ct
1242 2601 1310 2634 aliis
1334 2601 1507 2646 quibusvis,
1533 2600 1626 2634 etiam
1656 2600 1739 2633 iura-

1820 640 1942 665 Apostoli-:a

1757 669 1885 686 atteterilale
1899 673 1943 686 mu-

1757 695 1785 711 nit
1802 695 1820 711 el
1833 693 1942 713 resolutio-

1757 722 1942 743 nesprienisertas

1757 745 1873 766 coufirmat.

1781 1859 1796 1879 t»
1813 1862 1891 1879 victum
1908 1859 1936 1880 ir-

1754 1893 1770 1907 rx
1783 1893 1829 1907 ans.

1781 2445 1891 2465 contraiis
1906 2449 1938 2464 re-

1753 2477 1758 2491 l
1774 2474 1805 2491 sil.
