2185 3188
7 192 56 219 An.
75 190 103 218 C.
123 189 190 217 ¹656

29 2115 70 2138 Nec
85 2123 124 2138 non
142 2120 180 2138 tra·

6 2142 76 2164 benten
98 2144 123 2164 ad
148 2144 181 2166 tri·

5 2169 66 2191 buna}
81 2170 162 2192 laicum.

795 188 977 212 ALEKANDER
1004 188 1046 211 5⁷11
1072 188 1118 211 PP.

202 246 237 269 ac
256 235 332 268 alias
349 245 457 269 causas
475 236 652 280 spirituales
670 240 698 268 et
724 235 940 280 spiritualibus
956 237 957 274 ξ

201 299 336 322 annexas
361 289 399 321 ab
428 290 626 323 auditoribus
656 296 684 322 et
715 289 939 322 commissariis

201 342 316 376 nostris
356 342 487 386 aliisque
529 343 683 375 iudicibus
719 342 956 379 ecclesiasticisj

200 399 340 436 avocant,
358 395 533 428 illorumve¹
553 406 678 429 cursum
695 401 722 427 et
738 395 938 433 audientiam,
955 415 956 422 κ

200 458 236 481 ac
260 458 422 492 personas,
442 449 586 492 capitula,
608 454 789 488 conventus,
807 448 938 490 collegia
955 449 957 493 ζ

199 511 308 534 causas
329 502 412 545 ipsas
429 502 576 546 prosequi
599 502 737 534 volentes
755 501 938 545 impediunt,
955 526 956 552 ἦ

199 564 235 587 ac
259 565 291 587 se
316 555 354 587 de
376 554 499 587 illarum
522 555 700 597 cognitione
718 560 876 598 tamquam
897 554 939 586 iu-

198 607 283 640 dices
307 607 524 652 interponunt;
550 607 642 651 quive
667 612 771 651 partes
796 597 956 649 notrices}

198 671 278 705 quae
303 661 371 695 illas
396 662 550 695 committi
576 663 717 694 fecerunt
747 667 776 694 et
802 662 956 701 saciunt,r

197 715 236 747 ad
260 716 470 749 revocandum
488 720 516 750 et
542 716 682 749 revocari
708 716 883 749 faciendum
899 716 938 748 ci-

198 768 329 802 tationes
353 770 401 802 vel
427 770 629 803 inhibitiones
647 774 698 803 aut
726 770 801 802 alias
818 770 937 802 litteras
954 763 955 799 l

197 821 227 854 in
253 822 296 855 eis
320 822 471 863 decretas,
496 828 525 855 et
549 823 585 855 ad
613 823 787 856 faciendum
806 823 853 855 vel
867 833 937 855 con·

197 875 392 909 sentiendum
419 875 490 918 eis2,
517 881 626 909 contra
651 887 729 920 quos
754 877 831 908 tales
857 876 936 908 inhi-

196 927 331 962 bitiones
353 935 549 969 emanarunt,
570 940 586 961 a
607 929 748 962 censuris
774 934 803 961 et
827 929 936 972 poenis

197 981 227 1014 in
257 982 317 1014 illis
342 983 495 1015 contentis
521 983 650 1022 absolvi,
676 993 733 1026 per
758 982 954 1023 statutum³,=

196 1034 244 1067 vel
269 1035 510 1079 exequutionem
536 1035 711 1068 litterarum
742 1035 935 1079 apostolica-

196 1097 290 1128 rum,
319 1097 375 1120 seu
402 1088 687 1132 exequutorialium
718 1098 935 1132 processuum,

196 1151 233 1174 ac
241 1140 440 1174 decretorum
452 1141 687 1185 praedictorum
699 1141 936 1186 quomodolibet

197 1194 382 1238 impediunt,
404 1195 450 1227 rel
479 1205 570 1227 suum
589 1195 626 1227 ad
648 1195 677 1227 id
696 1196 833 1227 savorem
855 1205 932 1227 con-

196 1247 300 1280 silium
313 1253 365 1280 aut
384 1258 545 1280 assensum
561 1255 729 1292 praestant,
741 1250 833 1281 etiam
849 1260 937 1292 prae-

197 1306 282 1334 textu
304 1302 468 1335 violentiae
489 1303 714 1346 prohibendae,
733 1303 780 1335 vel
801 1303 934 1335 aliarum

196 1355 462 1398 praetensionum,
473 1366 526 1388 seu
538 1356 629 1388 etiam
640 1356 739 1389 donec
754 1356 812 1400 ipsi
828 1356 865 1388 ad
879 1366 936 1389 nos

196 1408 433 1449 informandos,
458 1414 493 1441 ut
516 1409 642 1448 dicunt,
669 1409 936 1453 supplicaverint,

196 1465 249 1496 aut
262 1463 432 1506 supplicari
450 1462 590 1502 fecerint,
607 1462 664 1495 nisi
691 1463 936 1506 sulthlicationes
953 1487 954 1492 ,

197 1515 377 1549 huiusmodi
395 1526 501 1548 coram
526 1516 616 1549 nobis
641 1522 670 1548 et
695 1516 773 1549 Sede
798 1517 933 1559 Aposto-

197 1568 256 1602 lica
280 1569 419 1612 legitime
444 1575 685 1613 prosequantur,
713 1570 834 1602 etiamsi
865 1570 936 1602 talia

197 1623 429 1656 committentes
447 1624 563 1656 suerint
580 1624 794 1666 praesidentes
815 1624 936 1656 cancel-

197 1677 346 1710 lariarum
361 1703 369 1717 ,
395 1677 617 1718 consiliorum,
644 1678 935 1720 parlamentorum‚

198 1731 387 1772 cancellarii,
406 1731 668 1771 vicecancellarii,
689 1731 859 1764 consiliarii
884 1742 935 1763 or-
952 1759 954 1771 Α

197 1785 308 1818 dinarii
341 1785 388 1818 vel
425 1785 665 1818 extraordinarii
702 1795 932 1828 quorumcum-

197 1849 259 1883 que
283 1839 460 1883 principum
484 1839 684 1880 secularium,
710 1839 802 1871 etiaiu
829 1839 932 1883 impc-

196 1891 276 1933 riali,
302 1892 410 1935 regali,
435 1892 547 1934 ducali,
574 1893 620 1925 vel
650 1893 709 1924 alia
735 1903 935 1937 quacumque

197 1946 416 1990 praefulgeant
436 1946 596 1989 dignitate,
614 1952 667 1979 aut
692 1946 934 1990 archiepiscopi,

198 2000 347 2044 episcopi,
372 2000 510 2041 abbates,
535 2000 804 2043 commendatarii,
819 2011 875 2033 seu
892 2001 936 2034 vi-

197 2054 272 2087 carii
298 2054 436 2093 fuerint,

240 2117 292 2140 xv.
318 2108 414 2147 Quive
440 2118 475 2140 ex
501 2118 610 2141 eorum
632 2114 800 2152 praetenso
821 2108 935 2148 officio,

198 2162 243 2194 vel
262 2161 300 2193 ad
319 2161 496 2193 instantiam
523 2163 619 2205 partis
637 2166 689 2195 aut
705 2162 838 2195 aliorum
863 2173 937 2206 quo-

197 2225 415 2258 rumcumque,
441 2226 592 2258 personas
617 2216 852 2257 ecclesiasticas,
879 2226 933 2248 ea-

196 2269 315 2312 pitula,
349 2274 540 2310 conventus,
567 2269 699 2312 collegia
731 2270 934 2303 ecclesiarum

196 2333 470 2367 quarumcumque
494 2333 599 2356 coram
633 2334 665 2356 se
690 2323 727 2355 ad
757 2334 849 2356 suurn
875 2323 933 2356 tri-

233 2422 242 2447 1
268 2420 377 2448 Videtur
398 2420 543 2455 legendum
563 2420 719 2448 illarumve
739 2421 778 2455 (R.
793 2421 842 2455 T.).

232 2468 248 2491 2
268 2466 306 2492 Ex
325 2466 384 2493 loco
405 2465 532 2501 parallelo
555 2470 618 2492 totu.
640 2472 676 2498 M,
699 2474 758 2501 pag.
781 2467 826 2492 bat
852 2476 880 2499 a,
903 2466 937 2493 le-

196 2510 313 2545 gendum
334 2518 379 2538 eos
400 2519 449 2545 pro
469 2510 508 2537 eis
528 2514 568 2543 (u.
587 2512 634 2541 ¹12).

233 2556 248 2581 3
269 2555 303 2581 lix
329 2555 386 2582 loco
407 2554 500 2589 parali.
523 2554 678 2582 addendum
704 2556 745 2582 vel
764 2555 839 2583 alias
859 2564 936 2582 com-

195 2600 304 2633 pellunt
324 2600 361 2633 (n.
377 2606 392 2625 Τ
407 2620 413 2625 .
882 2593 885 2596 ’

281 2653 357 2682 Bult.
378 2654 462 2682 Rom.
482 2668 516 2673 —
540 2653 597 2683 Vol.
618 2653 694 2681 XVI.

841 2653 872 2681 10

1619 178 1683 211 145

974 235 1289 275 bunal,audientiam‚
1303 236 1533 275 cancellariam,
1549 235 1714 269 consilium

975 288 1022 320 rel
1051 289 1292 331 parlamentum,
1319 295 1445 332 practer
1472 289 1550 321 iuris
1574 287 1715 321 canonici

974 341 1221 385 dispositionem,
1249 342 1372 374 tralumt
1400 343 1446 375 vel
1475 343 1553 376 tratti
1579 342 1716 379 faciunt,

974 395 1020 427 vel
1047 395 1160 427 faciunt
1188 395 1233 427 vel
1261 401 1434 438 procurant
1459 396 1587 434 directe,
1606 395 1716 438 quovis

974 447 1116 491 quaesito
1132 448 1252 485 rolore;
1275 458 1395 480 necnon
1415 449 1466 491 qui
1488 453 1612 488 statuta,
1631 449 1716 482 ordi-

974 501 1125 540 nationes,
1148 501 1398 541 constitutiones,
1419 501 1640 544 pragmaticas,
1662 512 1717 534 seu

974 555 1102 598 quaevis
1124 554 1182 586 alia
1200 554 1336 595 decreta,
1352 554 1380 586 in
1403 564 1517 596 genere
1533 555 1579 587 vel
1599 555 1628 586 in
1645 566 1716 598 spe-

974 608 1038 647 cio,
1065 619 1099 640 ex
1126 607 1235 651 quavis
1260 609 1354 640 eausa
1380 614 1407 640 et
1438 607 1550 651 quovis
1575 609 1716 651 quaesito

973 661 1089 701 colore,
1115 672 1150 694 ac
1175 661 1268 693 etiam
1295 665 1457 704 praetextu
1484 661 1621 693 cuiusvis
1647 672 1717 694 con<

973 714 1165 754 suetudinis,
1191 720 1244 746 aut
1271 714 1437 757 privilegii,
1464 714 1510 745 vel
1537 714 1612 746 alias
1637 725 1714 757 quo-

973 767 1155 807 modolibet,
1180 767 1325 806 fecerint,
1351 766 1567 799 ordinaverint
1591 772 1621 799 et
1652 778 1712 810 pu-

973 820 1178 862 blicaverint,
1204 821 1251 853 vel
1289 820 1376 852 factis
1412 825 1442 852 et
1480 819 1633 852 ordinatis
1669 821 1714 852 usi

972 873 1106 915 suerint,
1133 874 1215 906 unde
1240 873 1369 906 libertas
1394 872 1605 906 ecclesiastica
1635 873 1716 906 tolli-

972 930 1032 966 tur,
1057 931 1110 958 aut
1133 927 1208 959 alias
1230 927 1340 971 quovis
1374 926 1468 959 modo
1502 926 1715 969 restringitur,

972 991 1025 1014 seu
1051 981 1166 1014 nostris
1192 987 1222 1014 et
1254 981 1354 1015 dictae
1383 981 1472 1015 Sedis
1497 991 1533 1013 ac
1565 991 1716 1024 quarum-

972 1045 1107 1078 cumque
1132 1034 1335 1068 ecclesiarum
1367 1034 1489 1067 iuribus
1517 1034 1715 1078 quomodoli-

971 1087 1034 1128 bet,
1058 1087 1176 1121 directe
1202 1088 1248 1120 vel
1275 1087 1447 1129 indirecte,
1473 1087 1566 1120 tacite
1591 1087 1637 1119 vel
1663 1097 1714 1120 ex-

971 1151 1089 1185 presse,
1114 1141 1369 1185 praeiudicatur;

1015 1204 1080 1228 xvi.
1109 1196 1236 1228 Necnon
1266 1195 1317 1238 qui
1348 1194 1624 1238 archiepiscopos,
1649 1195 1715 1238 epi-

971 1259 1099 1292 scopos,
1125 1249 1264 1292 aliosque
1290 1248 1472 1292 superiores
1497 1253 1527 1281 et
1552 1248 1715 1282 inferiores

971 1302 1137 1345 praelatos,
1156 1307 1184 1334 et
1206 1312 1316 1334 omnes
1337 1301 1413 1334 alios
1434 1312 1652 1345 quoscumque
1673 1301 1717 1334 iu-

971 1355 1056 1388 dices
1073 1355 1301 1389 ecelesiasticos
1326 1355 1515 1395 ordinarios,
1541 1355 1716 1398 quomodo-

972 1409 1047 1441 libet
1076 1409 1133 1442 hac
1158 1410 1195 1441 de
1221 1411 1315 1442 causa
1339 1409 1457 1442 directe
1485 1409 1531 1440 vel
1566 1409 1718 1442 indirecte

972 1463 1173 1503 carcerando,
1195 1464 1241 1496 vel
1268 1463 1464 1496 molestando
1490 1473 1600 1496 eorum
1625 1473 1719 1505 agen-

973 1522 1027 1557 tes,
1048 1523 1283 1560 procuratores,
1301 1517 1482 1558 familiares,
1503 1527 1626 1549 necnon
1648 1527 1719 1550 con—

972 1570 1160 1612 sanguineos
1177 1576 1206 1602 et
1224 1570 1341 1610 aflines,
1355 1575 1407 1602 aut
1425 1570 1512 1610 alias,
1532 1569 1717 1613 impediunt,

971 1623 1141 1666 quominus
1166 1626 1221 1656 sua
1258 1623 1473 1656 iurisdictione
1505 1623 1715 1656 ecelesiastica

972 1682 1082 1709 contra
1114 1687 1332 1720 quoscumque
1363 1682 1510 1717 utantur,
1542 1677 1715 1710 secundum

971 1731 1053 1774 quod
1075 1741 1210 1763 canones
1231 1737 1260 1763 et
1280 1741 1386 1763 sacrae
1411 1731 1649 1764 constitutiones
1670 1742 1717 1764 ec-

971 1784 1163 1817 clesiasticae
1188 1790 1218 1816 et
1242 1784 1368 1817 decreta
1394 1784 1599 1817 conciliorum
1626 1795 1716 1827 gene—

971 1838 1082 1871 ralium
1105 1843 1134 1871 et
1155 1838 1340 1882 praesertim
1362 1837 1534 1870 Tridentini
1554 1842 1714 1879 statuunt3

971 1903 1006 1925 ac
1031 1892 1122 1925 etiam
1150 1902 1224 1932 eos,
1250 1892 1324 1936 qui,
1360 1897 1429 1935 post,
1461 1892 1600 1935 ipsorum
1627 1891 1716 1925 Ordi-

971 1946 1132 1979 nariorum
1164 1946 1210 1978 rel
1244 1946 1335 1978 etiam
1362 1945 1400 1978 ab
1429 1945 1473 1978 eis
1498 1945 1715 1988 delegatorum

970 2010 1246 2044 quorumcumque
1267 1999 1436 2032 sententias
1457 2004 1487 2031 et
1507 1999 1642 2039 decreta,
1664 2004 1716 2031 aut

970 2053 1045 2086 alias
1065 2053 1123 2087 fori
1144 2053 1346 2086 ecclesiastici
1372 2053 1522 2085 iudicium
1544 2052 1714 2095 eludentes,

971 2107 1008 2140 ad
1033 2107 1235 2140 cancellarias
1263 2112 1293 2139 et
1321 2107 1397 2139 alias
1425 2106 1529 2138 curias
1557 2106 1715 2139 seculares

971 2166 1150 2201 recurrunt,
1165 2166 1194 2193 et
1207 2160 1245 2192 ab
1260 2160 1320 2192 illis
1337 2159 1568 2203 prohibitiones
1585 2164 1615 2192 et
1633 2169 1717 2191 man-

972 2215 1041 2247 data
1055 2214 1146 2247 etiam
1164 2214 1309 2258 poenalia
1326 2213 1499 2247 Ordinariis
1517 2218 1546 2245 et
1564 2212 1716 2255 delegatis

972 2268 1141 2312 praedictis
1166 2268 1291 2300 decerni
1318 2273 1348 2299 et
1372 2271 1482 2299 contra
1508 2266 1577 2299 illos
1605 2266 1715 2309 exequi

972 2326 1160 2366 procurant,
1185 2331 1238 2354 eos
1263 2331 1399 2364 quoque,
1426 2320 1478 2364 qui
1505 2319 1581 2352 haec
1606 2319 1714 2351 decer-

972 2381 1050 2408 nunt
1074 2380 1104 2408 et
1129 2379 1344 2418 exequuntur,
1370 2384 1423 2407 seu
1448 2373 1521 2406 dant
1546 2373 1715 2413 auxilium,

973 2428 1154 2469 consilium,
1175 2428 1384 2472 patrocinium
1406 2433 1436 2460 et
1455 2428 1592 2460 favorem
1614 2427 1644 2459 in
1666 2427 1715 2459 iis-

972 2484 1060 2519 deun

1017 2546 1090 2569 xvtt.
1116 2535 1211 2574 Quive
1239 2534 1480 2574 iurisdictiones,
1505 2545 1559 2567 scu
1583 2535 1714 2574 fructus,

973 2591 1112 2624 redditus
1144 2593 1173 2623 et
1197 2594 1378 2632 proventus,
1402 2588 1441 2622 ad
1466 2599 1524 2622 nos
1548 2593 1578 2622 et
1602 2588 1714 2622 Sedent

1731 187 1780 213 Αη.
1797 187 1825 214 C.
1851 186 1917 215 ¹656

1745 1205 1885 1230 tuipedientes
1895 1210 1914 1223 e<

1731 1237 1864 1256 piu-operum
1877 1237 1916 1251 au-

1732 1260 1858 1278 vini-itatem.
1875 1260 1915 1278 etr.

1732 1285 1906 1305 mcununuuicat.

1757 2540 1914 2560 liii-inlictionez

1730 2569 1776 2588 cte..
1788 2569 1914 2591 usurpantes

1730 2595 1904 2615 excetnuiuutcat.
