2243 3205
66 129 118 156 An.
134 126 162 154 C.
185 126 250 153 1659

93 189 169 212 Dividit
199 192 248 213 pro·

67 217 155 240 nnciam
162 216 246 238 induas.

90 933 133 953 Gau
139 931 169 952 tet
179 931 244 958 privi-

64 959 122 988 leaiis
150 958 243 989 >aliarum

63 991 109 1012 [ΙΙἫΙ
115 990 222 1005 metarunt.

96 1940 134 1961 Dat
158 1942 241 1962 modum

63 1967 150 1993 eligendi
183 1974 242 1988 mini-

63 1996 124 2014 strum
135 1996 153 2014 ct
169 1994 241 2015 ‹tt-nni-

63 2022 124 2041 tores.

870 125 1054 148 ALEXANDER
1079 125 1122 147 vu
1148 125 1195 147 ΓΡ.

305 171 320 216 ἓ
337 171 365 204 4.
378 171 570 206 Auctoritate
591 173 773 217 apostolica,
792 178 899 206 tenore
916 182 1006 216 prae-

260 225 414 266 sentium,
439 225 714 268 dismembramus,
741 231 770 259 et
795 236 831 259 ex
856 226 947 258 unica
974 226 1004 258 in

260 277 337 310 duas
361 278 541 321 dividimus,
567 280 608 313 ita
633 279 761 321 scilicet,
787 284 820 311 ut
845 278 1004 322 vigintise-

258 337 344 376 ptem
370 338 543 366 conventus
574 343 657 366 nunc
682 333 848 366 existentes
873 332 902 365 in
928 343 1003 376 pro-

259 385 359 418 vincia
385 386 552 428 Valentiae,
574 391 604 418 et
629 385 653 418 si
679 396 758 430 quos
782 385 893 419 exinde
907 385 937 418 in
956 387 1004 418 ea-

259 438 330 471 dem
352 438 432 482 erigi
461 439 631 482 contingat,
657 449 755 483 usque
784 440 822 472 ad
847 439 1001 472 civitatem

259 492 396 525 Murciae
420 492 575 525 exclusive
590 519 597 532 ,
622 498 744 526 retento
777 493 902 525 nornine
926 503 1001 536 pro-

259 544 379 577 vinciae
392 545 421 578 S.
439 545 563 578 Ioannis
581 545 746 589 Baptistae,
764 546 822 578 sub
843 547 880 578 ea
893 556 999 578 rema-

259 607 344 637 nere;
370 597 465 630 ceteri
490 608 564 630 vero
588 597 626 630 ab
652 598 760 631 eadem
779 599 901 631 civitate
918 599 1000 632 Mur-

260 650 325 683 ciae
344 661 401 694 per
413 651 552 695 praefata
566 662 665 695 regna
678 652 814 685 Murciae
833 658 861 685 et
884 653 1001 686 Grana-

259 708 308 736 tae
319 703 434 744 diffusi,
445 708 475 738 et
488 704 517 736 in
531 710 694 749 posterum
710 706 830 749 pariter
839 705 1000 746 fundandi,

259 756 320 790 ad¹
349 757 543 801 provinciam
570 757 608 790 de
632 768 714 791 novo
743 764 880 791 erectam
914 763 943 793 et
968 759 998 791 B.

259 810 341 843 Petri
352 810 389 843 de
403 811 568 844 Alcantara
585 811 826 855 nuncupandam
839 812 998 856 pertinere

259 862 485 905 intelligantur.

302 916 317 959 ἓ
341 915 370 949 5.
396 916 492 955 Quam
519 916 713 960 provinciam
733 917 764 950 B.
786 917 868 950 Petri
895 917 932 950 de
951 918 999 950 Al-

259 973 399 1009 cantara,
425 969 463 1002 de
487 980 588 1011 novo,
613 970 693 1003 sicut
717 970 910 1014 praefertur,
935 981 999 1003 ere-

258 1026 339 1055 ctam
357 1027 386 1054 et
403 1022 586 1065 institutam,
605 1023 749 1056 volumus
766 1023 848 1056 inter
872 1023 998 1067 provin·
1015 1033 1017 1039 *

259 1074 322 1107 cias
349 1075 501 1118 praedicti
534 1075 658 1109 Ordinis
690 1075 844 1109 Minorum
879 1077 999 1118 regula-

259 1126 302 1159 ris
343 1127 559 1160 observantiae
598 1127 785 1160 auctoritate
825 1123 1015 1171 apostolica*

258 1185 377 1212 erectas
401 1184 431 1214 et
452 1181 640 1224 approbatas
665 1181 833 1223 aggregari
850 1186 880 1213 et
904 1191 999 1214 annu-

257 1233 384 1274 merari,
407 1244 443 1266 ac
469 1239 672 1277 aggregatam
702 1240 731 1266 ct
759 1240 997 1267 annumeratam

257 1296 325 1319 esse
349 1286 514 1320 statuimus
539 1292 569 1320 et
593 1287 809 1327 decernimus,
835 1288 998 1320 omnibus-

257 1350 319 1384 que
338 1341 605 1382 concessionibus,
622 1342 741 1384 gratiis,
755 1341 883 1374 indultis
906 1347 935 1374 et
949 1342 997 1374 lit·
1014 1353 1016 1376 1

257 1394 332 1427 teris
349 1395 529 1438 apostolicis
543 1395 644 1427 eidem
659 1395 688 1428 S.
708 1395 830 1428 loannis
844 1395 998 1438 Baptistae
1014 1414 1016 1424 Α

258 1452 288 1480 et
316 1448 385 1480 aliis
415 1448 488 1482 dicti
523 1448 648 1482 Ordinis
678 1449 849 1492 provinciis
880 1449 1015 1482 Discal-¹

256 1505 417 1536 ceatorum
443 1502 610 1543 concessis,
629 1507 658 1534 ct
678 1513 735 1546 pro
762 1508 903 1546 tempore
924 1513 997 1536 con·
1014 1506 1015 1523 ³

256 1555 413 1596 cedendis,
446 1556 506 1588 frui
531 1561 561 1588 et
591 1556 749 1599 gaudere,
771 1567 806 1589 ac
838 1556 863 1588 si
894 1556 995 1589 eidem

254 1609 293 1642 de
326 1619 408 1642 novo
441 1609 620 1654 specialiter
650 1620 799 1643 concessa
836 1613 939 1644 essent
968 1615 997 1642 et

255 1662 372 1696 eisdem
398 1663 688 1704 constitutionibus,
713 1663 847 1706 legibus,
873 1663 1015 1696 statutis'

255 1721 285 1750 et
305 1716 569 1758 ordinationibus,
593 1717 706 1761 quibus
731 1717 812 1750 dicta
835 1717 997 1761 provincia

255 1769 285 1803 S.
302 1770 428 1803 Ioannis
452 1770 607 1814 Baptistae
624 1771 724 1803 utitur
743 1776 773 1803 et
790 1770 995 1813 gubernatur,

255 1822 401 1856 similiter
432 1827 584 1867 perpetuo
616 1824 660 1856 uti
685 1829 715 1857 et
740 1823 909 1867 gubernari
941 1823 1014 1856 de-‘

255 1876 340 1910 bere.

301 1929 316 1974 §
339 1929 369 1962 6.
394 1929 428 1962 In
452 1930 589 1974 capitulo
614 1935 717 1963 autem
742 1930 940 1974 provinciali,
965 1930 996 1962 in

256 1994 319 2028 quo
344 1994 471 2028 praeses
495 1984 659 2028 ipsiusmet
676 1984 804 2028 capituli
825 1984 863 2017 ad
883 1994 995 2017 novam
1013 1993 1014 2007 ¹

257 2037 441 2072 electionem
465 2037 650 2081 praesideat,
668 2038 715 2070 vel
737 2037 829 2070 etiam
860 2038 890 2070 in
916 2048 994 2071 con-

257 2091 441 2134 gregatione
469 2101 558 2124 more
583 2091 709 2135 capituli
731 2091 935 2135 provincialis
959 2091 997 2124 ad

256 2144 341 2178 hunc
354 2144 498 2178 effectum
514 2144 658 2178 habenda
672 2150 701 2178 et
719 2144 906 2178 celebranda
926 2150 998 2177 tem-

255 2208 333 2243 pore
357 2203 387 2231 et
410 2199 480 2232 loco
505 2198 543 2231 ab
560 2198 628 2242 ipso
645 2198 789 2231 ministro
814 2198 996 2242 provinciali

254 2251 435 2296 provinciae
459 2252 487 2285 S.
514 2251 636 2285 Ioannis
660 2252 816 2295 Baptistae
843 2251 997 2295 praescri-

255 2306 334 2350 ptis,
368 2305 607 2349 convocatisque
632 2315 689 2348 per
721 2305 823 2348 ipsum
857 2304 998 2337 definito-

257 2359 344 2393 ribus
378 2364 407 2392 et
443 2359 594 2391 fratribus
635 2359 820 2402 cunctisque
855 2358 996 2391 omnium

256 2413 400 2447 locorum
426 2423 480 2445 seu
505 2416 715 2445 conventuum
741 2411 839 2455 ipsius
864 2411 995 2456 provin-

294 2512 308 2538 ¹
330 2510 400 2537 Edit.
421 2509 498 2537 Main.
521 2509 586 2544 legit
605 2517 638 2535 ac
658 2517 705 2544 pro
722 2509 759 2536 ad
774 2509 812 2543 (a.
828 2513 876 2541 T.).

364 2582 439 2611 Buzt.
457 2582 536 2611 Rom.
553 2597 588 2602 —
607 2581 665 2609 Vol.
683 2581 757 2609 XVI.
903 2582 933 2609 61

1687 117 1744 149 481

1039 172 1105 205 eiae
1129 172 1326 214 guardianis,
1352 184 1387 206 ex
1413 173 1559 207 omnibus
1585 173 1650 206 eius
1676 174 1779 208 fratri-

1038 225 1107 266 bus,
1126 226 1185 258 hoc
1210 232 1255 258 est
1281 226 1318 259 de
1336 232 1402 260 toto
1427 238 1561 271 corpore
1586 228 1779 272 provinciae,

1037 288 1117 310 unus
1143 278 1268 311 illorum
1295 279 1326 311 in
1353 280 1530 313 ministrum
1556 280 1779 324 provincialem

1036 341 1094 375 pro
1115 332 1279 375 provincia
1297 332 1334 365 de
1350 343 1431 366 novo
1456 336 1559 366 erecta
1577 344 1635 377 per
1652 334 1779 367 eosdem

1037 384 1215 417 ministrum
1243 386 1468 428 provincialem
1491 392 1521 418 et
1545 386 1729 420 definitores
1751 392 1781 419 ct

1037 437 1227 480 guardianos
1243 448 1300 482 per
1325 442 1396 472 vota
1419 444 1540 472 secreta
1566 440 1602 472 ad
1621 440 1778 483 praescri-

1036 496 1124 534 ptum
1150 491 1230 524 sacri
1255 491 1384 525 Concilii
1409 492 1591 534 Tridentini,
1613 499 1642 525 et
1667 493 1778 525 deinde

1036 555 1071 577 ex
1109 554 1244 588 corpore
1280 545 1536 588 congregationis
1578 546 1777 579 solummodo

1036 602 1170 640 quatuor
1194 597 1376 631 definitores
1393 603 1423 631 et
1440 603 1554 640 custos,
1569 599 1697 631 servatis
1715 609 1777 631 ser—

1034 650 1152 691 vandis,
1184 656 1213 684 et
1238 656 1332 695 prout
1363 651 1394 683 in
1424 651 1606 684 huiusmodi
1632 652 1776 695 capitulis

1035 704 1280 747 provincialibus
1305 704 1404 737 moris
1430 709 1486 744 est,
1504 704 1671 747 eligantur,
1697 715 1775 748 quos

1034 767 1163 797 omnes,
1189 757 1308 790 scilicet
1333 757 1511 789 ministrum
1537 757 1775 801 provincialem,

1033 810 1214 844 definitores
1239 816 1269 844 et
1293 810 1466 851 custodem,
1491 815 1658 855 postquam
1685 811 1775 843 electi

1034 863 1158 906 fuerint,
1180 863 1262 896 idem
1289 863 1432 897 minister
1451 863 1655 908 provincialis
1680 864 1709 897 S.
1729 864 1776 897 Io-

1033 915 1122 948 annis
1140 916 1305 960 Baptistae,
1323 927 1377 949 seu
1403 928 1530 961 praeses
1548 917 1686 961 capituli,
1705 927 1776 961 apo-

1033 969 1141 1002 stolica
1165 970 1351 1003 auctoritate
1376 970 1552 1004 confirmet.

1077 1022 1091 1065 ξ
1124 1022 1151 1055 7.
1177 1023 1387 1056 Decernentes
1411 1023 1607 1068 provinciam
1626 1023 1662 1057 de
1684 1034 1774 1066 novo,

1033 1079 1066 1107 ut
1090 1075 1226 1116 dicitur,
1251 1082 1403 1118 erectam,
1429 1082 1587 1121 tamquam
1614 1087 1718 1110 veram
1746 1081 1775 1109 et

1032 1127 1204 1171 legitimam
1231 1129 1327 1173 ipsius
1352 1129 1476 1163 Ordinis
1502 1130 1596 1162 filiam
1623 1130 1680 1162 sub
1705 1130 1776 1163 obe-

1032 1182 1147 1214 dientia
1163 1209 1170 1222 ,
1199 1182 1376 1215 visitatione
1407 1188 1436 1215 et
1461 1184 1657 1216 correctione
1682 1183 1774 1215 mini-

1033 1235 1087 1269 stri
1109 1236 1264 1278 generalis
1279 1237 1361 1269 illius
1378 1247 1436 1280 pro
1454 1242 1598 1280 tempore
1613 1237 1774 1269 existentis

1032 1294 1184 1332 perpetuo
1211 1299 1386 1330 remanere,
1412 1295 1441 1322 et
1466 1290 1497 1322 in
1523 1290 1659 1333 capitulo
1680 1300 1774 1332 genc-

1032 1341 1088 1373 rali
1115 1342 1194 1374 sicut
1226 1348 1348 1375 ceterae
1381 1342 1520 1375 eiusdem
1550 1342 1675 1375 Ordinis
1700 1352 1774 1386 pro-

1032 1395 1151 1428 vinciae
1176 1396 1279 1429 locum
1305 1396 1431 1435 habere,
1457 1396 1603 1436 tractari,
1627 1396 1774 1439 amplecti

1032 1454 1062 1481 et
1085 1448 1197 1481 debitis
1223 1450 1382 1482 favoribus
1407 1449 1555 1493 prosequi
1582 1449 1714 1488 debere,
1741 1449 1774 1480 il-

1032 1502 1156 1546 lamque
1189 1502 1219 1535 in
1251 1503 1447 1535 celebrandis
1480 1502 1623 1546 capitulis
1651 1503 1775 1546 provin-

1032 1556 1184 1596 cialibus,
1214 1556 1534 1599 congregationibus,
1567 1556 1773 1589 electionibus

1031 1615 1061 1642 et
1075 1610 1143 1642 aliis
1162 1610 1375 1653 parisormiter
1394 1620 1428 1642 ac
1446 1609 1617 1654 provincia¹
1633 1610 1661 1642 S.
1682 1610 1771 1642 Ioan-

1031 1663 1078 1695 nis
1104 1663 1258 1706 Baptistae
1285 1663 1468 1707 procedere,
1495 1668 1524 1695 et
1549 1663 1632 1706 ipsas
1664 1662 1771 1694 ambas

1030 1716 1209 1760 provincias
1228 1717 1291 1749 suis
1306 1716 1446 1760 propriis
1467 1715 1694 1757 tantummodo,
1709 1726 1772 1748 non

1030 1776 1134 1803 autem
1161 1770 1269 1803 alienis
1295 1770 1595 1813 congregationibus
1620 1774 1647 1801 et
1680 1769 1769 1802 ordi-

1030 1823 1219 1865 nationibus,
1245 1824 1311 1867 regi
1349 1829 1379 1856 et
1414 1823 1583 1866 gubernari
1618 1827 1772 1867 perpetuo

1031 1877 1140 1910 teneri.

1076 1930 1090 1974 ἓ
1107 1929 1135 1963 8.
1154 1931 1254 1974 Atque
1275 1929 1479 1963 electionibus
1500 1929 1633 1962 ministri
1650 1928 1773 1972 provin-

1031 1984 1128 2026 cialis,
1149 1984 1351 2017 definitorum
1378 1989 1406 2016 et
1431 1983 1569 2016 custodis
1590 1983 1773 2027 supradicti,

1032 2043 1064 2070 ut
1089 2037 1313 2082 praemittitur,
1331 2036 1496 2070 celebratis
1516 2042 1546 2069 et
1570 2036 1773 2076 confirmatis,

1031 2091 1132 2123 dictus
1168 2090 1311 2123 minister
1344 2089 1545 2134 provincialis
1585 2089 1614 2122 S.
1649 2089 1773 2122 loannis

1032 2144 1186 2187 Baptistae
1210 2143 1380 2176 terminum
1407 2153 1458 2175 sex
1481 2142 1635 2175 mensium
1653 2142 1773 2175 cunctis

1033 2197 1133 2241 ipsius
1153 2197 1334 2241 provinciae
1360 2196 1511 2229 fratribus
1535 2196 1700 2239 praefigat,
1727 2196 1771 2227 in-

1032 2257 1079 2283 tra
1109 2261 1201 2294 quem
1240 2251 1298 2294 ipsi
1333 2251 1515 2283 alterutram
1551 2260 1586 2282 ex
1619 2249 1773 2281 ambabus

1033 2304 1213 2348 provinciis,
1238 2315 1330 2348 quam
1358 2303 1542 2344 maluerint,
1568 2303 1605 2335 ad
1638 2303 1774 2335 incolen-

1014 2377 1016 2399 ἦ
1032 2357 1106 2389 dum
1124 2362 1154 2389 et
1171 2357 1407 2390 inhabitandum
1427 2357 1544 2398 eligere
1562 2356 1692 2399 possint,
1709 2366 1771 2399 quo

1014 2402 1137 2454 [elapso
1170 2410 1246 2442 nulli
1272 2420 1382 2443 eorum
1417 2410 1520 2442 locum
1555 2414 1603 2441 aut
1637 2409 1773 2453 provin—

1069 2527 1077 2552 1
1098 2525 1193 2562 Aptius
1209 2525 1344 2560 legeretur
1358 2524 1539 2559 provinciam
1557 2525 1593 2559 (n.
1606 2525 1653 2559 T.).

1799 128 1833 151 in
1864 126 1887 151 (ἶ.
1915 127 1980 153 1059

1819 1036 1878 1059 Quod
1890 1037 1975 1056 maneat

1791 1062 1828 1081 suli
1865 1062 1975 1082 audientia

1790 1089 1880 1108 ministri
1913 1093 1974 1114 gene·

1791 1117 1849 1135 ratis.

1811 1938 1908 1958 praeficit
1922 1940 1972 1959 tem·

1789 1971 1826 1990 pu<
1842 1965 1940 1986 sratrihu,
1952 1971 1973 1985 a·

1789 1992 1865 2015 liucinii
1876 1991 1915 2011 sibi
1926 1998 1973 2018 pro-

1791 2024 1886 2038 unciam.
