2243 3205
263 207 312 231 An.
329 205 358 231 C.
378 205 443 231 1658

309 1909 407 1930 Urbanus
423 1908 466 1929 vlt!

283 1936 393 1961 praedicta
418 1941 468 1955 con-

285 1964 361 1983 tirmat.

488 196 550 229 532<

466 252 495 284 in
515 251 762 295 praesentiarum
784 249 1012 285 rationabiliter
1025 250 1200 294 possidetis,

465 310 518 338 aut
549 305 579 336 in
611 306 750 336 futurum
776 303 864 336 iustis
894 303 995 336 modis
1026 308 1202 346 praestante

467 357 598 390 Domino
624 357 765 399 poteritis
790 355 930 399 adipisci,
946 356 1004 389 sub
1020 355 1101 388 beati
1120 355 1200 388 Petri

467 409 660 453 protectione
685 408 884 452 suscipimus,
901 412 993 452 atque
1009 410 1115 442 nostra
1139 417 1204 450 spe-

468 463 536 494 ciali
562 462 747 495 auctoritate
771 462 918 501 decimas,
943 466 1059 501 terras,
1085 470 1204 504 posses-

468 515 582 555 siones,
604 515 725 555 domos,
743 514 858 554 vineas,
875 514 984 547 hortos
1001 519 1031 546 et
1046 513 1105 546 alia
1123 513 1204 545 bona

468 573 580 607 vestra,
598 577 718 600 necnon
739 577 848 599 omnes
864 566 1022 599 libertates
1046 570 1076 598 et
1095 565 1206 597 immu-

469 619 581 652 nitates
599 630 616 651 a
634 618 930 663 praedecessoribus
956 618 1072 651 nostris
1096 617 1206 650 Roma-

470 673 518 705 nis
538 673 742 706 Pontificibus
762 673 825 705 sive
851 683 908 716 per
932 671 1135 715 privilegium
1159 670 1206 702 rel

470 726 545 759 alias
570 726 779 769 indulgentias
811 726 899 759 robis
929 731 958 758 et
989 724 1064 758 locis
1097 723 1207 756 vestris

472 790 645 820 concessas,
666 790 787 812 necnon
804 779 962 811 libertates
980 783 1010 811 et
1035 777 1207 820 exemptio-

471 843 526 865 nes
551 833 740 865 secularium
766 831 984 871 exactionum,
1016 841 1032 862 a
1061 829 1207 872 regibus,

472 886 673 929 principibus
707 885 753 918 vel
786 884 854 917 aliis
882 882 1136 916 christifidelibus
1163 892 1209 914 ra-

474 939 664 972 tionabiliter
689 938 776 971 robis
801 942 831 970 et
855 936 966 970 iisdem
998 936 1074 969 locis
1099 935 1209 969 vestris

476 1002 649 1032 concessas,
675 991 755 1024 sicut
779 1002 815 1023 ca
839 990 944 1023 onmia
967 990 1046 1023 iuste
1072 993 1102 1021 et
1125 988 1209 1032 paci-

474 1046 532 1077 licc
557 1044 721 1088 possidetis
736 1071 743 1085 ‚
768 1043 855 1077 vobis
879 1048 909 1076 et
932 1054 989 1086 per
1015 1052 1068 1075 vos
1094 1041 1209 1074 eisdem

474 1097 551 1130 locis
582 1097 691 1130 vestris
719 1096 891 1141 apostolica
920 1096 1105 1129 auctoritate
1136 1104 1210 1127 con-

474 1151 638 1183 firmamus
663 1156 692 1183 et
715 1149 889 1194 praesentis
914 1149 1022 1192 scripti
1046 1148 1212 1192 privilegio

475 1204 716 1238 communimus.
745 1203 827 1237 Nulli
855 1213 932 1246 ergo
960 1202 1087 1236 omnino
1116 1201 1214 1234 homi-

475 1270 551 1292 num
576 1259 666 1292 liceat
682 1259 762 1291 lianc
779 1258 928 1302 paginam
953 1262 1079 1290 nostrae
1104 1256 1214 1289 confir-

476 1313 621 1346 mationis
646 1318 675 1345 et
699 1311 930 1345 communionis
954 1311 1141 1354 infringere,
1167 1311 1213 1343 vel

477 1368 504 1400 ci
520 1378 597 1400 ausu
612 1366 777 1401 temerario
792 1365 958 1399 contraire.
983 1365 1013 1398 Si
1027 1365 1096 1408 quis
1111 1370 1214 1397 autem

477 1421 537 1454 lioc
561 1425 712 1453 attentare
736 1419 1000 1464 praesumpserit,
1026 1417 1214 1460 indignatio-

478 1484 549 1507 nem
570 1472 792 1517 omnipotentis
809 1472 862 1505 Dei
888 1482 922 1504 ac
947 1472 1112 1504 beatorum
1133 1471 1215 1504 Petri

479 1533 507 1560 et
533 1526 619 1560 Pauli
643 1526 859 1570 apostolorum
882 1524 947 1558 cius
973 1536 1005 1558 sc
1028 1525 1151 1559 noverit
1174 1525 1218 1557 in-

479 1590 654 1614 cursurum.

514 1644 611 1670 Datum
626 1643 659 1670 de
675 1643 783 1677 Cennis,
805 1650 842 1669 vu
862 1641 991 1669 kalendas
1011 1641 1087 1675 iunii,
1109 1640 1217 1676 pontiti-

482 1692 557 1715 catus
577 1688 662 1715 nostri
683 1696 751 1715 anno
772 1695 794 1722 1,
816 1686 1010 1714 lucarnationis
1031 1694 1092 1713 vero
1114 1685 1218 1713 Domini

481 1732 566 1760 nostri
582 1738 702 1759 ncnxrn.

526 1794 638 1828 Prout¹
661 1794 791 1838 singulis
807 1793 1010 1838 praeinsertis
1031 1793 1142 1826 litteris
1159 1793 1220 1836 plc-

482 1849 551 1881 nius
573 1848 758 1881 continetur.

526 1900 609 1944 537.
637 1901 739 1940 Quare
763 1911 821 1944 pro
841 1904 930 1944 parte
950 1899 1053 1933 dilecti
1078 1898 1134 1931 filii
1158 1909 1221 1932 nio-

483 1954 571 1986 derni
590 1954 704 1997 prioris
722 1953 877 1995 generalis
894 1956 924 1986 et
938 1952 1070 1985 fratrum
1088 1951 1116 1984 S.
1134 1951 1220 1984 Pauli

484 2006 663 2040 huiusmodi
688 2006 778 2038 nobis
805 2005 862 2038 fuit
884 2004 1045 2038 humiliter
1069 2004 1222 2048 supplica-

485 2065 560 2100 tum,
585 2064 738 2103 quatenus
762 2059 881 2091 litteras
901 2058 1072 2102 praefatas,
1098 2068 1132 2091 ac
1158 2057 1220 2101 pri-

487 2112 597 2154 vilegia
622 2117 651 2144 et
676 2111 814 2153 indulta,
840 2111 1019 2151 facultates,
1044 2110 1220 2151 libertates,

485 2165 606 2208 aliaque
638 2165 827 2208 lewacinissa,
858 2175 915 2208 pro
946 2163 1078 2196 firmiori
1112 2174 1221 2197 eorum

487 2218 696 2259 subsistentia,
721 2217 890 2261 apostolica
911 2217 1095 2250 auctoritate
1111 2228 1223 2261 appro-

487 2273 563 2305 bare
589 2277 618 2305 et
635 2272 834 2312 confirmare,
852 2272 973 2315 aliaque
991 2271 1022 2304 in
1041 2271 1223 2315 praemissis

487 2324 653 2368 providere
686 2325 723 2358 dc
755 2324 945 2368 benignitate
975 2324 1148 2368 apostolica
1178 2324 1223 2357 di-

488 2389 665 2421 gnaremur.

532 2430 605 2473 538.
618 2432 679 2464 Nos
694 2431 799 2474 igitur,
810 2431 863 2474 qni
877 2430 965 2463 iustis
979 2436 1007 2463 et
1020 2430 1158 2464 honestis
1174 2441 1223 2474 pe-

527 2512 534 2536 l
562 2510 719 2538 l'articulam
736 2514 824 2545 prout
844 2515 870 2538 et
889 2510 1088 2538 distinctionem
1107 2518 1156 2538 nos
1175 2509 1223 2537 ad-

489 2554 589 2587 dimus,
616 2555 716 2582 etenim
742 2555 801 2583 heic
828 2555 999 2591 prosequitur
1022 2555 1111 2582 bullae
1135 2554 1224 2582 Urba-

491 2598 517 2624 ni
532 2598 589 2625 Vlll
610 2606 645 2633 tn.
662 2600 708 2633 in).

1027 203 1205 227 nontamen
1231 202 1383 227 normann

1233 249 1365 282 tentium
1382 248 1461 282 votis
1477 248 1610 281 libenter
1627 248 1803 291 annuimus,
1819 258 1915 292 eaque
1927 248 1971 281 sa-

1234 302 1361 335 voribus
1385 301 1606 344 prosequimur
1627 301 1828 344 opportunis,
1839 301 1968 334 moder-

1235 364 1291 387 nos
1308 353 1446 397 priorem
1463 353 1638 396 praefatum
1658 357 1688 385 et
1710 353 1821 385 fratres
1838 353 1867 386 S.
1885 353 1971 391 Pauli

1236 406 1415 440 huiusmodi
1432 412 1461 439 et
1478 417 1587 439 corum
1604 406 1744 449 singulos
1771 416 1788 438 a
1812 406 1972 449 quibusvis

1237 460 1580 502 excommunicationis,
1602 459 1814 503 suspensionis
1834 465 1863 492 et
1883 459 1974 492 inter-

1237 513 1321 555 dicti,
1338 513 1468 557 aliisque
1486 513 1704 546 ecclesiasticis
1721 513 1893 553 sententiis,
1906 524 1975 546 cen-

1238 566 1320 599 suris
1333 571 1363 599 et
1375 567 1495 610 poenis,
1505 576 1523 598 a
1532 566 1600 599 iure
1609 566 1657 598 vel
1670 566 1709 598 ab
1722 566 1975 609 homine‚quavis

1239 620 1404 652 occasione
1422 620 1468 652 vel
1494 621 1587 652 causa
1610 619 1689 659 latis,
1710 619 1736 652 si
1760 619 1875 662 quibus
1900 629 1976 662 quo-

1240 672 1411 705 modolibet
1437 672 1575 705 innodati
1605 672 1755 713 existunt,
1775 672 1814 704 ad
1830 671 1976 704 effectum

1240 725 1453 769 praesentium
1468 725 1629 757 dumtaxat
1646 724 1911 768 consequendum,
1925 724 1977 756 ha-

1241 789 1312 810 rum
1340 778 1420 810 serie
1444 777 1640 810 absolventes
1668 782 1698 810 et
1725 776 1886 810 absolutos
1910 775 1978 809 fore

1242 836 1413 871 censentes,
1439 830 1618 863 huiusmodi
1635 828 1916 874 supplicationibus
1933 828 1978 861 in-

1242 883 1364 926 clinati,
1404 894 1441 916 ex
1477 889 1548 917 voto
1584 881 1812 924 venerabilium
1846 881 1979 914 fratrum

1242 941 1424 970 nostrorum
1438 936 1467 970 S.
1478 936 1512 969 R.
1525 936 1558 969 E.
1572 935 1787 976 cardinalium,
1804 932 1898 978 super
1911 944 1980 968 cau-

1243 989 1284 1023 sis
1302 989 1340 1022 ad
1361 989 1525 1033 episcopos
1542 994 1572 1022 et
1591 989 1753 1032 regulares
1769 987 1981 1032 spectantibus

1245 1043 1508 1086 praepositorum,
1522 1042 1634 1075 dilecto
1652 1041 1716 1075 silio
1729 1046 1837 1074 nostro
1854 1040 1981 1073 Tiberio

1245 1096 1325 1129 tituli
1343 1097 1371 1130 S.
1383 1096 1506 1130 Priscae
1524 1096 1706 1140 presbytero
1724 1094 1882 1129 cardinale
1898 1094 1981 1129 Muto

1245 1155 1424 1193 nuncupato
1438 1150 1601 1192 referente,
1615 1148 1753 1192 singulas
1766 1147 1885 1182 litteras
1897 1157 1983 1191 prae-

1246 1203 1354 1244 dictas,
1379 1214 1414 1236 ac
1439 1203 1623 1247 privilegia,
1648 1202 1778 1242 indulta,
1801 1201 1960 1235 facultates
1975 1228 1982 1242 ‚

1246 1256 1416 1299 libertates,
1429 1257 1651 1297 immunitates,
1664 1255 1886 1300 exemptiones,
1897 1265 1984 1299 prae-

1248 1310 1424 1353 rogativas,
1450 1310 1731 1354 praeeminentias,
1756 1309 1984 1350 concessiones,

1248 1365 1467 1408 indulgentias,
1485 1365 1607 1397 favores
1630 1369 1660 1396 et
1684 1363 1759 1396 alias
1784 1363 1900 1406 gratias
1916 1363 1986 1396 uni-

1250 1429 1353 1451 versas
1386 1418 1563 1461 spirituales
1595 1422 1624 1450 et
1660 1417 1850 1461 temporales
1886 1415 1985 1461 priori

1249 1472 1387 1515 generali
1413 1477 1442 1504 et
1465 1470 1614 1504 fratribus
1638 1470 1667 1505 S.
1692 1470 1789 1511 Pauli,
1813 1481 1987 1514 eorumque

1250 1525 1378 1566 Ordini,
1403 1535 1439 1558 ac
1463 1524 1619 1565 ecclesiis,
1645 1524 1805 1568 cappellis,
1829 1523 1986 1567 oratoriis,

1251 1577 1396 1612 domibus
1415 1577 1525 1621 ethaliis
1539 1577 1626 1619 locis,
1640 1577 1730 1610 bonis
1743 1582 1773 1610 et
1789 1576 1884 1610 rebus
1896 1587 1987 1621 prae-

1252 1633 1338 1673 fatis,
1364 1637 1427 1664 tam
1451 1642 1507 1675 per
1532 1631 1728 1676 praedictos,
1752 1631 1797 1664 uti
1820 1630 1989 1675 praemitti-

1253 1690 1322 1725 tur,
1347 1695 1382 1718 ac
1410 1684 1487 1718 alios
1519 1685 1675 1718 Romanos
1707 1684 1872 1718 Pontifices
1897 1693 1989 1728 prae-

1252 1738 1433 1772 decessores
1457 1741 1601 1778 nostros,
1626 1737 1719 1771 etiam
1744 1748 1800 1781 per
1824 1737 1905 1770 viam
1931 1747 1985 1770 ex-

1254 1792 1401 1825 tensionis
1427 1797 1456 1824 et
1480 1791 1790 1831 communicationis,
1816 1800 1909 1834 quam
1933 1800 1990 1834 per

1253 1855 1468 1888 quoscumque
1500 1844 1728 1888 imperatores,
1757 1853 1848 1886 reges
1863 1870 1870 1884 ‚
1895 1843 1990 1877 duces

1253 1902 1282 1932 ct
1306 1898 1383 1931 alios
1406 1897 1564 1941 principes
1594 1907 1629 1930 ac
1654 1907 1805 1941 personas
1835 1897 1991 1930 seculares

1253 1950 1549 1995 quomodocumque
1573 1954 1603 1985 et
1626 1951 1897 1994 qualitercumque
1922 1960 1993 1984 con-

1254 2004 1387 2046 oessas‘,
1414 2014 1485 2037 cum
1522 2003 1669 2036 omnibus
1694 2009 1724 2036 et
1754 2003 1885 2047 singulis
1921 2002 1992 2036 inde

1255 2057 1393 2100 legitime
1426 2057 1540 2090 secutis
1572 2062 1601 2089 et
1631 2056 1796 2101 sequendis
1822 2057 1993 2101 (quatenus

1255 2110 1419 2154 privilegia
1444 2110 1624 2143 huiusmodi
1645 2110 1706 2143 sint
1726 2111 1757 2143 in
1782 2121 1851 2153 usu,
1868 2120 1926 2144 nec
1942 2110 1993 2144 ha-

1255 2170 1362 2197 ctenus
1387 2168 1552 2206 revocata,
1578 2169 1630 2196 aut
1654 2163 1710 2196 sub
1735 2163 1838 2208 aliqua
1864 2174 1992 2198 revoca—

1256 2216 1338 2250 tione
1363 2216 1600 2260 comprehensa,
1613 2221 1643 2249 et
1667 2216 1749 2249 salva
1773 2216 1902 2250 Concilii
1926 2216 1992 2249 Tri·

1256 2269 1373 2303 dentini
1383 2270 1487 2314 quoad
1505 2269 1735 2313 exemptionem
1749 2280 1765 2303 a
1779 2269 1994 2304 iurisdictione

1257 2324 1477 2368 episcoporum
1495 2327 1525 2357 et
1545 2323 1788 2364 ordinariorum,
1806 2329 1835 2357 et
1849 2324 1932 2357 circa
1948 2334 1995 2358 ac-

1257 2387 1379 2411 cessum
1405 2377 1443 2410 ad
1467 2376 1632 2421 synodum,
1657 2376 1889 2411 benedictiones
1907 2387 1995 2411 vaso-

1258 2441 1328 2463 rum
1356 2441 1391 2463 ac
1410 2430 1551 2471 vestium,
1568 2440 1691 2464 necnon
1715 2430 1861 2466 altarium
1886 2440 1995 2464 conse-

1258 2484 1429 2525 crationes,
1454 2483 1672 2528 dispositione,
1702 2489 1731 2517 et
1756 2484 1839 2517 circa
1865 2483 1994 2518 novitio-

1296 2601 1305 2626 1
1324 2599 1419 2635 Aptius
1435 2599 1493 2635 lege
1509 2607 1635 2627 concess«
1652 2600 1688 2635 (tt.
1702 2600 1748 2635 ¹13).
