2185 3188
73 189 121 218 An.
138 186 165 216 C.
188 186 255 215 ¹656

99 2062 155 2082 uuna
163 2067 261 2087 suppres-

81 2089 159 2117 terum·
179 2086 260 2118 regula-

81 2115 261 2162 ‘asinatae

81 2147 261 2194 :ctae-Reipubli-

861 187 1046 212 ALExANDssR
1071 187 1115 211 VH
1139 188 1187 212 1³9.

266 233 408 267 sicienter
432 234 476 267 eis
500 234 661 278 provisum
687 244 749 268 non
774 235 864 275 foret,
889 245 945 279 per
965 234 1008 267 di-

267 292 332 320 ctos
356 285 539 321 Ordinarios
563 288 760 331 assignanda,
783 287 949 322 tribuimus
977 293 1007 321 et

266 338 417 383 impartiti
450 351 568 374 sumus.
593 341 773 381 Postremo,
798 351 836 374 ne
857 340 1007 374 ecclesiae

265 391 422 426 dictorum
448 393 572 427 Ordinis
596 400 625 428 et
648 394 906 438 Congregationis
932 405 1005 438 sup-

267 457 449 490 pressorum
474 447 579 482 debito
604 448 849 481 destituerentur
867 448 1006 488 servitio,

266 499 320 533 sed
344 506 445 534 sartae
482 507 579 535 tectae
613 500 868 542 custodirentur,
895 501 1005 534 iisdem

266 551 439 587 Ordinariis
463 554 605 588 locorum
630 554 847 588 commisimus
872 560 902 588 et
920 565 1007 588 man-

267 604 420 649 davimus,
447 612 480 640 ut
504 608 702 652 cappellanos
727 607 915 652 deputarent
936 618 1006 641 cum

267 661 455 704 competenti
489 661 654 702 mercede,
680 662 772 694 etiam
803 672 898 706 super
923 664 1007 695 certa

268 724 301 746 re
332 713 370 747 de
402 714 494 748 bonis
525 715 693 759 praedictis
728 715 901 760 respective
925 716 1005 749 assi-

267 767 400 810 gnanda,
421 779 477 812 per
501 779 580 812 quos
605 769 772 803 missarum
795 775 823 802 et
841 769 909 802 aliis
934 780 1008 803 one-

266 820 355 854 ribus
380 821 555 862 satisfieret,
572 833 606 855 ac
626 823 702 866 ipsis
727 823 868 856 ecclesiis
885 822 1009 856 debitus

267 873 368 907 cultus
393 880 423 907 et
448 875 606 908 veneratio
632 881 890 909 conservaretur:
914 881 1009 920 utque

268 927 327 971 ipsi
359 927 515 961 Ordinarii
555 929 764 962 inventarium
803 935 864 962 tam
903 940 1009 963 sacrae

267 991 360 1024 quam
386 982 533 1025 profanae
558 983 782 1027 suppellectilis
805 982 842 1015 ad
860 982 1008 1017 Ordinem

269 1040 298 1067 et
315 1035 597 1078 Congregationem
623 1047 813 1080 suppressos
833 1036 1010 1080 praedictos

267 1088 438 1132 spectantis
473 1095 618 1122 accurate
651 1090 844 1124 conficerent
879 1101 914 1123 ac
937 1100 1010 1134 pro-

269 1141 419 1183 viderent,
445 1153 483 1176 ne
508 1154 525 1176 a
550 1155 708 1187 quoquam
735 1144 897 1185 occultari,
922 1155 1011 1178 occu-

269 1195 346 1239 pari,
373 1201 423 1228 aut
449 1196 519 1229 inde
544 1197 682 1230 amoveri
711 1197 867 1230 ullatenus
890 1202 1011 1241 posset,

268 1249 328 1283 nisi
351 1256 381 1283 et
397 1250 496 1284 donec
521 1261 538 1283 a
562 1250 652 1284 nobis
669 1262 723 1284 seu
752 1251 830 1284 Sede
850 1251 1012 1295 praedicta

271 1305 361 1337 aliter
385 1305 615 1349 provideretur,
633 1310 663 1338 et
680 1305 755 1338 alias
773 1309 867 1349 prout
884 1305 915 1338 in
931 1305 1012 1338 binis

270 1359 385 1392 nostris
410 1359 440 1391 in
466 1359 559 1391 simili
589 1359 690 1391 forma
711 1359 817 1393 Brevis
841 1359 892 1392 die
913 1368 1012 1392 xxviii

271 1413 443 1457 praesentis
462 1413 577 1447 mensis
594 1414 704 1459 aprilis
721 1414 874 1458 expeditis
891 1414 1012 1455 litteris,

271 1478 404 1511 quarum
440 1473 564 1500 tenores
596 1467 812 1510 praesentibus
836 1478 895 1511 pro
923 1467 1013 1511 plene

272 1527 302 1554 et
319 1520 509 1554 sufficienter
526 1520 682 1564 expressis
699 1526 729 1553 et
747 1520 898 1553 verbatim
920 1521 1015 1554 inser-

274 1575 311 1607 tis
335 1573 444 1607 baberi
475 1573 630 1614 volumus,
651 1574 779 1606 uberius
807 1572 1013 1607 continetur¹.

317 1628 332 1671 ἓ
356 1627 385 1660 3.
411 1627 457 1660 Ad
482 1627 558 1660 haec
583 1627 669 1668 alias,
692 1627 799 1670 vigore
824 1632 1015 1662 memoratae

273 1681 504 1715 constitutionis
529 1680 668 1714 eiusdem
687 1681 857 1714 Innocentii
884 1681 1014 1725 praede-

274 1735 418 1776 cessoris,
444 1735 475 1767 in
500 1735 586 1768 Statu
604 1734 806 1778 Reipublicae
824 1735 1014 1768 Venetorum

274 1789 380 1832 plures
404 1787 491 1833 parvi
517 1793 687 1821 conventus
712 1788 909 1822 diversorum
930 1788 1016 1822 Ordi-

275 1852 349 1874 num
376 1847 406 1875 ct
429 1841 714 1884 Congregationum
750 1846 811 1874 tam
839 1841 1014 1876 Mendican-

276 1895 352 1929 tium
381 1906 474 1939 quam
500 1905 561 1928 non
587 1894 829 1928 Mendieantium
853 1897 1016 1940 suppressi

276 1955 515 1989 remanserunt,
536 1959 672 1992 quorum
698 1948 780 1982 bona
805 1949 898 1982 nullis
923 1950 1016 1983 certis

277 2002 384 2036 usibus
409 2002 571 2046 hucusque
595 2002 750 2047 applicata
775 2003 909 2036 fuerunt.

320 2056 384 2100 §lh
409 2057 484 2090 Cum
510 2062 625 2096 autem,
650 2056 725 2089 sicut
753 2056 857 2090 dilecti
882 2057 936 2090 filii
962 2068 1016 2091 no-

276 2109 355 2143 biles
381 2109 437 2142 viri
455 2109 516 2142 dux
534 2115 563 2142 et
581 2110 767 2154 Respublica
787 2110 948 2154 praedicta
965 2111 1018 2144 Ve-

276 2169 423 2197 netorum
459 2163 549 2196 nobis
585 2173 687 2207 nuper
718 2164 831 2208 exponi
855 2165 1017 2206 fecerunt,

277 2217 334 2261 ipsi
352 2216 390 2250 ab
415 2216 560 2249 undecim
574 2217 662 2249 annis
680 2217 757 2250 citra
773 2217 889 2251 bellum
911 2229 927 2250 a
944 2219 1018 2251 Tur-

277 2281 384 2304 earum
414 2276 547 2314 tyranno
581 2269 639 2303 sibi
671 2270 790 2303 illatum
824 2282 883 2315 pro
912 2271 1017 2305 defen-

277 2324 365 2358 sione
382 2334 510 2357 suarum
529 2323 680 2357 ditionum
699 2324 915 2366 sustinuerint,
936 2336 1018 2359 nunc

278 2387 352 2411 vero
377 2376 517 2409 eiusdem
538 2376 740 2421 Reipublicae
761 2378 921 2412 facultates
945 2378 1018 2412 dieti

279 2430 351 2464 belli
376 2429 541 2463 occasione
567 2429 607 2462 ita
632 2430 752 2464 accisae
776 2431 846 2473 sint,
864 2437 897 2465 ut
917 2431 1018 2465 eidem

279 2485 360 2519 bello
385 2484 592 2529 imposterum
624 2486 838 2530 propulsando
871 2496 935 2521 non
959 2487 1020 2521 sint

313 2557 327 2583 1
351 2555 481 2592 Utrasque
500 2556 585 2584 habes
604 2560 683 2584 antea
703 2556 810 2590 relatas,
834 2566 894 2592 pag.
918 2558 978 2592 149,
995 2562 1022 2585 et

282 2600 332 2627 152
353 2601 431 2627 liuius
452 2601 516 2628 tomi
535 2606 572 2631 (n,
590 2608 634 2633 r).

1041 234 1247 276 suffecturae,
1276 246 1311 269 ac
1335 235 1467 280 proinde
1493 235 1691 268 manifestum
1718 234 1783 266 im-

1041 287 1157 321 mineat
1172 289 1361 332 periculum,
1377 299 1416 322 ne
1433 299 1565 332 regnum
1580 288 1687 322 Cretae
1705 287 1785 321 chri-

1040 341 1175 376 stianum
1200 342 1238 374 ab
1263 342 1373 375 eodem
1399 348 1530 386 tyranno
1548 342 1671 385 penitus
1694 352 1785 375 occu-

1042 400 1134 438 petur
1169 395 1227 428 nisi
1264 395 1346 429 dicta
1380 395 1569 439 Respublica
1604 401 1783 438 opportuno

1040 447 1165 481 aliunde
1183 448 1321 481 subsidio
1339 448 1518 481 adiuvetur:
1548 448 1620 481 hinc
1637 452 1683 482 est
1700 447 1783 491 quod

1040 511 1107 542 nos,
1132 502 1196 546 qui,
1221 513 1279 546 pro
1301 502 1471 536 commisso
1495 502 1585 535 nobis
1610 513 1626 534 a
1652 501 1783 535 Domino

1041 565 1135 589 curae
1160 556 1325 599 pastoralis
1345 555 1465 597 officio,
1494 555 1640 588 omnibus
1667 555 1784 587 viribus

1041 609 1190 653 omnique
1222 609 1325 642 studio
1350 609 1474 642 assidue
1503 608 1721 642 contendimus
1752 614 1785 641 ut

1042 673 1092 695 res
1117 662 1287 696 christiana
1311 662 1350 695 ab
1376 662 1548 695 infidelium
1574 662 1785 695 invasionibus

1042 715 1228 749 defendatur
1264 720 1294 750 et
1330 720 1555 755 conservetur,
1584 715 1785 758 Reipublicae

1044 769 1222 812 praedictae
1247 768 1285 802 de
1310 769 1441 801 alicuius
1466 767 1680 801 subventionis
1704 768 1786 800 auxi-

1043 823 1084 855 lio
1106 822 1137 854 in
1162 822 1346 866 praemissis
1371 821 1547 866 providere,
1566 821 1711 864 ipsosque
1729 820 1786 853 du-

1043 886 1110 909 cem
1137 881 1168 908 et
1192 875 1429 919 Rempublieam
1448 885 1507 919 pro
1524 878 1653 918 paterno
1678 879 1786 907 nostro

1044 939 1118 971 erga
1144 939 1197 962 eos
1221 928 1334 962 affeetu
1360 927 1549 972 specialibus
1575 927 1733 960 favoribus
1758 933 1787 959 et

1043 983 1153 1025 gratiis
1178 982 1328 1026 prosequi
1362 981 1508 1022 volentes,
1534 986 1564 1013 et
1589 990 1698 1013 eorum
1725 980 1786 1012 sin-

1044 1037 1169 1080 gulares
1195 1046 1346 1080 personas
1371 1046 1388 1068 a
1419 1034 1582 1080 quibusvis
1607 1045 1786 1068 exeommu-

1045 1090 1219 1130 nicationis,
1235 1088 1451 1134 suspensionis
1468 1094 1497 1121 et
1523 1088 1688 1129 interdicti,
1709 1087 1788 1120 aliis-

1045 1155 1106 1188 que
1131 1143 1349 1177 eeelesiasticis
1374 1142 1555 1182 sententiis,
1588 1140 1729 1174 censuris
1758 1146 1787 1173 et

1045 1198 1165 1242 poenis,
1183 1208 1200 1230 a
1221 1197 1288 1230 iure
1316 1197 1361 1229 rel
1386 1196 1424 1229 ab
1449 1195 1587 1236 homine,
1605 1195 1713 1239 quavis
1738 1206 1787 1228 oc—

1046 1252 1170 1286 casione
1196 1251 1242 1284 vel
1267 1253 1361 1284 eausa
1378 1250 1458 1291 latis,
1477 1250 1501 1282 si
1522 1249 1635 1294 quibus
1659 1259 1789 1293 quomo-

1045 1305 1165 1339 dolibet
1196 1304 1362 1338 innodatae
1391 1303 1547 1344 existunt,
1579 1302 1616 1336 ad
1642 1303 1787 1336 effectum

1046 1358 1258 1404 praesentium
1275 1357 1436 1391 dumtaxat
1453 1356 1722 1401 consequendum,
1739 1357 1789 1389 lia—

1046 1424 1116 1446 rum
1142 1412 1223 1446 serie
1259 1412 1455 1445 absolventes
1484 1416 1513 1445 et
1540 1411 1699 1444 absolutas
1722 1411 1789 1445 fore

1047 1471 1218 1508 censentes,
1236 1464 1518 1510 supplicationibus
1535 1475 1645 1498 eorum
1662 1465 1789 1499 nomine

1047 1520 1138 1554 nobis
1162 1530 1258 1564 super
1282 1520 1342 1553 hoc
1373 1519 1536 1552 humiliter
1565 1519 1719 1563 porrectis
1745 1519 1789 1551 in-

1048 1574 1153 1607 clinati
1169 1601 1176 1615 ,
1200 1573 1305 1607 omnia
1329 1578 1361 1607 et
1384 1573 1507 1617 singula
1532 1573 1613 1606 bona
1644 1573 1673 1605 in
1703 1572 1789 1606 Statu

1050 1633 1240 1662 memoratae
1270 1627 1471 1672 Reipublicae
1497 1627 1686 1661 Venetorum
1713 1628 1790 1669 (ex-

1049 1682 1147 1726 eeptis
1172 1682 1283 1725 sacris)
1309 1681 1482 1721 existentia,
1508 1685 1568 1715 tam
1594 1680 1718 1715 Ordinis
1734 1680 1792 1713 fra<

1050 1742 1132 1769 trum
1158 1735 1391 1769 Cruciferorum
1417 1741 1447 1768 et
1466 1734 1725 1778 Congregationis
1745 1745 1791 1767 ca-

1049 1789 1237 1823 nonicorum
1258 1788 1453 1832 regularium
1484 1788 1513 1821 Sl
1539 1788 1673 1832 Spiritus
1697 1787 1791 1821 Vene-

1050 1843 1175 1884 tiarum,
1204 1852 1298 1886 quam
1327 1852 1497 1886 parvorum
1523 1847 1734 1875 conventuum
1761 1841 1791 1874 in

1049 1896 1160 1930 eodem
1186 1896 1273 1930 Statu
1297 1895 1534 1929 consistentium
1565 1901 1597 1928 ut
1622 1895 1791 1940 praemitti-

1050 1956 1100 1984 tur
1124 1960 1388 1994 suppressorum,
1415 1949 1445 1982 in
1469 1948 1644 1983 subsidium
1667 1960 1788 1983 memo-

1051 2004 1109 2038 rati
1134 2003 1223 2047 regni
1247 2003 1356 2038 Cretae
1384 2007 1413 2037 et
1443 2002 1651 2047 expeditionis
1684 2009 1793 2037 contra

1050 2058 1167 2091 Turcas
1191 2057 1380 2101 praedictos
1407 2056 1577 2100 apostolica
1598 2057 1792 2097 auctoritate,

1051 2118 1160 2145 tenore
1176 2111 1400 2156 praesentium,
1418 2115 1571 2154 perpetuo
1589 2110 1791 2154 applicamus.

1052 2168 1094 2199 Ae
1118 2165 1173 2199 tibi
1198 2176 1254 2209 per
1278 2164 1403 2198 easdem
1428 2169 1608 2208 praesentes
1628 2164 1794 2197 committi-

1053 2230 1121 2252 mus
1146 2224 1175 2252 et
1202 2217 1396 2259 mandamus,
1425 2223 1457 2250 ut
1477 2228 1533 2261 per
1557 2223 1586 2250 te
1611 2217 1725 2261 ipsum,
1746 2217 1793 2250 vel

1052 2284 1108 2317 per
1132 2272 1366 2307 commissarios
1390 2283 1406 2304 a
1435 2276 1462 2306 tc
1487 2271 1665 2316 specialiter
1689 2272 1791 2316 depu-

1052 2326 1174 2367 tandos,
1188 2325 1269 2359 bona
1282 2325 1462 2359 huiusmodi
1474 2325 1709 2369 quamprimum
1725 2335 1793 2358 ven-

1052 2379 1107 2412 das
1118 2379 1278 2422 <detractis
1293 2384 1395 2412 tamen
1410 2378 1497 2422 prius
1510 2378 1721 2421 detrahendis,
1732 2384 1793 2412 tam

1054 2444 1112 2477 pro
1136 2432 1291 2466 alimentis
1323 2432 1544 2475 religiosorum
1573 2442 1656 2465 nune
1688 2432 1793 2466 viven-

1054 2488 1130 2520 tium
1152 2486 1182 2519 in
1203 2485 1319 2519 Ordine
1335 2490 1365 2519 et
1381 2485 1630 2529 Congregatione
1651 2497 1796 2530 suppres-

1054 2541 1096 2574 sis
1120 2539 1287 2584 praedictis
1324 2540 1407 2572 iuxta
1443 2539 1640 2583 supradictas
1672 2546 1795 2573 nostras

1055 2594 1196 2632 litteras,
1225 2604 1318 2636 quam
1345 2603 1402 2636 pro
1429 2593 1556 2626 servitio
1581 2599 1608 2626 et
1637 2599 1795 2626 manuten-

1685 177 1749 211 ‘155
1794 186 1844 213 An.
1861 186 1889 214 c.
1916 186 1981 213 165ss
