2243 3205
309 234 394 261 Aac.
420 236 483 262 1⁰57

335 718 444 738 timeum)
464 725 488 739 ir-

306 748 378 764 filans.

301 1352 410 1373 contraria
424 1353 483 1374 tullii.

531 227 595 260 :lut

507 284 676 316 admodum
695 285 857 327 hucusque
874 285 912 317 ab
933 285 1176 318 immemorabili
1195 297 1244 329 ga-

509 336 562 369 visi
588 341 675 376 sunt,
709 337 892 370 auctoritate
921 338 1108 381 apostoliea,
1138 343 1243 371 tenori·

508 390 728 432 praesentium,
747 390 955 430 decernimus,
977 395 1187 434 statutumque
1215 391 1241 422 in

506 441 589 474 (licto
624 442 759 485 capitulo
795 444 934 485 generali
967 444 1003 476 de
1036 454 1117 476 anno
1150 436 1261 477 λιιηῑκι1

505 495 663 527 celebrato
688 495 804 528 editum
830 507 924 539 super
950 497 1092 538 ingressu
1117 503 1260 539 patrum*

506 548 683 590 provinciae
710 548 738 580 in
763 548 986 590 delinitorium,
1002 549 1186 582 auctoritate
1214 555 1239 581 et

506 607 613 634 tenore
639 601 816 644 praedictis,
835 603 1059 635 contirmamus
1078 608 1107 634 et
1132 613 1241 645 appro-

504 653 624 686 bamus.

548 707 563 749 ξ
597 706 626 739 3.
663 707 870 740 Decernentes
906 707 1029 740 easdem
1062 713 1241 751 praesentes

505 758 621 792 litteras
639 771 765 803 semper
782 761 900 800 lirmas,
926 760 1041 792 validas
1059 766 1087 793 et
1102 760 1241 793 essicaccs

503 812 635 845 existere
660 818 688 845 et
706 814 781 853 sore,
802 824 837 846 ac
852 813 921 853 illis,
936 813 974 845 ad
991 824 1069 856 quos
1082 818 1199 856 spectat
1213 819 1242 845 et

503 876 560 908 pro
583 870 724 909 tempore
745 866 908 910 spectabit,
929 866 1110 910 plenissime
1134 866 1241 898 sutfra-

503 918 581 960 gari,
596 923 625 950 et
639 918 676 950 ab
691 918 752 951 illis
766 919 939 962 respective
953 918 1174 952 inviolabiliter
1189 919 1240 952 ob-

503 971 631 1011 servari,
646 970 752 1015 sicque
767 971 796 1003 in
811 972 992 1015 praemissis
1003 982 1059 1015 per
1075 982 1240 1017 quoscum-

503 1033 564 1065 que
583 1023 699 1056 iudices
724 1024 939 1058 ordinarioset
954 1025 1122 1068 delegatos,
1148 1025 1239 1059 etiam

502 1086 667 1108 causarum
682 1076 786 1120 palatii
798 1077 960 1121 apostolici
979 1077 1148 1120 auditores,
1165 1077 1240 1110 iudi-

501 1129 564 1161 cari
579 1135 608 1162 et
623 1129 744 1163 deliniri
759 1130 883 1172 debere,
897 1142 931 1163 ae
950 1131 1072 1164 irritum
1092 1136 1120 1163 et
1135 1131 1240 1171 inane,

501 1181 524 1213 si
550 1192 638 1214 secus
671 1193 763 1227 super
792 1183 839 1215 his
867 1194 884 1216 a
915 1194 1094 1227 quoquam,
1132 1184 1258 1227 (plavis

501 1235 693 1278 auctoritate,
712 1235 845 1268 scienter
868 1237 912 1269 vel
938 1237 1130 1279 ignoranter,
1145 1237 1239 1269 conti-

501 1288 581 1330 gerit
606 1289 758 1322 attentari.

545 1342 559 1385 ξ
578 1342 607 1375 3.
633 1343 699 1376 Non
717 1343 914 1376 obstantibus
934 1344 1100 1388 praedictis
1118 1354 1240 1377 eorum-

500 1395 570 1428 dem
597 1396 712 1430 Urbani
739 1402 767 1429 et
788 1397 931 1440 Gregorii
949 1397 1238 1440 praedecessorum,

499 1449 631 1493 aliisque
651 1450 925 1484 constitutionibus
942 1456 971 1483 et
990 1451 1239 1484 ordinationibus

498 1502 690 1545 apostolicis,
708 1513 839 1545 necnon,
857 1507 1008 1546 quatenus
1034 1513 1112 1547 opus
1129 1503 1177 1543 sit,
1198 1504 1239 1536 di-

499 1556 537 1590 cti
563 1556 686 1589 Ordinis
708 1562 737 1589 et
755 1557 822 1590 aliis
843 1558 1015 1600 quibusvis,
1041 1558 1133 1590 etiam
1161 1558 1239 1590 iura-

498 1614 613 1650 mento,
624 1610 861 1643 confirmatione
875 1611 1057 1654 apostolica,
1069 1611 1113 1644 vel
1130 1611 1238 1655 quavis

497 1663 644 1697 tirmitate
658 1664 716 1696 alia
730 1664 897 1704 roboratis,
922 1664 1044 1697 statutis
1062 1670 1092 1697 et
1109 1675 1238 1697 consue-

498 1716 674 1757 tudinibus,
700 1717 871 1760 privilegiis
891 1728 1026 1761 quoque,
1056 1717 1183 1750 indultis
1209 1723 1238 1750 et

498 1770 608 1803 litteris
633 1770 813 1814 apostolicis
828 1771 857 1803 in
876 1771 1069 1804 contrarium
1089 1771 1237 1815 praemis-

497 1834 603 1856 sorum
618 1824 854 1867 quomodolibet
865 1824 1030 1864 concessis,
1045 1824 1236 1857 confirmatis

497 1882 526 1910 et
551 1876 719 1915 innovatis3
746 1877 859 1920 quibus
881 1877 1025 1910 omnibus
1045 1882 1073 1909 et
1096 1877 1235 1920 singulis,

498 1930 621 1963 illorum
649 1935 771 1963 tenores
803 1931 1020 1973 praesentibus
1055 1942 1112 1974 pro
1145 1932 1253 1974 plenei

499 1988 528 2015 et
552 1983 742 2016 sufficienter
769 1984 925 2027 expressis
952 1994 987 2016 ac
1012 1984 1049 2016 de
1075 1984 1171 2016 verbo
1196 1984 1233 2016 ad

498 2036 628 2069 verbum
665 2036 789 2070 insertis
820 2037 987 2077 habentes,
1018 2038 1077 2070 illis
1102 2038 1176 2070 alias
1205 2037 1234 2069 in

498 2100 554 2122 suo
579 2089 693 2122 robore
719 2091 953 2133 permansuris,
978 2090 1016 2122 ad
1040 2090 1231 2133 praemisso-

499 2153 567 2175 rum
587 2142 741 2183 effectum,
766 2143 823 2176 hae
844 2143 909 2176 viee
932 2143 1099 2184 dumtaxat,
1121 2143 1236 2187 specia-

498 2196 567 2228 liter
592 2201 621 2228 et
648 2206 794 2240 expresse
825 2196 1033 2239 derogamus;
1062 2197 1235 2240 ceterisque

497 2249 660 2282 contrariis
684 2249 942 2293 quibuscumque.

541 2303 651 2336 Datum
674 2304 809 2344 Romae,
830 2303 912 2347 apud
939 2305 967 2337 S.
997 2304 1123 2336 Mariam
1146 2304 1234 2337 Maio-

498 2368 576 2397 rem,
595 2356 652 2389 sub
667 2357 784 2390 annulo
802 2357 980 2400 Piscatoris,
999 2357 1089 2390 [lieix
1111 2368 1235 2390 novem—

497 2410 562 2443 bris
579 2420 717 2452 nncmn,
735 2410 936 2454 pontificatus
953 2411 1049 2443 nostri
1069 2421 1150 2444 anno
1168 2421 1210 2443 m.

532 2472 589 2499 Dat.
612 2472 654 2500 die
674 2472 690 2499 9
710 2472 864 2500 novembris
888 2472 972 2507 1657,
995 2473 1087 2507 pontii.
1106 2481 1174 2500 anno
1194 2479 1231 2499 111.

1080 238 1095 260 ll
1102 238 1256 261 t'LLAnttM
1281 238 1387 262 ROMAN
1394 239 1434 262 [M

1574 285 1725 318 CLXXVI.

1278 366 1430 398 Diversae
1454 365 1623 407 (notitiales
1649 366 1767 397 nuncio
1792 367 1949 398 Polonizte
1973 366 2014 398 ad

1323 417 1503 449 lri'enm'mn
1526 418 1724 459 proiciuntur,
1750 422 1778 449 et
1804 418 1935 450 interim
1960 419 2015 450 du-

1321 474 1415 502 rante
1438 471 1496 502 suci
1522 470 1689 512 (effatione,
1711 480 1770 512 pro
1793 471 2015 513 praesentibus

1321 523 1529 554 ecclesiarum
1554 527 1581 554 el
1607 522 1786 554 incolarum
1807 523 1899 564 requi
1923 523 2014 555 Polo-

1320 576 1393 608 m'ae
1418 576 1657 608 necessitatibus
1681 576 1911 618 spiritualibus
1927 575 1943 608 ¹.

1275 653 1443 682 Venerabili
1463 653 1551 681 fratri
1580 654 1666 681 Petro
1695 655 1833 688 episeopo
1854 654 2014 686 Laudensi,

1312 698 1389 732 apud
1418 697 1607 725 carissimum
1634 698 1664 724 in
1692 698 1808 725 Christo
1837 698 1931 725 filium
1960 706 2012 726 no-

1311 745 1407 769 strum
1441 743 1582 769 loannem
1614 742 1786 769 casimirum
1815 742 1954 770 Potoniae
1983 745 2014 770 et.

1312 787 1434 814 Sveciae
1454 794 1553 820 regem
1576 787 1728 813 illustrem
1757 789 1860 814 nostro
1880 790 1910 814 et.
1930 787 2013 814 Sedis

1310 831 1500 864 Apostolicae
1521 831 1641 864 nuncio,

1460 882 1626 910 Alexander
1658 883 1737 916 Papa
1765 883 1826 910 VH.

1485 952 1670 980 Venerabilis
1697 953 1801 986 frater,

1310 998 1440 1025 salutem
1461 1000 1492 1024 et.
1511 997 1707 1031 apostolicam
1727 997 1976 1025 benedictionem.

1319 1077 1333 1120 g
1355 1077 1379 1109 l.
1400 1077 1486 1117 Cum,
1504 1076 1584 1109 sicut
1603 1087 1640 1109 ex
1658 1076 1809 1110 relatione
1829 1077 1880 1110 tua
1893 1087 2009 1120 cogno-

1277 1129 1386 1170 vimus,
1407 1128 1579 1162 catholicae
1598 1128 1759 1171 religionis
1777 1129 1958 1162 exercitium
1979 1130 2010 1162 in

1275 1193 1373 1225 regno
1398 1181 1544 1215 poloniae
1577 1187 1606 1214 et
1634 1181 1806 1225 provinciis
1831 1182 1891 1215 illis
1917 1182 2010 1216 unitis

1276 1236 1362 1268 valde
1379 1236 1579 1268 imminutum
1605 1235 1652 1277 sit⁷
1675 1241 1738 1268 turn
1758 1236 1798 1269 ob
1819 1236 2010 1269 Graecorum

1256 1289 1546 1323 ·scliismatieorum
1572 1289 1812 1330 contumaciam,
1838 1290 2010 1324 rebellione

1273 1343 1391 1386 aliquot
1423 1342 1620 1375 subditorum
1654 1342 1808 1375 carissimi
1833 1343 1863 1375 in
1889 1343 2011 1377 Christo

1273 1396 1327 1428 tilii
1353 1396 1451 1429 nostri
1484 1396 1606 1429 loannis
1638 1396 1780 1429 Casimiri
1813 1396 1958 1430 Poloniae
1982 1402 2012 1430 et

1274 1449 1401 1481 Sreciae
1426 1449 1509 1491 regis
1535 1448 1665 1481 illustris
1694 1460 1729 1481 ac
1746 1448 1828 1482 bello
1852 1459 1908 1492 per
1933 1450 2011 1483 Mos-

1273 1513 1325 1535 cos
1346 1502 1373 1534 ci
1399 1502 1484 1535 illato
1509 1502 1603 1535 solam
1619 1529 1626 1543 ,
1651 1502 1728 1535 adeo
1754 1507 1786 1534 ut
1810 1513 1927 1546 pravus
1951 1513 2007 1536 eo-

1272 1555 1417 1589 rumdem
1432 1556 1703 1589 schismaticorum
1722 1556 1798 1588 ritus
1812 1555 1850 1588 ab
1865 1556 2009 1589 omnibus

1273 1609 1335 1642 sere
1353 1609 1457 1652 magni
1474 1609 1605 1642 ducatus
1619 1609 1786 1650 Lituaniae,
1800 1620 1919 1642 necnon
1935 1611 2010 1643 Rus-

1272 1663 1345 1703 siae,
1373 1663 1528 1707 Volyniae,
1554 1663 1709 1703 Podoliae,
1735 1662 1939 1705 Podelassiae,
1961 1663 2008 1696 Bi-

1271 1726 1423 1760 raynrae,
1456 1715 1609 1748 Smoleski
1641 1720 1670 1747 et
1702 1715 1845 1748 Severiae
1876 1715 2006 1758 provin-

1271 1768 1390 1801 ciarum
1417 1769 1525 1802 incolis
1550 1779 1582 1801 se
1605 1772 1729 1807 tuetur,
1757 1773 1821 1800 tum
1851 1768 1955 1809 etiam,
1979 1774 2009 1802 et

1271 1822 1461 1865 praecipue,
1487 1827 1616 1865 propter
1641 1821 1785 1854 hostilem
1812 1822 1921 1854 asserti
1951 1832 2004 1855 re-

1270 1875 1316 1917 gis
1341 1874 1469 1908 Sveciae
1495 1875 1525 1907 in
1547 1874 1696 1907 maiorem
1726 1880 1753 1906 et
1780 1874 1932 1907 minorem
1955 1875 2008 1908 Po-

1271 1929 1396 1968 loniam,
1414 1939 1448 1960 ac
1467 1928 1635 1967 Prussiam,
1655 1928 1873 1968 Pomerellam‚
1897 1928 2006 1961 Cassu-

1270 1982 1353 2021 tiam‚
1380 1981 1561 2015 Massoviam
1588 1987 1617 2013 et
1641 1981 1715 2014 alias
1741 1981 1829 2024 regni
1855 1981 2006 2025 praedicti

1269 2034 1445 2078 provincias
1481 2045 1534 2066 seu
1571 2034 1755 2077 palatinatus
1791 2034 2004 2077 invasionem,

1269 2088 1299 2120 in
1324 2087 1436 2131 quibus
1463 2087 1572 2119 exinde
1601 2087 1739 2121 haeresis
1763 2087 1856 2130 longe
1883 2087 2006 2131 lateque

1268 2140 1380 2173 diffusa
1406 2140 1557 2173 maximos
1574 2151 1645 2172 cum
1671 2140 1788 2183 ingenti
1813 2139 2006 2174 orthodoxae

1269 2194 1338 2227 iidci
1354 2194 1541 2227 detrimento
1558 2194 1628 2227 fecit
1641 2204 1844 2238 progressus:
1862 2204 1928 2235 nos,
1942 2193 2006 2238 qui-

1268 2248 1325 2281 bus
1351 2248 1379 2280 id
1405 2247 1495 2280 unice
1521 2247 1607 2280 cordi
1633 2252 1698 2288 est,
1724 2251 1756 2279 ut
1781 2247 1804 2279 si
1830 2257 1909 2290 quae
1933 2256 2005 2280 oves

1268 2302 1372 2345 gregis
1397 2312 1490 2334 curae
1515 2305 1641 2334 nostrae
1665 2312 1681 2333 a
1706 2311 1854 2344 supremo
1872 2300 2006 2344 patrefa-

1269 2355 1368 2388 milias
1397 2354 1506 2388 crediti
1532 2355 1643 2387 Satana
1677 2354 1842 2397 instigante
1874 2353 2004 2386 diversis

1269 2408 1449 2441 haeresibus
1481 2413 1511 2440 et
1541 2407 1702 2441 erroribus
1727 2408 1788 2441 sint
1812 2406 2003 2451 implicitae,

1268 2464 1374 2506 aperta
1400 2462 1521 2505 pietatis
1546 2465 1576 2495 et
1596 2461 1703 2494 veniae
1728 2461 1830 2501 ianua,
1857 2460 1895 2493 ad
1923 2459 2003 2493 ovile

1267 2516 1459 2549 dominicum
1479 2515 1652 2549 commodis
1669 2514 1842 2549 rationibus
1860 2525 2003 2549 revocen-

1304 2634 1313 2658 1
1336 2631 1373 2658 Ex
1395 2631 1502 2667 aegest.
1523 2631 1550 2658 iu
1569 2631 1670 2658 secret.
1692 2630 1767 2657 Brex.

2035 240 2083 264 An.
2095 239 2121 265 C.
2141 240 2209 270 1657·
2240 243 2243 266 ἱ

2046 1090 2156 1112 Εἰιυιηηι
2163 1093 2210 1120 spi-,¹
2219 1099 2225 1112 ι

2026 1117 2110 1137 ritualia
2123 1117 2227 1146 malain]

2026 1148 2090 1168 regno
2100 1143 2209 1169 Potontaw
2220 1151 2226 1167 ·.

2027 1169 2200 1192 etdiversasnun-
2220 1179 2229 1190 ι

2026 1195 2059 1215 cio
2097 1196 2200 1218 facultates
2219 1200 2227 1220 l

2026 1222 2132 1247 elargitur.
2220 1223 2226 1242 ,⁸
