2185 3188
0 188 44 218 An.
57 186 84 215 C.
106 184 170 214 1657

22 248 103 271 motiva.

0 2200 3 2227 Ι
27 2201 140 2232 ,Decretum
158 2204 184 2225 ir·

0 2230 3 2258 ξ
16 2231 81 2251 titana.

778 181 965 206 ALEXANDER
990 182 1033 205 VII
1054 182 1101 205 PP.

229 230 245 275 g
268 230 297 264 2.
323 229 399 264 Cum
424 230 550 273 itaque,
578 230 657 263 sicut
688 229 819 262 dilectus
842 228 925 261 filius

186 288 373 329 procurator
390 283 545 326 generalis
559 282 814 326 congregationis
838 291 927 314 cano-

186 336 328 369 nicorum
365 335 557 378 regularium
583 335 611 368 S.
639 335 761 369 Ioannis
786 335 926 377 Evange-

187 389 275 421 listae
299 388 330 420 in
355 378 547 430 Portugallia
572 388 662 422 nobis
687 398 788 432 nuper
813 387 945 431 exponi<

187 441 268 483 fecit,
283 450 319 473 ex
336 440 432 473 veteri
446 441 672 474 consuetudine
686 441 717 473 in
731 440 838 474 eadem
854 440 929 474 Con-

187 492 369 537 gregatione
387 496 494 526 contra
511 504 674 526 sacrorum
693 503 848 526 canonum
871 492 929 525 dis-

187 545 376 590 positionem
400 545 550 578 hactenus
576 551 733 578 serratum
759 545 871 586 suerit,
896 550 947 578 ut*

188 598 328 632 canonici
353 599 515 641 regulares
538 597 798 642 Congregationis
822 598 929 631 huius-

189 651 273 685 modi
297 662 313 683 a
338 652 418 691 loco,
447 651 501 684 ubi
526 651 694 685 electiones
718 651 851 685 rectoris
876 661 929 694 ge-

189 704 304 737 neralis
329 703 426 747 ipsius
442 704 712 747 Congregationis,
729 704 929 747 aliorumque

189 762 348 791 rectorum
377 757 460 790 illius
484 757 750 791 monasteriorum
775 757 813 790 de
838 757 930 790 trien-

189 809 242 843 nio
266 809 297 841 in
322 808 457 843 triennio
482 809 551 842 fieri
569 809 678 843 solitae
702 820 760 853 pro
787 813 929 853 tempore

190 861 439 903 celebrabantur,
456 862 600 896 absentes
618 867 689 896 vota
709 873 763 895 seu
781 862 930 905 suffragia

189 925 242 949 sua
261 915 372 948 litteris
397 915 517 949 inclusa
542 921 572 949 et
595 916 758 960 obsignata
782 926 854 949 cum
873 926 929 948 no-

190 968 361 1002 minatione
391 979 546 1012 personae
576 980 633 1013 per
664 979 718 1003 eos
750 968 867 1002 electae
892 968 930 1001 ad

190 1021 334 1055 eumdem
366 1021 471 1055 locum
504 1021 680 1064 mitterent,
710 1027 846 1065 votaque
875 1031 931 1054 seu

190 1074 339 1118 suffragia
363 1074 542 1108 huiusmodi
560 1075 591 1108 in
608 1074 699 1108 dictis
723 1074 931 1108 electionibus

190 1128 334 1163 effectum
349 1128 517 1161 haberent:
536 1128 609 1161 hinc
623 1134 669 1161 est
682 1128 766 1172 quod
780 1138 846 1169 nos,
860 1127 931 1160 abu-

191 1193 261 1216 sum
278 1182 459 1216 huiusmodi
476 1192 650 1224 removere,
665 1181 849 1226 dictumque
862 1191 931 1225 pro-

191 1239 370 1270 curatorem
394 1235 575 1279 generalem
606 1235 793 1279 specialibus
818 1235 931 1268 favori-

190 1289 249 1323 bus
265 1293 295 1322 et
311 1289 420 1332 gratiis
440 1289 589 1333 prosequi
610 1289 762 1331 volentes,
780 1293 810 1321 et
827 1298 844 1320 a
864 1288 932 1332 qui-

191 1342 296 1376 busvis
332 1342 688 1382 excommunicationis,
718 1341 932 1386 suspensionis

192 1401 221 1429 et
238 1395 405 1438 interdicti,
423 1395 553 1439 aliisque
571 1395 789 1428 ecclesiasticis
814 1400 934 1428 senten-

192 1450 252 1491 tiis,
274 1449 414 1482 censuris
439 1453 468 1481 et
492 1448 611 1492 poenis,
629 1458 647 1480 a
665 1448 734 1480 iure
751 1448 798 1480 vel
823 1447 862 1480 ab
879 1447 934 1481 lio-

193 1503 286 1543 mine,
304 1503 413 1546 quavis
437 1502 601 1535 occasione
623 1501 670 1533 vcl
695 1502 789 1534 causa
806 1501 886 1541 latis,
908 1501 932 1533 si

193 1556 308 1600 quibus
326 1555 562 1600 quomodolibet
582 1554 749 1588 innodatus
766 1554 879 1595 existit,
895 1554 934 1587 ad

194 1609 339 1643 effectum
375 1609 589 1653 praesentium
625 1608 786 1641 dumtaxat
818 1617 931 1641 conse·

195 1662 365 1708 quendum,
383 1663 495 1695 harum
522 1662 603 1695 serie
623 1661 820 1695 absolventes
838 1666 867 1693 et
885 1661 935 1693 ab·

194 1717 331 1751 solutum
357 1716 423 1749 fore
455 1720 634 1757 censentes,
652 1713 935 1758 supplicationibus

195 1769 262 1803 eius
286 1768 412 1802 nomine
444 1768 534 1801 nobis
565 1778 659 1811 super
689 1767 749 1800 hoc
773 1767 936 1799 humiliter

195 1822 350 1867 porrectis
370 1821 519 1862 inclinati,
536 1822 694 1854 neminem
720 1821 758 1854 de
783 1824 887 1854 cetero
905 1820 936 1853 in

196 1875 401 1910 electionibus
425 1874 594 1918 praedictis
615 1879 719 1907 votum
750 1884 805 1906 seu
826 1873 936 1906 suffra-

196 1929 281 1972 gium
306 1939 363 1972 per
387 1928 506 1961 litteras
531 1928 605 1960 darc
631 1937 733 1971 posse,
751 1927 805 1960 sed
827 1926 858 1959 in
882 1926 937 1959 eis-

197 1982 266 2015 dem
281 1981 486 2015 electionibus
499 1991 662 2014 sacrorum
678 1990 833 2013 canonum
851 1990 937 2023 prac-

197 2036 353 2070 dictorum
379 2035 617 2079 dispositionem
650 2034 768 2067 servari
800 2034 936 2076 debere,

198 2089 382 2124 auctoritate
395 2089 577 2133 apostolica,
592 2093 699 2122 tenore
712 2088 937 2132 praesentium,

199 2144 365 2178 statuimus
390 2148 420 2175 et
443 2142 636 2175 ordinamus.

243 2197 258 2240 ἓ
274 2195 304 2229 3.
325 2196 533 2229 Decernentes
551 2195 674 2228 easdem
693 2200 872 2238 praesentes
890 2194 939 2227 lit-

200 2254 281 2284 teras
311 2259 437 2293 semper
461 2249 578 2289 sirmas,
603 2247 720 2281 validas
744 2252 775 2280 et
798 2248 940 2280 efficaces

201 2304 332 2337 existere
350 2308 379 2336 et
404 2303 481 2342 sore,
501 2312 536 2335 ac
564 2301 603 2334 ab
628 2301 785 2341 omnibus,
803 2301 840 2333 ad
862 2311 941 2344 quos

201 2362 320 2401 spectat
351 2362 381 2390 et
406 2366 463 2400 pro
490 2360 632 2399 tempore
657 2355 830 2399 spectabit,
863 2365 938 2399 per-

201 2415 294 2454 petuo
322 2408 543 2443 inviolabiliter
571 2409 754 2448 observari,
780 2408 887 2452 sicque
912 2408 941 2441 in

203 2464 381 2507 praemissis
410 2473 467 2507 per
498 2473 714 2506 quoscumque
747 2461 865 2494 iudices
890 2472 941 2494 or—

203 2516 340 2550 dinarios
358 2522 388 2549 ct
411 2516 581 2558 dclcgatos,
599 2516 691 2549 etiam
710 2525 875 2548 causarum
893 2526 943 2560 pa-

205 2569 268 2602 latii
294 2569 458 2614 apostolici
479 2568 647 2609 auditores,
670 2567 800 2602 iudicari
820 2573 850 2602 ct
870 2568 943 2602 dess-

1603 168 1667 202 295

959 228 1020 261 niri
1036 228 1163 268 debere,
1180 238 1216 261 ac
1238 227 1363 261 irritum
1389 231 1419 261 et
1442 227 1544 267 inane,
1561 226 1586 258 si
1610 235 1700 258 secus

960 291 1055 325 super
1072 281 1120 314 his
1136 291 1154 313 a
1170 291 1347 324 quoquam,
1372 280 1480 324 quavis
1505 278 1700 318 auctoritate,

961 334 1095 368 scienter
1130 334 1177 366 vel
1215 333 1418 376 ignoranter,
1450 331 1619 375 contigerit
1649 336 1697 363 at-

962 388 1083 420 tentari.

1006 441 1021 484 ξ
1046 440 1074 473 4.
1099 440 1252 480 Quocirca
1285 439 1406 472 dilectis
1437 438 1509 471 filiis
1534 436 1701 471 Francisco

962 493 1097 536 Nogcira
1114 498 1144 526 et
1160 492 1341 527 Sebastiano
1361 491 1627 534 Robei1*02Gi1·am,
1642 500 1702 522 me-

963 545 1170 590 tropolitanae
1195 544 1347 578 ecclesiae
1372 543 1554 577 Elborensis
1578 542 1703 576 canoni-

963 599 1017 638 cis,
1042 598 1156 631 harum
1182 598 1263 631 serie
1280 596 1508 631 committimus
1528 600 1558 628 et
1575 594 1702 628 manda-

964 662 1043 692 mus,
1061 656 1214 694 quatenus
1240 651 1308 695 ipsi,
1325 655 1378 682 aut
1402 659 1482 682 unus
1507 658 1627 689 eorum,
1645 657 1703 691 per

963 715 1005 746 se,
1032 705 1079 738 vel
1103 704 1221 746 alium,
1247 714 1312 742 seu,
1327 703 1414 743 alios,
1446 701 1500 735 ubi
1524 706 1555 734 et
1578 699 1703 744 quando

964 769 1044 802 opus
1069 758 1173 798 fuerit,
1191 763 1221 791 et
1238 757 1360 802 quoties
1376 766 1434 801 pro
1459 760 1548 799 parte
1571 753 1705 796 Congre-

964 810 1098 853 gationis
1116 810 1296 854 praedictae
1323 809 1454 854 eiusque
1478 806 1703 841 canonicorum

964 864 1167 906 secularium,
1196 873 1250 896 seu
1282 861 1413 896 alicuius
1437 870 1565 900 eorum,
1589 858 1706 892 suerint

964 916 1116 960 requisiti,
1129 920 1310 960 praesentes
1322 915 1442 948 litteras
1456 911 1638 946 solemniter
1652 922 1705 955 pu-

964 969 1132 1010 blicantes,
1161 969 1285 1013 illisque
1310 968 1342 1001 in
1366 965 1546 1011 praemissis
1570 963 1705 998 efficacis

965 1023 1155 1057 defensionis
1186 1021 1344 1066 praesidio
1369 1020 1568 1060 assistentes,
1593 1018 1706 1052 faciant

965 1076 1151 1110 auctoritate
1170 1077 1278 1108 nostra
1303 1074 1386 1118 ipsas
1404 1077 1585 1117 praesentes
1603 1071 1641 1104 ab
1659 1070 1706 1111 iis,

965 1130 1001 1162 ad
1023 1140 1102 1173 quos
1127 1133 1245 1173 spectat
1264 1132 1294 1161 et
1321 1137 1449 1171 quoquo
1474 1126 1567 1159 modo
1592 1129 1707 1169 specta-

965 1184 1010 1216 bit
1027 1183 1057 1216 in
1076 1184 1227 1223 futurum,
1241 1181 1462 1215 inviolabiliter
1476 1185 1505 1213 et
1522 1180 1708 1212 inconcusse

966 1236 1146 1275 observari3
1169 1234 1418 1281 contradictores
1437 1232 1594 1277 quoslibet
1611 1236 1641 1264 et
1657 1241 1706 1264 re-

967 1289 1064 1322 belles
1088 1299 1145 1332 per
1176 1298 1325 1321 censuras
1353 1292 1383 1320 et
1412 1296 1529 1330 poenas
1554 1284 1704 1318 ecclesia-

967 1343 1059 1376 sticas
1090 1342 1214 1385 aliaque
1247 1345 1424 1384 opportuna
1464 1338 1541 1372 iuris
1571 1342 1601 1372 et
1636 1338 1707 1372 sacti

967 1395 1115 1437 remedia,
1133 1395 1343 1439 appellatione
1367 1393 1559 1437 postposita,
1580 1402 1707 1436 compe-

968 1449 1101 1491 scendo,
1127 1448 1339 1492 legitimisque
1363 1458 1459 1492 super
1483 1447 1531 1480 his
1555 1446 1708 1479 habendis

968 1503 1098 1536 servatis
1122 1502 1322 1547 processibus
1337 1529 1344 1542 ,
1365 1511 1514 1535 censuras
1538 1506 1568 1534 et
1591 1510 1707 1544 poenas

968 1557 1061 1600 ipsas,
1082 1556 1174 1589 etiam
1201 1556 1319 1588 iteratis
1344 1555 1465 1589 vicibus
1490 1553 1708 1598 aggravando,

970 1611 1115 1644 invocato
1140 1610 1232 1643 etiam
1259 1609 1295 1641 ad
1321 1609 1403 1649 hoc,
1433 1608 1458 1641 si
1490 1619 1568 1652 opus
1593 1608 1708 1647 suerit,

969 1664 1084 1697 auxilio
1109 1663 1230 1696 brachii
1255 1662 1414 1695 secularis.

1014 1718 1029 1760 g
1054 1716 1082 1749 5.
1108 1717 1176 1749 Non
1194 1715 1390 1749 obstantibus
1407 1715 1599 1758 praemissis,
1617 1724 1652 1747 ac
1668 1714 1710 1747 se-

970 1770 1037 1803 licis
1073 1769 1300 1802 recordationis
1335 1767 1483 1801 Bonisacii
1515 1768 1616 1811 Papae
1645 1768 1709 1800 VIII

970 1822 1223 1867 praedecessoris
1247 1821 1347 1854 nostri
1373 1821 1410 1854 de
1435 1821 1506 1862 una,
1532 1826 1562 1854 et
1586 1820 1709 1854 concilii

970 1876 1127 1920 generalis
1152 1875 1190 1908 de
1214 1875 1336 1907 duabus
1353 1874 1454 1916 dietis,
1471 1874 1643 1907 dummodo
1660 1874 1712 1906 ali-

971 1930 1040 1973 quis
1070 1929 1255 1962 auctoritate
1286 1928 1496 1972 praesentium
1532 1927 1614 1960 ultra
1649 1932 1712 1960 tres

971 1983 1070 2016 dietas
1095 1982 1124 2015 in
1150 1982 1301 2015 iudicium
1326 1991 1388 2014 non
1409 1981 1561 2021 trahatur,
1581 1981 1712 2025 aliisque

972 2035 1247 2069 constitutionibus
1264 2040 1291 2067 et
1313 2035 1564 2068 ordinationibus
1588 2040 1712 2078 aposto-

973 2090 1049 2131 licis,
1062 2099 1195 2129 necnon,
1206 2092 1358 2132 quatenus
1372 2099 1452 2132 opus
1467 2088 1514 2129 sit,
1525 2088 1625 2121 dictae
1638 2088 1713 2122 Con-

973 2143 1174 2186 gregationis,
1190 2142 1320 2185 eiusque
1345 2141 1608 2174 monasteriorum
1634 2151 1713 2185 quo-

956 2194 1102 2235 rumvis,
1130 2193 1222 2226 ctiam
1248 2193 1447 2233 iuramento,
1475 2192 1713 2225 confirmatione

974 2247 1155 2292 apostolica,
1173 2247 1221 2279 vel
1240 2247 1349 2290 quavis
1366 2246 1513 2280 firmitate
1538 2246 1597 2278 alia
1622 2246 1714 2279 robo-

975 2301 1060 2342 ratis,
1075 2300 1197 2334 statutis
1223 2305 1252 2332 ct
1277 2299 1566 2340 consuetudinibus,
1593 2298 1716 2342 privile-

975 2354 1034 2397 giis
1059 2364 1194 2397 quoque,
1213 2353 1340 2385 indultis
1358 2356 1387 2386 ct
1406 2352 1518 2385 litteris
1535 2352 1714 2396 apostolicis

976 2407 1006 2439 in
1032 2406 1225 2440 contrarium
1260 2406 1505 2450 praemissorum
1539 2404 1716 2448 quomodo-

977 2461 1051 2492 libet
1075 2460 1247 2500 concessis,
1273 2459 1466 2492 conlirmatis
1490 2464 1517 2491 ct
1544 2458 1713 2498 innovatis;

977 2514 1089 2557 quibus
1114 2512 1260 2547 omnibus
1281 2518 1311 2546 ct
1327 2512 1470 2555 singulis,
1487 2512 1613 2545 illorum
1632 2516 1716 2546 teno-

977 2577 1027 2602 res
1047 2566 1263 2611 praescntibus
1281 2576 1340 2611 pro
1362 2565 1454 2610 plene
1471 2570 1501 2599 ct
1523 2565 1714 2599 sufficienter

1714 177 1762 202 An.
1785 177 1811 202 C.
1831 177 1896 204 1657

1757 450 1900 475 exequutores

1717 476 1810 502 dapum.

1747 1724 1862 1744 Contrariis
1873 1723 1908 1743 de-

1725 1752 1792 1775 nogat.
