2243 3205
280 190 366 216 An.s:.
392 191 457 217 1059

312 570 420 589 [tt—rreum.
437 569 463 588 ir-

279 599 353 617 ritans.

304 1948 420 1974 Expositio.

502 182 567 215 518

477 239 638 271 decretum
668 240 897 283 praeinsertum
914 268 921 281 ,
946 242 1131 275 auctoritate
1149 253 1220 287 apo-

477 292 596 334 stolica,
621 296 727 326 tenore
752 295 975 337 praesentium,
993 296 1219 329 confirmamus

477 348 507 378 et
526 346 750 388 approbamus,
773 347 881 391 illique
898 348 1085 381 inviolabilis
1099 352 1220 392 aposto-

477 397 554 431 licae
568 399 726 433 firmitatis
740 401 838 434 robur
853 401 1025 442 adijcimus,
1042 402 1125 434 salva
1141 412 1219 434 sem-

477 461 533 494 per
558 451 588 483 in
613 453 793 495 praemissis
824 454 1009 487 auctoritate
1039 464 1216 497 congrega-

478 503 571 535 tionis
595 504 830 547 praedictorum
852 506 1068 539 cardinalium.

523 556 580 599 §le
599 557 808 592 Decernentes
829 559 952 591 easdem
975 565 1155 603 praesentes
1175 559 1220 593 lit-

479 613 559 642 teras
577 620 704 654 semper
725 611 850 652 firmas,
868 617 936 653 etc.,
959 613 1065 656 sicque
1081 613 1110 644 in
1132 623 1220 656 prae-

478 662 581 695 missis
606 673 663 707 per
682 675 899 708 quoscumque
920 665 1048 705 iudices,
1074 671 1141 707 etc,
1167 666 1219 698 de-

478 715 560 748 finiri
597 716 733 758 debere,
760 728 796 750 ac
830 718 953 750 irritum
986 722 1015 752 et
1050 719 1162 761 inane,
1194 719 1217 752 si

477 779 577 809 secus,
602 775 671 810 etc„
697 770 863 812 contigerit
887 771 1040 804 attentari.

523 823 537 865 ἓ
569 822 598 855 5.
629 823 696 856 Non
730 824 924 856 obstantibus
957 824 1158 867 praemissis,
1183 836 1219 858 ac

388 867 438 880 i¹¹'''
478 876 752 909 constitutionibus
773 882 803 909 et
827 877 1076 911 ordinationibus
1093 884 1218 922 aposto-

478 928 555 969 licis,
570 939 702 971 necnon,
717 935 869 974 quatenus
884 941 961 974 opus
973 931 1021 973 sit,
1034 931 1135 965 dictae
1149 943 1219 976 pro-

478 981 597 1014 vinciae
619 988 649 1014 et
673 982 741 1014 aliis
765 983 937 1026 quibusvis,
952 988 1024 1024 etc.;
1043 985 1218 1029 ceterisque

478 1034 644 1066 contrariis
669 1035 933 1079 quibuscumque.

521 1087 632 1120 Datum
657 1088 786 1129 Romae,
812 1089 893 1132 apud
919 1089 948 1122 S.
974 1090 1101 1123 Mariam
1123 1091 1218 1124 Maio-

477 1150 567 1182 rem,
593 1140 650 1173 sub
682 1141 797 1174 annulo
835 1142 1001 1175 Piscatoris
1020 1170 1027 1183 ‚
1061 1143 1110 1176 die
1141 1154 1217 1177 xvn1

476 1193 659 1226 novembris
685 1204 811 1235 tuncLix,
828 1195 1029 1238 pontificatus
1043 1197 1141 1230 nostri
1163 1208 1217 1230 an-

477 1256 518 1279 no
544 1257 573 1279 v.

515 1309 571 1335 Dat.
589 1309 632 1336 die
648 1309 683 1336 18
705 1310 861 1338 novembris
884 1312 965 1346 1659,
988 1312 1080 1347 pontif.
1103 1321 1173 1340 anno
1190 1321 1215 1340 v.

781 1452 912 1485 CCLXX.

479 1531 518 1564 Ut
542 1531 580 1564 cle
604 1536 703 1565 cetero
728 1533 891 1565 commissi
908 1533 944 1565 in
963 1533 1217 1577 Conqregyatione

518 1587 624 1618 sancti
647 1586 813 1619 Bernardi
836 1588 1071 1620 monachorum
1097 1588 1217 1622 Italiae

521 1638 653 1672 Ordinis
665 1639 892 1681 cisterciensis,
903 1646 1011 1674 exacto
1026 1642 1166 1684 biennio,
1176 1642 1217 1675 ad

520 1693 670 1726 habitum
694 1704 915 1727 conversorum
932 1695 1075 1737 admitti,
1102 1700 1130 1729 et
1145 1701 1217 1739 post

520 1757 647 1779 annum
672 1749 850 1781 novitiatus
872 1749 1020 1792 profiteri
1041 1750 1176 1793 possint.

670 1828 835 1855 Alexander
855 1828 933 1861 Papa
954 1828 1020 1862 vu,

618 1874 653 1898 ad
677 1872 810 1898 futuram
829 1872 873 1899 rei
894 1873 1075 1900 memoriam.

520 1941 534 1985 ἓ
559 1941 588 1974 I.
615 1942 734 1985 Exponi
760 1942 850 1975 nobis
875 1953 976 1986 nuper
1002 1944 1142 1977 fecerunt
1171 1944 1216 1977 di-

475 1994 546 2027 lecti
572 1995 627 2027 filii
647 1995 863 2028 Ferdinandus
888 1996 1038 2039 Ughellus
1062 1997 1158 2031 abbas
1186 2003 1216 2031 et

475 2047 605 2080 Tusciae
620 2047 652 2064 '¹
671 2058 706 2081 ac
724 2049 864 2082 IIilarion
889 2049 1044 2082 Rancatus
1064 2050 1214 2085 Lomhar-

475 2101 544 2134 diae
568 2101 804 2145 provinciarum
830 2103 1088 2146 Congregationis
1117 2105 1215 2138 saneti

475 2154 624 2188 Bernardi
651 2156 879 2189 monachorum
905 2157 1010 2190 Italiae
1030 2157 1155 2191 Ordinis
1172 2159 1216 2192 Ci-

474 2208 654 2241 sterciensis
678 2210 852 2253 respective
876 2216 1112 2254 procuratores,
1130 2211 1214 2255 quod

473 2266 544 2294 ante
570 2262 678 2305 viginti
705 2263 749 2295 vel
768 2263 895 2296 circiter
908 2274 1006 2297 annos
1024 2264 1055 2296 in
1074 2265 1214 2309 capitulo

473 2315 613 2348 eiusdem
639 2315 898 2360 Congregationis
922 2317 1101 2350 ordinatum
1137 2318 1213 2359 suit,

472 2378 510 2400 ne
536 2379 571 2401 ex
598 2374 671 2402 tune
696 2370 727 2402 in
752 2373 913 2413 posterum
939 2370 1065 2404 habitus
1088 2381 1215 2404 conver-

473 2431 579 2454 sorum
620 2422 720 2456 dictae
761 2423 1019 2467 Congregationis
1066 2425 1214 2469 cuiquam

473 2476 626 2517 praestari
641 2481 758 2520 posset,
775 2477 834 2509 nisi
848 2477 901 2520 qui
915 2477 1129 2521 quinquennio
1144 2488 1215 2512 con·

476 2526 561 2561 tinuo
583 2529 771 2563 commissus
803 2530 833 2562 in
863 2530 932 2574 ipsa
964 2530 1214 2574 Congregatione

513 2590 520 2615 t
542 2589 610 2616 Edit.
626 2590 703 2618 lllain.
721 2591 839 2625 dubitat:
857 2595 883 2619 at
898 2592 975 2620 lectio
991 2596 1064 2621 rocta
1080 2594 1119 2628 (n.
1137 2593 1184 2628 72).

1057 194 1236 219 BULLARIUM
1259 194 1413 220 ROMANUM

1255 243 1372 283 suisset,
1397 253 1495 286 eaque
1519 242 1675 276 ordinatio
1698 244 1900 287 postmodum
1922 254 1994 278 con-

1255 295 1470 328 stitutionibus
1493 295 1752 339 Congregationis
1776 297 1955 340 praedictae
1975 307 1993 330 a

1255 348 1352 381 felicis
1388 349 1614 382 recordationis
1652 349 1776 383 Urbano
1810 350 1893 394 Papa
1927 350 1993 383 VIII

1255 401 1497 444 praedecessore
1522 408 1631 436 nostro
1659 403 1852 437 confirmatis
1877 403 1993 436 inserta

1254 454 1320 486 suit.
1347 455 1461 487 Verum
1480 460 1524 488 tot
1537 466 1690 488 annorum
1706 456 1897 499 experientia
1912 466 1995 489 com-

1255 512 1379 550 pertum
1406 513 1451 541 est
1476 508 1705 542 ordinationem
1742 509 1923 542 huiusmodi
1948 509 1992 542 ei-

1254 560 1324 592 dem
1350 560 1592 604 Congregationi
1617 562 1819 595 multifariam
1846 573 1913 596 esse
1941 572 1994 596 no-

1255 619 1412 653 cumento,
1438 618 1554 647 attento
1579 614 1662 658 quod
1681 615 1850 658 commissi,
1871 620 1905 648 ut
1924 615 1994 660 plu-

1255 666 1383 707 rimum,
1400 671 1463 699 tam
1485 667 1652 701 diuturnae
1677 679 1784 701 morae
1804 668 1906 702 taedio
1929 678 1994 702 non

1254 726 1475 763 perseverent,
1501 721 1553 754 sed
1579 722 1802 764 egrediantur,
1832 732 1895 756 non
1927 722 1994 756 sine

1255 773 1518 807 monasteriorum
1540 774 1638 818 ipsius
1655 775 1913 819 Congregationis
1930 775 1993 809 dis-

1253 826 1389 870 pendio,
1413 829 1485 860 'cum
1518 838 1580 861 non
1616 829 1813 872 reperiantur
1844 830 1896 874 qui
1929 834 1993 862 tam

1254 879 1378 922 longam
1412 880 1632 924 probationem
1666 881 1772 914 subire
1807 882 1922 922 velint;
1959 886 1994 915 ut

1252 933 1384 976 proinde
1409 934 1593 967 eorumdem
1613 935 1877 968 monasteriorum
1894 946 1990 979 supe-

1253 985 1353 1018 riores
1378 996 1604 1019 conversorum
1626 988 1840 1031 professorum
1860 988 1992 1029 defectu,

1252 1048 1309 1071 nec
1341 1041 1436 1082 opera
1470 1040 1711 1073 commissorum
1745 1051 1803 1084 pro
1835 1041 1993 1074 bonerum

1253 1092 1473 1136 temporalium
1498 1093 1535 1125 ad
1562 1093 1628 1136 ipsa
1649 1094 1837 1127 monasteria
1854 1099 1995 1138 spectan-

1252 1145 1328 1177 tium
1344 1147 1419 1178 cura
1442 1150 1472 1178 et
1495 1145 1765 1179 administratione
1782 1147 1826 1179 uti
1842 1147 1992 1188 volentes,

1252 1208 1319 1230 eam
1346 1208 1452 1231 curam
1479 1199 1673 1231 secularibus
1705 1210 1775 1232 eum
1808 1200 1895 1242 gravi
1925 1210 1993 1233 mo-

1251 1252 1462 1285 nasteriorum
1500 1252 1680 1286 huiusmodi
1722 1253 1911 1287 detrimento
1942 1253 1993 1287 de-

1252 1305 1401 1339 mandare
1427 1312 1590 1349 cogantur.

1296 1359 1310 1402 §
1335 1359 1364 1392 ⁶2.
1390 1359 1465 1392 Cum
1483 1365 1598 1400 autem,
1616 1359 1696 1394 sicut
1712 1360 1821 1393 eadem
1835 1361 1990 1405 expositio

1253 1412 1470 1455 subiungebat,
1495 1413 1599 1446 dilecti
1625 1413 1745 1457 pariter
1768 1414 1824 1446 filii
1849 1414 1992 1448 definito-

1253 1475 1301 1497 res
1320 1471 1511 1498 memoratae
1531 1465 1791 1509 Congregationis
1805 1467 1836 1500 in
1853 1468 1992 1512 capitulo

1252 1517 1348 1561 ipsius
1363 1518 1621 1561 Congregationis
1634 1519 1806 1553 novissime
1823 1521 1991 1564 celebrato,

1252 1571 1433 1614 praemissis
1456 1577 1578 1605 mature
1603 1572 1820 1614 consideratis,
1848 1574 1992 1607 decreve-

1252 1624 1352 1666 runt¹,
1378 1625 1467 1658 nobis
1492 1636 1559 1659 esse
1584 1626 1837 1670 supplicandum,
1854 1632 1888 1660 ut
1904 1627 1994 1671 quin-

1251 1678 1421 1721 quennium
1447 1678 1641 1722 praedictum
1666 1679 1703 1712 ad
1728 1680 1807 1713 duos
1830 1690 1929 1713 annos
1945 1691 1992 1714 re-

1251 1731 1424 1773 ducamus,
1457 1733 1571 1776 quibus
1601 1734 1714 1777 elapsis
1750 1734 1932 1775 commissi,
1965 1734 1991 1767 si

1251 1784 1326 1818 alias
1351 1785 1453 1818 idonei
1472 1785 1588 1829 reperti
1604 1786 1729 1827 suerint,
1743 1786 1781 1819 ad
1793 1787 1991 1831 praedictum

1251 1837 1390 1870 habitum
1416 1849 1653 1881 conversorum,
1667 1844 1696 1873 et
1713 1839 1845 1873 subinde
1862 1844 1991 1884 peracto

1250 1891 1417 1924 novitiatus
1442 1902 1524 1925 anno
1549 1892 1587 1925 ad
1611 1893 1840 1936 professionem
1868 1894 1992 1937 regula-

1251 1954 1317 1977 rem
1331 1944 1453 1977 admitti
1470 1946 1606 1989 possint;
1623 1945 1715 1979 nobis
1733 1951 1903 1990 propterea
1916 1946 1990 1980 dicti

1250 1997 1465 2031 Ferdinandus
1495 2003 1525 2033 et
1557 1999 1698 2033 Hilarion
1722 1999 1885 2033 humiliter
1916 2010 1990 2044 sup-

1249 2051 1359 2094 plicari
1385 2051 1525 2085 fecerunt
1549 2057 1583 2085 ut
1608 2052 1638 2085 in
1663 2052 1844 2096 praemissis
1874 2063 1988 2097 oppor-

1249 2108 1322 2137 tune
1347 2105 1515 2148 providere
1540 2105 1577 2138 de
1602 2105 1794 2149 benignitate
1817 2106 1990 2150 apostolica

1249 2157 1463 2200 dignaremur.
1950 2204 1954 2208 ἱ

1293 2211 1308 2254 ἓ
1324 2209 1353 2244 3.
1371 2212 1433 2244 Nos
1454 2211 1560 2254 igitur,
1577 2211 1680 2255 ipsum
1706 2211 1938 2245 Ferdinandum
1959 2217 1990 2246 et

1249 2263 1441 2297 Hilarionem
1467 2264 1656 2308 specialibus
1680 2265 1838 2299 favoribus
1863 2270 1893 2299 et
1915 2276 1989 2309 gra-

1249 2316 1299 2350 tiis
1312 2318 1461 2362 prosequi
1475 2319 1625 2359 volentes,
1640 2322 1669 2354 et
1685 2329 1794 2353 eorum
1813 2319 1989 2363 singulares

1247 2381 1398 2414 personas
1434 2382 1451 2404 a
1487 2371 1650 2415 quibusvis
1682 2372 1985 2406 excommunicatio-

1248 2424 1306 2466 nis,
1328 2429 1397 2466 etc.,
1422 2425 1535 2458 harum
1557 2426 1638 2458 serie
1663 2426 1859 2459 absolventes
1883 2431 1913 2459 et
1936 2426 1989 2458 ab·

1249 2478 1365 2511 solutas
1390 2478 1457 2512 sore
1482 2483 1654 2522 censentes,
1672 2479 1850 2513 huiusmodi
1869 2478 1987 2523 suppli-

1248 2531 1424 2565 cationibus
1437 2532 1586 2575 inclinati,
1600 2538 1634 2566 ut
1651 2532 1689 2565 de
1706 2538 1811 2566 cetero
1826 2531 1986 2566 commissi

1287 2596 1292 2620 t
1317 2594 1409 2629 Aptius
1429 2594 1564 2630 legeretur
1583 2595 1761 2623 decreverint
1780 2595 1817 2629 (n.
1833 2594 1882 2628 τ.).

2218 0 2243 178 l

2015 195 2102 222 Aac.
2123 197 2187 226 1859

2033 1370 2171 1397 Supplicatio.

2039 2218 2113 2239 Annuit
2128 2217 2186 2238 Sum·

2004 2251 2049 2266 mus
2064 2245 2165 2266 I'ontit'ex.
