2263 3215
313 218 360 245 An.
380 218 407 245 c.
431 217 497 245 1656
542 208 608 242 194

347 703 437 728 Derngat
454 707 502 722 con·

320 729 396 750 hamb.

513 271 542 298 et
567 265 605 297 ab
629 264 690 297 illis
716 265 888 309 respective
914 266 1134 299 inviolabiliter
1160 272 1190 299 ct
1208 267 1253 299 in-

513 328 663 351 concusse
684 317 862 358 observari,
884 318 991 362 sicque
1016 319 1046 351 in
1072 319 1254 363 praemissis

514 381 571 414 per
590 380 808 414 quoscumque
830 370 948 404 iudices
965 371 1143 406 ordinarios
1159 377 1189 404 et
1205 371 1254 404 de-

515 425 644 466 legato&
669 423 763 456 eiiam
783 434 949 457 causarum
967 424 1073 468 palatii
1092 425 1255 468 apostolici

515 476 684 517 auditoreS,
709 476 842 510 iudicari
867 482 897 511 et
922 477 1046 511 definiri
1072 478 1197 518 debere,
1223 489 1258 510 ac

517 530 641 562 irritum
659 535 689 562 et
705 530 807 570 inane,
821 530 845 563 si
864 541 954 564 secus
973 541 1069 575 super
1086 531 1134 564 liis
1151 541 1167 562 a
1184 542 1258 574 quo-

517 593 622 626 quam,
632 583 740 626 quavis
753 583 949 624 auctoritate,
963 584 1097 617 scienter
1112 583 1157 616 vel
1173 585 1257 626 igno-

518 641 633 676 ranter,
659 635 827 678 contigerit
850 637 1005 669 attentari.

563 688 578 732 ἓ
602 688 631 721 5.
658 688 725 722 Non
760 688 957 721 obstantibus
989 688 1193 732 praemissis,
1226 699 1260 721 ac

520 742 795 775 constitutionibus
813 747 842 775 et
866 742 1118 775 ordinationibus
1137 746 1262 786 aposto-

520 794 609 835 licis,
634 804 756 828 necnon
781 794 906 828 Ordinis
931 805 966 827 ac
991 794 1171 838 provinciae
1201 795 1259 827 liu-

521 847 667 888 iusmodi,
681 848 843 892 ipsiusque
858 848 1039 892 provinciae
1051 852 1260 881 conventuum

521 911 806 945 quorumcumque,
819 906 974 944 quatenus
998 911 1077 944 opus
1101 901 1149 943 sit,
1171 901 1262 934 etiam

523 956 715 995 iuramento,
740 954 982 987 confirmatione
1007 954 1190 998 apostolic-al,
1217 953 1263 985 vel

523 1008 583 1041 alia
608 1008 717 1052 quavis
741 1008 889 1041 firmitate
910 1008 1077 1050 roboratis,
1096 1007 1218 1040 statutis
1235 1013 1265 1040 et

524 1061 825 1103 consuetudinibus,
850 1061 1026 1105 privilegiis
1050 1071 1186 1104 quoque,
1213 1061 1262 1093 in—

524 1115 618 1149 dultis
636 1120 666 1147 et
682 1114 794 1148 litteris
811 1114 993 1158 apostolicis
1014 1114 1132 1147 eisdem
1145 1113 1264 1155 Ordini,

525 1167 706 1212 provinciae
719 1173 750 1200 et
763 1167 978 1207 conventibus,
990 1177 1164 1210 eorumque
1178 1177 1211 1200 su
1217 1177 1266 1211 pe-

525 1221 663 1255 rioribus
675 1226 705 1254 et
718 1221 878 1262 fratribus,
887 1231 921 1254 ac
935 1220 1080 1264 personis
1093 1221 1266 1264 quibusvis,

527 1277 558 1310 in
583 1275 778 1309 contrarium
795 1274 1046 1318 praemissorum
1065 1274 1266 1318 quomodoli-

527 1330 579 1363 bet
603 1328 780 1369 concessis,
814 1327 1009 1361 confirmatis
1033 1333 1064 1360 et
1088 1327 1264 1367 innovatis,

529 1383 643 1428 quihus
668 1382 816 1416 omnibus
840 1387 870 1414 et
894 1381 1044 1424 singulis,
1070 1381 1198 1414 illorum
1224 1386 1268 1413 te-

529 1447 622 1470 nores
646 1435 864 1480 praesentibus
885 1445 943 1479 pro
960 1435 1052 1478 plene
1069 1439 1099 1467 et
1116 1434 1270 1467 sufficien-

531 1495 578 1524 ter
602 1489 759 1534 expressis
790 1493 821 1521 ct
852 1487 977 1521 insertis
1014 1487 1184 1528 habentes,
1210 1487 1270 1520 illis

531 1544 606 1577 alias
625 1544 656 1577 in
673 1554 730 1576 suo
749 1543 863 1576 robore
887 1542 1114 1586 permansuris,
1131 1541 1169 1575 ad
1186 1552 1272 1586 prae-

532 1598 702 1632 missorum
715 1596 871 1638 effectum,
889 1595 1067 1640 specialiter
1083 1601 1113 1628 et
1126 1605 1272 1639 expresse

533 1651 743 1694 derogamus,
762 1649 938 1693 ceterisque
962 1648 1129 1682 contrariis
1149 1648 1274 1692 quibus-

534 1714 679 1749 cumque.

578 1759 689 1792 Datum
715 1758 844 1797 Romae,
864 1756 948 1801 apud
972 1756 1000 1790 S.
1021 1756 1149 1790 Mariam
1179 1756 1274 1790 Maio-

535 1812 682 1853 rem,sub
706 1812 822 1845 annulo
848 1810 1026 1851 Piscatoris,
1043 1810 1094 1843 die
1119 1819 1186 1844 xvu
1210 1809 1275 1843 iulii

537 1875 664 1908 unetvi,
686 1865 886 1910 pontificatus
906 1863 1007 1898 nostri
1027 1873 1109 1897 anno
1134 1873 1164 1896 ιι.

573 1927 631 1955 Dat.
648 1927 692 1955 die
709 1927 739 1955 17
756 1926 814 1954 iulii
830 1925 914 1960 1656,
931 1925 1025 1961 pontif.
1049 1933 1119 1953 anuo
1136 1931 1163 1952 ιι.

870 2095 955 2130 CXX.

542 2185 729 2221 lubilaeum
754 2184 940 2218 universale
971 2182 1013 2217 ad
1037 2182 1282 2228 implorandam

588 2249 679 2284 opem
703 2238 853 2272 divinam
876 2238 912 2271 in
935 2237 1161 2282 praesentibus
1176 2235 1283 2271 Eccle-

588 2293 656 2326 siae
679 2290 950 2326 necessitatibus⁴.

584 2401 594 2426 1
618 2398 668 2427 Pro
685 2401 749 2425 tunc
765 2397 903 2425 Ecclesiae
918 2396 1127 2424 necessitatibus
1142 2396 1285 2423 imminen-

546 2444 619 2471 tibus
638 2443 788 2471 iubilaeum
799 2442 920 2470 indixere
941 2441 1072 2469 PaulusV
1091 2441 1182 2469 Const.
1203 2446 1286 2468 ccxcii

546 2488 667 2522 ‹at.273)
684 2488 764 2520 Ecce,
780 2491 845 2514 tom.
863 2493 909 2522 xu,
925 2494 986 2522 pag.
1000 2486 1066 2519 392;
1087 2489 1114 2513 et
1133 2485 1204 2513 idem
1220 2486 1288 2512 Pau-

549 2533 590 2560 lus
611 2532 628 2558 V
653 2532 764 2559 Constit.
785 2537 869 2558 cccxii
887 2531 934 2565 (al.
955 2530 1028 2565 292),
1048 2529 1114 2557 ibid.
1140 2537 1200 2566 pag.
1221 2530 1287 2562 4343

550 2579 577 2603 et
590 2575 714 2603 Urbanus
728 2575 784 2602 Vlll
802 2575 912 2603 Constit.
927 2581 1018 2602 cxxxii
1033 2574 1077 2607 (at.
1095 2574 1154 2602 ΩΟ)
1169 2574 1288 2602 Divinae

551 2621 779 2653 virsericordiae,
800 2623 864 2647 tom.
888 2626 941 2652 xm,
962 2627 1023 2655 pag.
1045 2620 1105 2647 313.

1088 218 1266 243 BULLARIUM
1291 218 1443 243 ROMANUM

1483 267 1646 293 Alexander
1666 267 1744 300 Papa
1764 266 1831 300 vn,

1290 322 1443 349 Universis
1473 320 1722 349 christifidelibus
1747 322 1922 355 praesentes
1943 321 2028 348 litte-

1324 373 1373 392 ras
1394 364 1589 399 inspecturis,
1616 365 1745 392 salutem
1774 367 1804 391 et
1832 363 2027 398 apostolicam

1324 409 1572 437 benedictionem.

1334 480 1358 512 E
1383 481 1529 523 suprema
1555 479 1715 513 militantis
1731 479 1887 512 Ecclesiae
1904 479 2029 522 specula
2073 490 2153 512 czusae
2173 491 2220 514 iubi-

2046 517 2096 538 lam.

1293 532 1405 565 mentis
1429 537 1554 565 nostrae
1580 533 1678 566 aciem
1704 542 1954 576 quaquaversum
1987 531 2031 564 in-

1294 585 1464 625 tendentes,
1478 592 1508 618 et
1532 586 1655 619 assidue
1680 585 1786 628 gregis
1805 585 1896 618 nobis
1913 595 1948 618 ex
1970 584 2033 618 alto

1293 638 1403 672 crediti
1430 639 1621 673 calamitates
1645 642 1761 672 attente
1775 638 2033 682 contemplantes,

1295 691 1405 724 crebra
1430 703 1464 724 ex
1491 692 1554 725 imo
1578 692 1673 725 corde
1708 691 1844 735 suspiria
1869 696 1898 724 et
1920 690 2034 723 uberes

1295 755 1329 777 ex
1356 745 1455 777 oculis
1480 745 1634 789 lacrymas
1655 744 1785 777 sundere
1808 743 1963 786 cogimur.
1977 743 2034 776 Cu-

1297 799 1343 830 ius
1364 798 1447 830 enim
1467 799 1513 831 vel
1538 798 1674 831 ferreum
1695 802 1803 841 peetus
1820 807 1883 830 non
1901 806 2035 830 commo-

1298 850 1404 883 veaut¹
1436 851 1606 884 hodiernae
1632 850 1719 884 orbis
1743 850 1905 884 christiani
1938 849 2033 883 mise-

1299 904 1389 936 riae‘?
1416 903 1511 946 Urget
1535 907 1568 937 ut
1592 914 1663 936 cum
1681 903 1814 935 maxime
1835 902 1975 946 pertinax
1995 901 2038 934 in-

1299 961 1345 989 ter
1371 957 1532 1001 principes
1557 956 1729 990 catholicos
1745 956 1876 997 bellum,
1890 955 1939 988 cui
1957 965 2038 988 com-

1299 1010 1445 1054 ponendo
1470 1011 1585 1043 frustra
1611 1011 1761 1043 hactenus
1786 1010 1850 1042 visa
1875 1013 1946 1042 sunt
1970 1019 2038 1042 esse

1299 1064 1454 1097 humanae
1479 1064 1665 1108 prudentiae
1696 1063 1835 1097 consilia.
1861 1062 1907 1096 Ad
1931 1062 2040 1096 Orien-

1300 1122 1360 1150 tem
1386 1117 1545 1161 piissimae
1565 1116 1767 1160 Reipublicae
1784 1115 1917 1149 ditiones
1933 1115 2041 1148 decen-

1301 1170 1360 1202 nali
1376 1170 1459 1203 bello
1473 1180 1489 1202 a
1504 1170 1677 1202 Tui-carum
1693 1175 1824 1214 tyranno
1845 1168 2040 1201 infestantur.

1301 1224 1418 1257 Exutus
1443 1223 1481 1256 ad
1506 1223 1753 1267 septentrionem
1780 1222 1868 1264 regni
1887 1221 1933 1254 sui
1954 1226 2042 1265 parte

1301 1277 1533 1310 haereticorum
1559 1277 1654 1308 armis
1681 1286 1733 1309 rex
1756 1274 1961 1315 orthodoxus,
1986 1284 2042 1307 ne-

1302 1341 1361 1374 que
1387 1330 1443 1363 tuti
1469 1329 1508 1364 ab
1533 1340 1644 1363 eorum
1669 1329 1741 1363 odio
1762 1334 1792 1362 et
1816 1328 1953 1373 potentia
1970 1327 2044 1361 alio-

1304 1394 1373 1417 rum
1399 1384 1486 1416 sines
1512 1383 1613 1417 Saevit
1638 1383 1675 1415 ad
1702 1382 1864 1415 meridiem
1893 1381 1960 1414 dira
1982 1380 2045 1425 epi·

1303 1437 1419 1470 dimiac
1444 1437 1521 1477 lues,
1540 1447 1619 1479 (tuae
1644 1439 1673 1469 et
1691 1435 1808 1468 vicinos
1825 1434 2044 1478 depopulatur,

1305 1495 1334 1523 et
1359 1490 1431 1523 huic
1458 1490 1533 1522 Urbi
1560 1499 1651 1522 verae
1676 1488 1838 1532 religionis
1862 1488 1955 1532 capiti
1980 1487 2043 1520 im-

1307 1543 1426 1576 mmere
1458 1543 1590 1577 videtur.
1624 1542 1743 1586 Ubique
1778 1547 1904 1584 terror,
1929 1540 2048 1585 ubique

1307 1598 1464 1630 malorum
1487 1596 1734 1640 impendentium
1753 1595 1899 1637 formido,
1918 1595 2006 1636 itaut,
2023 1593 2048 1628 si

1308 1660 1458 1694 unquam,
1484 1655 1568 1683 certe
1593 1660 1676 1683 nunc
1693 1659 1821 1692 gravem
1844 1648 1967 1681 Domini
1989 1656 2050 1681 ma-

1308 1713 1383 1736 num
1410 1703 1601 1743 sentiamus,
1633 1702 1760 1744 flagitiis
1793 1701 1958 1735 hominum
1983 1700 2050 1734 eius

1310 1757 1387 1789 iram
1409 1756 1524 1799 iugiter
1541 1754 1795 1799 provocantibus.
1809 1754 1863 1788 Cui
1878 1753 2052 1799 placandae

1310 1810 1382 1843 licet
1405 1809 1525 1853 privata
1548 1814 1654 1842 nostra
1679 1813 1709 1841 et
1733 1808 1867 1841 aliorum
1892 1807 2050 1841 sacrificia

1311 1867 1340 1897 et
1359 1873 1468 1907 preces
1485 1863 1550 1895 sine
1566 1861 1799 1895 intermissione
1817 1860 1968 1894 adhibere
1988 1870 2052 1894 non

1311 1917 1508 1956 desistamus,
1533 1915 1709 1960 promptius
1733 1920 1837 1948 tamen
1862 1914 1893 1947 id
1913 1923 1930 1947 a
1947 1914 2052 1948 divina

1313 1969 1529 2003 misericordia
1553 1979 1610 2002 nos
1634 1974 1885 2013 consequuturos
1913 1967 2050 2002 arbitra-

1314 2033 1407 2063 mur,
1432 2022 1457 2055 si
1481 2022 1597 2056 nostris
1629 2021 1771 2055 omnium
1803 2020 2054 2054 christifidelium

1314 2076 1492 2118 orationes,
1517 2075 1661 2120 purgatis
1684 2085 1741 2119 per
1765 2074 1933 2108 salutarem
1964 2082 2056 2108 verae

1315 2129 1525 2174 poenitentiae
1550 2128 1738 2162 medicinam
1756 2139 1773 2162 a
1793 2127 1929 2162 colluvie
1944 2136 2055 2172 pecca-

1316 2188 1421 2216 torum
1458 2182 1590 2224 animis,
1625 2183 1803 2225 iungantur.
1835 2181 1978 2215 Clemens
2011 2185 2058 2214 est

1318 2236 1402 2269 enim
1427 2242 1457 2269 et
1482 2236 1663 2269 misericors
1686 2236 1768 2269 Deus
1791 2240 1908 2276 noster,
1933 2239 1964 2268 et
1987 2244 2059 2279 pro-

1317 2289 1446 2333 pitiatur
1470 2288 1590 2322 cunctis
1616 2288 1834 2322 invocantibus
1858 2297 1930 2320 eum
1955 2287 1987 2321 in
2010 2296 2059 2321 ve-

1318 2344 1418 2377 ritate.
1448 2344 1514 2377 Hoc
1537 2348 1641 2377 autem
1665 2347 1698 2376 ut
1721 2341 1913 2376 fructuosius
1936 2339 2001 2383 fiat,
2025 2347 2060 2375 et

1320 2397 1432 2430 maiori
1457 2407 1528 2430 cum
1547 2396 1676 2440 spiritus
1694 2395 1808 2429 ardore
1825 2399 2005 2439 peragatur,
2022 2403 2059 2427 ex

1321 2450 1417 2483 veteri
1438 2450 1595 2484 Ecclesiae
1616 2450 1775 2484 Romanae
1789 2448 1929 2482 omnium
1951 2447 2060 2481 matris

1321 2509 1350 2537 et
1367 2503 1533 2546 magistrae
1552 2513 1649 2543 more,
1668 2502 1807 2536 eiusdem
1825 2501 1981 2536 Ecclesiae
1999 2501 2061 2536 the-

1364 2620 1370 2644 l
1393 2618 1462 2644 latu.
1481 2618 1556 2644 lluiu.
1576 2618 1637 2652 legit
1655 2619 1829 2645 corumum’ul
1850 2623 1887 2651 χιι.
1910 2618 1953 2650 ι·.).

2035 219 2083 244 An.
2105 218 2132 244 C.
2157 220 2217 249 ¹656
