2185 3188
48 196 98 223 An.
119 194 147 222 C.
163 194 232 222 1655

229 486 232 488 ,
248 455 444 489 ventionibus
461 461 491 488 et
507 453 781 487 distributionibus
799 452 894 485 etiam
912 462 986 496 quo-

839 190 1026 214 ALEXANDER
1051 190 1094 213 vn
1118 190 1165 213 ΡΙ).

247 241 359 274 larium
374 267 382 281 ‚
407 241 499 273 etiam
524 240 687 284 hospitalis
712 240 741 273 S.
767 239 889 272 Ioannis
914 239 985 271 Hie-

247 294 462 339 rosolymitani
486 293 662 338 praedicti,
686 291 984 337 quomodocumque

248 353 277 381 et
301 348 571 391 qualitercumque
595 347 846 391 qualificatorum
875 345 984 378 fructi-

247 401 316 441 bus,
341 401 525 441 redditibus,
549 400 763 444 proventibus,
782 398 912 439 iuribus,
934 386 1003 431 ob-x

247 508 382 548 tidianis,
408 519 462 541 seu
487 508 611 540 illarum
636 507 705 539 loco
730 506 860 545 fructus,
885 505 986 538 reddi-

247 566 307 602 tus,
332 567 513 606 proventus,
538 561 616 602 iura,
643 559 856 601 obventiones,
881 558 986 591 distri-

246 614 392 648 butiones
424 619 454 647 et
484 614 696 647 emolumenta
728 612 817 646 vobis
848 622 931 644 nunc
957 616 986 644 ct

247 678 306 712 pro
331 673 473 711 tempore
504 667 660 709 assignata
685 671 714 698 et
746 671 925 705 reservata,
950 676 986 698 ac

248 721 445 762 reservanda,
471 731 530 764 pro
554 721 677 752 summa
699 719 843 752 videlicet
867 724 986 752 trecen-

248 780 350 807 torum
375 774 560 807 ducatorum
585 773 653 806 auri
672 773 709 806 de
738 774 863 806 camera
883 772 986 816 quoad

247 828 388 871 singulos
422 833 581 867 vestrum,
606 827 868 870 quandocumque
893 826 985 858 alicui

248 886 385 914 vestrum
415 880 588 924 respective
619 879 794 923 placuerit,
819 879 912 911 simul
940 879 986 911 vel

247 935 432 976 successive,
457 934 488 967 in
513 940 578 968 toto
603 934 651 967 vel
675 934 707 966 in
730 939 829 978 parte,
844 933 937 966 etiam
956 934 986 965 in

247 989 413 1022 cuiuslibet
426 994 563 1022 vestrum
577 988 685 1022 mortis
699 988 841 1028 articulo,
852 986 986 1020 cessare¹

247 1048 278 1076 et
300 1042 500 1086 extinguere,
524 1053 560 1076 ac
585 1046 750 1086 postquam
776 1040 938 1075 cessatae²
957 1047 987 1074 et

248 1096 401 1130 extinctae
425 1096 554 1137 suerint,
578 1096 653 1129 alias
678 1096 796 1129 similes
820 1096 987 1139 pensiones

248 1161 366 1183 annuas
383 1161 478 1194 super
492 1150 609 1183 eisdem
623 1150 787 1191 fructibus,
801 1149 986 1190 redditibus,

248 1204 603 1248 proventibus,iuribus,
621 1203 862 1236 obventionibus
879 1209 909 1236 et
925 1203 987 1235 dis-

249 1258 492 1298 tributionibus,
517 1268 572 1290 seu
597 1258 722 1290 illarum
746 1257 816 1290 loco
845 1257 986 1297 fructus,

249 1311 389 1344 redditus
403 1338 410 1352 ,
435 1316 606 1355 proventus
620 1337 627 1351 ,
652 1310 720 1343 iura
734 1338 741 1350 ,
766 1310 986 1350 obventiones,

251 1365 486 1398 distributiones
511 1371 541 1398 et
564 1365 775 1397 emolumenta
796 1364 987 1404 huiusmodi,

252 1428 352 1460 usque
376 1417 414 1450 ad
439 1428 593 1450 summam
618 1423 648 1450 et
672 1418 877 1461 quantitatem
902 1428 988 1461 prae-

253 1470 389 1512 dictam,
416 1471 468 1503 uni
495 1471 541 1503 vel
572 1471 715 1514 pluribus
746 1471 814 1503 aliis
845 1473 989 1514 personis

254 1523 346 1556 ctiam
372 1534 428 1567 per
453 1534 506 1556 vos
530 1523 749 1563 nominandis,
775 1524 867 1556 etiam
894 1535 987 1568 quae-

253 1587 410 1620 cumque,
435 1583 648 1620 quotcumque
685 1583 715 1609 et
750 1577 989 1621 qualiacumque

252 1630 405 1663 beneficia
429 1631 638 1663 ecclesiastica
662 1630 874 1663 obtinentibus
892 1637 921 1663 et
938 1642 989 1664 ex-

252 1683 458 1727 pectantibus,
473 1683 614 1723 clericis,
639 1694 693 1716 seu
718 1684 854 1716 clericali
880 1685 988 1717 ebara—

252 1742 336 1769 ctere
357 1737 499 1779 insigniri
518 1737 704 1776 volentibus,
717 1737 809 1769 etiam
829 1738 872 1769 cis
887 1738 989 1780 quoad

253 1789 395 1831 vixerint,
414 1800 468 1822 seu
494 1800 603 1823 eorum
623 1790 883 1833 procuratoribus
901 1791 937 1822 ad
961 1791 988 1822 i‹t

251 1843 387 1887 speciale
411 1844 509 1876 abeis
531 1843 710 1876 mandatum
734 1844 990 1883 bal›entibus,iis-

252 1897 321 1930 dem
347 1896 440 1930 modo
465 1900 494 1930 et
528 1897 629 1930 forma
654 1897 770 1941 quibus
802 1897 889 1930 vobis
914 1898 990 1929 assi-

252 1954 363 1993 gnatae
398 1956 428 1983 et
468 1956 643 1984 reservatae
679 1962 732 1984 seu
772 1951 927 1994 assignata
961 1957 990 1984 et

252 2014 399 2037 concessa
423 2004 537 2036 suerint
561 2004 741 2048 respective,
759 2004 852 2037 etiam
873 2005 989 2048 absque

253 2068 407 2092 consensu
435 2058 560 2091 easdem
593 2058 758 2102 pensiones
791 2059 912 2092 solvere
937 2059 990 2092 de-

252 2112 391 2145 bentium
408 2139 415 2152 ,
440 2112 497 2145 etsi
522 2112 590 2144 illas
614 2112 660 2145 vel
691 2113 742 2145 illa
775 2113 849 2145 alias
874 2114 988 2146 cassari

253 2171 282 2199 et
306 2165 460 2198 reservari
485 2165 523 2198 de
546 2176 628 2199 novo
652 2165 784 2198 faciendi
809 2167 988 2199 facultatem

252 2229 314 2252 non
340 2219 530 2260 habueritis,
555 2230 591 2252 ac
615 2220 781 2263 pensiones
806 2226 835 2253 et
859 2220 989 2261 fructus,

253 2273 404 2313 redditus,
430 2278 610 2316 proventus,
626 2274 704 2315 iura,
724 2274 936 2315 obventiones,
955 2285 990 2307 ac

253 2327 490 2360 distributiones
515 2332 544 2360 et
568 2328 780 2360 emolumenta
798 2328 989 2369 huiusmodi,

253 2380 374 2414 etiamsi
405 2380 521 2423 pluries
552 2386 688 2414 cassatae
712 2386 742 2414 et
766 2381 803 2414 dc
828 2392 909 2414 novo
942 2393 990 2415 as-

253 2433 392 2477 signatae
416 2433 552 2474 suerint,
582 2445 680 2478 usquc
713 2434 749 2467 ad
780 2445 934 2467 summam
961 2440 991 2468 et

253 2489 457 2532 quantitatem
483 2488 687 2533 praedictam,
712 2489 803 2522 etiarn
829 2489 941 2523 litteris
961 2500 991 2522 a—

290 2563 300 2588 t
324 2561 415 2588 Potius
434 2561 492 2596 lege
512 2569 624 2589 cassare
643 2564 680 2592 (n.
694 2561 742 2596 *r.).

288 2606 305 2633 2
325 2605 354 2633 Ni
374 2606 518 2642 legendum
537 2606 571 2634 sit
590 2609 717 2635 cassatae
735 2609 774 2641 (n.
791 2608 840 2642 aa).

1679 179 1715 212 51

1018 238 1179 282 postolicis
1210 247 1305 281 super
1338 236 1602 270 reservationibus
1628 241 1657 269 et
1681 236 1758 269 assi-

1018 291 1220 335 gnationibus
1245 291 1425 325 huiusmodi
1450 301 1513 324 non
1538 290 1697 330 consectis,
1723 300 1759 323 ae

1018 346 1092 378 alias
1116 356 1188 378 cum
1209 345 1355 378 omnibus
1378 350 1407 377 et
1431 344 1686 388 quibuscumque
1711 354 1762 376 ex-

1019 399 1250 443 emptionibus,
1277 399 1472 442 privilegiis,
1498 398 1648 438 decretis,
1674 398 1760 431 clau-

1019 453 1104 494 sulis,
1123 453 1333 492 cautionibus,
1355 452 1496 491 vinculis,
1515 451 1761 495 obligationibus

1019 513 1049 540 et
1073 507 1212 548 cautelis,
1230 517 1266 539 ac
1286 506 1378 539 etiam
1404 506 1544 539 censuris
1558 511 1588 538 et
1604 506 1713 549 poenis
1731 505 1762 537 in

1020 560 1180 604 prioribus
1205 560 1473 593 reservationibus
1494 559 1674 591 huiusmodi
1692 568 1763 591 con-

1020 614 1115 646 cessis
1140 619 1169 646 et
1195 613 1358 653 contentis,
1383 623 1506 646 necnon
1524 624 1594 645 cum
1612 613 1763 655 subroga-

1020 668 1104 700 tione
1129 667 1160 700 in
1184 667 1346 710 quibusvis
1372 666 1482 699 vestris
1508 666 1643 705 iuribus,
1669 666 1761 698 etiam

1020 720 1125 765 quoad
1155 721 1244 764 quasi
1278 720 1509 764 possessionem
1551 719 1696 761 exigendi
1730 719 1761 750 in

1020 785 1081 817 qua
1107 779 1180 807 tunc
1197 774 1294 813 eritis,
1309 775 1431 816 integre
1448 772 1681 816 persolvendas,
1703 783 1763 804 ser-

1022 829 1090 861 vata
1127 833 1231 860 tamen
1264 827 1367 859 forma
1401 826 1631 860 constitutionis
1666 825 1763 858 felicis

1023 881 1249 914 recordationis
1274 881 1390 914 Urbani
1417 881 1518 923 Papae
1542 880 1607 913 vlt]
1634 879 1764 923 praede-

1021 935 1155 969 cessoris
1171 935 1269 968 nostri
1288 934 1390 978 quoad
1405 944 1568 967 excessum
1591 932 1764 966 medietatis

1021 990 1198 1029 sructuum,
1219 999 1396 1026 reservare,
1422 988 1612 1021 constituere
1634 992 1663 1020 et
1688 987 1764 1019 assi-

1024 1054 1122 1086 gnare
1149 1043 1281 1082 valeant,
1298 1042 1483 1075 auctoritate
1501 1047 1531 1074 et
1547 1046 1655 1074 tenore
1674 1051 1764 1085 prae-

1020 1096 1109 1129 dietis
1134 1096 1172 1128 de
1196 1095 1322 1139 speciali
1348 1095 1448 1138 gratia
1474 1094 1684 1136 indulgemus.

1066 1150 1080 1193 ἓ
1105 1149 1156 1182 ta.
1182 1150 1309 1183 Necnon
1334 1149 1427 1181 etiam
1453 1148 1553 1187 vobis,
1580 1153 1613 1180 ut
1637 1147 1675 1180 de
1700 1158 1763 1181 om-

1021 1203 1114 1236 nibus
1139 1208 1169 1236 ct
1194 1203 1326 1245 singulis
1350 1202 1505 1243 domibus,
1530 1201 1678 1245 praediis,
1696 1211 1764 1244 pos-

1021 1257 1223 1297 sessionibus,
1242 1256 1334 1289 terris
1356 1261 1386 1289 et
1413 1256 1499 1295 locis,
1517 1266 1552 1288 ac
1578 1251 1764 1287 iurisdictio·

1021 1311 1124 1349 nibus,
1149 1310 1325 1353 ceterisque
1349 1310 1440 1342 bonis
1467 1308 1637 1341 mobilibus
1662 1313 1692 1340 et
1710 1307 1765 1339 im-

1024 1365 1217 1403 mobilibus,
1242 1375 1321 1407 quae
1347 1369 1450 1395 tamen
1475 1372 1539 1395 non
1563 1362 1625 1394 sint
1658 1361 1765 1393 altaris

1023 1429 1076 1451 seu
1102 1418 1248 1451 altarium
1274 1417 1478 1450 ecclesiarum
1506 1416 1593 1449 vobis
1619 1415 1763 1449 commis-

1022 1483 1128 1505 sarum
1161 1471 1336 1504 ministerio
1362 1481 1416 1503 seu
1440 1470 1532 1502 alicui
1558 1469 1685 1513 speciali
1711 1479 1763 1502 ea-

1023 1526 1166 1558 rumdem
1192 1525 1398 1557 ecclesiarum
1435 1524 1541 1557 divino
1578 1523 1673 1556 cultui
1712 1534 1767 1556 scu

1025 1579 1092 1611 usui
1118 1579 1287 1622 deputata,
1308 1588 1404 1621 seque
1429 1577 1636 1617 moventibus,
1663 1576 1768 1610 cuius-

1024 1643 1157 1675 cumque
1194 1632 1373 1675 qualitatis,
1399 1631 1580 1674 quantitatis
1597 1658 1604 1672 ,
1630 1630 1766 1671 valoris,

1024 1686 1150 1729 speciei,
1176 1685 1266 1728 pretii
1294 1690 1323 1717 et
1348 1684 1536 1717 conditionis
1552 1683 1765 1724 existentibus,

1024 1749 1059 1771 ac
1085 1739 1206 1771 iuribus
1232 1744 1261 1771 et
1286 1738 1461 1771 actionibus
1493 1737 1531 1769 ad
1566 1747 1620 1770 vos
1645 1736 1767 1769 ratione

1024 1793 1228 1824 ecelesiarum
1264 1792 1357 1824 etiam
1391 1790 1640 1832 cathedralium,
1673 1790 1767 1823 etiam

1025 1846 1350 1889 metropolitanarum,
1361 1845 1474 1887 quibus
1485 1855 1538 1877 vos
1548 1854 1694 1888 praeesse
1709 1844 1768 1877 sor-

1024 1909 1078 1931 san
1103 1899 1292 1941 contigerit,
1322 1908 1443 1931 necnon
1478 1897 1766 1937 monasteriorum,

1023 1953 1232 1996 prioratuum,
1257 1952 1560 1996 praepositurarum,
1579 1951 1766 1994 dignitatum

1024 2013 1053 2039 et
1077 2007 1211 2040 aliorum
1237 2016 1513 2050 quorumcumque
1537 2006 1767 2039 beneficiorum

1024 2060 1406 2101 ecclesiasticorum,cum
1432 2062 1507 2092 cura
1533 2064 1563 2092 et
1587 2059 1653 2092 sine
1678 2061 1766 2101 cura,

1024 2114 1213 2147 secularium
1238 2119 1268 2147 et
1292 2113 1478 2157 quorumvis
1503 2113 1650 2146 ordinum
1671 2124 1766 2156 regu-

1024 2168 1149 2209 larium,
1175 2179 1254 2212 quae
1279 2168 1372 2201 etiam
1399 2178 1433 2201 ex
1461 2167 1622 2211 quibusvis
1639 2177 1767 2200 conces-

1025 2222 1167 2256 sionibus
1185 2230 1215 2255 ct
1231 2222 1519 2266 dispensationibus
1535 2222 1717 2266 apostolicis
1735 2221 1767 2254 in

1025 2277 1160 2316 titulum,
1186 2276 1416 2316 commendam,
1442 2276 1765 2315 administrationem,

1025 2340 1060 2362 ac
1085 2330 1160 2362 alias
1185 2330 1423 2373 quomodolibet
1447 2329 1659 2369 obtimicritis,
1685 2328 1766 2361 obti-

1024 2384 1103 2416 netis
1129 2389 1158 2416 et
1182 2384 1381 2424 obtinebitis,
1407 2395 1442 2416 ac
1466 2384 1635 2424 fructuum,
1662 2382 1767 2415 reddi-

1025 2443 1112 2470 tuum
1145 2442 1175 2470 et
1207 2444 1417 2481 proventuum
1455 2437 1659 2470 ecclesiarum
1696 2436 1766 2469 loco

1024 2491 1210 2535 pensionum
1228 2502 1404 2524 annuarum
1421 2502 1516 2534 super
1535 2490 1689 2523 similibus
1706 2490 1767 2522 sru-

1024 2545 1147 2585 ctibus,
1172 2545 1347 2578 redditibus
1379 2550 1409 2577 ct
1440 2544 1645 2588 proventibus
1679 2543 1766 2576 vobis

1024 2602 1258 2633 rosei-valorum
1285 2604 1314 2631 et
1338 2599 1582 2642 assignatorum,
1608 2608 1643 2631 ac
1667 2607 1767 2631 reser-

1767 188 1815 215 An.
1836 187 1864 215 C.
1888 188 1958 216 1655

1814 1157 1915 1177 Ti¹stantli
1944 1158 1964 1177 Μ

1788 1184 1953 1210 quomodocum-

1780 1217 1820 1237 que
1838 1210 1964 1236 «inponendi

1780 1244 1817 1264 per
1859 1238 1964 1263 privatam

1780 1267 1904 1290 ,wrtplut‘at'n
1931 1269 1965 1283 U&

1780 1298 1820 1318 que
1831 1291 1855 1311 ad
1865 1296 1966 1310 suminam

1779 1324 1815 1339 sex
1827 1317 1913 1337 mutium
1925 1316 1967 1336 ilu-

1781 1348 1875 1365 catorum
1907 1345 1966 1369 [vot-e-

1781 1375 1831 1392 stas.
