2185 3188
25 203 75 230 An.
93 201 122 228 C.
140 200 206 229 ¹656

49 900 158 921 Decretum
173 898 204 920 In·

24 925 113 948 nocentii
133 926 160 947 de
181 931 203 946 re

38 1484 148 1506 confirmat
156 1491 203 1512 pro-

23 1514 46 1534 ut
54 1513 74 1533 in
83 1512 176 1534 rubrica,

820 198 1004 222 ALEXANDER
1030 198 1075 222 vn
1101 199 1147 222 PF.

219 246 328 291 gorius
346 245 397 279 XV
417 246 510 279 etiam
535 246 760 290 praedecessor
784 251 958 279 nosterne-

218 299 344 344 gocium
368 299 549 333 huiusmodi
581 300 822 333 examinandum
848 305 878 332 et
901 299 959 332 sibi

218 352 418 386 referendum
445 353 656 393 commiserat,
681 352 808 386 decreto
833 362 960 396 percos

217 406 353 450 desuper
366 406 457 446 facto,
471 406 664 440 censuissent
677 405 958 449 Congregationem

218 458 404 493 Scholarum
424 459 549 492 Piarum
568 458 756 501 huiusmodi,
776 464 805 491 111
821 459 959 503 praefer·

216 517 277 555 tur,
295 518 434 546 erectam
461 517 490 547 et
514 513 687 545 institutam
712 523 806 556 posse
832 513 861 545 in
886 512 957 545 reli-

217 565 344 609 gionem
380 566 474 599 trium
505 571 650 599 votorum
683 566 871 599 solemnium
906 577 959 610 ap-

217 619 357 663 probari,
390 620 492 653 dictus
519 619 692 662 Gregorius
723 619 959 664 praedecessor,

218 682 275 716 per
296 683 367 705 suas
386 673 416 705 in
441 672 534 705 simili
560 673 661 706 forma
692 673 799 706 Brevis
816 672 866 706 die
884 683 960 706 xvm

219 726 399 759 novembris
424 736 544 760 §mcxxi
571 726 730 770 expeditas
755 727 885 767 litteras,
906 727 959 760 de-

219 784 339 812 cretum
365 779 561 823 praedictum
582 780 767 824 approbavit
793 785 822 813 et
847 780 960 814 confir-

219 833 314 865 mavit
328 832 346 866 ¹.

264 887 278 930 g
302 886 331 919 02.
358 886 562 920 Postmodum
591 897 666 920 vero
692 887 762 931 piae
788 888 959 921 memoriae

218 939 417 973 Innocentius
442 940 523 984 Papa
544 941 567 973 X
593 940 712 984 pariter
736 941 961 984 praedecessor

217 996 334 1035 noster,
352 1003 387 1026 ex
406 993 507 1026 causis
528 998 601 1026 tunc
618 994 772 1038 expressis
797 994 960 1035 adductus,

218 1048 365 1080 omnibus
390 1053 419 1080 et
444 1048 575 1091 singulis
597 1048 758 1091 religionis
782 1048 960 1092 praedictae

218 1101 375 1144 religiosis
400 1101 492 1134 etiam
518 1101 678 1145 professis,
697 1107 757 1134 tam
784 1101 957 1135 sacerdoti-

217 1154 285 1197 bus,
300 1165 394 1199 quam
413 1154 510 1197 laicis,
525 1154 644 1195 5110111
659 1159 778 1196 vocant,
797 1155 960 1199 operariis,

218 1208 395 1241 facultatem
434 1208 615 1241 transeundi
655 1208 694 1241 ad
729 1219 961 1252 quamcumque

218 1262 311 1294 aliam
330 1262 516 1305 religionem
535 1262 573 1294 ab
590 1262 649 1295 bac
666 1264 773 1295 sancta
788 1262 867 1295 Sede
883 1263 962 1306 Apo-

219 1315 329 1348 stolica
353 1315 582 1359 approbatam,
608 1316 700 1350 etiam
733 1316 905 1357 laxiorem,
930 1316 961 1349 in

218 1380 280 1413 qua
296 1369 467 1403 benevolos
485 1369 662 1403 invenirent
680 1375 872 1414 receptores,
892 1381 962 1404 con-

219 1423 311 1457 cessit
335 1428 364 1456 et
390 1423 569 1467 impartitus
594 1429 649 1457 est.

264 1478 278 1521 g
302 1476 330 1510 3.
357 1477 537 1518 Praeterea,
563 1488 601 1510 ne
626 1477 664 1510 de
689 1482 796 1511 cetero
822 1478 875 1510 ulli
901 1489 963 1511 am-

217 1531 299 1575 plius
324 1531 354 1563 in
379 1531 496 1564 dictam
519 1531 705 1574 religionem
733 1532 961 1576 reciperentur,

219 1589 248 1617 et
262 1594 299 1616 ne
316 1588 388 1617 tunc
403 1584 522 1627 recepti
542 1585 571 1617 in
589 1585 793 1617 novitiatibus
813 1585 962 1628 degentes

219 1637 256 1670 ad
273 1637 478 1682 professionis
496 1638 695 1671 emissionem
711 1638 962 1680 admitterentur,

219 1690 276 1724 sub
301 1691 453 1725 nullitatis
482 1691 672 1735 receptionis
697 1698 727 1724 et
758 1692 962 1736 professionis

218 1744 399 1778 huiusmodi
418 1744 550 1788 aliisque
573 1745 671 1789 ipsius
689 1746 861 1780 Innocentii
877 1758 963 1790 prae-

219 1799 394 1833 decessoris
419 1804 447 1832 et
473 1800 603 1832 Romani
630 1800 790 1833 Pontificis
810 1811 868 1844 pro
887 1806 963 1833 tem-

218 1864 296 1897 pore
320 1853 481 1886 existentis
506 1854 630 1886 arbitrii
655 1854 775 1898 poenis,
802 1854 962 1888 interdixit

219 1913 249 1940 et
280 1907 452 1952 prohibuit.
485 1908 530 1941 Ad
568 1908 645 1941 baec
680 1918 790 1942 omnes
827 1913 857 1941 et
893 1910 958 1941 sin-

219 1961 309 2005 gulos
326 1961 464 1993 eiusdem
484 1961 645 2004 religionis
664 1961 839 2004 religiosos,
857 1962 961 1995 cuius-

220 2025 354 2058 cumque
387 2015 544 2057 qualitatis
576 2015 763 2055 existerent,
788 2026 962 2060 eorumque

220 2068 342 2107 domos,
367 2068 489 2101 scholas
514 2074 543 2100 et
568 2069 635 2102 loca
660 2080 877 2113 quaecumque
899 2081 962 2103 om-

219 2121 365 2154 nimodae
395 2121 573 2154 ordinariae
601 2122 766 2159 locorum,
794 2123 824 2155 in
849 2124 962 2167 quibus

221 2174 482 2218 reperiebantur,
520 2175 727 2209 iurisdictioni
764 2176 895 2210 subiecit
933 2183 963 2210 et

222 2228 397 2272 supposuit,
415 2229 537 2261 sublata
558 2234 672 2271 tamen,
695 2234 756 2262 tam
775 2230 849 2263 olim
876 2231 963 2264 mini—

222 2285 287 2314 stro
312 2281 451 2324 generali
477 2281 637 2324 religionis
663 2282 850 2326 praedictae,
868 2294 960 2327 quam

221 2335 290 2367 aliis
315 2334 406 2367 etiam
433 2335 618 2368 auctoritate
638 2337 810 2379 apostolica
829 2337 962 2370 visitato-

223 2388 320 2428 ribus,
345 2399 380 2420 ac
406 2387 622 2431 superioribus
647 2388 820 2432 deputatis,
846 2390 958 2424 domo-

223 2451 293 2473 rum
316 2440 477 2480 ministris,
498 2441 673 2484 ccterisque
695 2442 895 2476 inferioribus
916 2456 963 2476 su-

223 2494 414 2538 perioribus,
432 2494 516 2527 omni
539 2500 568 2527 et
592 2505 789 2540 quacumque
807 2498 961 2539 facultate,

262 2612 272 2637 ¹
297 2610 358 2638 Vide
379 2614 442 2638 tom.
464 2617 514 2646 xu,
536 2619 596 2647 pag.
617 2611 668 2640 CT
691 2612 792 2647 ῗ11.τ.).

996 246 1215 290 superioritate
1241 253 1270 281 et
1296 248 1510 282 iurisdictione
1537 254 1598 282 tam
1624 250 1653 282 in
1680 250 1737 294 spi-

995 300 1160 333 ritualibus
1197 312 1290 344 quam
1331 303 1361 335 in
1399 303 1624 347 temporalibus
1661 314 1737 347 erga

994 353 1172 398 praedictos
1204 355 1389 398 religiosos,
1419 367 1594 400 eorumque
1626 357 1736 391 domos

995 413 1024 440 et
1049 407 1182 448 scholas,
1203 418 1237 441 ae
1263 409 1331 441 loca
1353 420 1579 454 quaecumque,
1598 421 1737 444 omnem-

995 470 1055 503 que
1085 461 1324 502 auctoritatem,
1350 463 1604 506 superioritatem
1633 469 1663 497 et
1691 464 1737 497 iu-

996 513 1209 547 risdictionem
1229 542 1236 555 ‚
1276 526 1355 559 quae
1394 527 1491 559 penes
1532 517 1735 551 niinislrum¹

995 568 1191 611 generalem,
1218 569 1394 603 visitatores
1419 571 1617 614 apostolicos,
1642 572 1736 605 alios-

994 631 1055 664 que
1080 622 1289 665 supradictos,
1313 629 1344 656 ut
1371 624 1594 667 praemittitur,
1620 625 1736 658 reside-

995 674 1056 715 bat,
1074 675 1213 708 totaliter
1235 681 1264 708 et
1293 676 1475 709 omnimode
1500 677 1529 709 in
1555 677 1737 711 Ordinarios

994 727 1138 760 locorum
1163 728 1342 762 huiusmodi
1370 730 1538 771 transtulit,
1556 730 1596 763 ita
1615 736 1647 763 ut
1664 731 1735 764 reli-

994 780 1074 823 giosi
1101 781 1253 825 praedicti
1278 782 1395 815 nullam
1425 783 1572 827 deinceps
1605 783 1733 816 iurisdi-

995 835 1152 875 ctionem,
1177 836 1395 869 auctoritatem
1425 842 1455 869 et
1482 837 1736 880 superioritatem

995 888 1052 920 sibi
1083 899 1239 933 usurpare
1268 895 1417 933 possent,
1442 890 1501 923 nisi
1527 891 1610 923 illam
1626 918 1634 931 ,
1658 902 1737 935 quae

996 941 1032 973 iis
1056 941 1166 974 suisset
1190 942 1228 974 ab
1253 942 1426 976 Ordinariis
1447 948 1481 976 ut
1504 955 1598 988 supra
1615 944 1739 977 deman-

995 994 1076 1036 data,
1097 1005 1151 1028 seu
1172 995 1328 1039 delegata3
1347 997 1532 1040 religionem
1554 1008 1629 1031 vero
1652 1009 1739 1042 prae-

996 1049 1109 1082 dictam
1137 1050 1166 1082 in
1187 1050 1470 1094 Congregationem
1497 1052 1630 1085 similem
1656 1053 1739 1087 insti—

998 1107 1063 1135 tuto
1090 1103 1349 1147 Congregationis
1374 1105 1508 1138 Oratorii
1539 1105 1568 1138 in
1587 1106 1739 1139 ecclesia²

996 1155 1025 1188 S.
1051 1156 1164 1189 Mariae
1197 1156 1227 1189 111
1257 1158 1415 1191 Vallicella
1448 1158 1485 1191 (le
1516 1159 1624 1192 eadem
1656 1160 1739 1193 Urbe

996 1214 1118 1241 erectae
1141 1210 1168 1242 S.
1193 1210 1327 1254 Philippi
1346 1211 1429 1245 Nerii
1456 1218 1653 1256 nuncupatae
1671 1214 1740 1246 abs-

996 1273 1056 1306 que
1081 1264 1217 1297 ullorum
1251 1271 1397 1298 votorum
1425 1266 1593 1299 emissione
1625 1278 1738 1310 regen-

996 1317 1079 1358 dam,
1097 1318 1307 1361 dirigendam,
1328 1330 1363 1352 ac
1388 1320 1636 1363 gubernandam,
1656 1322 1739 1354 iuxta

998 1377 1101 1403 tamen
1123 1372 1363 1405 constitutiones
1388 1374 1578 1417 primodieto
1599 1375 1740 1409 instituto

997 1425 1284 1468 propertionabiles
1307 1426 1443 1470 desuper
1464 1427 1549 1460 iussu
1568 1428 1739 1462 innocentii

997 1478 1146 1521 praedicti
1170 1479 1314 1519 edendas,
1334 1480 1456 1523 redegit
1480 1486 1510 1513 et
1535 1481 1672 1523 reduxit,
1699 1483 1740 1515 ita

998 1537 1120 1573 tamen,
1154 1539 1187 1565 ut
1220 1533 1372 1576 praedicti
1408 1534 1547 1577 religiosi
1579 1546 1738 1580 nunquam

997 1592 1125 1629 possent
1143 1586 1340 1619 denominari
1362 1588 1535 1633 presbyteri
1555 1599 1608 1621 seu
1633 1591 1738 1623 clerici

997 1639 1256 1682 Congregationis
1292 1640 1426 1674 Oratorii
1465 1643 1511 1674 vel
1545 1642 1572 1675 S.
1604 1643 1738 1687 l‘bilippi

997 1692 1092 1732 Nerii,
1111 1703 1169 1725 nee
1194 1704 1254 1736 pro
1280 1694 1392 1726 talibus
1418 1705 1449 1727 se
1475 1705 1596 1737 gerere,
1615 1702 1643 1728 et
1664 1697 1739 1729 alias

998 1752 1092 1790 prout
1109 1746 1140 1778 in
1157 1747 1341 1780 eorumdem
1356 1749 1636 1791 praedecessorum
1654 1751 1738 1784 Pauli

997 1805 1025 1832 et
1040 1800 1184 1843 Gregorii
1204 1801 1401 1844 supradictis,
1417 1813 1453 1835 ac
1471 1803 1640 1836 lnnocentii
1658 1805 1740 1848 pari<

997 1859 1043 1886 ter
1062 1854 1092 1886 in
1110 1854 1211 1888 forma
1232 1855 1336 1888 Brevis
1349 1855 1399 1888 die
1414 1866 1467 1889 ΧΠ
1483 1857 1585 1889 martii
1600 1868 1739 1892 MDCXLVI

997 1907 1148 1951 expeditis
1173 1908 1312 1949 litteris³,
1338 1919 1472 1952 quarum
1499 1914 1623 1943 tenores
1648 1922 1739 1955 prae-

997 1962 1136 1994 sentibus
1162 1973 1221 2005 pro
1245 1963 1337 2006 plene
1358 1969 1387 1996 et
1407 1964 1597 1997 sufficienter
1617 1975 1740 2009 expres-

997 2015 1038 2047 sis
1063 2015 1171 2048 haberi
1196 2017 1351 2057 volumus,
1374 2017 1505 2050 uberius
1529 2018 1715 2052 continetur.

1041 2069 1054 2111 §
1072 2068 1102 2101 [1.
1120 2070 1208 2102 Nunc
1229 2076 1332 2102 {uitem
1354 2081 1420 2111 nos,
1439 2071 1673 2105 considerantes
1692 2083 1740 2106 ex-

997 2123 1151 2166 perientia
1177 2134 1283 2156 rerum
1310 2124 1460 2167 magistra
1486 2125 1605 2168 liquido
1623 2131 1740 2161 consta-

998 2187 1031 2208 re
1059 2187 1152 2219 quam
1170 2177 1245 2209 utile
1270 2177 1309 2209 sit.
1333 2178 1525 2222 reipublicae
1551 2179 1739 2213 christianae

998 2230 1173 2262 institutum
1194 2230 1429 2274 praedictorum
1449 2232 1649 2274 clericorum,
1666 2244 1740 2277 quo-

998 2294 1066 2315 rum
1093 2286 1190 2327 opera
1215 2290 1245 2317 et
1269 2285 1433 2319 sedulitate
1458 2287 1546 2330 pueri
1573 2293 1740 2331 corruptae

997 2342 1126 2369 naturae
1152 2338 1225 2371 vitio
1251 2339 1390 2383 alioquin
1417 2339 1453 2371 ad
1481 2340 1597 2372 malum
1624 2341 1739 2384 proeli-

998 2402 1049 2423 res
1074 2401 1135 2423 11011
1162 2393 1262 2424 solum
1283 2393 1311 2425 in
1330 2393 1440 2436 primis
1458 2394 1620 2428 elementis
1638 2406 1741 2437 gram-

1035 2482 1043 2506 1
1064 2480 1133 2506 Edit.
1152 2481 1234 2507 Main.
1252 2481 1316 2515 legit
1332 2481 1532 2509 ministrorum
1548 2490 1584 2511 (n.
1602 2484 1649 2517 τ.).

1031 2526 1047 2551 2
1068 2525 1139 2551 Edit.
1161 2525 1239 2552 illain.
1257 2526 1320 2560 legit
1339 2528 1469 2554 ecclcsiae
1483 2530 1521 2561 (11.
1536 2529 1583 2561 Τ.).

1032 2571 1049 2595 3
1066 2570 1178 2596 Litteras
1199 2571 1348 2598 Innocentii
1370 2572 1387 2597 X
1411 2572 1532 2599 dedimus
1553 2573 1578 2599 in
1600 2577 1663 2600 tom.
1686 2581 1738 2605 xv,

978 2603 1058 2650 pag.
1078 2615 1129 2641 459
1149 2621 1186 2648 111.
1203 2619 1251 2647 τ.).

1641 192 1705 226 119
1751 203 1801 230 An.
1822 203 1848 229 c.
1870 204 1934 231 1056

1795 2083 1883 2103 neuneu
1912 2083 1938 2103 ad

1755 2109 1943 2134 Congregationem

1755 2137 1872 2156 secularem
1897 2137 1939 2157 cle-

1756 2169 1810 2182 11105
1856 2164 1940 2188 11138111-

1755 2192 1807 2210 ctos.
