<?xml version="1.0" encoding="UTF-8"?>
<!DOCTYPE html PUBLIC "-//W3C//DTD XHTML 1.0 Transitional//EN"
    "http://www.w3.org/TR/xhtml1/DTD/xhtml1-transitional.dtd">
<html xmlns="http://www.w3.org/1999/xhtml" xml:lang="en" lang="en">
 <head>
  <title>
</title>
<meta http-equiv="Content-Type" content="text/html;charset=utf-8" />
  <meta name='ocr-system' content='tesseract 3.04.00' />
  <meta name='ocr-capabilities' content='ocr_page ocr_carea ocr_par ocr_line ocrx_word'/>
</head>
<body>
  <div class='ocr_page' id='page_1' title='image "./bullarumdiplomat16cath_0260.png"; bbox 0 0 2263 3215; ppageno 0'>
   <div class='ocr_carea' id='block_1_1' title="bbox 294 178 586 216">
    <p class='ocr_par' dir='ltr' id='par_1_1' title="bbox 294 178 586 216">
     <span class='ocr_line' id='line_1_1' title="bbox 294 178 586 216; baseline -0.01 -1"><span class='ocrx_word' id='word_1_1' title='bbox 294 190 342 215; x_wconf 68' lang='lat' dir='ltr'>An.</span> <span class='ocrx_word' id='word_1_2' title='bbox 359 189 383 215; x_wconf 86' lang='lat' dir='ltr'>c.</span> <span class='ocrx_word' id='word_1_3' title='bbox 411 187 477 216; x_wconf 72' lang='lat'>¹656</span> <span class='ocrx_word' id='word_1_4' title='bbox 523 178 586 213; x_wconf 64' lang='lat'>2⁶26</span> 
     </span>
    </p>
   </div>
   <div class='ocr_carea' id='block_1_2' title="bbox 297 780 479 829">
    <p class='ocr_par' dir='ltr' id='par_1_2' title="bbox 297 780 479 829">
     <span class='ocr_line' id='line_1_2' title="bbox 324 780 479 802; baseline -0.013 0"><span class='ocrx_word' id='word_1_5' title='bbox 324 782 434 802; x_wconf 65' lang='lat' dir='ltr'>Decretum</span> <span class='ocrx_word' id='word_1_6' title='bbox 454 780 479 801; x_wconf 89' lang='lat' dir='ltr'>ir-</span> 
     </span>
     <span class='ocr_line' id='line_1_3' title="bbox 297 812 369 829; baseline -0.014 0"><span class='ocrx_word' id='word_1_7' title='bbox 297 812 369 829; x_wconf 71' lang='lat' dir='ltr'>filans.</span> 
     </span>
    </p>
   </div>
   <div class='ocr_carea' id='block_1_3' title="bbox 491 236 1274 2633">
    <p class='ocr_par' dir='ltr' id='par_1_3' title="bbox 491 236 1236 759">
     <span class='ocr_line' id='line_1_4' title="bbox 491 236 1233 281; baseline 0.004 -13"><span class='ocrx_word' id='word_1_8' title='bbox 491 236 569 269; x_wconf 88' lang='lat' dir='ltr'>tium</span> <span class='ocrx_word' id='word_1_9' title='bbox 595 236 790 280; x_wconf 88' lang='lat' dir='ltr'>quorumvis,</span> <span class='ocrx_word' id='word_1_10' title='bbox 809 236 902 269; x_wconf 86' lang='lat' dir='ltr'>etiam</span> <span class='ocrx_word' id='word_1_11' title='bbox 922 237 1049 281; x_wconf 88' lang='lat' dir='ltr'>speciali</span> <span class='ocrx_word' id='word_1_12' title='bbox 1074 237 1233 272; x_wconf 75' lang='lat' dir='ltr'>mentione</span> 
     </span>
     <span class='ocr_line' id='line_1_5' title="bbox 492 288 1233 331; baseline 0.004 -11"><span class='ocrx_word' id='word_1_13' title='bbox 492 288 682 331; x_wconf 86' lang='lat' dir='ltr'>dignorum,</span> <span class='ocrx_word' id='word_1_14' title='bbox 709 293 739 321; x_wconf 88' lang='lat' dir='ltr'>et</span> <span class='ocrx_word' id='word_1_15' title='bbox 764 289 823 322; x_wconf 88' lang='lat' dir='ltr'>alia</span> <span class='ocrx_word' id='word_1_16' title='bbox 859 289 953 322; x_wconf 86' lang='lat' dir='ltr'>etiam</span> <span class='ocrx_word' id='word_1_17' title='bbox 985 289 1023 323; x_wconf 89' lang='lat' dir='ltr'>de</span> <span class='ocrx_word' id='word_1_18' title='bbox 1048 291 1233 323; x_wconf 86' lang='lat' dir='ltr'>necessitate</span> 
     </span>
     <span class='ocr_line' id='line_1_6' title="bbox 492 341 1233 387; baseline 0.005 -14"><span class='ocrx_word' id='word_1_19' title='bbox 492 341 669 385; x_wconf 70' lang='lat' dir='ltr'>specialiter</span> <span class='ocrx_word' id='word_1_20' title='bbox 694 342 910 385; x_wconf 85' lang='lat' dir='ltr'>exprimenda,</span> <span class='ocrx_word' id='word_1_21' title='bbox 930 343 1152 386; x_wconf 87' lang='lat' dir='ltr'>praesentibus</span> <span class='ocrx_word' id='word_1_22' title='bbox 1175 354 1233 387; x_wconf 89' lang='lat' dir='ltr'>pro</span> 
     </span>
     <span class='ocr_line' id='line_1_7' title="bbox 492 395 1233 440; baseline 0.003 -13"><span class='ocrx_word' id='word_1_23' title='bbox 492 395 584 438; x_wconf 80' lang='lat' dir='ltr'>plene</span> <span class='ocrx_word' id='word_1_24' title='bbox 609 398 638 428; x_wconf 89' lang='lat' dir='ltr'>et</span> <span class='ocrx_word' id='word_1_25' title='bbox 670 395 861 428; x_wconf 84' lang='lat' dir='ltr'>sufficienter</span> <span class='ocrx_word' id='word_1_26' title='bbox 886 396 1042 439; x_wconf 75' lang='lat' dir='ltr'>expressis</span> <span class='ocrx_word' id='word_1_27' title='bbox 1067 396 1233 440; x_wconf 85' lang='lat' dir='ltr'>habentes)</span> 
     </span>
     <span class='ocr_line' id='line_1_8' title="bbox 493 447 1234 492; baseline 0.001 -12"><span class='ocrx_word' id='word_1_28' title='bbox 493 458 509 480; x_wconf 85' lang='lat' dir='ltr'>a</span> <span class='ocrx_word' id='word_1_29' title='bbox 534 447 785 492; x_wconf 90' lang='lat' dir='ltr'>quibuscumque</span> <span class='ocrx_word' id='word_1_30' title='bbox 814 449 1023 482; x_wconf 87' lang='lat' dir='ltr'>tribunalibus</span> <span class='ocrx_word' id='word_1_31' title='bbox 1055 449 1234 483; x_wconf 88' lang='lat' dir='ltr'>huiusmodi</span> 
     </span>
     <span class='ocr_line' id='line_1_9' title="bbox 493 501 1235 547; baseline 0.004 -14"><span class='ocrx_word' id='word_1_32' title='bbox 493 501 531 533; x_wconf 86' lang='lat' dir='ltr'>ad</span> <span class='ocrx_word' id='word_1_33' title='bbox 554 511 612 534; x_wconf 85' lang='lat' dir='ltr'>nos</span> <span class='ocrx_word' id='word_1_34' title='bbox 636 501 817 535; x_wconf 90' lang='lat' dir='ltr'>earumdem</span> <span class='ocrx_word' id='word_1_35' title='bbox 850 503 930 536; x_wconf 89' lang='lat' dir='ltr'>serie</span> <span class='ocrx_word' id='word_1_36' title='bbox 954 503 1146 547; x_wconf 89' lang='lat' dir='ltr'>presentium</span> <span class='ocrx_word' id='word_1_37' title='bbox 1167 513 1235 536; x_wconf 83' lang='lat' dir='ltr'>avo-</span> 
     </span>
     <span class='ocr_line' id='line_1_10' title="bbox 494 554 1235 600; baseline 0.003 -14"><span class='ocrx_word' id='word_1_38' title='bbox 494 564 621 597; x_wconf 84' lang='lat' dir='ltr'>camus,</span> <span class='ocrx_word' id='word_1_39' title='bbox 650 554 781 599; x_wconf 87' lang='lat' dir='ltr'>illasque</span> <span class='ocrx_word' id='word_1_40' title='bbox 807 555 931 599; x_wconf 89' lang='lat' dir='ltr'>penitus</span> <span class='ocrx_word' id='word_1_41' title='bbox 956 561 986 588; x_wconf 88' lang='lat' dir='ltr'>et</span> <span class='ocrx_word' id='word_1_42' title='bbox 1010 557 1140 589; x_wconf 91' lang='lat' dir='ltr'>omnino</span> <span class='ocrx_word' id='word_1_43' title='bbox 1165 566 1235 600; x_wconf 87' lang='lat' dir='ltr'>per-</span> 
     </span>
     <span class='ocr_line' id='line_1_11' title="bbox 494 608 1236 653; baseline 0 -12"><span class='ocrx_word' id='word_1_44' title='bbox 494 614 590 653; x_wconf 89' lang='lat' dir='ltr'>petuo</span> <span class='ocrx_word' id='word_1_45' title='bbox 615 608 842 653; x_wconf 84' lang='lat' dir='ltr'>supprimimus</span> <span class='ocrx_word' id='word_1_46' title='bbox 879 615 909 642; x_wconf 94' lang='lat' dir='ltr'>et</span> <span class='ocrx_word' id='word_1_47' title='bbox 942 609 1175 652; x_wconf 79' lang='lat' dir='ltr'>extinguimus,</span> <span class='ocrx_word' id='word_1_48' title='bbox 1201 620 1236 642; x_wconf 88' lang='lat' dir='ltr'>ac</span> 
     </span>
     <span class='ocr_line' id='line_1_12' title="bbox 495 661 1234 706; baseline 0.001 -12"><span class='ocrx_word' id='word_1_49' title='bbox 495 661 637 706; x_wconf 90' lang='lat' dir='ltr'>partibus</span> <span class='ocrx_word' id='word_1_50' title='bbox 680 667 871 706; x_wconf 88' lang='lat' dir='ltr'>perpetuum</span> <span class='ocrx_word' id='word_1_51' title='bbox 907 662 1042 706; x_wconf 79' lang='lat' dir='ltr'>desuper</span> <span class='ocrx_word' id='word_1_52' title='bbox 1077 662 1234 695; x_wconf 83' lang='lat' dir='ltr'>silentium</span> 
     </span>
     <span class='ocr_line' id='line_1_13' title="bbox 496 715 698 759; baseline 0.005 -12"><span class='ocrx_word' id='word_1_53' title='bbox 496 715 698 759; x_wconf 83' lang='lat' dir='ltr'>imponimus.</span> 
     </span>
    </p>

    <p class='ocr_par' dir='ltr' id='par_1_4' title="bbox 497 768 1274 2633">
     <span class='ocr_line' id='line_1_14' title="bbox 540 768 1237 812; baseline 0 -11"><span class='ocrx_word' id='word_1_54' title='bbox 540 769 554 812; x_wconf 83' lang='lat'><strong>§</strong></span> <span class='ocrx_word' id='word_1_55' title='bbox 578 768 606 801; x_wconf 83' lang='lat'>8.</span> <span class='ocrx_word' id='word_1_56' title='bbox 625 768 836 802; x_wconf 87' lang='lat' dir='ltr'>Decernentes</span> <span class='ocrx_word' id='word_1_57' title='bbox 853 774 1033 812; x_wconf 76' lang='lat' dir='ltr'>praesentes</span> <span class='ocrx_word' id='word_1_58' title='bbox 1058 769 1187 809; x_wconf 80' lang='lat' dir='ltr'>litteras,</span> <span class='ocrx_word' id='word_1_59' title='bbox 1203 779 1237 801; x_wconf 85' lang='lat' dir='ltr'>ac</span> 
     </span>
     <span class='ocr_line' id='line_1_15' title="bbox 497 822 1236 865; baseline 0 -11"><span class='ocrx_word' id='word_1_60' title='bbox 497 822 602 854; x_wconf 85' lang='lat' dir='ltr'>omnia</span> <span class='ocrx_word' id='word_1_61' title='bbox 629 827 658 854; x_wconf 92' lang='lat' dir='ltr'>et</span> <span class='ocrx_word' id='word_1_62' title='bbox 682 822 805 865; x_wconf 81' lang='lat' dir='ltr'>singula</span> <span class='ocrx_word' id='word_1_63' title='bbox 830 822 861 854; x_wconf 93' lang='lat' dir='ltr'>in</span> <span class='ocrx_word' id='word_1_64' title='bbox 886 822 946 854; x_wconf 89' lang='lat' dir='ltr'>illis</span> <span class='ocrx_word' id='word_1_65' title='bbox 971 827 1127 863; x_wconf 88' lang='lat' dir='ltr'>contenta,</span> <span class='ocrx_word' id='word_1_66' title='bbox 1145 822 1236 855; x_wconf 85' lang='lat' dir='ltr'>etiam</span> 
     </span>
     <span class='ocr_line' id='line_1_16' title="bbox 498 874 1238 918; baseline 0 -11"><span class='ocrx_word' id='word_1_67' title='bbox 498 885 533 907; x_wconf 76' lang='lat' dir='ltr'>ex</span> <span class='ocrx_word' id='word_1_68' title='bbox 571 885 607 907; x_wconf 91' lang='lat' dir='ltr'>eo</span> <span class='ocrx_word' id='word_1_69' title='bbox 640 874 723 917; x_wconf 89' lang='lat' dir='ltr'>quod</span> <span class='ocrx_word' id='word_1_70' title='bbox 760 875 950 918; x_wconf 87' lang='lat' dir='ltr'>quicumque</span> <span class='ocrx_word' id='word_1_71' title='bbox 986 874 1017 906; x_wconf 91' lang='lat' dir='ltr'>in</span> <span class='ocrx_word' id='word_1_72' title='bbox 1056 874 1238 918; x_wconf 79' lang='lat' dir='ltr'>praemissis</span> 
     </span>
     <span class='ocr_line' id='line_1_17' title="bbox 498 927 1238 970; baseline -0.001 -10"><span class='ocrx_word' id='word_1_73' title='bbox 498 928 565 960; x_wconf 87' lang='lat' dir='ltr'>sive</span> <span class='ocrx_word' id='word_1_74' title='bbox 584 937 693 960; x_wconf 92' lang='lat' dir='ltr'>eorum</span> <span class='ocrx_word' id='word_1_75' title='bbox 714 927 819 970; x_wconf 89' lang='lat' dir='ltr'>aliquo</span> <span class='ocrx_word' id='word_1_76' title='bbox 841 927 990 960; x_wconf 82' lang='lat' dir='ltr'>interesse</span> <span class='ocrx_word' id='word_1_77' title='bbox 1007 927 1168 968; x_wconf 86' lang='lat' dir='ltr'>habentes,</span> <span class='ocrx_word' id='word_1_78' title='bbox 1185 937 1238 960; x_wconf 90' lang='lat' dir='ltr'>seu</span> 
     </span>
     <span class='ocr_line' id='line_1_18' title="bbox 497 980 1238 1024; baseline -0.001 -10"><span class='ocrx_word' id='word_1_79' title='bbox 497 981 617 1014; x_wconf 87' lang='lat' dir='ltr'>habere</span> <span class='ocrx_word' id='word_1_80' title='bbox 642 980 880 1024; x_wconf 79' lang='lat' dir='ltr'>quomodolibet</span> <span class='ocrx_word' id='word_1_81' title='bbox 903 980 1153 1024; x_wconf 78' lang='lat' dir='ltr'>praetendentes,</span> <span class='ocrx_word' id='word_1_82' title='bbox 1179 981 1238 1013; x_wconf 90' lang='lat' dir='ltr'>illis</span> 
     </span>
     <span class='ocr_line' id='line_1_19' title="bbox 498 1034 1240 1075; baseline -0.001 -7"><span class='ocrx_word' id='word_1_83' title='bbox 498 1045 561 1068; x_wconf 91' lang='lat' dir='ltr'>non</span> <span class='ocrx_word' id='word_1_84' title='bbox 587 1034 813 1075; x_wconf 86' lang='lat' dir='ltr'>consenserint,</span> <span class='ocrx_word' id='word_1_85' title='bbox 831 1040 883 1067; x_wconf 86' lang='lat' dir='ltr'>aut</span> <span class='ocrx_word' id='word_1_86' title='bbox 907 1034 944 1067; x_wconf 87' lang='lat' dir='ltr'>ad</span> <span class='ocrx_word' id='word_1_87' title='bbox 961 1044 997 1067; x_wconf 87' lang='lat' dir='ltr'>ea</span> <span class='ocrx_word' id='word_1_88' title='bbox 1014 1035 1113 1067; x_wconf 83' lang='lat' dir='ltr'>vocati</span> <span class='ocrx_word' id='word_1_89' title='bbox 1135 1040 1164 1067; x_wconf 83' lang='lat' dir='ltr'>et</span> <span class='ocrx_word' id='word_1_90' title='bbox 1188 1045 1240 1067; x_wconf 85' lang='lat' dir='ltr'>au-</span> 
     </span>
     <span class='ocr_line' id='line_1_20' title="bbox 498 1088 1240 1132; baseline 0.001 -12"><span class='ocrx_word' id='word_1_91' title='bbox 498 1088 563 1129; x_wconf 84' lang='lat' dir='ltr'>diti,</span> <span class='ocrx_word' id='word_1_92' title='bbox 581 1098 636 1121; x_wconf 89' lang='lat' dir='ltr'>seu</span> <span class='ocrx_word' id='word_1_93' title='bbox 661 1098 782 1128; x_wconf 80' lang='lat' dir='ltr'>causae,</span> <span class='ocrx_word' id='word_1_94' title='bbox 801 1093 931 1132; x_wconf 88' lang='lat' dir='ltr'>propter</span> <span class='ocrx_word' id='word_1_95' title='bbox 948 1098 1025 1131; x_wconf 87' lang='lat' dir='ltr'>quas</span> <span class='ocrx_word' id='word_1_96' title='bbox 1047 1088 1130 1131; x_wconf 83' lang='lat' dir='ltr'>ipsae</span> <span class='ocrx_word' id='word_1_97' title='bbox 1152 1099 1240 1132; x_wconf 88' lang='lat' dir='ltr'>prae-</span> 
     </span>
     <span class='ocr_line' id='line_1_21' title="bbox 499 1140 1240 1183; baseline -0.001 -9"><span class='ocrx_word' id='word_1_98' title='bbox 499 1146 601 1174; x_wconf 86' lang='lat' dir='ltr'>sentes</span> <span class='ocrx_word' id='word_1_99' title='bbox 628 1146 824 1183; x_wconf 79' lang='lat' dir='ltr'>emanarunt⁷</span> <span class='ocrx_word' id='word_1_100' title='bbox 849 1140 1013 1182; x_wconf 80' lang='lat' dir='ltr'>adductae,</span> <span class='ocrx_word' id='word_1_101' title='bbox 1043 1141 1240 1181; x_wconf 73' lang='lat' dir='ltr'>verificatae,</span> 
     </span>
     <span class='ocr_line' id='line_1_22' title="bbox 499 1194 1241 1227; baseline 0 -1"><span class='ocrx_word' id='word_1_102' title='bbox 499 1205 553 1227; x_wconf 91' lang='lat' dir='ltr'>seu</span> <span class='ocrx_word' id='word_1_103' title='bbox 579 1194 654 1226; x_wconf 75' lang='lat' dir='ltr'>alias</span> <span class='ocrx_word' id='word_1_104' title='bbox 678 1194 870 1227; x_wconf 82' lang='lat' dir='ltr'>sufficienter</span> <span class='ocrx_word' id='word_1_105' title='bbox 898 1199 951 1226; x_wconf 88' lang='lat' dir='ltr'>aut</span> <span class='ocrx_word' id='word_1_106' title='bbox 975 1194 1067 1227; x_wconf 85' lang='lat' dir='ltr'>etiam</span> <span class='ocrx_word' id='word_1_107' title='bbox 1087 1195 1241 1227; x_wconf 86' lang='lat' dir='ltr'>ullatenus</span> 
     </span>
     <span class='ocr_line' id='line_1_23' title="bbox 499 1248 1242 1291; baseline 0 -11"><span class='ocrx_word' id='word_1_108' title='bbox 499 1248 685 1282; x_wconf 84' lang='lat' dir='ltr'>iustificatae</span> <span class='ocrx_word' id='word_1_109' title='bbox 709 1258 772 1281; x_wconf 90' lang='lat' dir='ltr'>non</span> <span class='ocrx_word' id='word_1_110' title='bbox 797 1248 923 1289; x_wconf 83' lang='lat' dir='ltr'>fuerint,</span> <span class='ocrx_word' id='word_1_111' title='bbox 940 1254 993 1281; x_wconf 88' lang='lat' dir='ltr'>aut</span> <span class='ocrx_word' id='word_1_112' title='bbox 1018 1258 1054 1281; x_wconf 83' lang='lat' dir='ltr'>ex</span> <span class='ocrx_word' id='word_1_113' title='bbox 1079 1248 1140 1280; x_wconf 78' lang='lat' dir='ltr'>alia</span> <span class='ocrx_word' id='word_1_114' title='bbox 1170 1259 1242 1291; x_wconf 85' lang='lat' dir='ltr'>qua-</span> 
     </span>
     <span class='ocr_line' id='line_1_24' title="bbox 501 1301 1243 1346; baseline -0.001 -12"><span class='ocrx_word' id='word_1_115' title='bbox 501 1302 545 1335; x_wconf 93' lang='lat' dir='ltr'>vis</span> <span class='ocrx_word' id='word_1_116' title='bbox 569 1302 800 1346; x_wconf 85' lang='lat' dir='ltr'>quantumlibet</span> <span class='ocrx_word' id='word_1_117' title='bbox 816 1301 966 1344; x_wconf 75' lang='lat' dir='ltr'>legitima,</span> <span class='ocrx_word' id='word_1_118' title='bbox 986 1302 1047 1345; x_wconf 77' lang='lat' dir='ltr'>pia,</span> <span class='ocrx_word' id='word_1_119' title='bbox 1065 1301 1197 1334; x_wconf 72' lang='lat' dir='ltr'>iuridica</span> <span class='ocrx_word' id='word_1_120' title='bbox 1214 1307 1243 1333; x_wconf 87' lang='lat' dir='ltr'>ct</span> 
     </span>
     <span class='ocr_line' id='line_1_25' title="bbox 500 1356 1261 1400; baseline -0.001 -12"><span class='ocrx_word' id='word_1_121' title='bbox 500 1356 699 1400; x_wconf 72' lang='lat' dir='ltr'>privilegiata</span> <span class='ocrx_word' id='word_1_122' title='bbox 719 1357 824 1396; x_wconf 80' lang='lat' dir='ltr'>causa,</span> <span class='ocrx_word' id='word_1_123' title='bbox 849 1356 966 1396; x_wconf 90' lang='lat' dir='ltr'>colore,</span> <span class='ocrx_word' id='word_1_124' title='bbox 991 1360 1166 1399; x_wconf 80' lang='lat' dir='ltr'>praetextu,</span> <span class='ocrx_word' id='word_1_125' title='bbox 1192 1366 1261 1387; x_wconf 53' lang='grc' dir='ltr'>οὺ·</span> 
     </span>
     <span class='ocr_line' id='line_1_26' title="bbox 501 1408 1262 1453; baseline -0.003 -10"><span class='ocrx_word' id='word_1_126' title='bbox 501 1410 625 1443; x_wconf 73' lang='lat' dir='ltr'>cesione</span> <span class='ocrx_word' id='word_1_127' title='bbox 651 1415 681 1442; x_wconf 89' lang='lat' dir='ltr'>et</span> <span class='ocrx_word' id='word_1_128' title='bbox 705 1410 806 1453; x_wconf 90' lang='lat' dir='ltr'>capite</span> <span class='ocrx_word' id='word_1_129' title='bbox 831 1410 923 1442; x_wconf 84' lang='lat' dir='ltr'>etiam</span> <span class='ocrx_word' id='word_1_130' title='bbox 950 1409 979 1441; x_wconf 91' lang='lat' dir='ltr'>in</span> <span class='ocrx_word' id='word_1_131' title='bbox 1006 1419 1141 1453; x_wconf 87' lang='lat' dir='ltr'>corpore</span> <span class='ocrx_word' id='word_1_132' title='bbox 1167 1408 1262 1444; x_wconf 55' lang='lat' dir='ltr'>iuris:</span> 
     </span>
     <span class='ocr_line' id='line_1_27' title="bbox 502 1462 1263 1504; baseline -0.003 -8"><span class='ocrx_word' id='word_1_133' title='bbox 502 1464 619 1504; x_wconf 85' lang='lat' dir='ltr'>clauso,</span> <span class='ocrx_word' id='word_1_134' title='bbox 641 1463 732 1496; x_wconf 85' lang='lat' dir='ltr'>ctiam</span> <span class='ocrx_word' id='word_1_135' title='bbox 766 1463 915 1503; x_wconf 88' lang='lat' dir='ltr'>enormis,</span> <span class='ocrx_word' id='word_1_136' title='bbox 948 1462 1186 1496; x_wconf 87' lang='lat' dir='ltr'>enormissimae</span> <span class='ocrx_word' id='word_1_137' title='bbox 1216 1468 1263 1495; x_wconf 77' lang='lat' dir='ltr'>ct.</span> 
     </span>
     <span class='ocr_line' id='line_1_28' title="bbox 503 1517 1245 1560; baseline -0.001 -10"><span class='ocrx_word' id='word_1_138' title='bbox 503 1517 606 1550; x_wconf 85' lang='lat' dir='ltr'>totalis</span> <span class='ocrx_word' id='word_1_139' title='bbox 632 1517 798 1557; x_wconf 87' lang='lat' dir='ltr'>laesionis,</span> <span class='ocrx_word' id='word_1_140' title='bbox 823 1517 909 1549; x_wconf 89' lang='lat' dir='ltr'>nullo</span> <span class='ocrx_word' id='word_1_141' title='bbox 934 1526 1073 1560; x_wconf 87' lang='lat' dir='ltr'>unquam</span> <span class='ocrx_word' id='word_1_142' title='bbox 1099 1521 1245 1560; x_wconf 84' lang='lat' dir='ltr'>tempore</span> 
     </span>
     <span class='ocr_line' id='line_1_29' title="bbox 503 1569 1245 1614; baseline -0.003 -11"><span class='ocrx_word' id='word_1_143' title='bbox 503 1571 540 1604; x_wconf 92' lang='lat' dir='ltr'>de</span> <span class='ocrx_word' id='word_1_144' title='bbox 556 1570 776 1614; x_wconf 73' lang='lat' dir='ltr'>subreptionis,</span> <span class='ocrx_word' id='word_1_145' title='bbox 793 1571 837 1604; x_wconf 91' lang='lat' dir='ltr'>vel</span> <span class='ocrx_word' id='word_1_146' title='bbox 860 1570 1066 1614; x_wconf 85' lang='lat' dir='ltr'>obreptionis,</span> <span class='ocrx_word' id='word_1_147' title='bbox 1085 1569 1245 1609; x_wconf 88' lang='lat' dir='ltr'>nullitatis,</span> 
     </span>
     <span class='ocr_line' id='line_1_30' title="bbox 503 1623 1247 1664; baseline -0.001 -7"><span class='ocrx_word' id='word_1_148' title='bbox 503 1628 556 1658; x_wconf 83' lang='lat' dir='ltr'>aut</span> <span class='ocrx_word' id='word_1_149' title='bbox 581 1624 781 1657; x_wconf 83' lang='lat' dir='ltr'>invaliditatis</span> <span class='ocrx_word' id='word_1_150' title='bbox 806 1623 892 1664; x_wconf 87' lang='lat' dir='ltr'>vitio,</span> <span class='ocrx_word' id='word_1_151' title='bbox 913 1634 969 1656; x_wconf 92' lang='lat' dir='ltr'>seu</span> <span class='ocrx_word' id='word_1_152' title='bbox 994 1623 1175 1657; x_wconf 88' lang='lat' dir='ltr'>intentionis</span> <span class='ocrx_word' id='word_1_153' title='bbox 1195 1633 1247 1656; x_wconf 89' lang='lat' dir='ltr'>no-</span> 
     </span>
     <span class='ocr_line' id='line_1_31' title="bbox 505 1669 1266 1722; baseline -0.001 -12"><span class='ocrx_word' id='word_1_154' title='bbox 505 1681 596 1718; x_wconf 89' lang='lat' dir='ltr'>strae,</span> <span class='ocrx_word' id='word_1_155' title='bbox 613 1678 661 1710; x_wconf 90' lang='lat' dir='ltr'>vel</span> <span class='ocrx_word' id='word_1_156' title='bbox 686 1677 871 1722; x_wconf 89' lang='lat' dir='ltr'>quorumvis</span> <span class='ocrx_word' id='word_1_157' title='bbox 892 1676 1043 1710; x_wconf 87' lang='lat' dir='ltr'>interesse</span> <span class='ocrx_word' id='word_1_158' title='bbox 1065 1669 1266 1710; x_wconf 63' lang='lat' dir='ltr'>habentium(</span> 
     </span>
     <span class='ocr_line' id='line_1_32' title="bbox 505 1730 1248 1774; baseline -0.003 -10"><span class='ocrx_word' id='word_1_159' title='bbox 505 1741 696 1772; x_wconf 84' lang='lat' dir='ltr'>consensus,</span> <span class='ocrx_word' id='word_1_160' title='bbox 734 1736 786 1763; x_wconf 86' lang='lat' dir='ltr'>aut</span> <span class='ocrx_word' id='word_1_161' title='bbox 810 1731 871 1763; x_wconf 86' lang='lat' dir='ltr'>alio</span> <span class='ocrx_word' id='word_1_162' title='bbox 905 1731 1015 1774; x_wconf 88' lang='lat' dir='ltr'>quovis</span> <span class='ocrx_word' id='word_1_163' title='bbox 1048 1730 1248 1774; x_wconf 88' lang='lat' dir='ltr'>quantumvis</span> 
     </span>
     <span class='ocr_line' id='line_1_33' title="bbox 507 1783 1249 1828; baseline -0.001 -10"><span class='ocrx_word' id='word_1_164' title='bbox 507 1796 621 1828; x_wconf 77' lang='lat' dir='ltr'>magno</span> <span class='ocrx_word' id='word_1_165' title='bbox 647 1790 677 1817; x_wconf 92' lang='lat' dir='ltr'>et</span> <span class='ocrx_word' id='word_1_166' title='bbox 702 1785 896 1819; x_wconf 79' lang='lat' dir='ltr'>substantiali</span> <span class='ocrx_word' id='word_1_167' title='bbox 922 1795 958 1818; x_wconf 88' lang='lat' dir='ltr'>ac</span> <span class='ocrx_word' id='word_1_168' title='bbox 976 1784 1184 1827; x_wconf 80' lang='lat' dir='ltr'>inexcogitato</span> <span class='ocrx_word' id='word_1_169' title='bbox 1201 1783 1249 1817; x_wconf 92' lang='lat' dir='ltr'>de·</span> 
     </span>
     <span class='ocr_line' id='line_1_34' title="bbox 506 1838 1245 1883; baseline -0.003 -11"><span class='ocrx_word' id='word_1_170' title='bbox 506 1839 587 1873; x_wconf 78' lang='lat' dir='ltr'>fectu</span> <span class='ocrx_word' id='word_1_171' title='bbox 615 1839 727 1879; x_wconf 86' lang='lat' dir='ltr'>notari,</span> <span class='ocrx_word' id='word_1_172' title='bbox 757 1839 957 1883; x_wconf 78' lang='lat' dir='ltr'>impugnari,</span> <span class='ocrx_word' id='word_1_173' title='bbox 988 1838 1160 1880; x_wconf 87' lang='lat' dir='ltr'>invalidari,</span> <span class='ocrx_word' id='word_1_174' title='bbox 1194 1849 1245 1871; x_wconf 91' lang='lat' dir='ltr'>re-</span> 
     </span>
     <span class='ocr_line' id='line_1_35' title="bbox 507 1892 1248 1936; baseline -0.003 -10"><span class='ocrx_word' id='word_1_175' title='bbox 507 1893 630 1936; x_wconf 80' lang='lat' dir='ltr'>stringi,</span> <span class='ocrx_word' id='word_1_176' title='bbox 651 1892 826 1933; x_wconf 84' lang='lat' dir='ltr'>retractari‚</span> <span class='ocrx_word' id='word_1_177' title='bbox 856 1892 888 1924; x_wconf 92' lang='lat' dir='ltr'>in</span> <span class='ocrx_word' id='word_1_178' title='bbox 913 1892 961 1924; x_wconf 90' lang='lat' dir='ltr'>ius</span> <span class='ocrx_word' id='word_1_179' title='bbox 993 1892 1039 1923; x_wconf 89' lang='lat' dir='ltr'>vcl</span> <span class='ocrx_word' id='word_1_180' title='bbox 1066 1897 1248 1925; x_wconf 82' lang='lat' dir='ltr'>controver-</span> 
     </span>
     <span class='ocr_line' id='line_1_36' title="bbox 508 1935 1268 1989; baseline -0.003 -10"><span class='ocrx_word' id='word_1_181' title='bbox 508 1946 584 1980; x_wconf 88' lang='lat' dir='ltr'>siam</span> <span class='ocrx_word' id='word_1_182' title='bbox 611 1946 764 1986; x_wconf 79' lang='lat' dir='ltr'>revocari,</span> <span class='ocrx_word' id='word_1_183' title='bbox 783 1945 942 1989; x_wconf 85' lang='lat' dir='ltr'>suspendi,</span> <span class='ocrx_word' id='word_1_184' title='bbox 959 1944 1099 1985; x_wconf 86' lang='lat' dir='ltr'>limitari,</span> <span class='ocrx_word' id='word_1_185' title='bbox 1128 1950 1181 1977; x_wconf 89' lang='lat' dir='ltr'>aut</span> <span class='ocrx_word' id='word_1_186' title='bbox 1213 1935 1268 1978; x_wconf 62' lang='lat' dir='ltr'>ad1</span> 
     </span>
     <span class='ocr_line' id='line_1_37' title="bbox 508 1998 1269 2039; baseline -0.005 -6"><span class='ocrx_word' id='word_1_187' title='bbox 508 2000 660 2033; x_wconf 91' lang='lat' dir='ltr'>terminos</span> <span class='ocrx_word' id='word_1_188' title='bbox 686 1999 764 2032; x_wconf 90' lang='lat' dir='ltr'>iuris</span> <span class='ocrx_word' id='word_1_189' title='bbox 789 1999 907 2039; x_wconf 83' lang='lat' dir='ltr'>reduci,</span> <span class='ocrx_word' id='word_1_190' title='bbox 928 2009 983 2032; x_wconf 91' lang='lat' dir='ltr'>seu</span> <span class='ocrx_word' id='word_1_191' title='bbox 1008 1998 1158 2031; x_wconf 86' lang='lat' dir='ltr'>adversus</span> <span class='ocrx_word' id='word_1_192' title='bbox 1184 1998 1269 2031; x_wconf 77' lang='lat' dir='ltr'>illas:</span> 
     </span>
     <span class='ocr_line' id='line_1_38' title="bbox 510 2052 1269 2098; baseline -0.003 -12"><span class='ocrx_word' id='word_1_193' title='bbox 510 2053 692 2098; x_wconf 84' lang='lat' dir='ltr'>aperitionis</span> <span class='ocrx_word' id='word_1_194' title='bbox 713 2052 787 2093; x_wconf 85' lang='lat' dir='ltr'>oris,</span> <span class='ocrx_word' id='word_1_195' title='bbox 808 2052 1013 2085; x_wconf 88' lang='lat' dir='ltr'>restitutionis</span> <span class='ocrx_word' id='word_1_196' title='bbox 1031 2052 1062 2084; x_wconf 91' lang='lat' dir='ltr'>in</span> <span class='ocrx_word' id='word_1_197' title='bbox 1083 2052 1269 2095; x_wconf 58' lang='lat' dir='ltr'>integrum*</span> 
     </span>
     <span class='ocr_line' id='line_1_39' title="bbox 510 2105 1271 2150; baseline -0.004 -10"><span class='ocrx_word' id='word_1_198' title='bbox 510 2112 564 2140; x_wconf 87' lang='lat' dir='ltr'>aut</span> <span class='ocrx_word' id='word_1_199' title='bbox 600 2107 684 2140; x_wconf 88' lang='lat' dir='ltr'>aliud</span> <span class='ocrx_word' id='word_1_200' title='bbox 716 2105 937 2150; x_wconf 88' lang='lat' dir='ltr'>quodcumque</span> <span class='ocrx_word' id='word_1_201' title='bbox 973 2105 1071 2148; x_wconf 79' lang='lat' dir='ltr'>iuris,</span> <span class='ocrx_word' id='word_1_202' title='bbox 1101 2105 1172 2138; x_wconf 90' lang='lat' dir='ltr'>sacti</span> <span class='ocrx_word' id='word_1_203' title='bbox 1206 2105 1271 2138; x_wconf 83' lang='lat' dir='ltr'>vel·</span> 
     </span>
     <span class='ocr_line' id='line_1_40' title="bbox 511 2159 1271 2206; baseline -0.003 -12"><span class='ocrx_word' id='word_1_204' title='bbox 511 2161 630 2206; x_wconf 80' lang='lat' dir='ltr'>gratiae</span> <span class='ocrx_word' id='word_1_205' title='bbox 663 2160 837 2194; x_wconf 88' lang='lat' dir='ltr'>remedium</span> <span class='ocrx_word' id='word_1_206' title='bbox 868 2159 1041 2204; x_wconf 86' lang='lat' dir='ltr'>impetrari,</span> <span class='ocrx_word' id='word_1_207' title='bbox 1067 2163 1120 2193; x_wconf 88' lang='lat' dir='ltr'>aut</span> <span class='ocrx_word' id='word_1_208' title='bbox 1147 2159 1271 2203; x_wconf 80' lang='lat' dir='ltr'>impe-¹</span> 
     </span>
     <span class='ocr_line' id='line_1_41' title="bbox 511 2212 1254 2248; baseline -0.004 0"><span class='ocrx_word' id='word_1_209' title='bbox 511 2219 594 2248; x_wconf 85' lang='lat' dir='ltr'>trato</span> <span class='ocrx_word' id='word_1_210' title='bbox 631 2225 686 2248; x_wconf 86' lang='lat' dir='ltr'>seu</span> <span class='ocrx_word' id='word_1_211' title='bbox 718 2214 811 2247; x_wconf 88' lang='lat' dir='ltr'>etiam</span> <span class='ocrx_word' id='word_1_212' title='bbox 850 2218 936 2247; x_wconf 88' lang='lat' dir='ltr'>motu</span> <span class='ocrx_word' id='word_1_213' title='bbox 971 2212 1065 2246; x_wconf 84' lang='lat' dir='ltr'>simili</span> <span class='ocrx_word' id='word_1_214' title='bbox 1102 2222 1254 2246; x_wconf 89' lang='lat' dir='ltr'>concesso</span> 
     </span>
     <span class='ocr_line' id='line_1_42' title="bbox 513 2266 1253 2313; baseline -0.004 -11"><span class='ocrx_word' id='word_1_215' title='bbox 513 2268 693 2313; x_wconf 87' lang='lat' dir='ltr'>quempiam</span> <span class='ocrx_word' id='word_1_216' title='bbox 720 2267 750 2300; x_wconf 94' lang='lat' dir='ltr'>in</span> <span class='ocrx_word' id='word_1_217' title='bbox 776 2266 891 2300; x_wconf 90' lang='lat' dir='ltr'>iudicio</span> <span class='ocrx_word' id='word_1_218' title='bbox 914 2267 959 2300; x_wconf 90' lang='lat' dir='ltr'>vel</span> <span class='ocrx_word' id='word_1_219' title='bbox 989 2272 1078 2299; x_wconf 80' lang='lat' dir='ltr'>extra</span> <span class='ocrx_word' id='word_1_220' title='bbox 1102 2266 1177 2300; x_wconf 90' lang='lat' dir='ltr'>illud</span> <span class='ocrx_word' id='word_1_221' title='bbox 1199 2266 1253 2309; x_wconf 83' lang='lat' dir='ltr'>uti,</span> 
     </span>
     <span class='ocr_line' id='line_1_43' title="bbox 514 2320 1273 2365; baseline -0.003 -10"><span class='ocrx_word' id='word_1_222' title='bbox 514 2333 569 2356; x_wconf 84' lang='lat' dir='ltr'>seu</span> <span class='ocrx_word' id='word_1_223' title='bbox 595 2333 627 2355; x_wconf 85' lang='lat' dir='ltr'>se</span> <span class='ocrx_word' id='word_1_224' title='bbox 651 2322 759 2355; x_wconf 88' lang='lat' dir='ltr'>iuvare</span> <span class='ocrx_word' id='word_1_225' title='bbox 776 2332 877 2365; x_wconf 86' lang='lat' dir='ltr'>posse,</span> <span class='ocrx_word' id='word_1_226' title='bbox 896 2331 997 2364; x_wconf 87' lang='lat' dir='ltr'>neque</span> <span class='ocrx_word' id='word_1_227' title='bbox 1018 2320 1142 2354; x_wconf 86' lang='lat' dir='ltr'>easdem</span> <span class='ocrx_word' id='word_1_228' title='bbox 1167 2330 1273 2364; x_wconf 52' lang='lat' dir='ltr'>prae-y</span> 
     </span>
     <span class='ocr_line' id='line_1_44' title="bbox 515 2373 1273 2419; baseline -0.004 -10"><span class='ocrx_word' id='word_1_229' title='bbox 515 2382 618 2409; x_wconf 89' lang='lat' dir='ltr'>sentes</span> <span class='ocrx_word' id='word_1_230' title='bbox 642 2375 699 2408; x_wconf 88' lang='lat' dir='ltr'>sub</span> <span class='ocrx_word' id='word_1_231' title='bbox 724 2374 887 2419; x_wconf 82' lang='lat' dir='ltr'>quibusvis</span> <span class='ocrx_word' id='word_1_232' title='bbox 916 2374 1065 2407; x_wconf 82' lang='lat' dir='ltr'>similium</span> <span class='ocrx_word' id='word_1_233' title='bbox 1093 2374 1139 2406; x_wconf 81' lang='lat' dir='ltr'>vel</span> <span class='ocrx_word' id='word_1_234' title='bbox 1164 2373 1273 2406; x_wconf 73' lang='lat' dir='ltr'>dissi-2</span> 
     </span>
     <span class='ocr_line' id='line_1_45' title="bbox 515 2427 1273 2463; baseline -0.005 0"><span class='ocrx_word' id='word_1_235' title='bbox 515 2430 636 2463; x_wconf 87' lang='lat' dir='ltr'>milium</span> <span class='ocrx_word' id='word_1_236' title='bbox 672 2429 933 2462; x_wconf 86' lang='lat' dir='ltr'>constitutionum</span> <span class='ocrx_word' id='word_1_237' title='bbox 958 2438 994 2461; x_wconf 84' lang='lat' dir='ltr'>ac</span> <span class='ocrx_word' id='word_1_238' title='bbox 1018 2427 1273 2462; x_wconf 77' lang='lat' dir='ltr'>revocationum&#39;</span> 
     </span>
     <span class='ocr_line' id='line_1_46' title="bbox 517 2481 1274 2524; baseline -0.004 -9"><span class='ocrx_word' id='word_1_239' title='bbox 517 2488 547 2516; x_wconf 90' lang='lat' dir='ltr'>et</span> <span class='ocrx_word' id='word_1_240' title='bbox 571 2482 803 2515; x_wconf 76' lang='lat' dir='ltr'>ordinationum</span> <span class='ocrx_word' id='word_1_241' title='bbox 829 2481 1097 2521; x_wconf 81' lang='lat' dir='ltr'>revocationibus,</span> <span class='ocrx_word' id='word_1_242' title='bbox 1126 2483 1274 2524; x_wconf 77' lang='lat' dir='ltr'>suspen-²</span> 
     </span>
     <span class='ocr_line' id='line_1_47' title="bbox 517 2533 1256 2568; baseline -0.001 -1"><span class='ocrx_word' id='word_1_243' title='bbox 517 2535 667 2568; x_wconf 68' lang='lat' dir='ltr'>sionibus.</span> <span class='ocrx_word' id='word_1_244' title='bbox 689 2535 927 2567; x_wconf 77' lang='lat' dir='ltr'>limitationibus</span> <span class='ocrx_word' id='word_1_245' title='bbox 944 2540 971 2566; x_wconf 78' lang='lat' dir='ltr'>et</span> <span class='ocrx_word' id='word_1_246' title='bbox 999 2535 1066 2567; x_wconf 85' lang='lat' dir='ltr'>aliis</span> <span class='ocrx_word' id='word_1_247' title='bbox 1091 2533 1256 2567; x_wconf 83' lang='lat' dir='ltr'>contrariis</span> 
     </span>
     <span class='ocr_line' id='line_1_48' title="bbox 518 2587 1274 2633; baseline 0 -14"><span class='ocrx_word' id='word_1_248' title='bbox 518 2588 774 2632; x_wconf 62' lang='lat' dir='ltr'>dispositionibus</span> <span class='ocrx_word' id='word_1_249' title='bbox 802 2598 860 2631; x_wconf 85' lang='lat' dir='ltr'>pro</span> <span class='ocrx_word' id='word_1_250' title='bbox 885 2594 1027 2632; x_wconf 87' lang='lat' dir='ltr'>tempore</span> <span class='ocrx_word' id='word_1_251' title='bbox 1057 2587 1274 2633; x_wconf 56' lang='lat' dir='ltr'>quomo‹loli-,</span> 
     </span>
    </p>
   </div>
   <div class='ocr_carea' id='block_1_4' title="bbox 1255 820 1276 2603">
    <p class='ocr_par' dir='ltr' id='par_1_5' title="bbox 1255 820 1276 2603">
     <span class='ocr_line' id='line_1_49' title="bbox 1255 820 1276 2603; baseline 0 0"><span class='ocrx_word' id='word_1_252' title='bbox 1255 820 1276 2603; x_wconf 95' lang='lat' dir='ltr'> </span> 
     </span>
    </p>
   </div>
   <div class='ocr_carea' id='block_1_5' title="bbox 1070 189 1430 216">
    <p class='ocr_par' dir='ltr' id='par_1_6' title="bbox 1070 189 1430 216">
     <span class='ocr_line' id='line_1_50' title="bbox 1070 189 1430 216; baseline 0.006 -2"><span class='ocrx_word' id='word_1_253' title='bbox 1070 189 1255 216; x_wconf 79' lang='lat' dir='ltr'><strong>BULLARIUM</strong></span> <span class='ocrx_word' id='word_1_254' title='bbox 1276 190 1430 216; x_wconf 79' lang='lat' dir='ltr'>ROMANUM</span> 
     </span>
    </p>
   </div>
   <div class='ocr_carea' id='block_1_6' title="bbox 1266 236 2020 1400">
    <p class='ocr_par' dir='ltr' id='par_1_7' title="bbox 1266 236 2020 1400">
     <span class='ocr_line' id='line_1_51' title="bbox 1266 236 2005 282; baseline -0.001 -11"><span class='ocrx_word' id='word_1_255' title='bbox 1266 238 1318 271; x_wconf 92' lang='lat' dir='ltr'>het</span> <span class='ocrx_word' id='word_1_256' title='bbox 1337 238 1426 272; x_wconf 87' lang='lat' dir='ltr'>sactis</span> <span class='ocrx_word' id='word_1_257' title='bbox 1440 237 1676 282; x_wconf 86' lang='lat' dir='ltr'>comprehendi,</span> <span class='ocrx_word' id='word_1_258' title='bbox 1690 243 1743 271; x_wconf 88' lang='lat' dir='ltr'>aut</span> <span class='ocrx_word' id='word_1_259' title='bbox 1762 236 2005 282; x_wconf 84' lang='lat' dir='ltr'>comprehensas</span> 
     </span>
     <span class='ocr_line' id='line_1_52' title="bbox 1267 290 2006 335; baseline -0.001 -11"><span class='ocrx_word' id='word_1_260' title='bbox 1267 291 1398 333; x_wconf 87' lang='lat' dir='ltr'>censeri,</span> <span class='ocrx_word' id='word_1_261' title='bbox 1416 291 1470 324; x_wconf 84' lang='lat' dir='ltr'>sed</span> <span class='ocrx_word' id='word_1_262' title='bbox 1487 301 1614 335; x_wconf 85' lang='lat' dir='ltr'>semper</span> <span class='ocrx_word' id='word_1_263' title='bbox 1626 291 1664 323; x_wconf 92' lang='lat' dir='ltr'>ab</span> <span class='ocrx_word' id='word_1_264' title='bbox 1686 290 1746 324; x_wconf 92' lang='lat' dir='ltr'>illis</span> <span class='ocrx_word' id='word_1_265' title='bbox 1764 296 1918 334; x_wconf 86' lang='lat' dir='ltr'>exceptas,</span> <span class='ocrx_word' id='word_1_266' title='bbox 1935 301 2006 334; x_wconf 90' lang='lat' dir='ltr'>per-</span> 
     </span>
     <span class='ocr_line' id='line_1_53' title="bbox 1268 343 2006 387; baseline 0 -11"><span class='ocrx_word' id='word_1_267' title='bbox 1268 349 1424 387; x_wconf 89' lang='lat' dir='ltr'>petuoque</span> <span class='ocrx_word' id='word_1_268' title='bbox 1450 343 1575 384; x_wconf 88' lang='lat' dir='ltr'>validas,</span> <span class='ocrx_word' id='word_1_269' title='bbox 1592 343 1699 376; x_wconf 81' lang='lat' dir='ltr'>firmas</span> <span class='ocrx_word' id='word_1_270' title='bbox 1727 349 1757 376; x_wconf 91' lang='lat' dir='ltr'>et</span> <span class='ocrx_word' id='word_1_271' title='bbox 1782 343 1923 376; x_wconf 86' lang='lat' dir='ltr'>efficaces</span> <span class='ocrx_word' id='word_1_272' title='bbox 1942 343 2006 377; x_wconf 85' lang='lat' dir='ltr'>exi-</span> 
     </span>
     <span class='ocr_line' id='line_1_54' title="bbox 1269 396 2007 441; baseline 0 -12"><span class='ocrx_word' id='word_1_273' title='bbox 1269 401 1349 430; x_wconf 89' lang='lat' dir='ltr'>stere</span> <span class='ocrx_word' id='word_1_274' title='bbox 1381 402 1411 429; x_wconf 90' lang='lat' dir='ltr'>et</span> <span class='ocrx_word' id='word_1_275' title='bbox 1434 396 1513 437; x_wconf 83' lang='lat' dir='ltr'>fore,</span> <span class='ocrx_word' id='word_1_276' title='bbox 1535 407 1670 441; x_wconf 91' lang='lat' dir='ltr'>suosque</span> <span class='ocrx_word' id='word_1_277' title='bbox 1696 396 1854 441; x_wconf 84' lang='lat' dir='ltr'>plenarios</span> <span class='ocrx_word' id='word_1_278' title='bbox 1879 401 1908 429; x_wconf 87' lang='lat' dir='ltr'>et</span> <span class='ocrx_word' id='word_1_279' title='bbox 1932 396 2007 430; x_wconf 87' lang='lat' dir='ltr'>inte-</span> 
     </span>
     <span class='ocr_line' id='line_1_55' title="bbox 1269 448 2008 492; baseline -0.001 -9"><span class='ocrx_word' id='word_1_280' title='bbox 1269 460 1343 492; x_wconf 81' lang='lat' dir='ltr'>gros</span> <span class='ocrx_word' id='word_1_281' title='bbox 1367 449 1497 483; x_wconf 81' lang='lat' dir='ltr'>effectus</span> <span class='ocrx_word' id='word_1_282' title='bbox 1528 450 1633 483; x_wconf 86' lang='lat' dir='ltr'>sortiri</span> <span class='ocrx_word' id='word_1_283' title='bbox 1659 455 1689 483; x_wconf 91' lang='lat' dir='ltr'>et</span> <span class='ocrx_word' id='word_1_284' title='bbox 1713 449 1877 490; x_wconf 90' lang='lat' dir='ltr'>obtinere,</span> <span class='ocrx_word' id='word_1_285' title='bbox 1907 459 1942 483; x_wconf 88' lang='lat' dir='ltr'>ac</span> <span class='ocrx_word' id='word_1_286' title='bbox 1970 448 2008 482; x_wconf 88' lang='lat' dir='ltr'>ab</span> 
     </span>
     <span class='ocr_line' id='line_1_56' title="bbox 1269 502 2008 547; baseline -0.001 -12"><span class='ocrx_word' id='word_1_287' title='bbox 1269 503 1426 543; x_wconf 91' lang='lat' dir='ltr'>omnibus,</span> <span class='ocrx_word' id='word_1_288' title='bbox 1443 503 1481 535; x_wconf 88' lang='lat' dir='ltr'>ad</span> <span class='ocrx_word' id='word_1_289' title='bbox 1498 513 1578 547; x_wconf 91' lang='lat' dir='ltr'>quos</span> <span class='ocrx_word' id='word_1_290' title='bbox 1602 508 1722 547; x_wconf 87' lang='lat' dir='ltr'>spectat</span> <span class='ocrx_word' id='word_1_291' title='bbox 1746 507 1775 536; x_wconf 89' lang='lat' dir='ltr'>et</span> <span class='ocrx_word' id='word_1_292' title='bbox 1795 502 2008 546; x_wconf 86' lang='lat' dir='ltr'>quandocum-</span> 
     </span>
     <span class='ocr_line' id='line_1_57' title="bbox 1269 556 1949 600; baseline -0.001 -11"><span class='ocrx_word' id='word_1_293' title='bbox 1269 566 1330 600; x_wconf 85' lang='lat' dir='ltr'>que</span> <span class='ocrx_word' id='word_1_294' title='bbox 1347 556 1511 600; x_wconf 86' lang='lat' dir='ltr'>spectabit,</span> <span class='ocrx_word' id='word_1_295' title='bbox 1531 556 1751 590; x_wconf 88' lang='lat' dir='ltr'>inviolabiliter</span> <span class='ocrx_word' id='word_1_296' title='bbox 1775 556 1949 596; x_wconf 87' lang='lat' dir='ltr'>observari,</span> 
     </span>
     <span class='ocr_line' id='line_1_58' title="bbox 1315 609 2010 653; baseline 0 -11"><span class='ocrx_word' id='word_1_297' title='bbox 1315 609 1371 653; x_wconf 63' lang='lat'>59.</span> <span class='ocrx_word' id='word_1_298' title='bbox 1392 609 1505 653; x_wconf 88' lang='lat' dir='ltr'>Sicque</span> <span class='ocrx_word' id='word_1_299' title='bbox 1524 610 1554 642; x_wconf 91' lang='lat' dir='ltr'>in</span> <span class='ocrx_word' id='word_1_300' title='bbox 1574 609 1755 653; x_wconf 87' lang='lat' dir='ltr'>praemissis</span> <span class='ocrx_word' id='word_1_301' title='bbox 1771 619 1827 653; x_wconf 90' lang='lat' dir='ltr'>per</span> <span class='ocrx_word' id='word_1_302' title='bbox 1845 619 2010 653; x_wconf 89' lang='lat' dir='ltr'>quoscum-</span> 
     </span>
     <span class='ocr_line' id='line_1_59' title="bbox 1270 662 2011 706; baseline 0 -11"><span class='ocrx_word' id='word_1_303' title='bbox 1270 673 1331 706; x_wconf 88' lang='lat' dir='ltr'>que</span> <span class='ocrx_word' id='word_1_304' title='bbox 1356 663 1474 696; x_wconf 92' lang='lat' dir='ltr'>iudices</span> <span class='ocrx_word' id='word_1_305' title='bbox 1499 669 1527 696; x_wconf 92' lang='lat' dir='ltr'>et</span> <span class='ocrx_word' id='word_1_306' title='bbox 1552 662 1797 704; x_wconf 89' lang='lat' dir='ltr'>commissarios,</span> <span class='ocrx_word' id='word_1_307' title='bbox 1824 662 1916 696; x_wconf 86' lang='lat' dir='ltr'>etiam</span> <span class='ocrx_word' id='word_1_308' title='bbox 1942 672 2011 695; x_wconf 89' lang='lat' dir='ltr'>cau-</span> 
     </span>
     <span class='ocr_line' id='line_1_60' title="bbox 1271 715 2012 760; baseline 0 -12"><span class='ocrx_word' id='word_1_309' title='bbox 1271 726 1376 748; x_wconf 87' lang='lat' dir='ltr'>sarum</span> <span class='ocrx_word' id='word_1_310' title='bbox 1390 716 1495 760; x_wconf 88' lang='lat' dir='ltr'>palatii</span> <span class='ocrx_word' id='word_1_311' title='bbox 1513 716 1678 760; x_wconf 86' lang='lat' dir='ltr'>apostolici</span> <span class='ocrx_word' id='word_1_312' title='bbox 1695 716 1864 756; x_wconf 83' lang='lat' dir='ltr'>auditores,</span> <span class='ocrx_word' id='word_1_313' title='bbox 1882 726 1918 749; x_wconf 85' lang='lat' dir='ltr'>ac</span> <span class='ocrx_word' id='word_1_314' title='bbox 1934 715 2012 748; x_wconf 91' lang='lat' dir='ltr'>eius-</span> 
     </span>
     <span class='ocr_line' id='line_1_61' title="bbox 1272 769 2011 811; baseline 0 -9"><span class='ocrx_word' id='word_1_315' title='bbox 1272 769 1343 802; x_wconf 90' lang='lat' dir='ltr'>dem</span> <span class='ocrx_word' id='word_1_316' title='bbox 1367 769 1396 803; x_wconf 88' lang='lat' dir='ltr'>S.</span> <span class='ocrx_word' id='word_1_317' title='bbox 1415 770 1449 804; x_wconf 81' lang='lat' dir='ltr'>R.</span> <span class='ocrx_word' id='word_1_318' title='bbox 1467 770 1500 803; x_wconf 87' lang='lat' dir='ltr'>E.</span> <span class='ocrx_word' id='word_1_319' title='bbox 1524 770 1709 811; x_wconf 86' lang='lat' dir='ltr'>cardinales,</span> <span class='ocrx_word' id='word_1_320' title='bbox 1734 770 1827 803; x_wconf 86' lang='lat' dir='ltr'>etiam</span> <span class='ocrx_word' id='word_1_321' title='bbox 1852 769 1890 802; x_wconf 89' lang='lat' dir='ltr'>de</span> <span class='ocrx_word' id='word_1_322' title='bbox 1914 769 2011 802; x_wconf 85' lang='lat' dir='ltr'>latere</span> 
     </span>
     <span class='ocr_line' id='line_1_62' title="bbox 1273 822 2013 866; baseline 0 -12"><span class='ocrx_word' id='word_1_323' title='bbox 1273 822 1402 865; x_wconf 82' lang='lat' dir='ltr'>legatos,</span> <span class='ocrx_word' id='word_1_324' title='bbox 1420 828 1449 855; x_wconf 92' lang='lat' dir='ltr'>et</span> <span class='ocrx_word' id='word_1_325' title='bbox 1466 823 1592 866; x_wconf 90' lang='lat' dir='ltr'>quosvis</span> <span class='ocrx_word' id='word_1_326' title='bbox 1609 823 1696 856; x_wconf 90' lang='lat' dir='ltr'>Sedis</span> <span class='ocrx_word' id='word_1_327' title='bbox 1720 826 1750 857; x_wconf 89' lang='lat' dir='ltr'>et</span> <span class='ocrx_word' id='word_1_328' title='bbox 1767 832 1909 855; x_wconf 89' lang='lat' dir='ltr'>camerae</span> <span class='ocrx_word' id='word_1_329' title='bbox 1926 831 2013 866; x_wconf 87' lang='lat' dir='ltr'>prae-</span> 
     </span>
     <span class='ocr_line' id='line_1_63' title="bbox 1273 874 2013 917; baseline 0 -10"><span class='ocrx_word' id='word_1_330' title='bbox 1273 874 1426 908; x_wconf 85' lang='lat' dir='ltr'>dictarum</span> <span class='ocrx_word' id='word_1_331' title='bbox 1453 876 1602 909; x_wconf 85' lang='lat' dir='ltr'>officiales</span> <span class='ocrx_word' id='word_1_332' title='bbox 1627 881 1656 909; x_wconf 90' lang='lat' dir='ltr'>et</span> <span class='ocrx_word' id='word_1_333' title='bbox 1681 875 1851 917; x_wconf 88' lang='lat' dir='ltr'>ministros,</span> <span class='ocrx_word' id='word_1_334' title='bbox 1876 880 1907 908; x_wconf 86' lang='lat' dir='ltr'>et</span> <span class='ocrx_word' id='word_1_335' title='bbox 1934 875 2013 908; x_wconf 87' lang='lat' dir='ltr'>alios</span> 
     </span>
     <span class='ocr_line' id='line_1_64' title="bbox 1273 929 2013 974; baseline 0 -13"><span class='ocrx_word' id='word_1_336' title='bbox 1273 939 1490 973; x_wconf 89' lang='lat' dir='ltr'>quoscumque</span> <span class='ocrx_word' id='word_1_337' title='bbox 1521 929 1629 973; x_wconf 87' lang='lat' dir='ltr'>quavis</span> <span class='ocrx_word' id='word_1_338' title='bbox 1653 929 1837 963; x_wconf 86' lang='lat' dir='ltr'>auctoritate</span> <span class='ocrx_word' id='word_1_339' title='bbox 1861 934 1891 962; x_wconf 85' lang='lat' dir='ltr'>et</span> <span class='ocrx_word' id='word_1_340' title='bbox 1926 933 2013 974; x_wconf 89' lang='lat' dir='ltr'>pote-</span> 
     </span>
     <span class='ocr_line' id='line_1_65' title="bbox 1274 982 2014 1027; baseline -0.001 -12"><span class='ocrx_word' id='word_1_341' title='bbox 1274 987 1350 1015; x_wconf 85' lang='lat' dir='ltr'>state</span> <span class='ocrx_word' id='word_1_342' title='bbox 1382 982 1568 1025; x_wconf 80' lang='lat' dir='ltr'>fungentes,</span> <span class='ocrx_word' id='word_1_343' title='bbox 1600 992 1683 1016; x_wconf 87' lang='lat' dir='ltr'>nunc</span> <span class='ocrx_word' id='word_1_344' title='bbox 1718 986 1747 1016; x_wconf 92' lang='lat' dir='ltr'>et</span> <span class='ocrx_word' id='word_1_345' title='bbox 1777 993 1835 1027; x_wconf 89' lang='lat' dir='ltr'>pro</span> <span class='ocrx_word' id='word_1_346' title='bbox 1871 987 2014 1025; x_wconf 86' lang='lat' dir='ltr'>tempore</span> 
     </span>
     <span class='ocr_line' id='line_1_66' title="bbox 1275 1034 2015 1077; baseline -0.001 -9"><span class='ocrx_word' id='word_1_347' title='bbox 1275 1035 1451 1077; x_wconf 81' lang='lat' dir='ltr'>existentes,</span> <span class='ocrx_word' id='word_1_348' title='bbox 1483 1036 1604 1069; x_wconf 75' lang='lat' dir='ltr'>sublata</span> <span class='ocrx_word' id='word_1_349' title='bbox 1629 1036 1673 1069; x_wconf 91' lang='lat' dir='ltr'>eis</span> <span class='ocrx_word' id='word_1_350' title='bbox 1698 1043 1726 1069; x_wconf 91' lang='lat' dir='ltr'>et</span> <span class='ocrx_word' id='word_1_351' title='bbox 1752 1046 1862 1069; x_wconf 92' lang='lat' dir='ltr'>eorum</span> <span class='ocrx_word' id='word_1_352' title='bbox 1888 1034 2015 1068; x_wconf 86' lang='lat' dir='ltr'>cuilibet</span> 
     </span>
     <span class='ocr_line' id='line_1_67' title="bbox 1275 1086 2014 1131; baseline -0.001 -10"><span class='ocrx_word' id='word_1_353' title='bbox 1275 1088 1383 1131; x_wconf 84' lang='lat' dir='ltr'>quavis</span> <span class='ocrx_word' id='word_1_354' title='bbox 1414 1088 1505 1121; x_wconf 87' lang='lat' dir='ltr'>aliter</span> <span class='ocrx_word' id='word_1_355' title='bbox 1537 1088 1693 1121; x_wconf 87' lang='lat' dir='ltr'>iudicandi</span> <span class='ocrx_word' id='word_1_356' title='bbox 1726 1094 1756 1121; x_wconf 89' lang='lat' dir='ltr'>et</span> <span class='ocrx_word' id='word_1_357' title='bbox 1790 1086 2014 1131; x_wconf 86' lang='lat' dir='ltr'>interpretandi</span> 
     </span>
     <span class='ocr_line' id='line_1_68' title="bbox 1275 1140 2015 1183; baseline -0.003 -8"><span class='ocrx_word' id='word_1_358' title='bbox 1275 1142 1419 1175; x_wconf 80' lang='lat' dir='ltr'>facultate</span> <span class='ocrx_word' id='word_1_359' title='bbox 1440 1147 1469 1175; x_wconf 92' lang='lat' dir='ltr'>et</span> <span class='ocrx_word' id='word_1_360' title='bbox 1486 1142 1681 1183; x_wconf 88' lang='lat' dir='ltr'>auctoritate,</span> <span class='ocrx_word' id='word_1_361' title='bbox 1696 1141 1828 1175; x_wconf 87' lang='lat' dir='ltr'>iudicari</span> <span class='ocrx_word' id='word_1_362' title='bbox 1845 1146 1875 1174; x_wconf 93' lang='lat' dir='ltr'>et</span> <span class='ocrx_word' id='word_1_363' title='bbox 1891 1140 2015 1174; x_wconf 84' lang='lat' dir='ltr'>definiri</span> 
     </span>
     <span class='ocr_line' id='line_1_69' title="bbox 1276 1196 2015 1238; baseline -0.003 -9"><span class='ocrx_word' id='word_1_364' title='bbox 1276 1196 1402 1237; x_wconf 87' lang='lat' dir='ltr'>debere,</span> <span class='ocrx_word' id='word_1_365' title='bbox 1416 1207 1451 1229; x_wconf 86' lang='lat' dir='ltr'>ac</span> <span class='ocrx_word' id='word_1_366' title='bbox 1466 1196 1588 1230; x_wconf 90' lang='lat' dir='ltr'>irritum</span> <span class='ocrx_word' id='word_1_367' title='bbox 1607 1201 1636 1229; x_wconf 90' lang='lat' dir='ltr'>et</span> <span class='ocrx_word' id='word_1_368' title='bbox 1653 1196 1754 1237; x_wconf 87' lang='lat' dir='ltr'>inane,</span> <span class='ocrx_word' id='word_1_369' title='bbox 1771 1196 1795 1228; x_wconf 92' lang='lat' dir='ltr'>si</span> <span class='ocrx_word' id='word_1_370' title='bbox 1814 1206 1904 1228; x_wconf 88' lang='lat' dir='ltr'>secus</span> <span class='ocrx_word' id='word_1_371' title='bbox 1920 1205 2015 1238; x_wconf 89' lang='lat' dir='ltr'>super</span> 
     </span>
     <span class='ocr_line' id='line_1_70' title="bbox 1277 1248 2016 1293; baseline -0.003 -11"><span class='ocrx_word' id='word_1_372' title='bbox 1277 1249 1324 1282; x_wconf 89' lang='lat' dir='ltr'>his</span> <span class='ocrx_word' id='word_1_373' title='bbox 1347 1260 1363 1282; x_wconf 85' lang='lat' dir='ltr'>a</span> <span class='ocrx_word' id='word_1_374' title='bbox 1388 1260 1556 1293; x_wconf 85' lang='lat' dir='ltr'>quoquam,</span> <span class='ocrx_word' id='word_1_375' title='bbox 1575 1249 1684 1293; x_wconf 75' lang='lat' dir='ltr'>quavis</span> <span class='ocrx_word' id='word_1_376' title='bbox 1700 1248 1896 1289; x_wconf 88' lang='lat' dir='ltr'>auctoritate,</span> <span class='ocrx_word' id='word_1_377' title='bbox 1915 1248 2016 1281; x_wconf 85' lang='lat' dir='ltr'>scien-</span> 
     </span>
     <span class='ocr_line' id='line_1_71' title="bbox 1278 1302 1984 1347; baseline -0.001 -11"><span class='ocrx_word' id='word_1_378' title='bbox 1278 1309 1324 1337; x_wconf 86' lang='lat' dir='ltr'>ter</span> <span class='ocrx_word' id='word_1_379' title='bbox 1348 1304 1396 1336; x_wconf 82' lang='lat' dir='ltr'>vel</span> <span class='ocrx_word' id='word_1_380' title='bbox 1421 1304 1614 1347; x_wconf 79' lang='lat' dir='ltr'>ignoranter,</span> <span class='ocrx_word' id='word_1_381' title='bbox 1636 1303 1804 1346; x_wconf 60' lang='lat' dir='ltr'>contigerit</span> <span class='ocrx_word' id='word_1_382' title='bbox 1828 1302 1984 1335; x_wconf 88' lang='lat' dir='ltr'>attentari.</span> 
     </span>
     <span class='ocr_line' id='line_1_72' title="bbox 1322 1356 2020 1400; baseline -0.001 -11"><span class='ocrx_word' id='word_1_383' title='bbox 1322 1358 1336 1400; x_wconf 70' lang='grc' dir='ltr'>ξ</span> <span class='ocrx_word' id='word_1_384' title='bbox 1361 1357 1411 1389; x_wconf 83' lang='grc'>10.</span> <span class='ocrx_word' id='word_1_385' title='bbox 1437 1357 1589 1396; x_wconf 86' lang='lat' dir='ltr'>Quocirca</span> <span class='ocrx_word' id='word_1_386' title='bbox 1614 1356 1734 1389; x_wconf 87' lang='lat' dir='ltr'>dilectis</span> <span class='ocrx_word' id='word_1_387' title='bbox 1751 1356 1823 1389; x_wconf 91' lang='lat' dir='ltr'>filiis</span> <span class='ocrx_word' id='word_1_388' title='bbox 1840 1356 1966 1397; x_wconf 83' lang='lat' dir='ltr'>nostris,</span> <span class='ocrx_word' id='word_1_389' title='bbox 1984 1366 2020 1389; x_wconf 89' lang='lat' dir='ltr'>ac</span> 
     </span>
    </p>
   </div>
   <div class='ocr_carea' id='block_1_7' title="bbox 2228 0 2263 174">
    <p class='ocr_par' dir='ltr' id='par_1_8' title="bbox 2228 0 2263 174">
     <span class='ocr_line' id='line_1_73' title="bbox 2228 16 2230 26; baseline 0 0"><span class='ocrx_word' id='word_1_390' title='bbox 2228 16 2230 26; x_wconf 83' lang='lat' dir='ltr'>t</span> 
     </span>
     <span class='ocr_line' id='line_1_74' title="bbox 2228 0 2263 174; baseline 0 0"><span class='ocrx_word' id='word_1_391' title='bbox 2228 0 2263 174; x_wconf 53' lang='grc' dir='ltr'><strong>ἲ</strong></span> 
     </span>
     <span class='ocr_line' id='line_1_75' title="bbox 2230 61 2245 74; baseline 0 -6"><span class='ocrx_word' id='word_1_392' title='bbox 2230 62 2233 74; x_wconf 70' lang='lat'>,¹</span> <span class='ocrx_word' id='word_1_393' title='bbox 2239 61 2245 68; x_wconf 73' lang='grc'><em>.</em></span> 
     </span>
    </p>

    <p class='ocr_par' dir='ltr' id='par_1_9' title="bbox 2230 92 2234 100">
     <span class='ocr_line' id='line_1_76' title="bbox 2230 92 2234 100; baseline 0 0"><span class='ocrx_word' id='word_1_394' title='bbox 2230 92 2234 100; x_wconf 74' lang='grc' dir='ltr'><strong><em>ι</em></strong></span> 
     </span>
    </p>
   </div>
   <div class='ocr_carea' id='block_1_8' title="bbox 2025 167 2263 256">
    <p class='ocr_par' dir='ltr' id='par_1_10' title="bbox 2025 167 2263 256">
     <span class='ocr_line' id='line_1_77' title="bbox 2025 167 2263 256; baseline 0.008 -38"><span class='ocrx_word' id='word_1_395' title='bbox 2025 191 2073 218; x_wconf 75' lang='lat' dir='ltr'>An.</span> <span class='ocrx_word' id='word_1_396' title='bbox 2086 191 2113 219; x_wconf 85' lang='lat' dir='ltr'>c.</span> <span class='ocrx_word' id='word_1_397' title='bbox 2134 193 2195 226; x_wconf 65' lang='lat'>¹655</span> <span class='ocrx_word' id='word_1_398' title='bbox 2229 167 2263 256; x_wconf 43' lang='lat' dir='ltr'>lit</span> 
     </span>
    </p>
   </div>
   <div class='ocr_carea' id='block_1_9' title="bbox 2027 1358 2237 1417">
    <p class='ocr_par' dir='ltr' id='par_1_11' title="bbox 2027 1358 2237 1417">
     <span class='ocr_line' id='line_1_78' title="bbox 2083 1358 2237 1393; baseline 0.013 -4"><span class='ocrx_word' id='word_1_399' title='bbox 2083 1367 2209 1393; x_wconf 65' lang='lat' dir='ltr'>Praedicta</span> <span class='ocrx_word' id='word_1_400' title='bbox 2236 1358 2237 1364; x_wconf 40' lang='lat'>¹</span> 
     </span>
     <span class='ocr_line' id='line_1_79' title="bbox 2027 1394 2236 1417; baseline 0.005 -2"><span class='ocrx_word' id='word_1_401' title='bbox 2027 1394 2204 1417; x_wconf 49' lang='lat' dir='ltr'>nominationem</span> <span class='ocrx_word' id='word_1_402' title='bbox 2232 1403 2236 1408; x_wconf 94' lang='lat'>·</span> 
     </span>
    </p>
   </div>
   <div class='ocr_carea' id='block_1_10' title="bbox 1278 1410 2256 1455">
    <p class='ocr_par' dir='ltr' id='par_1_12' title="bbox 1278 1410 2256 1455">
     <span class='ocr_line' id='line_1_80' title="bbox 1278 1410 2256 1455; baseline 0.001 -12"><span class='ocrx_word' id='word_1_403' title='bbox 1278 1410 1307 1443; x_wconf 81' lang='lat' dir='ltr'>S.</span> <span class='ocrx_word' id='word_1_404' title='bbox 1330 1411 1362 1443; x_wconf 79' lang='lat' dir='ltr'>R.</span> <span class='ocrx_word' id='word_1_405' title='bbox 1385 1411 1416 1443; x_wconf 88' lang='lat' dir='ltr'>E.</span> <span class='ocrx_word' id='word_1_406' title='bbox 1444 1411 1621 1455; x_wconf 86' lang='lat' dir='ltr'>praedictae</span> <span class='ocrx_word' id='word_1_407' title='bbox 1647 1410 1846 1450; x_wconf 66' lang='lat' dir='ltr'>camerario,</span> <span class='ocrx_word' id='word_1_408' title='bbox 1864 1420 1919 1443; x_wconf 91' lang='lat' dir='ltr'>seu</span> <span class='ocrx_word' id='word_1_409' title='bbox 1944 1419 2020 1454; x_wconf 88' lang='lat' dir='ltr'>pro·</span> <span class='ocrx_word' id='word_1_410' title='bbox 2035 1421 2209 1444; x_wconf 66' lang='lat' dir='ltr'>observatum·</span> <span class='ocrx_word' id='word_1_411' title='bbox 2236 1413 2256 1443; x_wconf 69' lang='grc' dir='ltr'>ἰ</span> 
     </span>
    </p>
   </div>
   <div class='ocr_carea' id='block_1_11' title="bbox 1279 1463 2024 1871">
    <p class='ocr_par' dir='ltr' id='par_1_13' title="bbox 1279 1463 2024 1871">
     <span class='ocr_line' id='line_1_81' title="bbox 1279 1463 2021 1506; baseline 0 -10"><span class='ocrx_word' id='word_1_412' title='bbox 1279 1464 1462 1506; x_wconf 84' lang='lat' dir='ltr'>camerario,</span> <span class='ocrx_word' id='word_1_413' title='bbox 1480 1474 1602 1497; x_wconf 90' lang='lat' dir='ltr'>necnon</span> <span class='ocrx_word' id='word_1_414' title='bbox 1619 1463 1873 1504; x_wconf 85' lang='lat' dir='ltr'>vicecamerario,</span> <span class='ocrx_word' id='word_1_415' title='bbox 1900 1463 2021 1497; x_wconf 84' lang='lat' dir='ltr'>thesau-</span> 
     </span>
     <span class='ocr_line' id='line_1_82' title="bbox 1280 1516 2022 1561; baseline -0.001 -11"><span class='ocrx_word' id='word_1_416' title='bbox 1280 1517 1374 1560; x_wconf 83' lang='lat' dir='ltr'>rario,</span> <span class='ocrx_word' id='word_1_417' title='bbox 1400 1522 1451 1551; x_wconf 87' lang='lat' dir='ltr'>aut</span> <span class='ocrx_word' id='word_1_418' title='bbox 1476 1517 1599 1551; x_wconf 83' lang='lat' dir='ltr'>clericis</span> <span class='ocrx_word' id='word_1_419' title='bbox 1630 1516 1906 1561; x_wconf 81' lang='lat' dir='ltr'>praesidentibus,</span> <span class='ocrx_word' id='word_1_420' title='bbox 1938 1527 2022 1550; x_wconf 88' lang='lat' dir='ltr'>com-</span> 
     </span>
     <span class='ocr_line' id='line_1_83' title="bbox 1280 1569 2022 1617; baseline 0.001 -14"><span class='ocrx_word' id='word_1_421' title='bbox 1280 1570 1436 1612; x_wconf 86' lang='lat' dir='ltr'>missario,</span> <span class='ocrx_word' id='word_1_422' title='bbox 1457 1576 1488 1604; x_wconf 90' lang='lat' dir='ltr'>et</span> <span class='ocrx_word' id='word_1_423' title='bbox 1505 1571 1573 1603; x_wconf 91' lang='lat' dir='ltr'>aliis</span> <span class='ocrx_word' id='word_1_424' title='bbox 1594 1581 1736 1604; x_wconf 88' lang='lat' dir='ltr'>camerae</span> <span class='ocrx_word' id='word_1_425' title='bbox 1760 1569 1939 1614; x_wconf 88' lang='lat' dir='ltr'>praedictae</span> <span class='ocrx_word' id='word_1_426' title='bbox 1956 1570 2022 1617; x_wconf 82' lang='lat' dir='ltr'>offi-</span> 
     </span>
     <span class='ocr_line' id='line_1_84' title="bbox 1282 1623 2024 1668; baseline -0.001 -11"><span class='ocrx_word' id='word_1_427' title='bbox 1282 1624 1424 1665; x_wconf 85' lang='lat' dir='ltr'>cialibus,</span> <span class='ocrx_word' id='word_1_428' title='bbox 1452 1625 1490 1657; x_wconf 88' lang='lat' dir='ltr'>ad</span> <span class='ocrx_word' id='word_1_429' title='bbox 1515 1635 1593 1668; x_wconf 89' lang='lat' dir='ltr'>quos</span> <span class='ocrx_word' id='word_1_430' title='bbox 1617 1629 1745 1668; x_wconf 87' lang='lat' dir='ltr'>spectat,</span> <span class='ocrx_word' id='word_1_431' title='bbox 1763 1623 1976 1668; x_wconf 89' lang='lat' dir='ltr'>praecipimus</span> <span class='ocrx_word' id='word_1_432' title='bbox 1993 1628 2024 1657; x_wconf 88' lang='lat' dir='ltr'>et</span> 
     </span>
     <span class='ocr_line' id='line_1_85' title="bbox 1283 1678 2022 1722; baseline 0 -12"><span class='ocrx_word' id='word_1_433' title='bbox 1283 1678 1478 1718; x_wconf 81' lang='lat' dir='ltr'>mandamus,</span> <span class='ocrx_word' id='word_1_434' title='bbox 1504 1683 1537 1710; x_wconf 87' lang='lat' dir='ltr'>ut</span> <span class='ocrx_word' id='word_1_435' title='bbox 1560 1681 1759 1722; x_wconf 84' lang='lat' dir='ltr'>praesentem</span> <span class='ocrx_word' id='word_1_436' title='bbox 1784 1680 1923 1711; x_wconf 88' lang='lat' dir='ltr'>nostram</span> <span class='ocrx_word' id='word_1_437' title='bbox 1949 1687 2022 1710; x_wconf 91' lang='lat' dir='ltr'>con-</span> 
     </span>
     <span class='ocr_line' id='line_1_86' title="bbox 1283 1731 2024 1774; baseline 0 -10"><span class='ocrx_word' id='word_1_438' title='bbox 1283 1731 1491 1771; x_wconf 86' lang='lat' dir='ltr'>stitutionem,</span> <span class='ocrx_word' id='word_1_439' title='bbox 1518 1736 1547 1764; x_wconf 91' lang='lat' dir='ltr'>et</span> <span class='ocrx_word' id='word_1_440' title='bbox 1572 1732 1601 1763; x_wconf 91' lang='lat' dir='ltr'>in</span> <span class='ocrx_word' id='word_1_441' title='bbox 1626 1732 1662 1763; x_wconf 76' lang='lat' dir='ltr'>ea</span> <span class='ocrx_word' id='word_1_442' title='bbox 1686 1735 1831 1764; x_wconf 86' lang='lat' dir='ltr'>contenta</span> <span class='ocrx_word' id='word_1_443' title='bbox 1855 1740 2024 1774; x_wconf 85' lang='lat' dir='ltr'>quaecum-</span> 
     </span>
     <span class='ocr_line' id='line_1_87' title="bbox 1283 1783 2024 1828; baseline -0.001 -11"><span class='ocrx_word' id='word_1_444' title='bbox 1283 1796 1361 1828; x_wconf 85' lang='lat' dir='ltr'>que,</span> <span class='ocrx_word' id='word_1_445' title='bbox 1386 1784 1520 1817; x_wconf 87' lang='lat' dir='ltr'>firmiter</span> <span class='ocrx_word' id='word_1_446' title='bbox 1545 1789 1575 1817; x_wconf 90' lang='lat' dir='ltr'>et</span> <span class='ocrx_word' id='word_1_447' title='bbox 1600 1783 1821 1817; x_wconf 88' lang='lat' dir='ltr'>inviolabiliter</span> <span class='ocrx_word' id='word_1_448' title='bbox 1846 1784 2024 1825; x_wconf 84' lang='lat' dir='ltr'>observent,</span> 
     </span>
     <span class='ocr_line' id='line_1_88' title="bbox 1284 1837 1801 1871; baseline -0.004 0"><span class='ocrx_word' id='word_1_449' title='bbox 1284 1844 1313 1871; x_wconf 92' lang='lat' dir='ltr'>et</span> <span class='ocrx_word' id='word_1_450' title='bbox 1338 1838 1451 1871; x_wconf 85' lang='lat' dir='ltr'>saciant</span> <span class='ocrx_word' id='word_1_451' title='bbox 1475 1837 1513 1870; x_wconf 89' lang='lat' dir='ltr'>ab</span> <span class='ocrx_word' id='word_1_452' title='bbox 1538 1837 1606 1869; x_wconf 89' lang='lat' dir='ltr'>aliis</span> <span class='ocrx_word' id='word_1_453' title='bbox 1631 1837 1801 1870; x_wconf 89' lang='lat' dir='ltr'>observari.</span> 
     </span>
    </p>
   </div>
   <div class='ocr_carea' id='block_1_12' title="bbox 1330 1890 2214 1948">
    <p class='ocr_par' dir='ltr' id='par_1_14' title="bbox 1330 1890 2214 1948">
     <span class='ocr_line' id='line_1_89' title="bbox 1330 1890 2214 1948; baseline -0.005 -24"><span class='ocrx_word' id='word_1_454' title='bbox 1330 1892 1344 1935; x_wconf 61' lang='grc' dir='ltr'><strong>ξ</strong></span> <span class='ocrx_word' id='word_1_455' title='bbox 1370 1891 1419 1924; x_wconf 79' lang='lat' dir='ltr'>ll.</span> <span class='ocrx_word' id='word_1_456' title='bbox 1451 1891 1518 1924; x_wconf 89' lang='lat' dir='ltr'>Non</span> <span class='ocrx_word' id='word_1_457' title='bbox 1549 1890 1748 1924; x_wconf 85' lang='lat' dir='ltr'>obstantibus</span> <span class='ocrx_word' id='word_1_458' title='bbox 1773 1890 2024 1934; x_wconf 87' lang='lat' dir='ltr'>supradictarum</span> <span class='ocrx_word' id='word_1_459' title='bbox 2041 1900 2214 1948; x_wconf 50' lang='lat' dir='ltr'>seifii’m‘a‘i&#39;*</span> 
     </span>
    </p>
   </div>
   <div class='ocr_carea' id='block_1_13' title="bbox 1285 1943 2030 2095">
    <p class='ocr_par' dir='ltr' id='par_1_15' title="bbox 1285 1943 2030 2095">
     <span class='ocr_line' id='line_1_90' title="bbox 1285 1943 2025 1988; baseline -0.001 -11"><span class='ocrx_word' id='word_1_460' title='bbox 1285 1945 1385 1977; x_wconf 88' lang='lat' dir='ltr'>litium</span> <span class='ocrx_word' id='word_1_461' title='bbox 1404 1943 1581 1988; x_wconf 80' lang='lat' dir='ltr'>pendentia,</span> <span class='ocrx_word' id='word_1_462' title='bbox 1600 1943 1732 1987; x_wconf 88' lang='lat' dir='ltr'>aliisque</span> <span class='ocrx_word' id='word_1_463' title='bbox 1749 1944 1895 1977; x_wconf 86' lang='lat' dir='ltr'>omnibus</span> <span class='ocrx_word' id='word_1_464' title='bbox 1912 1947 1941 1978; x_wconf 85' lang='lat' dir='ltr'>et</span> <span class='ocrx_word' id='word_1_465' title='bbox 1961 1944 2025 1976; x_wconf 91' lang='lat' dir='ltr'>sin-</span> 
     </span>
     <span class='ocr_line' id='line_1_91' title="bbox 1286 1997 2027 2041; baseline -0.001 -11"><span class='ocrx_word' id='word_1_466' title='bbox 1286 1998 1367 2041; x_wconf 80' lang='lat' dir='ltr'>gulis</span> <span class='ocrx_word' id='word_1_467' title='bbox 1391 1997 1593 2041; x_wconf 86' lang='lat' dir='ltr'>praemissis,</span> <span class='ocrx_word' id='word_1_468' title='bbox 1619 2007 1741 2030; x_wconf 90' lang='lat' dir='ltr'>necnon</span> <span class='ocrx_word' id='word_1_469' title='bbox 1766 1998 1873 2030; x_wconf 76' lang='lat' dir='ltr'>nostra</span> <span class='ocrx_word' id='word_1_470' title='bbox 1903 2002 1933 2030; x_wconf 89' lang='lat' dir='ltr'>et</span> <span class='ocrx_word' id='word_1_471' title='bbox 1958 2006 2027 2030; x_wconf 88' lang='lat' dir='ltr'>can-</span> 
     </span>
     <span class='ocr_line' id='line_1_92' title="bbox 1287 2050 2030 2095; baseline -0.001 -10"><span class='ocrx_word' id='word_1_472' title='bbox 1287 2051 1433 2085; x_wconf 82' lang='lat' dir='ltr'>cellariae</span> <span class='ocrx_word' id='word_1_473' title='bbox 1468 2051 1659 2095; x_wconf 87' lang='lat' dir='ltr'>apostolicae</span> <span class='ocrx_word' id='word_1_474' title='bbox 1692 2051 1801 2094; x_wconf 76' lang='lat' dir='ltr'>regula</span> <span class='ocrx_word' id='word_1_475' title='bbox 1827 2050 1864 2084; x_wconf 87' lang='lat' dir='ltr'>de</span> <span class='ocrx_word' id='word_1_476' title='bbox 1889 2061 1950 2085; x_wconf 90' lang='lat' dir='ltr'>non</span> <span class='ocrx_word' id='word_1_477' title='bbox 1975 2051 2030 2084; x_wconf 89' lang='lat' dir='ltr'>tol-</span> 
     </span>
    </p>
   </div>
   <div class='ocr_carea' id='block_1_14' title="bbox 1269 2105 2030 2150">
    <p class='ocr_par' dir='ltr' id='par_1_16' title="bbox 1269 2105 2030 2150">
     <span class='ocr_line' id='line_1_93' title="bbox 1269 2105 2030 2150; baseline 0 -12"><span class='ocrx_word' id='word_1_478' title='bbox 1269 2105 1380 2138; x_wconf 80' lang='lat' dir='ltr'>lendo</span> <span class='ocrx_word' id='word_1_479' title='bbox 1414 2106 1482 2138; x_wconf 88' lang='lat' dir='ltr'>iure</span> <span class='ocrx_word' id='word_1_480' title='bbox 1513 2105 1664 2149; x_wconf 83' lang='lat' dir='ltr'>quaesito,</span> <span class='ocrx_word' id='word_1_481' title='bbox 1696 2116 1741 2147; x_wconf 89' lang='lat' dir='ltr'>ac,</span> <span class='ocrx_word' id='word_1_482' title='bbox 1767 2109 1920 2150; x_wconf 90' lang='lat' dir='ltr'>quatenus</span> <span class='ocrx_word' id='word_1_483' title='bbox 1951 2115 2030 2149; x_wconf 91' lang='lat' dir='ltr'>opus</span> 
     </span>
    </p>
   </div>
   <div class='ocr_carea' id='block_1_15' title="bbox 1287 2158 2030 2417">
    <p class='ocr_par' dir='ltr' id='par_1_17' title="bbox 1287 2158 2030 2417">
     <span class='ocr_line' id='line_1_94' title="bbox 1287 2158 2030 2203; baseline 0.001 -12"><span class='ocrx_word' id='word_1_484' title='bbox 1287 2159 1347 2199; x_wconf 87' lang='lat' dir='ltr'>sit,</span> <span class='ocrx_word' id='word_1_485' title='bbox 1376 2158 1527 2202; x_wconf 88' lang='lat' dir='ltr'>praedicti</span> <span class='ocrx_word' id='word_1_486' title='bbox 1552 2159 1596 2192; x_wconf 89' lang='lat' dir='ltr'>Pii</span> <span class='ocrx_word' id='word_1_487' title='bbox 1622 2159 1874 2203; x_wconf 87' lang='lat' dir='ltr'>praedecessoris</span> <span class='ocrx_word' id='word_1_488' title='bbox 1897 2158 1936 2192; x_wconf 89' lang='lat' dir='ltr'>de</span> <span class='ocrx_word' id='word_1_489' title='bbox 1963 2169 2030 2202; x_wconf 83' lang='lat' dir='ltr'>gra-</span> 
     </span>
     <span class='ocr_line' id='line_1_95' title="bbox 1287 2211 2029 2256; baseline 0 -11"><span class='ocrx_word' id='word_1_490' title='bbox 1287 2212 1339 2245; x_wconf 87' lang='lat' dir='ltr'>tiis</span> <span class='ocrx_word' id='word_1_491' title='bbox 1359 2212 1588 2256; x_wconf 88' lang='lat' dir='ltr'>qualecumque</span> <span class='ocrx_word' id='word_1_492' title='bbox 1601 2212 1752 2246; x_wconf 87' lang='lat' dir='ltr'>interesse</span> <span class='ocrx_word' id='word_1_493' title='bbox 1769 2211 1868 2246; x_wconf 88' lang='lat' dir='ltr'>dictae</span> <span class='ocrx_word' id='word_1_494' title='bbox 1886 2221 2029 2246; x_wconf 86' lang='lat' dir='ltr'>camerae</span> 
     </span>
     <span class='ocr_line' id='line_1_96' title="bbox 1289 2265 2029 2309; baseline 0 -11"><span class='ocrx_word' id='word_1_495' title='bbox 1289 2265 1551 2299; x_wconf 84' lang='lat' dir='ltr'>concernentibus</span> <span class='ocrx_word' id='word_1_496' title='bbox 1585 2265 1615 2298; x_wconf 90' lang='lat' dir='ltr'>in</span> <span class='ocrx_word' id='word_1_497' title='bbox 1640 2265 1749 2298; x_wconf 79' lang='lat' dir='ltr'>eadem</span> <span class='ocrx_word' id='word_1_498' title='bbox 1782 2266 1907 2298; x_wconf 74' lang='lat' dir='ltr'>camera</span> <span class='ocrx_word' id='word_1_499' title='bbox 1939 2275 2029 2309; x_wconf 87' lang='lat' dir='ltr'>prae-</span> 
     </span>
     <span class='ocr_line' id='line_1_97' title="bbox 1289 2318 2028 2362; baseline 0 -10"><span class='ocrx_word' id='word_1_500' title='bbox 1289 2318 1447 2353; x_wconf 84' lang='lat' dir='ltr'>sentandis</span> <span class='ocrx_word' id='word_1_501' title='bbox 1470 2324 1499 2351; x_wconf 90' lang='lat' dir='ltr'>et</span> <span class='ocrx_word' id='word_1_502' title='bbox 1525 2318 1741 2362; x_wconf 73' lang='lat' dir='ltr'>registi-andis,</span> <span class='ocrx_word' id='word_1_503' title='bbox 1758 2319 1799 2352; x_wconf 88' lang='lat' dir='ltr'>ita</span> <span class='ocrx_word' id='word_1_504' title='bbox 1823 2324 1858 2352; x_wconf 86' lang='lat' dir='ltr'>ut</span> <span class='ocrx_word' id='word_1_505' title='bbox 1882 2328 2028 2362; x_wconf 85' lang='lat' dir='ltr'>praesen-</span> 
     </span>
     <span class='ocr_line' id='line_1_98' title="bbox 1289 2372 2029 2417; baseline 0 -12"><span class='ocrx_word' id='word_1_506' title='bbox 1289 2378 1334 2406; x_wconf 88' lang='lat' dir='ltr'>tes</span> <span class='ocrx_word' id='word_1_507' title='bbox 1357 2373 1389 2405; x_wconf 92' lang='lat' dir='ltr'>in</span> <span class='ocrx_word' id='word_1_508' title='bbox 1414 2374 1449 2405; x_wconf 80' lang='lat' dir='ltr'>ea</span> <span class='ocrx_word' id='word_1_509' title='bbox 1469 2372 1675 2417; x_wconf 86' lang='lat' dir='ltr'>praesentari,</span> <span class='ocrx_word' id='word_1_510' title='bbox 1691 2378 1744 2406; x_wconf 87' lang='lat' dir='ltr'>aut</span> <span class='ocrx_word' id='word_1_511' title='bbox 1762 2372 1925 2416; x_wconf 82' lang='lat' dir='ltr'>registrari</span> <span class='ocrx_word' id='word_1_512' title='bbox 1953 2382 2029 2405; x_wconf 90' lang='lat' dir='ltr'>nun-</span> 
     </span>
    </p>
   </div>
   <div class='ocr_carea' id='block_1_16' title="bbox 1271 2426 2030 2524">
    <p class='ocr_par' dir='ltr' id='par_1_18' title="bbox 1271 2426 2030 2524">
     <span class='ocr_line' id='line_1_99' title="bbox 1271 2426 2029 2470; baseline 0 -11"><span class='ocrx_word' id='word_1_513' title='bbox 1271 2437 1383 2469; x_wconf 65' lang='lat' dir='ltr'>⁴quam</span> <span class='ocrx_word' id='word_1_514' title='bbox 1410 2436 1535 2459; x_wconf 91' lang='lat' dir='ltr'>necesse</span> <span class='ocrx_word' id='word_1_515' title='bbox 1564 2427 1612 2467; x_wconf 87' lang='lat' dir='ltr'>sit,</span> <span class='ocrx_word' id='word_1_516' title='bbox 1631 2426 1762 2470; x_wconf 87' lang='lat' dir='ltr'>aliisque</span> <span class='ocrx_word' id='word_1_517' title='bbox 1786 2426 1977 2470; x_wconf 88' lang='lat' dir='ltr'>apostolicis,</span> <span class='ocrx_word' id='word_1_518' title='bbox 1993 2436 2029 2460; x_wconf 87' lang='lat' dir='ltr'>ac</span> 
     </span>
     <span class='ocr_line' id='line_1_100' title="bbox 1272 2479 2030 2524; baseline 0.001 -12"><span class='ocrx_word' id='word_1_519' title='bbox 1272 2516 1273 2519; x_wconf 11' lang='grc' dir='ltr'><strong>Ἴ</strong></span> <span class='ocrx_word' id='word_1_520' title='bbox 1291 2480 1320 2512; x_wconf 90' lang='lat' dir='ltr'>iu</span> <span class='ocrx_word' id='word_1_521' title='bbox 1338 2480 1569 2514; x_wconf 87' lang='lat' dir='ltr'>universalibus</span> <span class='ocrx_word' id='word_1_522' title='bbox 1593 2480 1902 2524; x_wconf 89' lang='lat' dir='ltr'>provincialibusque</span> <span class='ocrx_word' id='word_1_523' title='bbox 1930 2479 2030 2514; x_wconf 88' lang='lat' dir='ltr'>conci-</span> 
     </span>
    </p>
   </div>
   <div class='ocr_carea' id='block_1_17' title="bbox 1290 2532 2030 2628">
    <p class='ocr_par' dir='ltr' id='par_1_19' title="bbox 1290 2532 2030 2628">
     <span class='ocr_line' id='line_1_101' title="bbox 1290 2532 2029 2576; baseline 0 -11"><span class='ocrx_word' id='word_1_524' title='bbox 1290 2532 1339 2565; x_wconf 92' lang='lat' dir='ltr'>liis</span> <span class='ocrx_word' id='word_1_525' title='bbox 1364 2532 1472 2573; x_wconf 88' lang='lat' dir='ltr'>editis,</span> <span class='ocrx_word' id='word_1_526' title='bbox 1505 2532 1704 2574; x_wconf 82' lang='lat' dir='ltr'>generalibus</span> <span class='ocrx_word' id='word_1_527' title='bbox 1741 2532 1787 2566; x_wconf 90' lang='lat' dir='ltr'>vel</span> <span class='ocrx_word' id='word_1_528' title='bbox 1819 2532 2029 2576; x_wconf 88' lang='lat' dir='ltr'>specialibus,</span> 
     </span>
     <span class='ocr_line' id='line_1_102' title="bbox 1291 2585 2030 2628; baseline 0 -9"><span class='ocrx_word' id='word_1_529' title='bbox 1291 2586 1562 2620; x_wconf 49' lang='lat' dir='ltr'>constitutionibus</span> <span class='ocrx_word' id='word_1_530' title='bbox 1599 2592 1625 2619; x_wconf 85' lang='lat' dir='ltr'>et</span> <span class='ocrx_word' id='word_1_531' title='bbox 1662 2585 1931 2628; x_wconf 82' lang='lat' dir='ltr'>ordinationibus,</span> <span class='ocrx_word' id='word_1_532' title='bbox 1956 2596 2030 2620; x_wconf 84' lang='lat' dir='ltr'>nec-</span> 
     </span>
    </p>
   </div>
   <div class='ocr_carea' id='block_1_18' title="bbox 2201 1544 2256 1680">
    <p class='ocr_par' dir='ltr' id='par_1_20' title="bbox 2201 1544 2256 1680">
     <span class='ocr_line' id='line_1_103' title="bbox 2201 1544 2256 1680; baseline 0 0"><span class='ocrx_word' id='word_1_533' title='bbox 2201 1652 2203 1656; x_wconf 15' lang='lat'><em>*</em></span> <span class='ocrx_word' id='word_1_534' title='bbox 2245 1544 2256 1680; x_wconf 81' lang='lat' dir='ltr'>l</span> 
     </span>
    </p>
   </div>
   <div class='ocr_carea' id='block_1_19' title="bbox 2231 1677 2233 1820">
    <p class='ocr_par' dir='ltr' id='par_1_21' title="bbox 2231 1677 2233 1820">
     <span class='ocr_line' id='line_1_104' title="bbox 2231 1677 2233 1705; baseline 0 0"><span class='ocrx_word' id='word_1_535' title='bbox 2231 1677 2233 1705; x_wconf 75' lang='lat' dir='ltr'>t</span> 
     </span>
     <span class='ocr_line' id='line_1_105' title="bbox 2231 1749 2232 1778; baseline 0 0"><span class='ocrx_word' id='word_1_536' title='bbox 2231 1749 2232 1778; x_wconf 74' lang='lat' dir='ltr'>t</span> 
     </span>
     <span class='ocr_line' id='line_1_106' title="bbox 2231 1780 2233 1820; baseline 0 0"><span class='ocrx_word' id='word_1_537' title='bbox 2231 1780 2233 1820; x_wconf 82' lang='lat' dir='ltr'>l</span> 
     </span>
    </p>
   </div>
   <div class='ocr_carea' id='block_1_20' title="bbox 2231 1713 2236 1741">
    <p class='ocr_par' dir='ltr' id='par_1_22' title="bbox 2231 1713 2236 1741">
     <span class='ocr_line' id='line_1_107' title="bbox 2231 1713 2236 1741; baseline 0 0"><span class='ocrx_word' id='word_1_538' title='bbox 2231 1713 2236 1741; x_wconf 63' lang='lat'>³:</span> 
     </span>
    </p>
   </div>
  </div>
 </body>
</html>
