2263 3215
288 212 336 246 An.
354 211 381 238 c.
404 212 473 239 1656
518 203 583 236 iet

296 1337 391 1359 lutiinato
402 1339 464 1358 minci-

281 1367 336 1384 [ωηο
347 1381 351 1389 ,
368 1366 464 1386 citatimii

280 1397 321 1411 nou
342 1397 464 1418 comparen-

281 1420 312 1437 tes
327 1421 394 1443 pun:l.

348 2030 462 2055 Dei-agatii,

277 2057 440 2077 contrariorum.

486 260 543 293 dae
568 270 629 292 non
655 259 805 303 paruerit,
823 263 906 300 tunc,
927 258 1169 292 declarationem
1196 264 1224 294 el

486 315 670 346 sementiam
693 319 776 346 tuam
803 324 988 356 aggravans,
1012 319 1127 347 terram
1148 314 1222 347 Por-

485 372 533 399 tus
552 367 694 399 llercnlis
708 366 887 399 huiusmodi
905 376 940 399 ac
959 367 1138 399 universum
1159 367 1224 400 eius

485 420 680 452 territorium
716 419 880 453 interdicto
913 420 1126 453 ecclesiastico
1163 426 1222 453 tam

484 473 574 506 locali
597 484 691 517 qnam
710 473 869 516 personali
887 478 917 506 et
934 473 1030 507 mixto
1055 483 1224 517 supponas,

484 531 513 558 et
548 527 746 569 suppositum
781 537 847 559 esse
880 532 909 559 et
943 526 1010 560 sore
1042 527 1171 560 nuncies
1196 532 1225 560 et

483 579 634 620 declares,
651 579 791 623 illudque
811 579 971 613 observari
991 580 1128 621 mandes,
1148 580 1224 613 alia—

483 643 543 674 que
568 632 672 665 onmia
710 638 739 665 ct
771 633 893 675 singula
928 633 956 665 in
990 633 1170 677 praemissis
1194 639 1223 666 et

483 684 566 717 cirea
591 696 626 718 ea
653 686 829 718 necessaria
853 687 1090 730 quomodolibet
1118 698 1153 720 ac
1172 698 1223 731 op-

482 743 628 781 portuna,
654 738 887 782 quantumlibet
911 739 1037 783 speciali
1063 745 1092 773 et
1117 740 1224 772 indivi-

482 791 543 824 dua
570 792 727 825 mentione
748 792 851 835 digna,
872 803 973 836 geras,
992 793 1084 826 facias
1102 798 1132 826 et
1151 804 1222 826 exe-

482 844 606 886 quaris,
637 856 671 878 ac
704 846 878 879 executioni
906 846 1087 879 demandari
1114 857 1241 892 cures„

481 897 565 929 omni
599 901 628 931 el
663 909 860 942 quacumque
894 899 988 932 etiam
1021 910 1082 932 non
1112 900 1222 932 frivola

481 951 700 993 appellatione,
726 952 959 993 reclamatione,
987 963 1128 994 recursu,
1147 953 1218 985 nul-

482 1003 575 1036 litatis
600 1004 746 1045 dictione,
773 1005 803 1036 in
828 1005 987 1048 integrum
1013 1005 1221 1046 restitutione,

481 1057 611 1101 aliisque
639 1058 787 1091 remediis
812 1058 981 1092 ordinariis
1002 1065 1031 1092 et
1051 1060 1222 1093 extraordi-

480 1110 576 1143 nariis
612 1112 735 1154 penitus
767 1116 796 1146 et
828 1113 957 1146 omnino
990 1113 1139 1153 remotis,
1163 1124 1221 1147 nos

481 1164 562 1196 enini
589 1165 642 1197 tibi
668 1165 804 1208 desuper
829 1166 972 1209 plenam,
1005 1167 1159 1210 amplam,
1184 1168 1216 1200 li-

480 1216 587 1250 beram
613 1223 644 1250 et
669 1219 883 1252 omnimodam
910 1220 1086 1253 facultatem
1112 1225 1143 1253 et
1166 1231 1221 1264 po-

479 1276 623 1304 testatem
649 1273 852 1305 concedimus
870 1278 899 1306 et
920 1273 1130 1317 impertimur.

523 1325 538 1368 ἓ
563 1325 591 1358 Ξ.
619 1326 771 1359 Volumus
791 1333 905 1369 autem,
925 1327 1019 1371 quod,
1038 1327 1134 1360 semel
1152 1328 1220 1360 inti-

480 1384 564 1412 mato
601 1384 654 1412 tuo
691 1380 860 1414 monitorio
886 1381 915 1413 in
942 1381 1037 1414 valvis
1073 1381 1220 1415 basilicae

480 1432 631 1476 Principis
656 1434 889 1476 Apostolorum,
914 1444 949 1467 ac
974 1434 1005 1467 in
1027 1435 1093 1468 acie
1113 1435 1219 1479 Campi

479 1485 589 1518 Florae
618 1485 656 1518 de
682 1487 785 1527 Urbe,
817 1498 854 1520 ac
885 1487 1015 1531 insuper
1041 1488 1071 1520 in
1096 1488 1219 1521 civitate

478 1538 671 1581 Cornetana,
698 1550 732 1572 ac
768 1540 885 1584 oppido
916 1540 1053 1574 Civitatis
1078 1541 1218 1582 Veteris,

478 1591 590 1625 deinde
607 1596 714 1626 contra
735 1603 797 1626 non
819 1599 1039 1638 comparentes
1055 1594 1218 1638 procedas,

477 1646 670 1690 procedique
697 1647 826 1680 mandes
851 1652 881 1680 et
907 1648 1013 1682 iubeas
1040 1659 1097 1692 per
1121 1649 1218 1682 solam

477 1700 653 1733 affixionem
679 1701 710 1733 in
735 1701 846 1734 eadem
871 1702 937 1735 acie
962 1702 1070 1746 Campi
1097 1703 1218 1743 Florae,

477 1759 507 1786 et
539 1755 744 1788 monitorium
777 1766 814 1789 ac
844 1756 1006 1789 citationes
1038 1756 1217 1790 huiusmodi

477 1818 587 1840 omnes
611 1813 641 1840 et
666 1809 816 1851 singulos,
843 1820 922 1852 quos
947 1814 1147 1851 concernent,
1169 1821 1215 1854 pe·

478 1860 568 1893 rinde
605 1861 750 1901 afficiant,
775 1873 811 1895 ac
835 1863 860 1894 si
885 1867 989 1895 essent
1020 1863 1050 1895 in
1078 1863 1218 1905 quolibet

477 1919 548 1946 actu
577 1915 784 1958 personaliter
818 1916 949 1957 moniti,
975 1916 1057 1949 citati
1085 1921 1114 1948 et
1139 1916 1214 1949 inti-

478 1967 563 2000 mati.

522 2021 536 2064 §
560 2020 590 2053 3.
616 2022 683 2054 Non
713 2021 908 2055 obstantibus
941 2022 1039 2055 felicis
1064 2022 1215 2055 recorda-

477 2074 571 2107 tionis
596 2074 744 2107 Bonisacii
763 2075 863 2118 Papae
879 2075 943 2108 vill
965 2075 1216 2118 praedecessoris

477 2128 576 2161 nostri
601 2128 639 2161 de
672 2131 754 2168 una,
787 2134 817 2160 et
849 2128 972 2162 concilii
997 2129 1153 2171 generalis
1178 2129 1216 2162 de

476 2181 597 2214 duabus
621 2181 723 2222 dietis,
743 2182 874 2225 aliisque
898 2182 1099 2225 apostolicis,
1125 2193 1161 2216 ac
1184 2183 1215 2215 in

476 2234 706 2267 universalibus
742 2235 1052 2278 provincialibusipie
1077 2240 1106 2269 et
1130 2246 1216 2280 syno-

475 2287 597 2320 dalibus
622 2288 762 2321 conciliis
797 2288 909 2328 editis,
934 2289 1135 2332 generalibus
1169 2290 1214 2322 vel

474 2341 672 2384 specialibus,
691 2341 966 2375 constitutionibus
991 2348 1022 2375 et
1041 2342 1215 2376 ordinatio-

473 2395 588 2435 nibus,
617 2395 739 2437 legibus
772 2406 897 2438 quoque
934 2396 1152 2439 imperialibus
1185 2402 1215 2429 et

474 2448 734 2491 municipalibus,
760 2449 838 2493 stylo
863 2449 990 2490 curiae,
1015 2460 1137 2483 necnon
1161 2449 1210 2482 di-⁴

474 2507 541 2534 ctae
566 2507 668 2535 terrae
695 2503 805 2536 Portus
827 2503 972 2536 Herculis
997 2508 1026 2536 et
1051 2502 1214 2547 quibusvis

473 2555 552 2596 aliis,
565 2556 657 2589 etiam
676 2556 861 2597 iuramento,
887 2556 1125 2590 confirmatione
1142 2567 1212 2601 apo-

1061 211 1237 235 BULLARIUM
1263 211 1415 234 ROMANUM

1258 260 1379 293 statutis
1397 264 1428 292 et
1448 258 1748 300 consuetudinibus,
1773 259 1866 292 etiam
1891 259 2000 292 imme-

1260 312 1475 353 morabilibns,
1499 311 1670 355 privilegiis
1699 323 1838 356 quoque,
1870 312 1998 346 indultis

1241 372 1288 398 'et
1308 366 1419 399 litteris
1445 365 1624 409 apostolicis
1650 371 1751 399 terrae
1777 366 1888 399 Portus
1912 366 1994 399 Her-

1240 437 1242 448 i
1258 419 1336 451 culis
1354 418 1544 460 huiusmodi,
1559 429 1594 452 ac
1614 418 1695 451 illius
1712 418 1926 462 gubernatori,
1941 419 1997 452 ha-

1259 472 1446 505 bitatoribus
1466 477 1496 505 et
1515 472 1634 514 incolis,
1657 477 1686 505 et
1702 472 1894 516 quibuslibet
1918 472 1996 514 aliis,

1258 525 1314 558 sub
1340 526 1592 569 quibuscumque
1625 525 1788 559 tenoribus
1812 530 1842 560 et
1865 526 1997 566 formis,

1258 589 1293 611 ac
1318 590 1388 612 cum
1414 578 1575 622 quibusvis
1600 578 1694 612 etiam
1723 578 1998 623 derogatoriarum

1257 631 1475 675 derogatoriis,
1501 632 1631 676 aliisque
1656 631 1907 673 efficacioribus,
1931 632 1998 666 effi-

1258 685 1430 718 cacissimis
1454 691 1484 718 et
1508 686 1641 719 insolitis
1666 685 1823 727 clausulis,
1847 685 1998 719 irritanti-

1258 738 1378 783 busque
1396 746 1426 772 et
1445 740 1513 772 aliis
1538 739 1682 780 decretis,
1708 739 1739 771 in
1763 749 1880 783 genere
1897 740 1947 773 vel
1966 740 1998 773 in

1257 793 1381 837 specie,
1408 799 1438 826 et
1459 794 1535 826 alias
1560 792 1797 837 quomodolibet
1823 793 1854 826 in
1878 797 1999 827 contra-

1257 846 1338 879 rium
1360 848 1609 891 praemissorum
1627 847 1795 889 concessis,
1815 847 1998 891 approbatis

1257 905 1287 932 et
1311 901 1482 941 innovatis;
1508 901 1622 944 quibus
1641 901 1787 935 omnibus
1809 906 1839 934 et
1855 901 1998 944 singulis,

1239 957 1240 969 ¹
1256 954 1376 986 etiamsi
1392 965 1449 998 pro
1464 955 1628 988 sufficienti
1651 955 1777 988 illorum
1793 954 1997 998 derogatione

1256 1007 1293 1040 de
1319 1008 1379 1040 illis
1405 1019 1579 1051 eorumque
1607 1008 1678 1042 totis
1697 1008 1859 1041 tenoribus
1879 1008 1997 1052 specia-

1257 1060 1303 1101 lis,
1329 1061 1475 1104 specifica
1500 1072 1647 1105 expressa
1672 1066 1701 1096 et
1718 1061 1886 1102 individua,
1903 1071 1939 1094 ac
1958 1061 1998 1094 de

1256 1114 1354 1147 verbo
1378 1114 1416 1147 ad
1443 1115 1592 1157 verbum,
1619 1126 1681 1149 non
1707 1121 1811 1148 autem
1836 1125 1892 1159 per
1916 1115 1998 1148 clau-

1255 1168 1339 1200 sulas
1360 1169 1524 1210 generales
1542 1168 1624 1201 idem
1643 1169 1860 1212 importantes,
1878 1168 1996 1201 mentio

1255 1232 1308 1253 seu
1335 1221 1463 1264 quaevis
1481 1221 1541 1254 alia
1558 1222 1720 1265 expressio
1746 1227 1800 1254 aut
1815 1221 1919 1265 aliqua
1935 1221 1997 1254 alia

1255 1274 1407 1317 exquisita
1440 1275 1542 1308 forma
1565 1274 1603 1307 ad
1628 1275 1688 1309 boc
1718 1275 1870 1308 servanda
1893 1275 1995 1316 foret,

1255 1333 1379 1361 tenores
1414 1328 1615 1368 huiusmodi,
1641 1339 1677 1361 ac
1708 1328 1733 1361 si
1765 1328 1804 1361 de
1836 1329 1933 1362 verbo
1957 1328 1996 1361 ad

1256 1380 1385 1414 verbum
1411 1381 1488 1414 nihil
1516 1382 1641 1425 penitus
1666 1381 1784 1415 omisso
1809 1382 1992 1415 insereren-

1256 1440 1316 1476 tur,
1329 1435 1550 1478 praesentibus
1566 1446 1624 1479 pro
1643 1435 1736 1479 plene
1754 1441 1783 1468 et
1803 1435 1996 1469 sufficienter

1254 1488 1409 1531 expressis
1442 1493 1472 1521 et
1497 1488 1623 1521 insertis
1648 1489 1847 1533 formamque
1878 1489 1910 1521 in
1933 1488 1996 1522 illis

1255 1541 1399 1574 traditam
1425 1552 1483 1585 pro
1508 1544 1632 1575 servata
1655 1542 1816 1583 habentes,
1834 1542 1895 1576 illis
1918 1543 1995 1576 alias

1254 1594 1285 1626 in
1309 1605 1367 1628 suo
1391 1594 1507 1628 robore
1531 1595 1758 1638 permansuris,
1783 1595 1822 1628 ad
1845 1595 1995 1639 praemis-

1253 1658 1360 1681 sorum
1386 1647 1543 1688 effectum,
1568 1647 1627 1681 hac
1651 1648 1718 1681 vice
1738 1648 1909 1688 dumtaxat,
1926 1659 1995 1692 spe-

1253 1701 1374 1735 cialiter
1400 1706 1429 1734 et
1453 1712 1600 1745 expresse
1624 1701 1824 1745 derogamus,
1844 1712 1881 1735 ac
1900 1701 1993 1736 dero-

1253 1760 1359 1797 gatum
1385 1765 1453 1788 esse
1478 1754 1695 1795 decernimus,
1721 1755 1898 1800 ceterisque
1923 1765 1994 1789 con-

1254 1809 1357 1841 trariis
1374 1808 1625 1852 quibuscumque
1637 1820 1644 1847 ;

1296 1862 1310 1905 g
1328 1862 1356 1895 4.
1374 1863 1435 1895 Aut
1451 1862 1476 1895 si
1495 1866 1596 1896 terrae
1614 1863 1725 1897 Portus
1743 1863 1896 1906 Herculis,
1915 1863 1995 1897 eius-

1252 1926 1311 1959 que
1332 1915 1503 1957 territorio,
1521 1916 1736 1959 gubernatori,
1751 1916 1992 1958 habitatoribus,

1252 1968 1362 2001 incolis
1395 1973 1425 2001 et
1457 1968 1600 2012 personis
1630 1969 1843 2012 quibuslibet,
1869 1974 1900 2002 et
1923 1969 1992 2003 aliis

1251 2021 1428 2064 praedictis,
1445 2022 1657 2055 communiter
1670 2027 1723 2055 aut
1736 2022 1871 2064 divisim,
1883 2033 1901 2055 a
1914 2022 1993 2056 Sede

1251 2075 1289 2108 sit
1312 2075 1501 2118 Apostolica,
1526 2075 1692 2117 indultum,
1717 2075 1802 2119 quod
1820 2075 1920 2116 citari,
1937 2086 1992 2109 seu

1251 2128 1282 2160 in
1307 2129 1456 2162 indicium
1492 2140 1598 2163 coram
1631 2130 1786 2164 iudicibus
1816 2130 1854 2163 de
1879 2140 1991 2163 eorum

1251 2192 1404 2215 consensu
1428 2193 1490 2216 non
1511 2183 1679 2226 deputatis,
1702 2184 1749 2216 vel
1768 2189 1855 2216 extra
1875 2183 1991 2217 dictam

1251 2241 1366 2268 terram
1393 2235 1504 2270 Portus
1531 2237 1697 2277 Herculis,
1729 2248 1785 2270 seu
1816 2237 1886 2270 loca
1917 2246 1994 2270 suae

1251 2289 1449 2323 habitationis
1474 2290 1610 2331 evocari,
1636 2296 1666 2323 et
1690 2290 1728 2323 ad
1745 2290 1918 2335 parendum
1938 2290 1993 2323 ati-

1249 2343 1299 2376 cui
1325 2343 1395 2386 cogi
1420 2343 1470 2376 vel
1495 2344 1653 2387 compelli,
1678 2348 1731 2378 aut
1755 2344 1839 2388 quod
1864 2354 1990 2377 excom—

1250 2397 1415 2437 municari,
1442 2397 1591 2441 suspendi
1617 2403 1647 2430 et
1664 2397 1807 2431 interdici
1827 2407 1890 2431 non
1915 2407 1991 2441 pos-

1248 2450 1309 2482 sint
1335 2460 1391 2493 per
1422 2450 1540 2484 litteras
1571 2451 1759 2494 apostolicas
1788 2461 1850 2483 non
1877 2450 1991 2484 faciem.

1248 2507 1292 2536 tes
1317 2503 1454 2546 plenam,
1479 2514 1659 2548 expressam
1681 2509 1711 2537 et
1730 2503 1920 2537 individuam
1952 2514 1988 2537 ac

1247 2555 1283 2588 de
1310 2557 1405 2589 verbo
1438 2556 1475 2589 ad
1508 2556 1638 2589 verbum
1668 2556 1705 2589 de
1735 2556 1854 2590 indulto
1881 2556 1993 2590 huius—

474 2610 593 2652 stoliczl,
614 2610 657 2643 rel
676 2611 783 2653 quavis
802 2611 948 2644 firmitate
969 2611 1027 2644 alia
1044 2610 1209 2651 roboratis,
1225 2629 1230 2650 ‚
1246 2609 1328 2642 modi
1361 2610 1570 2652 mentionem,
1597 2616 1625 2642 et
1651 2609 1788 2653 qualibet
1817 2609 1877 2642 alia
1902 2609 1987 2642 eius-

2011 211 2059 237 Λα.
2076 210 2104 238 G.
2126 212 2200 241 1656-
2252 219 2256 225 ’

2024 1869 2116 1900 *indulta
2130 1876 2191 1898 pran-

2007 1895 2064 1917 dzeto
2116 1897 2192 1919 Pol-tul
2202 1894 2204 1896 ’

2007 1923 2097 1950 eiusque
2105 1924 2190 1945 habit»-

2008 1950 2090 1970 toribus
2113 1951 2192 1978 impar-

2007 1977 2065 1998 titur.
