2243 3205
53 128 102 153 Αιι.
125 127 154 152 C.
171 124 239 152 1659

245 175 391 215 pescant;
417 170 501 203 salva
526 180 658 214 semper·
676 170 705 202 in
730 170 913 213 praemissis
938 179 989 201 au-

246 224 391 257 ctoritate
415 223 669 267 congregationis
704 223 886 256 eorumdem
913 233 983 256 ear-

246 276 407 310 dinalium.

291 330 306 374 g
331 329 359 363 3.
381 330 589 363 Decernentes
603 329 726 362 easdem
749 334 926 372 praesentes
940 328 986 360 lit-

247 390 329 417 teras
354 394 479 428 semper
496 384 614 424 firmas,
635 389 704 424 etc.,
723 384 829 427 sicque
850 384 880 416 in
897 393 986 427 prae-

246 438 349 470 missis
374 449 431 482 per
455 448 672 481 quoscumque
698 437 826 479 iudices
852 443 920 477 etc.‚
938 437 986 469 de-

245 490 328 523 finiri
354 490 480 531 debere,
505 500 541 523 ae
567 490 690 524 irritum
716 494 745 524 et
766 490 867 530 inane,
893 489 917 522 si
943 500 986 522 se-

245 554 310 584 cus,
336 549 410 585 ete,
436 543 603 586 contigerit
627 543 781 577 attentari.

290 597 304 640 g
329 596 358 628 4.
384 596 451 629 Non
484 596 680 628 obstantibus
712 596 914 639 praemissis,
949 606 985 628 ae

244 649 343 682 selieis
368 648 596 682 recordationis
622 649 770 682 Bonisacii
796 649 898 693 Papae
920 649 983 681 VIII

243 702 496 746 praedecessoris
520 702 619 735 nostri
644 702 682 734 de
708 704 780 744 una,
806 708 835 735 et
860 703 982 735 concilii

243 756 399 798 generalis
419 755 457 788 de
482 755 602 788 duabus
626 755 732 797 dietis⁷
759 760 827 797 etc„
853 755 983 799 aliisque

243 808 441 852 apostolicis,
469 818 504 840 ae
529 808 561 840 in
592 807 821 840 universalibus
854 808 982 851 provin-

243 861 438 906 cialibusque
459 866 489 894 et
506 860 707 905 synodalibus
725 860 866 894 conciliis
883 861 982 901 editis,

242 914 443 957 generalibus
461 914 506 946 vel
526 913 725 957 specialibus,
752 913 982 946 constitutioni-

242 967 300 1000 bus
326 973 355 1000 et
375 967 640 1008 ordinationibus,
672 977 804 1007 necnon,
830 972 983 1010 quatenus

242 1030 322 1064 opus
353 1021 412 1059 sit,
445 1020 687 1062 Congregationi
720 1025 750 1052 et
787 1019 982 1053 Ordinationi

242 1072 434 1114 huiusmodi,
460 1078 537 1113 etc.;
562 1073 676 1117 quibus
696 1073 843 1106 omnibus
867 1074 896 1105 et'
921 1073 981 1104 sin-

242 1127 339 1169 gulis,
368 1127 494 1159 illorum
520 1132 645 1159 tenores
672 1126 889 1169 praesentibus
914 1131 982 1165 etc„

243 1179 420 1223 specialiter
445 1184 474 1213 et
498 1190 644 1223 expresse
669 1179 876 1221 derogamus3
902 1184 983 1211 cete-

242 1233 348 1276 risque
373 1233 538 1266 contrariis
566 1233 827 1276 quibuscumque.

288 1286 356 1329 55.
394 1286 543 1319 Volumus
579 1291 704 1326 autem⁷
739 1290 768 1317 ut
802 1285 982 1317 carumdem

244 1340 458 1383 praesentium
495 1339 720 1383 transumptis,
757 1345 836 1379 ete,
875 1338 982 1371 eadem

244 1403 376 1437 prorsus
392 1393 509 1436 ubique
530 1393 670 1425 locorum
690 1392 768 1424 fides
788 1392 983 1432 adhibeatur,

245 1457 325 1491 quae
351 1447 491 1491 ipsismet
515 1446 734 1490 praesentibus
759 1446 982 1489 adhiberetur,

244 1501 268 1533 si
295 1501 397 1533 forent
422 1500 577 1533 exhibitae
604 1500 648 1532 rel
675 1506 827 1533 ostensae.

287 1555 398 1587 Datum
423 1555 551 1594 Romae,
577 1554 659 1598 apud
685 1554 713 1587 S.
736 1553 862 1586 Mariam
889 1553 982 1586 Maio-

243 1619 322 1649 rem,
333 1608 390 1641 sub
403 1608 520 1641 annulo
535 1608 712 1648 Piscatoris,
726 1607 774 1640 die
789 1618 840 1641 xix
854 1613 984 1651 septem-

243 1663 308 1695 bris
338 1673 470 1703 uncmx,
505 1662 705 1706 pontificatus
731 1662 829 1695 nostri
854 1672 936 1694 anno
956 1672 982 1694 v.

278 1727 339 1754 Dat.
360 1725 402 1752 die
427 1725 456 1752 19
476 1724 640 1760 septembris
664 1724 739 1756 1659,
756 1724 849 1759 pontis„
864 1732 934 1752 auno
946 1732 971 1751 v.

63 373 67 376 ²
76 346 186 366 Decretum
205 343 232 364 ir-

51 375 122 394 ruens.

118 608 230 637 Derogatio

50 637 208 656 contrariorum.

79 1298 228 1322 ‘l'rausuuipto-

48 1332 90 1347 rum
106 1325 165 1344 sides.

554 1841 672 1875 CCLXl.

245 1913 476 1949 Ordinationes
499 1923 596 1955 super
629 1911 826 1944 admissione
857 1911 985 1944 clerico-

286 1977 358 2000 rum
381 1966 577 1999 secularium
598 1965 771 1998 Doctrinae
797 1965 1003 1998 Chz'stianae-

287 2021 324 2054 in
345 2020 458 2054 Gallia
477 2019 519 2051 ad
538 2025 609 2051 vota
629 2019 796 2061 simplicia
812 2028 986 2061 corumque

287 2073 331 2106 ad
354 2073 483 2106 ordines
503 2082 608 2105 sacros
630 2070 852 2114 promotione¹.

438 2143 604 2171 Alexander
624 2144 704 2177 Papa
724 2143 785 2176 vll,

369 2189 405 2216 ad
423 2191 599 2223 perpetuam
615 2187 658 2214 rei
678 2187 859 2214 memoriam.

78 2256 214 2275 Prooemium.

289 2251 484 2285 Sacrosaneti
503 2250 694 2294 apostolatus
710 2249 867 2281 officium²
881 2249 984 2281 humi-

245 2305 323 2339 litati
348 2309 473 2337 nostrae
498 2314 553 2347 per
579 2302 768 2335 ineffabilem
794 2302 917 2333 divinae
935 2302 986 2333 bo-

281 2396 293 2420 ¹
317 2393 353 2420 Ex
376 2392 482 2427 Regest.
504 2391 529 2417 in
550 2391 651 2417 Secret.
674 2391 750 2417 [trev.

281 2437 297 2464 2
317 2437 417 2464 Eadem
442 2437 498 2463 sere
521 2440 561 2463 est
585 2435 740 2462 huiusmodi
770 2434 930 2461 constitutio
955 2444 985 2461 ac

247 2483 316 2510 duae
327 2482 407 2509 simul
423 2482 529 2508 iunctae
541 2489 609 2516 quae
624 2481 675 2507 iam
688 2483 894 2515 praecesserunt
906 2488 986 2515 supra
1002 2507 1003 2510 Ἴ

1002 2520 1064 2555 [ter
1081 2523 1118 2558 (u.
1135 2523 1183 2556 τ.).

248 2536 307 2564 pag.
326 2528 376 2554 445
391 2531 416 2553 ct
431 2535 490 2562 pag.
507 2526 557 2553 437
573 2528 613 2561 (n.
631 2526 679 2560 T.).

333 2582 409 2610 Bull.
433 2582 513 2609 Rom.
536 2596 568 2601 -
588 2580 645 2606 Vol.
662 2579 736 2606 XVI.
883 2579 918 2605 63

838 122 1022 144 ALExAtx‘plzti
1050 121 1089 143 Vll
1119 122 1164 144 ΙΨ.

1023 169 1128 201 nitatis
1153 168 1375 201 abundantiam
1403 169 1584 213 impositum
1610 168 1763 212 postulat,

1023 227 1055 254 ut
1080 221 1366 265 Congregationum
1397 223 1537 255 virorum
1571 223 1601 254 in
1627 222 1764 254 Ecclesia

1023 275 1075 307 Dei
1101 275 1150 319 pie
1175 275 1410 319 prudenterque
1435 276 1669 314 institutarum,
1693 274 1765 307 nbc—

1022 338 1136 372 resque
1161 328 1318 361 bonorum
1344 339 1475 372 operum
1503 329 1622 361 fructus
1641 328 1763 360 assidue

1021 381 1274 425 producentium,
1289 381 1378 414 statui
1394 387 1424 414 et
1437 381 1561 415 utilitati
1576 381 1762 425 opportunis

1021 434 1195 467 rationibus
1213 435 1379 467 consulere
1403 434 1594 473 studeamus,
1612 440 1705 478 prout
1731 434 1760 466 in

1020 487 1153 520 Domino
1171 487 1384 531 conspicimus
1410 488 1578 520 salubriter
1603 487 1759 531 expedire.

1063 541 1078 584 ἓ
1098 541 1126 573 I.
1149 541 1269 584 Exponi
1289 541 1443 584 siquidem
1463 541 1553 573 nobis
1571 551 1671 584 nuper
1690 541 1759 573 fecit

1019 593 1150 628 dilectus
1175 594 1258 627 filius
1283 593 1469 627 Franciscus
1495 593 1606 633 Arias,
1630 594 1760 638 presby-

1020 652 1066 679 ter
1096 658 1131 680 ac
1156 652 1346 691 procurator
1377 646 1636 689 Congregationis
1662 647 1756 679 eleri-

1019 710 1127 733 corum
1158 700 1345 733 secularium
1376 699 1541 733 Doctrinae
1565 699 1759 732 Christianae

1019 753 1049 784 in
1074 752 1181 793 Gallia,
1208 753 1290 796 quod
1316 753 1424 786 eadem
1449 751 1657 795 Congregatio
1678 762 1759 784 anno

1018 816 1167 839 MDchvu
1192 817 1208 838 a
1234 806 1332 839 felicis
1358 805 1585 839 recordationis
1610 805 1759 838 Innocen—

1020 858 1061 891 tio
1098 858 1181 902 Papa
1213 859 1238 892 X
1276 858 1520 902 praedecessore
1555 862 1664 890 nostro
1701 867 1759 900 per

1018 911 1167 955 quasdam
1193 922 1264 944 suas
1289 912 1319 944 in
1345 911 1438 944 simili
1465 911 1565 944 forma
1591 910 1697 943 Brevis
1713 910 1759 943 lit-

1018 970 1100 998 teras
1126 977 1142 998 a
1170 966 1421 1009 Congregatione
1442 966 1631 999 clericorum
1658 975 1755 1007 regu-

1018 1018 1129 1051 larium
1155 1019 1192 1051 de
1213 1019 1382 1052 Somascha
1399 1017 1598 1062 nuncupata¹
1616 1023 1758 1061 separata

1018 1071 1090 1112 suit,
1116 1078 1143 1104 et
1170 1083 1228 1115 pro
1253 1072 1366 1105 futuris
1391 1072 1463 1104 inde
1489 1071 1684 1115 temporibus
1710 1081 1757 1103 se-

1018 1125 1133 1157 cularis
1158 1125 1317 1165 remansit,
1343 1131 1435 1169 atque
1461 1125 1502 1157 ita
1526 1124 1579 1157 ut‘2
1604 1135 1701 1167 usque
1727 1124 1758 1156 in

1018 1178 1208 1210 hodiernum
1234 1179 1315 1211 diem
1335 1179 1556 1222 perseverarit.
1582 1178 1643 1210 Sed
1667 1189 1702 1209 ex
1722 1188 1758 1210 eo

1018 1236 1099 1264 statu
1123 1232 1259 1274 plurima
1286 1243 1376 1275 passa
1395 1237 1437 1264 est
1458 1236 1487 1264 et.
1508 1232 1625 1275 patitur
1643 1231 1760 1263 incom—

1019 1285 1121 1318 moda.
1146 1287 1235 1325 Nam,
1258 1286 1329 1319 licet
1347 1285 1476 1329 plurimi
1495 1296 1511 1316 a
1530 1284 1691 1328 praedicto
1709 1296 1759 1316 an-

1018 1348 1058 1371 no
1077 1348 1225 1372 unchvu
1244 1339 1342 1371 citra⁸
1358 1338 1596 1382 postulaverint,
1611 1343 1640 1369 et
1656 1337 1759 1370 adhuc

1019 1392 1111 1426 hodie
1129 1393 1316 1436 postulant⁴,
1332 1393 1362 1425 in
1380 1392 1522 1424 eamdem
1538 1392 1759 1434 Congregatio-

1018 1457 1089 1479 nem
1105 1447 1271 1479 Doctrinae
1294 1446 1487 1480 Christianae
1506 1445 1638 1483 admitti,
1656 1446 1758 1478 allecti

1019 1501 1079 1532 vita
1104 1500 1276 1543 exemplari
1300 1500 1384 1532 illius
1401 1509 1608 1543 personarum
1630 1503 1659 1530 et
1687 1498 1759 1530 assi-

1018 1554 1086 1586 duis
1112 1554 1235 1597 pietatis
1261 1553 1371 1586 officiis
1397 1553 1426 1585 iu
1454 1553 1594 1585 instituto
1626 1552 1758 1585 docendi

1018 1608 1192 1640 doctrinam
1219 1607 1420 1639 christianam
1451 1611 1511 1638 tam
1545 1606 1574 1637 in
1607 1605 1759 1638 missioni-

1019 1661 1075 1693 bus
1092 1672 1185 1704 quam
1206 1662 1235 1692 in
1254 1660 1440 1699 civitatibus,
1454 1659 1567 1703 quihus
1586 1659 1759 1691 indesinen-

1019 1721 1066 1747 ter
1085 1715 1235 1747 incumbit
1252 1725 1322 1746 cum
1341 1714 1478 1757 plurimo
1499 1713 1676 1744 animarum
1698 1713 1760 1744 fru-

1019 1774 1069 1801 ctu
1090 1773 1122 1800 ut
1139 1767 1264 1811 publica
1279 1767 1359 1799 sama
1373 1772 1429 1806 est,
1443 1771 1471 1798 ct
1490 1766 1633 1809 praemi-⁵
1647 1776 1759 1809 quam-

1018 1821 1162 1866 plurimis
1198 1820 1448 1853 attestatiouibus
1473 1819 1671 1851 'authenticis
1698 1825 1758 1851 tam

1019 1875 1242 1919 episcoporum
1278 1883 1371 1917 quam
1405 1872 1564 1906 civitatum
1592 1872 1622 1904 in
1645 1872 1760 1915 quibus

1021 1930 1087 1973 ipsa
1117 1927 1325 1970 Congrcgatio
1354 1927 1558 1960 humaniores
1592 1937 1760 1969 sacrasque

1020 1983 1138 2015 litteras
1162 1982 1192 2014 in
1219 1981 1388 2013 academiis
1407 1980 1541 2024 publicis
1562 1980 1672 2019 docet3
1698 1990 1760 2012 sae-

1020 2046 1057 2079 pe
1083 2041 1185 2067 tamen
1211 2034 1332 2075 accidit,
1352 2040 1383 2066 ut
1409 2044 1471 2066 non
1493 2033 1595 2077 pauci,
1614 2033 1707 2065 nullis
1729 2032 1760 2064 li-

1019 2089 1081 2132 gati
1118 2088 1249 2121 vinculis
1284 2087 1456 2131 perpetuis,
1487 2092 1651 2130 postquam
1686 2086 1760 2119 Con-

1020 2142 1162 2186 gregatio
1194 2141 1373 2174 huiusmodi
1404 2139 1574 2183 plurimum
1609 2139 1760 2182 temporis

1057 2260 1065 2284 1
1091 2258 1157 2284 Male
1173 2257 1216 2283 ed.
1234 2257 1312 2283 Maio.
1331 2257 1414 2283 habet
1430 2258 1614 2290 nuncupatae
1633 2257 1667 2289 (n.
1685 2255 1731 2287 T.).

1053 2304 1070 2328 2
1090 2301 1222 2328 Particula
1243 2304 1274 2328 ul
1295 2300 1428 2327 redundat
1447 2302 1488 2335 (a.
1510 2301 1558 2331 τ.>.

1054 2347 1070 2373 3
1090 2345 1157 2372 Male
1173 2346 1199 2372 in
1214 2345 1264 2372 loc*
1284 2345 1402 2380 parallel.
1421 2353 1480 2379 pag.
1500 2344 1549 2370 445
1566 2344 1580 2369 b
1597 2343 1693 2369 lectum
1710 2343 1761 2369 suit

1019 2389 1096 2416 circa
1117 2396 1165 2422 pro
1185 2388 1260 2415 citra
1277 2390 1311 2421 (a.
1328 2389 1376 2416 TA.

1055 2434 1069 2459 li
1081 2433 1174 2467 Aptius
1189 2432 1215 2458 iu
1231 2433 1282 2458 loc.
1297 2431 1390 2466 parali.
1404 2431 1501 2466 legitur
1514 2431 1658 2465 postulant
1670 2431 1759 2465 ¹stiffi).

1055 2480 1070 2505 5
1091 2479 1120 2504 Iu
1136 2478 1186 2504 loe.
1205 2477 1298 2512 parali.
1316 2477 1414 2511 legitur
1426 2477 1541 2511 pariter
1557 2484 1592 2502 ω·
1609 2484 1655 2511 pro
1674 2484 1760 2510 prac-

1804 552 1920 577 Expositi-J,
