2243 3205
887 147 983 171 *INDEX
1009 147 1068 171 ΕΓΒ
1074 147 1139 172 RICA
1146 147 1208 171 RUM

280 197 375 231 CLIV.
400 198 616 233 Prohibentur
633 199 774 232 musicae
795 200 977 235 indecentes
990 201 1021 233 in

275 287 277 289 ,
368 252 509 286 ecclesiis
529 258 558 285 et
576 252 726 286 oratoriis
741 253 844 295 t‘rbts,
868 253 942 287 275.

279 305 361 338 CLV.
395 305 499 348 Super
524 305 659 349 negotiis
691 306 872 349 provinciae
902 308 1019 341 Portu-

370 359 484 402 galliae
509 359 635 392 Ordinis
662 359 876 393 Ercmitarum
903 360 932 394 S.
962 362 1023 394 Au-

370 412 502 456 gustini,
530 412 605 445 277.

279 465 376 499 CLVI.
398 466 523 499 Erectio
538 473 676 511 quatuor
696 467 876 500 officiorum
895 468 1024 502 clerico-

368 529 439 552 rum
467 520 732 553 ceroferariorum
758 521 921 565 cappellae
946 533 1024 565 pon-

368 573 498 614 tificiae,
528 572 601 607 279.

278 625 387 660 CLVII.
401 627 553 660 Removet
567 628 767 661 obstaculum
783 628 1022 662 constitutionis
1049 627 1051 636 '

369 680 488 714 Urbani
514 680 592 721 VIII,
613 691 670 725 pro
689 682 910 715 observatione
930 684 1024 716 sesto-

371 745 442 767 rum
473 734 595 775 editae,
619 735 725 778 quoad
759 735 875 769 festum
901 736 1024 770 Conec—

371 788 491 831 ptionis
521 789 636 822 Beatae
668 790 783 822 Mariae
814 790 953 833 Virginis
990 790 1022 823 in

368 852 468 885 regno
495 842 669 876 Galliarum
696 849 836 884 tantum,
863 843 940 877 280.

278 894 403 928 CLVIII.
431 895 639 930 Confirmatio
665 897 772 930 statuti
792 908 850 941 pro
867 897 1023 931 universi-

369 955 431 983 tate
444 950 703 984 barbitonsorum
721 951 822 984 almae
833 951 1022 991 Urbis,280.

277 1002 375 1036 CLIX.
401 1004 580 1037 Declaratio
603 1004 687 1037 circa
709 1005 916 1038 omissionem
935 1007 1024 1050 equi-

368 1057 500 1090 tationis
525 1058 557 1090 in
583 1058 743 1092 solutione
769 1069 882 1092 census
899 1071 956 1103 pro
973 1070 1022 1093 re-

369 1121 431 1154 gno
456 1111 615 1154 Neapolis,
640 1111 714 1145 282.

279 1163 362 1197 CLX.
397 1163 538 1198 Licentia
574 1165 698 1209 reginae
741 1165 868 1199 St'eciae
912 1167 1022 1210 ingre-

368 1217 474 1250 diendi
492 1224 520 1252 et
538 1219 751 1262 pernoctandi
770 1219 802 1252 in
820 1220 1022 1253 monasteriis

368 1270 556 1304 monialium
572 1271 603 1305 in
620 1271 745 1312 itinere,
762 1273 848 1317 quod
867 1273 1019 1317 suscepit,

368 1334 441 1357 cum
467 1330 606 1369 quatuor
629 1325 818 1360 mulieribus
838 1338 874 1360 ex
895 1337 952 1360 suo
972 1338 1022 1361 co-

368 1378 494 1419 mitatu,
522 1378 595 1412 283.

277 1430 373 1464 CLXI.
395 1431 573 1466 Declaratio
591 1432 745 1466 nullitatis
766 1433 862 1466 edicti
880 1434 1022 1478 promul-

366 1484 429 1528 gati
445 1496 462 1518 a
479 1496 613 1528 prorege
628 1487 789 1531 Neapolis,
804 1498 867 1530 quo
882 1487 1022 1521 declarat

367 1539 602 1573 ecclesiasticos
618 1541 846 1584 comprehendi
867 1541 926 1574 sub
947 1542 1023 1574 ban-

367 1591 417 1626 nis
443 1604 501 1636 per
524 1593 633 1637 ipsum
655 1594 748 1627 editis
773 1605 871 1638 super
895 1606 1020 1628 conser-

367 1645 494 1679 vatione
518 1646 675 1687 sanitatis,
698 1653 728 1680 et
753 1658 817 1691 quo
843 1647 1023 1691 iniungitur

367 1699 561 1734 officialibus
606 1700 748 1734 eiusdem
793 1701 935 1744 proregis
982 1712 1021 1735 ne

365 1754 550 1798 permittant
582 1755 807 1788 ecclesiasticis
838 1756 1020 1799 ingressum

365 1806 503 1841 civitatis
527 1808 675 1853 Neapolis
704 1809 772 1842 sine
797 1809 867 1843 eius
891 1809 1021 1843 licentia

367 1859 398 1893 in
424 1861 562 1905 scriptis,
590 1868 617 1895 et
645 1862 784 1896 declarat
808 1863 933 1896 nullum
955 1864 1021 1896 edi-

366 1920 452 1948 ctum
477 1916 508 1949 iu
533 1917 643 1949 eadem
675 1916 807 1950 materia
834 1916 873 1950 ab
899 1918 1021 1951 archic-

366 1969 498 2013 piscopo
523 1969 732 2013 Neapolitano
759 1971 891 2011 sactum,
918 1971 994 2005 283.

277 2021 392 2056 CLXII.
417 2023 456 2056 Ut
473 2023 580 2056 Bullac
601 2023 719 2057 Nicolai
735 2024 783 2065 lv,
800 2022 970 2066 MartiniV‚
990 2031 1020 2058 et

367 2076 443 2110 Sixti
464 2077 514 2118 IV,
536 2087 591 2121 pcr
607 2087 686 2121 quas
703 2077 1021 2112 't'ertiariiTertiiOr-

365 2129 449 2162 dinis
474 2129 573 2164 sancti
592 2131 750 2164 Francisci
767 2132 806 2165 de
821 2132 1018 2166 Poenitentia

364 2184 540 2228 nuncupati
559 2183 776 2218 subjiciuntur
799 2185 1019 2229 superioribus

368 2243 399 2272 et
424 2238 639 2272 visitatoribus
659 2238 785 2272 Ordinis
810 2239 908 2273 sancti
924 2240 1020 2273 Fran-

364 2291 438 2324 cisci
464 2291 503 2324 de
529 2291 757 2334 Observantia,
783 2293 1015 2336 observentur,

366 2342 440 2378 284.

278 2396 406 2432 CLXIII.
428 2397 616 2432 Commissio
631 2399 732 2442 legato
750 2399 950 2438 Urbinatensi
968 2411 1017 2433 su-

366 2462 423 2495 per
445 2451 684 2485 transmissione
701 2452 911 2487 bibliothecae
928 2453 1018 2487 ducis

366 2506 476 2539 Urbini
503 2505 542 2538 ad
568 2505 699 2547 Urbem,
725 2507 763 2539 ad
790 2507 851 2541 hoc
874 2513 909 2541 ut
944 2507 1015 2541 libri

365 2558 550 2594 huiusmodi
587 2559 618 2593 in
643 2559 838 2595 bibliotheca
863 2561 1016 2596 Vaticana

1708 137 1772 172 8⁶29

1165 201 1374 242 collocentur,
1388 200 1498 244 ibique
1514 206 1680 244 perpetuo,
1692 206 1816 235 retento

1164 253 1377 287 bibliothecae
1392 254 1481 288 ducis
1494 254 1616 293 Urbini,
1634 254 1817 288 custodian-

1166 311 1228 346 tur,
1256 306 1330 342 286.

1077 359 1199 393 CLXIV.
1227 361 1402 394 Prohibitio
1420 362 1602 394 extrahendi
1619 369 1816 405 paramenta,

1164 418 1222 446 etc.
1239 424 1297 458 pro
1316 415 1464 448 omnibus
1484 415 1626 448 ccelesiis
1644 417 1816 449 monacho-

1165 478 1236 500 rum
1262 468 1527 512 Congrcgationis
1552 468 1816 510 Caclestinorum,

1165 519 1240 554 289.

1076 573 1185 606 CLXV.
1221 575 1345 608 Erectio
1379 575 1541 609 custodiae
1570 577 1722 610 Brasiliae
1753 578 1813 611 Or-

1164 628 1246 661 dinis
1271 629 1428 662 Minorum
1462 630 1563 663 sancti
1592 631 1751 664 Francisci
1777 631 1815 664 de

1165 681 1374 715 observantia
1401 683 1655 716 Rel'ormatorum
1686 684 1717 716 in
1743 695 1817 728 pro-

1165 735 1314 775 vinciam,
1339 736 1414 769 290.

1075 787 1198 821 CLXVI.
1225 789 1443 823 Ilortatorium
1474 789 1680 834 gubernatori
1704 791 1818 835 Belgii,

1164 853 1202 875 ne
1228 843 1306 875 alios
1332 854 1427 887 quam
1453 853 1544 876 sanae
1562 844 1724 877 doctrinae
1742 856 1816 888 pro-

1164 896 1299 929 sessores
1335 897 1373 929 ad
1411 897 1479 930 loca
1514 898 1657 930 vacantia
1692 898 1816 941 collegii

1163 951 1262 984 stricti
1278 951 1438 984 facultatis
1453 951 1629 994 theologiae
1644 951 1816 985 Lovanien-

1164 1005 1207 1037 sis
1233 1005 1351 1037 assumi
1379 1004 1472 1045 sinat,
1497 1004 1573 1037 292.

1076 1057 1216 1092 CLXVII.
1244 1058 1420 1091 Prohibitio
1446 1059 1630 1092 extrahendi
1648 1059 1745 1092 libros
1769 1059 1815 1092 bi-

1164 1112 1396 1145 bliothecarum
1412 1112 1556 1145 omnium
1571 1118 1602 1145 et
1615 1113 1815 1155 singularum

1164 1165 1333 1198 domorum
1361 1165 1494 1198 srattum
1520 1164 1647 1198 Ordinis
1673 1165 1816 1198 Minimo-

1162 1229 1234 1252 rum
1252 1218 1352 1251 sancti
1372 1217 1530 1250 Francisci
1548 1218 1586 1250 de
1607 1217 1705 1251 Paula
1719 1219 1816 1252 totius

1161 1272 1344 1316 provinciae
1369 1271 1606 1314 Neapolitanae,
1634 1270 1708 1304 292.

1074 1326 1228 1361 CLXVIII.
1257 1325 1437 1359 Facultates
1454 1324 1607 1367 episcopo
1623 1324 1815 1358 Marianeusi

1163 1386 1194 1413 et
1226 1378 1371 1412 Acciensi
1396 1378 1481 1410 circa
1509 1382 1598 1420 peste
1630 1376 1762 1411 intectos
1787 1383 1816 1412 et

1161 1439 1340 1476 suspectOS‚
1368 1431 1443 1465 293.

1073 1486 1202 1521 CLXIX.
1245 1486 1362 1519 Statuit
1395 1484 1480 1528 quod
1513 1494 1609 1517 nemo
1640 1485 1678 1519 de
1711 1491 1816 1519 cetero

1160 1540 1191 1573 in
1218 1539 1431 1574 electionibus
1456 1540 1613 1582 generalis
1638 1539 1816 1583 Congrega-

1162 1594 1257 1629 tionis
1291 1594 1523 1628 canonicorum
1556 1594 1752 1637 regularium
1785 1592 1816 1628 S.

1161 1648 1290 1682 Ioannis
1315 1648 1535 1690 Evangelistae
1561 1647 1592 1680 in
1612 1647 1817 1691 Portugallia,

1161 1702 1364 1744 aliorumque
1382 1707 1539 1734 rectorum
1558 1700 1686 1733 illorum
1707 1710 1816 1733 mona-

1162 1756 1343 1796 steriorum,
1362 1760 1467 1788 votum
1487 1764 1542 1786 seu
1557 1754 1745 1797 suffragium
1761 1765 1816 1797 per

1161 1808 1281 1843 litteras
1307 1809 1382 1841 dare
1401 1808 1510 1852 possit,
1533 1807 1588 1840 sed
1615 1807 1647 1839 in
1669 1806 1733 1840 illis
1750 1818 1816 1840 ser-

1160 1862 1225 1895 vari
1250 1861 1365 1894 debeat
1388 1860 1556 1905 dispositio
1580 1870 1744 1893 sacrorum
1765 1871 1816 1893 ca-

1159 1925 1292 1956 nonum,
1319 1914 1396 1947 0294.

1071 1968 1183 2003 CLXX.
1211 1969 1355 2002 Facultas
1380 1968 1564 2012 inquisitori
1590 1968 1738 2001 Melitano
1758 1969 1813 2001 ab·

1160 2023 1304 2056 solvendi
1326 2033 1382 2066 per
1399 2033 1444 2063 se,
1467 2023 1514 2056 vel
1535 2022 1644 2061 alium,
1663 2022 1812 2066 imposita

1158 2077 1358 2120 poenitentia
1384 2077 1538 2117 salutari,
1563 2088 1617 2110 eos
1649 2077 1704 2120 qui
1740 2087 1811 2109 ceu-

1160 2142 1249 2164 suras
1268 2131 1471 2164 incurrerunt
1489 2131 1563 2174 quia
1580 2129 1752 2163 Martinum
1771 2129 1809 2162 de

1158 2185 1257 2218 Redin
1279 2185 1416 2229 priorem
1431 2185 1586 2217 Xavarrae
1604 2183 1637 2216 in
1655 2193 1806 2226 magnum

1158 2240 1344 2282 magistrum
1371 2238 1520 2281 hospitali
1542 2238 1574 2270 S.
1596 2236 1723 2269 Ioannis
1743 2236 1812 2269 llic-

1157 2291 1379 2336 rosolymitani
1394 2291 1559 2334 clegerunt
1576 2295 1685 2323 contra
1704 2289 1811 2324 decre-

1157 2351 1224 2379 tum
1254 2345 1351 2389 ipsius
1378 2343 1593 2387 inquisitoris,
1622 2342 1695 2376 0296.

1069 2399 1195 2434 CLXXI.
1213 2401 1274 2432 Pro
1292 2397 1640 2432 archieonfraternitate
1654 2397 1811 2430 B.Mariae

1158 2454 1196 2487 de
1217 2452 1374 2494 Sutt‘ragio
1402 2451 1494 2484 Urbis
1521 2450 1605 2482 circa
1626 2450 1808 2483 facultatem

1157 2506 1350 2551 aggregandi
1372 2504 1646 2538 confraternitates
1666 2504 1808 2537 eiusdem

1156 2559 1296 2595 nominis
1322 2564 1352 2593 ct
1377 2558 1526 2599 instituti,
1553 2557 1628 2591 ibid.
