2202 3190
442 177 505 210 840
984 186 1158 210 BULLAtuUM
1184 186 1334 210 Romanum

485 237 631 272 rumdam
676 247 843 271 causarum
870 264 878 278 ,
917 238 1163 282 saciendisquet

485 291 736 336 proclamatibus
751 301 807 324 seu
833 291 1048 325 bannimentis
1065 302 1137 336 poe—

485 344 634 386 nalibus,
669 354 795 378 necnon
827 344 1043 378 infeudatione
1075 356 1133 377 cu-
1161 351 1163 361 ’

484 398 608 431 iusdam
640 397 733 430 castri
763 398 941 442 respective
971 408 1137 432 concesso-

484 463 568 491 rum,
594 450 668 485 591.

396 505 527 539 CCCVII.
560 504 768 539 Confirmatio
810 504 929 539 decreti
964 515 1136 549 congrega-

485 559 580 593 tionis
597 558 636 592 de
652 558 862 603 propaganda
879 559 956 592 Fide
980 559 1064 592 circa
1079 559 1138 591 fra—

484 619 547 647 tres
583 612 709 646 Ordinis
734 612 944 646 Eremitarum
968 612 997 645 S.
1022 613 1133 656 Augu-

488 666 562 701 stini
584 667 846 699 Excalceatorum
863 670 1065 709 nuncupatae
1082 665 1137 709 qui

488 731 524 753 ex
562 719 690 763 Europa
722 720 761 752 ad
786 719 908 752 insulas
939 719 1137 762 Pliilippinas

489 772 762 813 transmittuntur,
780 784 821 806 ne
839 772 950 815 quovis
974 776 1137 816 praetextu

484 826 517 859 in
543 826 669 860 civitate
693 825 813 866 Mexici,
835 825 969 869 aliisque
993 825 1025 858 in
1049 825 1136 866 locis,

486 891 541 923 per
574 891 657 924 quae
689 891 742 915 eos
780 880 914 913 transire
947 879 1136 923 contigerit,

484 944 608 967 moram
624 962 631 975 ‚
654 935 739 967 ultra
764 944 860 977 quam
886 934 1059 968 necessitas
1085 934 1135 967 iti-

483 987 567 1020 neris
599 993 652 1021 aut
685 993 882 1021 commeatus
914 988 1045 1029 tulerit,
1071 989 1136 1022 ullo

439 1084 442 1087 Α
484 1045 577 1084 pacto
603 1041 729 1074 trahere
755 1041 904 1080 audeant,
931 1046 1006 1082 etc.,
1034 1041 1108 1075 594.

396 1094 541 1130 CCCVIIl.
559 1094 766 1128 Confirmatio
780 1095 874 1139 primi
888 1095 992 1128 Brevis
1006 1096 1137 1130 erectio-

483 1148 533 1183 nis
553 1149 736 1193 provinciae
754 1149 787 1182 B.
806 1148 888 1182 Petri
915 1149 953 1182 de
968 1150 1136 1183 Alcantara

485 1202 612 1235 Ordinis
637 1202 738 1235 sancti
754 1202 912 1235 Francisci
927 1208 1053 1246 patrum
1071 1202 1136 1236 Dis-

484 1257 697 1290 calceatorum
723 1255 754 1288 in
779 1256 946 1300 Hispania,
976 1266 1048 1289 cum
1073 1257 1135 1289 ele-

484 1310 590 1345 ctione
615 1309 752 1343 ministri
776 1309 980 1354 provincialis
1004 1316 1034 1343 et
1059 1310 1136 1343 defi-

483 1364 624 1397 nitorum
645 1364 743 1406 ipsius
761 1363 945 1407 provinciae
963 1374 980 1396 a
997 1363 1135 1397 Sanctis-

483 1417 564 1450 simo
583 1418 675 1457 facta,
687 1416 763 1450 590.

394 1469 513 1505 CCCIX.
540 1470 726 1504 Subsidium
743 1475 855 1504 contra
872 1471 990 1504 Turcas
1007 1476 1135 1504 centum

484 1525 619 1558 millium
644 1529 806 1558 scutorum
837 1524 906 1557 auri
940 1535 1035 1567 super
1063 1524 1132 1558 sru-

484 1578 588 1612 ctibus
613 1577 836 1612 ecciesiasticis
854 1577 1062 1621 Reipublicae
1080 1578 1137 1611 Ve-

485 1638 646 1672 netorum,
673 1630 748 1665 597.

397 1685 499 1721 CCCX.
524 1685 689 1730 impositio
715 1684 914 1718 decimarum
940 1695 998 1729 pro
1029 1685 1136 1728 Repu-

484 1739 568 1773 blica
593 1740 723 1779 Veneta,
749 1737 823 1771 600.

396 1792 515 1827 CCCXI.
544 1792 660 1826 Statuit
689 1803 728 1825 ne
755 1792 794 1825 de
823 1797 929 1826 cetero
954 1792 985 1825 in
1010 1793 1137 1837 provin-

484 1846 540 1880 ciis
561 1846 658 1879 Tertii
680 1845 807 1879 Ordinis
824 1845 855 1878 S.
880 1846 1040 1880 Francisci
1061 1856 1136 1879 con-

484 1899 684 1943 gregationis
712 1898 830 1932 Galliae
861 1899 959 1932 oblati
991 1910 1047 1932 seu
1072 1910 1137 1932 ser-

484 1953 605 1987 vientes
630 1952 790 1986 ullatenus
814 1951 1014 1995 recipiantur
1043 1957 1074 1985 et
1098 1952 1137 1984 ad

484 2005 716 2051 professionem
734 2005 959 2046 admittantur,
983 2005 1043 2038 nisi
1063 2016 1137 2039 cum

484 2059 623 2092 biennali
641 2058 794 2092 novitiatu
820 2063 850 2091 et
876 2063 988 2102 quarto
1007 2064 1080 2092 voto
1098 2059 1137 2092 de

485 2124 549 2147 non
573 2113 777 2158 procuranda
802 2112 863 2145 alia
889 2111 927 2144 ab
951 2111 1137 2146 huiusmodi

485 2167 665 2201 oblatorum
684 2172 715 2199 et
732 2166 938 2200 servientium
956 2166 1138 2200 conditione

484 2221 522 2254 ad
538 2220 768 2264 praescriptum
783 2220 1061 2261 constitutionum,
1078 2219 1137 2253 sub

486 2274 598 2318 poenis
629 2273 815 2317 privationis
844 2274 930 2307 vocis
964 2274 1083 2308 activae
1108 2280 1138 2308 et

488 2327 643 2372 passivae,
666 2337 792 2361 necnon
817 2327 1005 2367 officiorum,
1019 2321 1050 2361 et
1067 2327 1137 2360 nul-

485 2380 582 2414 litatis
613 2387 795 2424 gestorum,
827 2390 932 2424 neque
963 2380 1136 2424 quicquam

487 2434 569 2467 circa
605 2439 723 2467 statum
764 2434 923 2467 dictorum
954 2434 1136 2467 oblatorum

487 2498 543 2520 seu
567 2487 723 2520 laicorum
741 2487 772 2520 in
790 2487 938 2531 capitulis
963 2487 1137 2531 provincia-

487 2539 569 2573 libus
594 2550 649 2573 seu
673 2546 760 2573 extra
784 2550 894 2574 eorum
935 2540 1136 2574 constitutio-

487 2603 565 2626 num
597 2593 670 2626 dicti
703 2593 829 2628 Ordinis
862 2600 892 2628 et
918 2594 1135 2638 praesentium

1275 239 1452 272 litterarum
1478 240 1613 273 formam
1638 239 1818 282 innovetur,
1846 241 1920 276 605.

1187 291 1315 325 CCCXII.
1344 293 1511 326 Decretum
1529 292 1582 326 die
1602 302 1654 326 xtv
1674 293 1856 328 novembris
1873 307 1925 328 an-

1276 345 1307 378 ni
1327 355 1455 386 mnemx,
1475 356 1510 378 ac
1531 346 1626 379 Breve
1643 345 1826 379 Sanctitatis
1845 347 1927 381 Suae

1276 397 1327 431 die
1347 409 1366 432 x
1389 398 1582 443 septembris
1599 399 1674 433 dicti
1700 400 1773 432 anni
1798 401 1926 444 expedi-

1276 458 1327 486 tur
1352 451 1436 486 circa
1461 458 1579 485 statum
1605 453 1785 487 oblatorum
1810 460 1841 487 et
1865 465 1928 488 ser-

1275 505 1428 539 vientium
1452 505 1686 549 provinciarum
1712 506 1742 539 S.
1763 507 1927 541 Francisci

1276 565 1306 592 et
1330 558 1376 592 Ss.
1395 559 1543 592 Ludovici
1559 564 1589 592 et
1605 559 1739 593 Elzearii
1754 560 1851 594 Tertii
1873 561 1927 595 Or-

1239 645 1242 647 .
1277 611 1359 645 dinis
1379 612 1479 645 sancti
1492 612 1652 645 Francisci
1668 614 1927 658 congregationis

1275 664 1454 699 Gallicanae
1486 667 1640 699 servanda
1672 677 1759 706 csse;
1794 677 1865 700 cum
1889 668 1927 702 iis

1277 724 1394 759 tamen,
1415 719 1480 763 qui,
1499 724 1570 763 post
1590 720 1686 754 Breve
1701 720 1799 754 felicis
1819 732 1927 755 recor-

1277 773 1415 806 dationis
1441 773 1558 806 t'rbani
1582 774 1666 818 Papa
1690 775 1755 807 Vlll
1782 785 1851 808 xxvi
1875 786 1927 809 au-

1275 826 1358 870 gusti
1386 836 1502 860 Mncxm
1520 833 1702 861 emanatum
1720 827 1752 860 in
1770 828 1854 862 dicto
1875 828 1928 863 Or-

1276 880 1350 914 dine
1366 880 1496 924 recepti,
1514 890 1550 913 ex
1569 880 1750 914 oblatorum
1765 881 1804 914 ad
1823 881 1924 915 laico-

1277 943 1348 966 rum
1367 939 1484 967 statum
1502 935 1656 968 hactenus
1682 935 1721 967 de
1746 935 1828 968 facto
1846 940 1927 969 tran-

1277 986 1419 1028 sierunt,
1455 998 1491 1020 ex
1524 988 1721 1031 benignitate
1753 989 1927 1036 apostolica

1276 1039 1452 1083 dispensat,
1473 1040 1546 1074 607.

1188 1091 1336 1126 CCCXIII.
1371 1095 1504 1127 ltevocat
1548 1100 1578 1128 et
1614 1094 1756 1128 destituit
1789 1100 1927 1129 rectores

1277 1148 1464 1181 monialium
1498 1148 1782 1182 Carmelitanarum
1816 1149 1927 1182 Excal-

1277 1206 1438 1235 ccatarum
1464 1202 1554 1245 regni
1581 1202 1744 1242 Franciae,
1768 1213 1804 1235 ac
1829 1203 1928 1236 sacul-

1276 1258 1371 1287 tatem
1397 1255 1543 1288 concedit
1567 1254 1702 1299 singulis
1729 1255 1928 1289 monasteriis

1275 1307 1412 1349 eligendi
1453 1308 1511 1340 sibi
1554 1319 1648 1342 suum
1681 1314 1838 1342 rectorem
1871 1320 1928 1343 seu

1275 1358 1472 1401 superiorem
1488 1360 1684 1393 ordinarium
1698 1359 1929 1403 immediatum,

1276 1422 1349 1444 cum
1374 1411 1506 1446 diversis
1532 1412 1801 1456 ordinationibus,
1828 1412 1902 1447 609.

1188 1462 1332 1498 CCCXIV.
1355 1464 1528 1499 Confirmat
1549 1466 1712 1501 decretum
1732 1478 1840 1500 sacrae
1857 1477 1930 1501 con-

1277 1519 1472 1562 gregationis
1488 1520 1698 1563 regularium,
1715 1520 1798 1564 qnod
1812 1522 1928 1554 fratres

1276 1571 1403 1605 Ordinis
1434 1573 1549 1606 Beatae
1580 1573 1694 1606 Mariae
1725 1574 1763 1607 de
1788 1573 1929 1608 Mercede

1277 1625 1518 1670 Redemptionis
1568 1627 1766 1671 captivorum
1805 1627 1930 1671 possint

1277 1678 1335 1712 sibi
1361 1679 1476 1724 eligere
1496 1680 1636 1713 iudicem
1654 1686 1923 1722 conservatorem,

1189 1785 1318 1820 CCCXV.
1337 1787 1528 1822 Constitutio
1545 1798 1641 1832 super
1659 1787 1769 1821 habitu
1786 1787 1932 1832 praelati-

1278 1840 1323 1874 tio
1341 1841 1379 1874 ab
1397 1841 1567 1874 abbatibus
1580 1841 1784 1885 generalibus
1805 1851 1931 1884 congre-

1277 1894 1414 1938 gationis
1432 1893 1611 1928 Olivetanae
1633 1893 1817 1934 deserendo,
1834 1893 1908 1927 623.

1189 1947 1333 1982 CCCXVI.
1367 1947 1519 1982 Concedit
1550 1953 1739 1982 conventum
1777 1948 1810 1981 B.
1844 1948 1930 1981 Petri

1278 2001 1316 2035 de
1341 2001 1475 2035 Nolasco
1500 2007 1606 2035 terrae
1637 2001 1740 2035 Rocca
1771 2001 1805 2035 di
1834 2002 1930 2045 Papa

1278 2054 1433 2088 dioecesis
1466 2055 1675 2097 Tusculanae,
1712 2055 1863 2088 fratribus
1896 2055 1928 2088 B.

1278 2108 1394 2141 Mariae
1433 2107 1472 2141 de
1508 2108 1652 2142 Mercede
1695 2107 1929 2151 redemptionis

1279 2162 1489 2206 captivorum,
1517 2160 1591 2194 625.

1191 2214 1354 2250 CCCXVII.
1387 2215 1505 2249 Ordine
1538 2225 1554 2248 e
1586 2213 1841 2254 dichiarazione,
1872 2213 1930 2247 che

1279 2269 1363 2302 nella
1387 2269 1459 2303 citta
1494 2269 1525 2302 di
1553 2268 1695 2312 Bologna
1711 2295 1718 2308 ,
1752 2267 1889 2301 contado
1913 2277 1931 2300 e

1276 2333 1334 2357 sua
1350 2322 1511 2366 legazione
1533 2323 1561 2355 la
1579 2322 1639 2354 lira
1655 2321 1681 2354 si
1701 2320 1824 2364 spenda
1841 2331 1859 2352 a
1878 2330 1930 2353 ra-

1278 2378 1372 2421 gione
1397 2376 1428 2409 di
1448 2376 1510 2409 due
1527 2375 1606 2420 giuti
1621 2375 1747 2420 papali,
1775 2376 1803 2407 la
1828 2383 1932 2407 mezza

1275 2430 1334 2464 lira
1350 2440 1394 2463 un
1411 2429 1521 2473 giulio,
1549 2429 1570 2462 il
1596 2433 1711 2472 quarto
1736 2427 1766 2460 di
1794 2427 1854 2461 lira
1884 2438 1927 2460 un

1278 2494 1402 2528 grosso,
1430 2482 1504 2516 626.
1531 2513 1533 2515 .

1190 2537 1362 2574 CCCXVIII.
1388 2537 1614 2570 Firmanorum
1640 2535 1844 2579 magistratus
1875 2543 1931 2575 ag-

1278 2591 1435 2636 gregatio,
1464 2589 1537 2625 629.

2158 2373 2163 2381 .

2153 2415 2165 2455 i

2155 2456 2170 2472 r
