2243 3205
69 176 116 201 An.
132 173 161 200 C.
183 170 250 199 ¹660

855 165 1042 192 ALEXANDER
1065 165 1110 189 vn
1133 165 1182 189 PP.

307 227 338 251 n.
363 216 451 257 Quod
475 217 499 250 si
525 217 651 261 quando
671 217 701 250 in
720 215 888 261 praedictis
908 225 1002 259 paro-

263 270 342 303 chiis
358 270 494 314 aliquem
509 281 545 303 ex
564 269 720 313 religiosis
739 268 920 302 monasterii
938 267 999 300 Dis-

263 323 444 356 sertinensis
460 323 646 367 pei-dietum
665 323 829 356 dominum
843 322 1000 361 abbatem,

265 377 310 409 vel
327 377 405 410 alios
419 377 456 409 ad
478 388 556 420 quos
572 382 700 420 spectat,
717 374 909 420 praesentari
928 384 1001 407 con-

263 430 378 473 tigerit,
403 430 429 463 is
453 430 564 463 debeat
581 421 691 463 iisdem
705 428 957 473 exemptionibus
972 432 1001 460 et

262 483 436 527 privilegiis
461 483 621 527 gaudere,
646 493 725 527 quae
752 483 781 515 in
807 481 902 515 simili
927 492 1000 514 casu

262 547 334 568 cum
367 537 550 580 episcopatu
581 541 611 569 et
641 536 754 570 abbate
786 534 1000 578 Wingartensi

262 595 414 623 conventa
439 595 520 630 sunt,
538 589 586 622 vel
610 600 666 633 per
686 589 762 622 alias
779 588 1001 622 conventiones

261 642 342 675 inter
366 643 580 687 episcopatum
605 648 635 675 et
659 648 845 675 conventum
874 647 903 674 et
923 641 1002 674 eius-

260 695 331 728 dem
357 696 571 729 omnimodam
597 696 829 739 exemptionem
855 694 893 727 ad
918 694 999 727 idem

260 749 487 782 monasterium
513 749 741 782 Dissertinense
766 752 926 792 spectant,
952 757 1002 779 ne·

259 812 331 845 que,
355 802 492 846 exceptis
517 802 553 835 iis
583 812 662 846 quae
688 805 819 844 tangunt
843 811 951 834 curam
973 811 1002 833 a-

259 855 416 889 nimarum
453 861 483 888 et
518 855 767 888 iurisdictionem
806 855 999 888 ordinariam

260 909 307 942 vel
332 909 516 952 delegatam,
530 909 630 942 ullum
648 908 932 942 reverendissimus
950 908 1002 941 do-

261 962 363 996 minus
388 963 556 1007 episcopus
586 973 682 1007 super
707 962 817 995 iisdem
844 962 1000 1005 religiosis

260 1016 307 1050 ius
333 1016 460 1050 habeat:

303 1080 346 1103 111.
367 1069 465 1110 Quod,
484 1068 748 1113 contemplatione
769 1068 870 1101 dictae
891 1069 1002 1101 reinte-

259 1123 411 1167 grationis
443 1123 474 1155 in
508 1123 640 1167 pristina
672 1123 841 1166 episcopali
868 1123 997 1155 iurisdi-

259 1177 361 1211 ctione
374 1187 409 1210 ac
426 1175 577 1210 cessione¹
592 1176 731 1210 eiusdem
751 1176 925 1220 respective
944 1187 1001 1219 per

258 1229 420 1263 dominum
446 1230 590 1263 abbatem
615 1229 723 1270 sacta²‚
752 1229 885 1262 debeant
918 1229 999 1262 idem

259 1284 405 1318 dominus
419 1284 586 1328 episcopus
603 1289 632 1317 et
648 1284 819 1328 capitulum
834 1282 1000 1316 restituere

260 1349 332 1372 vere
357 1345 386 1372 et
411 1339 537 1372 realiter
562 1339 663 1372 eidem
685 1338 814 1372 domino
832 1338 935 1371 abbati
965 1349 1000 1371 ac

259 1393 450 1426 monasterio
481 1392 699 1426 Dissertinensi
733 1392 869 1424 florenos
894 1391 1019 1445 octin-¹

259 1452 379 1490 gentos,
405 1447 497 1480 sirm-A
518 1452 547 1479 et
572 1448 638 1480 rata
662 1450 867 1490 permanente
891 1445 929 1478 ad
955 1445 998 1478 sa-

260 1511 366 1534 vorem
393 1501 592 1545 episcopatus
611 1500 729 1544 reliqua
748 1502 870 1533 summa
889 1500 999 1540 soluta,

259 1559 289 1587 et
314 1554 344 1587 in
368 1554 553 1588 eorumdem
575 1553 755 1587 debitorum
774 1553 998 1586 extinctionem

259 1609 430 1652 applicat51;
448 1614 478 1641 et
496 1608 638 1651 ulterius,
656 1613 689 1641 ut
706 1607 807 1640 dictus
832 1607 1000 1651 episcopus

259 1661 360 1705 magis
384 1661 633 1695 benevolentiam
665 1672 753 1694 suam
780 1672 855 1704 erga
880 1661 998 1694 dictum

265 1715 421 1748 lominum
447 1715 593 1748 abbatem
620 1720 762 1755 testetur,
788 1714 918 1758 eiusque
936 1725 1000 1747 mo-

258 1769 396 1810 nasterii,
415 1769 446 1801 in
463 1775 613 1812 quantum
638 1768 751 1812 possit,
768 1769 893 1801 utilitati
919 1779 995 1801 con-

259 1823 349 1866 sulat,
367 1823 511 1856 concedit
531 1822 590 1866 ipsi
616 1828 737 1866 sponte,
756 1833 826 1856 cum
844 1833 999 1855 consensu

259 1882 290 1910 et
314 1876 526 1921 promissione
551 1876 678 1920 capituli
711 1876 749 1909 de
780 1887 843 1910 non
871 1882 998 1910 contra-

260 1930 424 1970 veniendo,
441 1941 498 1974 per
518 1935 617 1963 totum
644 1929 785 1962 consueti
811 1929 905 1962 studii
930 1941 999 1963 cur-

259 1994 340 2026 sum,
365 1983 484 2017 scilicet
500 1994 555 2027 per
571 1987 690 2027 septem
712 1993 819 2024 annos,
838 1993 935 2016 unum
953 1984 999 2018 lo-

260 2049 331 2071 cum
356 2049 414 2082 pro
438 2037 476 2070 ad
505 2037 603 2081 ipsius
628 2036 746 2069 domini
778 2036 901 2070 abbatis
925 2038 998 2070 libi-

261 2097 324 2124 tum
351 2091 495 2135 eligendo
520 2091 647 2125 alumno
672 2091 702 2123 in
720 2101 782 2124 uno
800 2102 835 2124 ex
857 2091 999 2134 collegiis

260 2145 298 2179 ad
322 2156 402 2190 quae
431 2145 680 2179 nominationem
717 2145 999 2178 reverendissimus

259 2199 406 2232 dominus
431 2198 600 2243 episcopus
624 2199 753 2232 habeat:

305 2262 347 2286 ιν.
376 2252 571 2287 Conveniunt
592 2258 621 2285 et
641 2253 810 2293 declarant,
829 2257 861 2285 ut
878 2253 998 2285 nullum

260 2316 317 2351 per
341 2306 401 2339 hoe
421 2306 513 2339 alicui
538 2317 573 2339 ex
599 2306 741 2350 partibus
769 2306 817 2339 vel
837 2305 905 2338 aliis
926 2316 1000 2349 quo-

261 2359 435 2393 modolibet
468 2359 619 2392 interesse
640 2359 838 2399 habentibus,
864 2358 998 2391 maxime

260 2414 344 2447 circa
368 2414 416 2446 ius
436 2412 627 2455 nominandi,
645 2412 864 2456 praesentandi
882 2417 912 2446 et
929 2423 1000 2446 con-

260 2466 391 2509 serendi,
405 2465 633 2510 praeiudicium
648 2465 768 2498 illatum
781 2465 827 2498 vel
846 2465 893 2499 ius
907 2476 999 2510 quac-

297 2540 307 2566 1
332 2537 423 2566 Potius
442 2538 502 2572 lege
521 2537 656 2565 cessionis
675 2538 714 2571 (n.
731 2537 779 2571 Τ.).

295 2584 312 2611 2
331 2582 514 2611 cohaerenter
532 2583 650 2618 legerem
669 2583 763 2617 factae
781 2584 818 2617 (a.
834 2582 882 2616 T.).

1035 214 1128 247 situm
1153 213 1191 246 de
1215 223 1296 247 novo
1314 213 1506 257 intelligatur
1524 218 1612 246 extra
1630 211 1699 245 illos
1715 215 1777 244 ter-

1035 267 1137 300 minos
1171 267 1201 299 in
1238 267 1351 310 quibus
1383 273 1454 300 ante
1488 266 1658 311 praeterito
1694 275 1776 298 anno

1034 321 1145 353 saetam
1171 319 1320 353 unionem
1346 325 1375 353 et
1400 320 1629 363 exemptionem
1663 328 1773 362 respe-

1035 374 1114 420 ctive
1139 383 1171 406 se
1196 373 1358 413 haberent,
1373 384 1474 417 neque
1492 384 1547 417 per
1563 373 1775 417 supradictam

1035 427 1277 460 transactionem
1315 432 1537 470 praeterquam
1564 427 1595 459 in
1620 426 1776 470 expressis

1035 481 1099 514 ullo
1125 481 1218 514 modo
1239 480 1357 524 aliquid
1382 480 1419 513 de
1440 480 1574 524 antiquis
1600 480 1777 514 conventio-

1035 534 1128 568 nibus
1153 534 1233 567 inter
1268 539 1373 578 partes
1398 534 1522 567 easdem
1560 534 1606 567 vel
1632 533 1708 566 alias
1729 533 1776 566 ius

1035 589 1186 622 habentes
1212 589 1393 622 innovatum
1419 589 1467 629 sit,
1493 588 1661 631 omniaque
1684 598 1775 632 prae-

1035 642 1117 675 dicta
1141 652 1204 676 non
1229 646 1318 676 antea
1343 652 1433 675 suum
1460 641 1604 675 effectum
1630 645 1660 675 et
1685 641 1773 674 valo-

1036 706 1102 728 rem
1128 695 1234 729 sortiri
1258 695 1393 728 debeant
1418 705 1511 739 quam
1536 705 1592 738 per
1612 694 1776 728 Sanctissi-

1036 759 1121 782 mum
1142 748 1314 793 approbata
1338 753 1369 781 et
1393 748 1579 782 confirmata
1596 748 1712 782 suerint
1732 747 1777 791 (in

1035 814 1129 846 quem
1154 803 1248 836 tinem
1274 806 1407 846 utraque
1431 813 1505 846 pars
1530 801 1709 846 supplicare
1735 801 1778 834 in-

1035 856 1165 900 tendit),
1180 866 1315 899 veraque
1340 860 1370 890 et
1394 855 1524 888 actualis
1547 855 1660 888 solutio
1685 854 1776 888 ssore-

1035 920 1147 943 norum
1174 909 1429 952 octingentorum
1447 908 1661 948 intervenerit,
1681 918 1775 952 quam

1036 963 1266 996 illustrissimus
1290 963 1437 996 dominus
1461 962 1588 996 nuntius
1614 963 1650 994 ea
1672 961 1777 994 condi-

1036 1017 1118 1051 tione
1143 1017 1212 1049 fieri
1246 1016 1403 1049 consensit
1427 1020 1461 1050 ut
1486 1015 1625 1048 redditus
1654 1015 1776 1059 episco-

1035 1075 1125 1114 patus
1144 1070 1237 1103 annui
1255 1069 1473 1112 extinguendis
1497 1069 1610 1102 debitis
1627 1068 1775 1112 assignati

1035 1125 1121 1158 nullo
1147 1124 1240 1158 modo
1266 1129 1445 1167 tangantur,
1470 1134 1571 1167 neque
1591 1133 1707 1156 novum
1725 1121 1776 1155 de-

1035 1178 1133 1211 bitum
1156 1184 1320 1219 sumatur,
1345 1178 1398 1211 sed
1423 1178 1461 1211 de
1491 1177 1552 1211 alio
1585 1177 1688 1210 medio
1713 1187 1772 1220 op-

1036 1238 1172 1276 portuno
1198 1231 1291 1264 iidem
1318 1231 1598 1265 reverendissimus
1629 1230 1775 1263 dominus

1034 1285 1201 1329 episcopus
1226 1289 1256 1318 et
1280 1285 1450 1328 capitulum
1476 1283 1673 1328 provideant,
1698 1283 1776 1315 inte-

1035 1339 1159 1383 rimque
1183 1349 1200 1371 a
1226 1338 1378 1372 molestiis
1404 1343 1434 1371 et
1457 1337 1648 1371 novitatibus
1665 1341 1776 1371 contra

1034 1392 1209 1425 litterarum
1224 1392 1468 1436 apostolicarum
1483 1390 1694 1424 obedientiam
1712 1401 1775 1423 om-

1034 1443 1109 1476 nino
1122 1443 1307 1476 abstineant.

1079 1498 1112 1530 ln
1137 1508 1272 1541 quorum
1299 1497 1392 1529 sidem
1414 1493 1476 1529 tam
1500 1496 1729 1529 illustrissimus
1746 1500 1776 1528 et

1035 1551 1317 1584 reverendissimus
1342 1550 1488 1583 dominus
1513 1550 1659 1592 nuntius,
1680 1559 1774 1593 quam

1034 1605 1318 1639 reverendissimus
1354 1604 1501 1638 dominus
1540 1604 1709 1648 episcopus
1745 1607 1775 1635 et

1034 1659 1205 1703 capitulum
1232 1658 1382 1692 Curiense
1410 1669 1447 1691 cx
1467 1660 1539 1700 una,
1570 1663 1599 1691 et
1629 1657 1774 1691 dominus

1034 1713 1130 1746 abbas
1159 1723 1216 1746 suo
1249 1718 1278 1745 et
1310 1716 1481 1746 conventus
1518 1711 1645 1745 nomine
1670 1711 1771 1755 parti-

1034 1767 1092 1800 bus
1117 1777 1153 1800 ex
1184 1767 1292 1807 altera,
1317 1777 1349 1799 se
1381 1765 1638 1809 subscripserunt
1663 1769 1693 1797 et
1717 1774 1774 1797 sua

1034 1820 1208 1864 respective
1229 1820 1331 1863 sigilla
1354 1824 1580 1863 apposuerunt.
1606 1819 1717 1851 Actum
1744 1817 1774 1850 in

1033 1885 1106 1908 arce
1131 1874 1270 1918 episcopi
1292 1872 1449 1908 Curiensis
1474 1873 1532 1906 liae
1550 1872 1599 1905 die
1616 1882 1668 1906 xvl
1686 1876 1773 1905 octo*

1034 1928 1099 1961 bris
1120 1937 1246 1961 MDchi.

1078 1982 1246 2015 Federieus
1259 1980 1438 2025 patriarcha
1450 1979 1689 2021 Alexandrinus,
1699 1988 1775 2012 nun-

1034 2035 1093 2068 tius
1118 2035 1310 2079 apostolicus
1327 2034 1366 2067 al)
1388 2036 1521 2078 utraque
1539 2038 1628 2077 parte
1646 2032 1773 2072 electu5‚

1034 2090 1074 2122 ita
1091 2088 1214 2122 laudavi
1233 2099 1269 2121 ac
1287 2088 1453 2130 declaravi,
1472 2087 1554 2121 Loco
1571 2090 1594 2129 †
1611 2086 1704 2130 sigilli
1723 2086 1775 2118 do-

1034 2142 1110 2175 mini
1130 2143 1245 2175 nuntii:
1268 2142 1397 2175 loannes
1415 2141 1579 2185 episcopus
1594 2138 1773 2179 Cunensis‘,

1034 2197 1115 2230 Loco
1129 2199 1151 2238 †
1167 2196 1259 2239 sigilli
1274 2195 1393 2229 domini
1408 2195 1564 2239 episcopi:
1586 2193 1773 2227 Adalbertus

1034 2250 1128 2282 abbas
1154 2248 1388 2283 Disserlinensis
1413 2248 1540 2281 nomine
1565 2258 1690 2291 quoque
1711 2256 1774 2279 mo-

1033 2303 1158 2336 nasterii
1184 2313 1242 2346 pro
1267 2313 1329 2346 quo
1354 2302 1391 2335 de
1416 2307 1483 2334 rato
1507 2301 1669 2345 promitto,
1690 2301 1773 2334 Loco

1033 2360 1056 2399 †
1073 2357 1166 2400 sigilli
1186 2356 1303 2390 domini
1326 2356 1461 2388 abbatis:
1479 2355 1542 2389 NN.
1564 2354 1772 2399 praepositus,

1033 2411 1170 2444 decanus
1193 2416 1223 2443 et
1248 2411 1418 2454 capitulum
1444 2409 1602 2450 Curiense,
1629 2410 1710 2442 Loco
1733 2410 1773 2442 si-

1033 2465 1099 2509 gilli
1120 2464 1256 2509 capituli.

1070 2584 1078 2609 1
1103 2582 1174 2617 Lege
1196 2581 1344 2610 (lariensis
1363 2581 1402 2615 (a.
1420 2580 1468 2615 r).

1682 153 1747 187 525
1792 161 1844 189 An.
1858 161 1887 189 c.
1909 161 1977 189 1660
