2243 3205
258 198 308 225 An.
324 198 352 226 c,
374 199 443 227 1656
487 190 551 223 310

262 1000 372 1021 Contraria
383 1001 441 1020 tollit.

455 253 484 280 et
510 248 619 280 litteris
646 247 723 288 tuis,
748 248 865 291 absque
897 249 955 281 alia
984 251 1193 293 praesentium

455 300 625 333 insertione
660 311 713 333 seu
753 300 965 345 exhibitione,
999 308 1051 335 aut
1082 304 1193 336 notarii

456 353 619 386 testiumve
645 354 847 395 adhibitione,
873 355 958 397 stari,
976 366 1032 389 nee
1050 356 1086 389 ad
1109 357 1136 388 id
1156 357 1195 388 al-

456 406 553 439 terius
578 407 773 451 probationis
802 408 1025 441 adminiculum
1060 409 1195 453 requiri,

457 459 564 502 sicque
583 472 639 504 per
653 471 868 505 quoscumque
887 462 1004 495 iudices
1021 462 1196 495 ordinarios

457 518 487 543 et
511 512 679 556 delegatos,
697 514 788 547 etiam
815 525 980 548 causarum
1006 515 1108 559 palatii
1127 525 1197 558 apo-

458 565 557 599 stolici
583 566 750 609 auditores,
777 573 805 600 ct
830 569 859 600 S.
886 569 919 601 R.
946 569 979 601 E.
1004 568 1196 607 cardinales,

457 618 486 650 in
508 619 616 662 quavis
634 622 725 653 eausa
746 624 775 654 et
799 621 952 661 instantia,
970 621 1089 655 sublata
1109 621 1151 653 eis
1169 626 1193 653 et

458 683 566 705 eorum
592 673 720 706 cuilibet
745 674 853 718 quavis
877 675 965 708 aliter
995 674 1149 707 iudicandi
1168 679 1193 706 et

458 726 680 769 interpretandi
712 728 854 761 facultate
879 733 908 760 et
932 728 1128 767 auctoritate,
1150 727 1196 758 111-

458 778 553 811 dicari
580 785 606 812 et
633 780 754 813 definiri
790 780 925 819 dehere,
951 791 985 813 ac
1020 781 1142 813 irritum
1168 785 1195 812 et

459 831 570 872 inane,
597 832 620 864 si
646 843 735 865 secus
771 844 865 877 super
897 834 944 865 his
973 844 989 865 a
1015 843 1195 877 quoquam,

459 887 568 928 quavis
592 886 787 925 auctoritate,
812 887 946 920 scienter
973 888 1017 919 vel
1052 887 1197 930 ignoran-

459 942 514 979 ter,
540 939 706 981 contigerit
731 940 885 973 attentari.

503 991 581 1034 §1242
597 992 663 1024 Non
678 991 872 1025 obstantibus
885 992 983 1025 felicis
1003 992 1194 1026 recordatio-

458 1043 505 1075 nis
531 1043 605 1076 Sixti
632 1044 732 1087 Papae
750 1044 786 1076 lv
811 1044 1061 1088 praedecessoris
1086 1045 1195 1088 nostri,

456 1096 570 1140 quibus
599 1097 679 1129 inter
704 1097 764 1129 alia
788 1103 914 1130 cavetur
940 1109 1094 1142 expresse,
1113 1099 1195 1142 quod

456 1150 560 1182 nuncii
586 1150 686 1182 dietae
711 1151 798 1183 Sedis
826 1151 917 1183 etiam
944 1161 1013 1183 cum
1045 1156 1196 1195 potestate

457 1202 548 1245 legati
574 1203 665 1235 etiam
691 1203 728 1236 de
745 1203 851 1245 latere,
873 1210 933 1236 tam
952 1205 1053 1248 quoad
1072 1205 1196 1249 dispen-

457 1255 601 1296 sationes,
619 1267 711 1300 quam
737 1257 839 1300 quoad
865 1257 940 1289 alias
965 1257 1081 1300 gratias
1105 1269 1195 1301 prae-

456 1308 553 1341 dictas
577 1310 808 1352 concedendas,
838 1310 1035 1343 facultatibus
1064 1312 1106 1343 uti
1133 1322 1195 1344 non

454 1363 589 1406 possint,
615 1373 671 1396 nee
696 1364 824 1407 quaevis
849 1355 1004 1397 clausulae
1031 1365 1061 1397 in
1085 1365 1195 1398 litteris

455 1416 636 1449 facultatum
661 1416 839 1450 huiusmodi
865 1417 1023 1461 appositae
1047 1417 1195 1450 adversus

455 1469 552 1503 dietas
576 1469 695 1503 litteras
716 1469 860 1513 cuiquam
887 1470 1110 1512 suffragentur,
1128 1481 1196 1503 nec-

453 1532 516 1555 non
542 1533 817 1567 ‹ptorumeunique
844 1524 1049 1556 conciliorum
1075 1524 1196 1556 univer-

455 1576 577 1616 salium,
593 1576 833 1619 provincialium
849 1582 874 1609 et
892 1576 1097 1620 synodalium,
1112 1577 1195 1620 piae-

455 1639 515 1672 que
532 1629 703 1661 memoriae
721 1629 869 1662 Bonisacii
895 1629 995 1673 Papae
1021 1629 1083 1662 t'ttl
1103 1630 1194 1662 etiam

454 1682 704 1726 praedecessoris
728 1683 826 1716 nostri
847 1683 884 1715 de
910 1685 992 1724 rina,
1018 1689 1047 1715 et
1071 1684 1194 1717 concilii

455 1736 610 1778 generalis
634 1737 670 1768 de
696 1736 816 1769 duabus
841 1737 941 1777 dietis,
966 1744 992 1769 et
1019 1737 1088 1769 aliis
1114 1748 1192 1781 apo-

456 1790 582 1829 stolicis,
609 1790 809 1832 generalibus
827 1791 872 1822 vel
895 1791 1094 1834 specialibus⁷
1121 1801 1193 1823 con-

455 1843 667 1876 stitutionibus
701 1849 727 1876 et
761 1843 1031 1887 ordinationibus,
1057 1855 1091 1877 ac
1116 1855 1191 1877 can-

456 1897 598 1930 cellariae
625 1897 813 1941 apostolieae
838 1898 971 1940 regulis,
996 1907 1117 1930 necnon
1143 1909 1193 1931 ee-

456 1951 643 1990 clesiarum,
670 1951 955 1991 monasteriorum,
981 1951 1139 1985 civitatum
1165 1957 1193 1984 et

455 2003 596 2036 locorum
622 2003 856 2046 quorumlibet„
881 2013 916 2035 ae
947 2003 1097 2036 Ordinum
1123 2015 1196 2047 quo-

456 2067 674 2100 rumcumque,
700 2062 726 2088 et
753 2057 914 2099 quibusvis
939 2058 1016 2095 aliis,
1042 2058 1133 2090 etiam
1154 2059 1196 2091 iu-

457 2115 610 2147 ramento,
624 2109 861 2142 confirmatione
871 2110 1054 2152 apostolica,
1069 2111 1113 2142 vel
1125 2121 1196 2154 qua-

457 2161 501 2193 vis
535 2162 681 2194 firmitate
707 2162 766 2194 alia
799 2162 979 2202 roboratis,
1011 2164 1132 2195 statutis
1168 2170 1195 2196 ct

457 2215 754 2255 consuetudinibus,
780 2226 815 2248 ae
839 2216 1000 2259 quibusvis
1024 2217 1197 2260 privilegiis

458 2273 486 2302 el
504 2269 630 2301 indultis
648 2269 836 2313 apostolicis,
854 2269 1053 2312 generalibus
1067 2271 1112 2302 vel
1131 2281 1197 2314 spe-

457 2322 598 2363 cialibus,
612 2332 690 2366 quae
707 2322 887 2366 praemissis
908 2323 1017 2366 quovis
1032 2324 1125 2356 modo
1142 2324 1196 2357 ob-

458 2381 539 2408 stare
572 2375 756 2415 videantur,
782 2386 838 2419 per
870 2386 949 2419 quae
981 2377 1196 2420 praesentibus

457 2437 519 2462 non
554 2440 702 2472 expressa
735 2429 781 2461 vel
815 2429 948 2462 totaliter
987 2440 1047 2462 nou
1083 2430 1197 2463 inserta

457 2481 586 2514 effectus
604 2481 728 2514 c0rum¹
749 2482 893 2525 impediri
911 2482 1009 2515 valeat
1028 2484 1197 2526 quomodo-

458 2534 532 2566 libet
557 2534 604 2566 vel
629 2534 759 2573 differri,
791 2539 819 2567 et
843 2535 881 2566 de
906 2534 1020 2578 quibus
1045 2546 1196 2579 quorum-

495 2598 505 2623 t
524 2596 619 2632 Aptius
635 2596 692 2631 lege
708 2606 810 2625 earnm
826 2597 863 2631 (11.
876 2598 922 2633 Τ.>.

1031 201 1210 226 BULLARIUM
1234 200 1390 227 ROMANUM

1229 261 1288 294 que
1314 250 1384 283 totis
1404 249 1564 283 tenoribus
1588 250 1625 281 de
1651 250 1748 284 verbo
1772 251 1809 283 ad
1835 252 1964 284 verbum

1231 303 1373 336 habenda
1415 303 1453 335 sit
1486 302 1514 335 in
1545 303 1661 336 nostris
1689 303 1811 348 tuisque
1853 304 1965 338 litteris

1231 357 1346 389 mentio
1371 355 1523 399 specialis,
1548 366 1669 390 necnon
1694 367 1966 401 quorumcumque

1231 413 1413 441 testatorum
1439 413 1468 441 et
1493 409 1610 441 ultimis
1631 409 1842 443 voluntatibus
1859 415 1889 442 et
1905 409 1967 442 dis-

1232 461 1439 504 positionibus
1465 461 1591 504 (quibus
1609 462 1754 495 omnibus
1778 466 1807 496 ct
1827 463 1966 506 singulis,

1232 514 1407 557 ceterisque
1433 514 1598 547 contrariis
1623 514 1889 559 quibuscumque,
1915 515 1967 548 ubi

1232 572 1256 598 et
1274 566 1398 610 quando
1416 567 1557 611 expediet
1578 568 1750 601 secundum
1765 568 1809 601 rei
1836 574 1863 601 et
1878 579 1968 602 casus

1232 620 1429 662 exigentiam,
1445 621 1474 653 in
1492 631 1607 664 genere
1625 627 1654 654 et
1674 622 1705 654 in
1722 622 1835 666 speeie,
1849 632 1884 656 ae
1904 627 1967 655 tam

1232 673 1421 706 coniunctim
1439 684 1532 717 quam
1559 674 1692 715 divisim,
1713 681 1807 719 prout
1832 675 1886 708 tibi
1903 675 1969 719 pla-

1232 726 1341 767 cuerit,
1356 726 1393 759 ad
1411 727 1556 760 effectum
1575 727 1740 761 validitatis
1757 738 1868 762 eorum
1888 738 1968 772 quae

1232 790 1288 822 per
1306 784 1333 812 tc
1353 781 1564 823 praesentium
1584 781 1692 824 vigore
1713 781 1968 824 fierieontigerit,

1232 833 1333 865 valeas
1358 833 1541 878 derogare),
1566 837 1595 868 et
1619 834 1755 878 qualibet
1786 835 1844 867 alia
1869 834 1968 867 dietae

1231 886 1317 919 Sedis
1338 886 1531 930 indulgentia
1549 888 1688 931 generali
1705 888 1751 921 vel
1769 887 1905 932 speciali,
1919 899 1969 921 cu-

1232 940 1417 984 iuscumque
1435 942 1552 975 tenoris
1569 942 1689 983 existat,
1703 953 1759 987 per
1772 953 1864 986 quam
1881 952 1969 986 prae-

1231 993 1369 1027 sentibus
1394 1005 1515 1039 necnon
1539 995 1651 1028 litteris
1667 1006 1723 1039 per
1741 1001 1770 1028 te
1786 994 1967 1028 earumdem

1231 1046 1338 1089 vigore
1370 1047 1578 1081 concedendis
1609 1058 1672 1081 non
1708 1058 1885 1092 expressam
1921 1047 1969 1080 vel

1232 1101 1365 1134 totaliter
1385 1111 1446 1134 non
1473 1101 1619 1134 insertam
1638 1102 1767 1135 effectus
1791 1111 1897 1135 earum
1917 1101 1971 1134 im-

1231 1153 1329 1196 pediri
1355 1155 1455 1187 valeat
1487 1154 1724 1198 quomodolibet
1753 1155 1798 1188 vel
1831 1154 1968 1194 differri,

1231 1210 1260 1240 et
1283 1206 1320 1238 de
1345 1217 1406 1250 qua
1435 1207 1587 1251 cuiusque
1612 1213 1677 1240 toto
1698 1213 1806 1241 tenore
1831 1206 1969 1240 facienda

1231 1259 1268 1290 sit
1293 1259 1410 1292 mentio
1435 1260 1587 1303 specialis.
1615 1260 1764 1293 Volumus
1787 1265 1909 1301 autem,
1933 1269 1969 1292 ac

1231 1312 1260 1344 in
1292 1312 1405 1345 virtute
1442 1317 1566 1347 sanctae
1601 1313 1795 1347 obedientiae
1829 1313 1969 1346 districte

1230 1366 1442 1410 praecipimus
1458 1371 1485 1399 et
1506 1366 1689 1400 mandamus
1706 1367 1790 1412 quod
1815 1372 1846 1400 tu
1869 1372 1899 1400 et
1915 1366 1969 1400 abs

1230 1424 1258 1451 te
1283 1419 1517 1462 subdelegandi,
1541 1430 1599 1463 pro
1625 1420 1826 1454 concessione
1843 1425 1896 1453 aut
1921 1430 1970 1453 oc-

1230 1472 1354 1505 casione
1386 1473 1598 1506 concessionis
1630 1473 1874 1514 absolutionum,
1899 1472 1964 1506 dis-

1230 1526 1466 1569 pensationum,
1498 1527 1696 1559 licentiarum
1727 1532 1756 1560 et
1790 1532 1968 1560 ceterorum

1229 1589 1308 1622 quae
1333 1589 1389 1622 per
1414 1590 1468 1611 vos
1485 1579 1553 1612 sieri
1573 1580 1740 1623 contigerit
1757 1580 1865 1623 vigore
1881 1589 1970 1623 prae-

1230 1632 1364 1664 sentium
1390 1632 1564 1665 litterarum
1591 1638 1621 1665 et
1645 1633 1824 1665 facultatum
1852 1632 1883 1665 in
1907 1632 1969 1665 illis

1230 1689 1459 1727 contentarum,
1477 1686 1553 1717 nihil
1581 1685 1708 1718 omnino
1726 1685 1898 1724 honorarii,
1919 1685 1970 1718 sti-

1230 1738 1346 1781 pendii,
1359 1738 1501 1781 praemii,
1516 1744 1564 1770 aut
1581 1739 1730 1779 muneris⁷
1748 1739 1841 1771 etiam
1859 1742 1967 1781 sponte

1230 1792 1379 1831 oblatum,
1404 1791 1572 1834 recipiatis,
1590 1802 1643 1824 seu
1665 1791 1804 1833 exigam,
1830 1790 1968 1834 alioquin

1230 1850 1261 1877 tu
1287 1845 1327 1877 sis
1352 1849 1379 1877 et
1406 1844 1474 1886 alii,
1500 1845 1551 1887 qui
1583 1845 1612 1877 in
1645 1844 1813 1888 episcopali
1838 1853 1893 1876 seu
1916 1854 1968 1877 ar-

1230 1897 1454 1941 chiepiscopali
1475 1897 1625 1939 dignitate
1658 1897 1773 1930 suerint
1797 1896 1967 1939 constituti,

1230 1951 1346 1983 tamdiu
1379 1951 1439 1983 sint
1474 1951 1512 1982 ab
1547 1951 1688 1993 ingressu
1723 1950 1873 1983 ecelesiae
1899 1960 1967 1983 sus-

1228 2004 1326 2047 pensi,
1352 2004 1447 2037 eeteri
1474 2014 1547 2037 vero
1572 2004 1690 2036 tamdiu
1715 2003 1966 2037 exeommunica-

1230 2057 1322 2090 tionis
1347 2057 1496 2089 sententia
1523 2056 1584 2089 sint.
1609 2057 1764 2097 innodati,
1789 2056 1888 2090 donee
1910 2066 1967 2100 per

1230 2109 1416 2153 condignam
1444 2110 1688 2143 satisfactionem
1713 2109 1913 2142 relaxationis
1936 2114 1966 2141 et

1230 2163 1432 2196 absolutionis
1452 2163 1638 2196 beneficium
1664 2174 1680 2195 a
1705 2163 1782 2196 Sede
1807 2162 1966 2207 praedicta

1232 2217 1408 2249 merueritis
1431 2216 1582 2250 obtinere.

1275 2269 1364 2312 ξἸἵ).
1390 2270 1538 2302 Volumus
1570 2270 1660 2303 etiam
1694 2269 1777 2313 quod
1812 2279 1963 2313 praesen-

1232 2323 1306 2355 tium
1334 2323 1547 2366 transumptis,
1568 2323 1659 2355 etiam
1686 2323 1858 2367 impressis,
1874 2328 1970 2356 manu

1231 2376 1367 2419 regentis
1392 2377 1595 2409 cancellariae
1621 2381 1689 2408 tuae
1712 2377 1909 2421 subscriptis,
1931 2387 1966 2410 ae

1231 2430 1333 2472 sigillo
1350 2435 1403 2462 tuo
1420 2430 1601 2473 obsignatis,
1620 2430 1726 2462 eadem
1742 2440 1871 2474 prorsus
1890 2429 1966 2462 fides

1230 2482 1417 2515 adhibeatur
1443 2482 1473 2514 in
1499 2482 1614 2515 iudicio
1639 2488 1668 2515 et
1693 2487 1779 2515 extra
1803 2482 1878 2515 illud
1895 2482 1963 2516 ubi-

1228 2546 1287 2579 que
1314 2537 1465 2576 locorum,
1490 2547 1569 2580 quae
1589 2535 1664 2579 ipsis
1680 2535 1896 2579 praesentibus
1917 2535 1967 2568 ad-

1229 2589 1401 2630 hiberetur,
1414 2590 1438 2621 si
1457 2591 1553 2622 forent
1572 2590 1726 2622 exhibitae
1746 2589 1792 2622 vel
1813 2594 1964 2624 ostensae.

1979 204 2029 231 An.
2045 204 2074 232 C.
2095 206 2159 236 1656
2206 208 2209 232 J

1981 2276 2031 2325 111111
2033 2277 2151 2324 Γέἓέῗωω
