2185 3188
25 183 67 210 An.
81 180 108 208 C.
130 179 197 206 1656

22 947 25 1009 l

22 1024 26 1083 l

23 1087 26 1109 l

23 1169 26 1190 l

23 1249 27 1271 l
55 1249 109 1273 ssuaa
129 1249 190 1270 ettam

23 1276 46 1296 nb
56 1275 133 1297 Urbano
149 1275 190 1297 vm

22 1303 151 1340 fonflrmtur.

24 1347 27 1393 l

25 1453 28 1478 l

802 173 986 199 ALEXANDER
1012 174 1056 197 vn
1081 174 1127 198 ιη’.

963 236 964 248 2
980 222 1130 254 dinatium
1146 221 1288 262 consilio,
1303 221 1506 255 concordiam
1522 221 1726 265 praedictam,

962 285 1051 308 ⁴cum
1078 274 1224 307 omnibus
1250 280 1279 307 et
1305 275 1437 318 singulis
1468 275 1497 307 in
1527 277 1563 307 ea
1590 280 1722 308 conten-

208 223 333 258 nomina
349 232 469 263 eorum,
484 234 562 266 quos
586 222 787 255 matrimonio
807 223 944 265 jungent,

209 281 238 312 et
254 276 388 316 testium,
406 275 459 319 qui
485 281 666 319 praesentes
679 275 804 308 suerint.

251 329 295 362 Ad
319 330 334 372 ἓ
351 338 414 369 xvi,
432 329 484 372 qui
502 329 628 372 incipit:
650 329 686 362 Si
705 330 885 372 superiores
902 339 946 361 re>

206 383 373 427 yet-larium
401 382 451 415 vel
474 382 654 423 Societatis,
675 388 744 423 etc.,
776 381 964 423 concorda-¹

963 427 1042 478 lque
1069 434 1258 467 inviolabilis
1283 434 1473 478 apostolicae
1494 434 1650 468 firmitatis
1675 444 1725 466 ro-

208 443 271 470 tum
287 441 332 468 est
345 435 521 476 missiones,
540 436 598 469 boc
613 436 814 480 paragrapho
833 446 947 468 memo-

207 496 298 530 ratas,
313 489 350 522 ad
366 490 443 531 loca,
462 489 513 522 ubi
529 490 643 535 aliquis
660 490 806 523 sacerdos
822 489 946 529 residet,

207 553 268 577 non
289 543 366 583 sieri,
384 542 442 576 nisi
463 543 501 576 de
517 544 596 576 scitu
614 549 644 576 et
661 553 788 577 assensu
807 543 945 576 eiusdem

206 597 375 630 sacerdotis
399 602 429 629 et
454 596 571 630 vicarii.

249 650 355 690 Quoad
380 650 594 694 eleemosynas
615 651 741 691 attinet,
767 651 804 683 de
830 652 946 695 quibus

207 704 309 747 agitur
333 704 348 747 ἓ
372 713 423 736 xtx
456 703 585 744 decreti,
608 704 661 748 qui
688 704 811 748 incipit:
833 705 946 745 Quoad

207 757 431 800 eleemosynas,
456 763 524 797 etc.‚
550 768 660 791 omnes
690 765 750 790 tam
786 759 947 801 regulares

207 821 298 854 quam
317 811 474 844 seculares
495 812 630 844 contenti
648 811 709 844 sint
727 812 858 845 honesta
879 823 946 846 sus·

207 864 391 904 tentatione;
422 865 637 908 exportatione
669 876 742 899 vero
775 866 946 910 eleemosy-

206 928 315 951 narum
334 918 491 951 abstinere
509 918 698 951 tenebuntur
716 919 832 963 absque
850 919 945 952 licen-

209 971 249 1004 tia
274 971 474 1004 illustrissimi
501 971 620 1005 domini
647 973 751 1005 nuncii
781 978 810 1006 ct
839 973 945 1006 vicarii

206 1025 378 1068 apostolici,
393 1025 451 1058 nisi
465 1036 523 1069 pro
543 1025 662 1059 alendis
682 1026 872 1066 seminariis;
888 1027 946 1059 sub

208 1078 254 1110 his
286 1084 388 1111 autem
421 1079 561 1112 collectis
587 1080 857 1125 eleemosynarum
883 1091 945 1113 non

205 1131 421 1175 intelliguntur
441 1133 542 1175 legata
560 1133 780 1166 defunctorum
808 1135 854 1167 vel
881 1134 946 1167 sun—

206 1184 347 1218 dationes
371 1190 568 1229 spontaneae.

247 1237 403 1282 Quidquid
429 1239 459 1272 in
485 1240 534 1273 his
557 1241 696 1273 articulis
720 1251 782 1274 non
803 1252 946 1285 compre—

206 1290 369 1332 henditur,
403 1293 577 1326 remanebit,
604 1294 634 1326 in
659 1294 802 1327 terminis
827 1294 944 1328 decreti

206 1343 304 1378 dictae
328 1355 435 1379 sacrae
453 1347 718 1390 congregationis
740 1349 849 1381 Actum
872 1348 945 1381 Bru-

205 1398 314 1439 xellae,
340 1399 390 1433 die
415 1410 455 1433 xv
481 1401 619 1434 octobris
644 1402 715 1434 anni
742 1412 888 1435 uncxxlv.

220 1476 222 1478 v
248 1453 344 1487 Nobis
370 1460 536 1498 propterea
562 1461 623 1487 tam
646 1456 809 1500 Philippus
827 1456 945 1490 archie-

204 1506 352 1551 piscopus
377 1513 407 1541 et
432 1509 534 1542 clerus
564 1520 658 1553 quam
691 1510 866 1554 presbyteri
892 1510 940 1543 di-

205 1565 269 1594 ctae
285 1562 447 1595 Societatis
464 1569 493 1596 et
507 1563 557 1596 alii
577 1565 739 1607 regulares
752 1564 943 1597 missionarii

204 1615 330 1658 praefati
357 1616 518 1650 humiliter
542 1617 712 1661 supplicari
738 1618 889 1658 fecerunt,
912 1623 944 1652 ut

204 1668 403 1701 concordiam
435 1670 650 1713 praedictam,
680 1681 738 1714 pro
771 1671 942 1704 inviolabili

205 1719 285 1754 illius
305 1722 533 1763 observatione,
559 1724 751 1767 apostolicae
773 1724 941 1757 confirma-

204 1773 294 1807 tionis
319 1776 495 1819 patrocinio
528 1777 724 1811 communire
745 1777 783 1810 de
805 1778 942 1821 benigni-

203 1833 263 1861 tate
287 1829 458 1872 apostolica
489 1830 704 1874 dignaremur.
732 1832 794 1865 Nos
823 1831 940 1874 igitur,

204 1880 379 1926 Philippum
397 1884 670 1928 archiepiscopum
693 1890 722 1918 et
739 1886 858 1919 clerum
884 1896 941 1919 nec

203 1944 263 1968 non
298 1937 498 1981 presbyteros
533 1938 672 1971 eiusdem
709 1938 872 1972 Societatis
912 1945 941 1972 et

203 1989 362 2031 regulares
395 1991 611 2025 missionarios
647 1992 826 2026 huiusmodi
864 2003 937 2036 spe-

203 2042 331 2077 cialibus
377 2045 535 2078 favoribus
575 2051 604 2077 et
640 2046 749 2088 gratiis
791 2047 939 2090 prosequi

204 2096 350 2139 volentes,
371 2103 400 2130 et
421 2109 530 2131 eorum
552 2098 728 2141 singulares
752 2110 903 2143 personas
924 2111 941 2133 a

202 2149 362 2192 quibusvis
386 2152 729 2195 excommunicationis,
755 2154 937 2197 suspensio-

202 2203 249 2236 nis
265 2207 294 2238 et
312 2205 479 2246 interdicti,
492 2205 622 2249 aliisque
639 2206 858 2240 ecelesiasticis
875 2217 941 2240 sen-

203 2257 314 2299 tentiis,
333 2258 474 2291 censuris
499 2264 529 2291 et
552 2260 672 2302 poenis,
696 2270 713 2292 a
738 2260 805 2293 iure
831 2261 876 2293 vel
902 2260 940 2292 ab

203 2309 338 2352 homine,
357 2312 467 2355 quavis
491 2312 655 2346 occasione
676 2314 723 2346 vel
741 2315 834 2347 causa
861 2314 940 2353 latis,

202 2362 226 2395 si
240 2363 354 2408 quibus
366 2365 603 2409 quomodolibet
616 2366 780 2400 innodatae
794 2367 941 2407 existunt,

202 2417 239 2450 ad
263 2418 407 2452 ellectum
438 2419 650 2463 praesentium
675 2419 836 2452 dumtaxat
860 2430 937 2453 eon-

202 2472 414 2515 sequendum,
440 2473 551 2506 harum
577 2472 658 2505 serie
687 2473 883 2506 absolventes
912 2480 941 2506 et

203 2523 358 2558 absolutas
384 2526 449 2559 sore
470 2532 641 2566 censentes,
662 2526 842 2560 huiusmodi
868 2537 941 2570 sup-

204 2577 421 2620 plicationibus
446 2579 595 2619 inclinati,
619 2579 656 2612 de
677 2579 859 2613 eorumdem
879 2590 942 2613 car-

983 327 1029 368 tis,
1057 327 1230 371 apostolica
1248 328 1443 367 auctoritate,
1459 333 1566 360 tenore
1583 337 1727 371 praesen—

983 380 1071 421 tium,
1096 380 1310 425 approbamus
1336 386 1365 413 et
1389 381 1635 421 confirmamus,
1666 380 1725 412 illi-

981 488 1041 520 bur
1059 487 1234 528 adiicimus,
1253 498 1289 520 ac
1306 498 1417 521 omnes
1442 493 1471 520 et
1496 487 1636 530 singulos
1662 493 1723 520 tam

982 540 1058 574 iuris
1091 552 1184 585 quam
1211 541 1281 574 sacti
1316 547 1346 574 et
1371 541 1498 585 quosvis
1523 541 1600 574 alios
1631 541 1724 574 etiam

982 595 1181 639 quantumvis
1206 594 1426 628 substantiales
1451 594 1600 635 descetus,
1629 594 1724 638 siqui

981 648 1116 692 desuper
1141 647 1380 692 quomodolibet
1402 647 1647 687 intervenerint,
1672 652 1724 680 aut

982 701 1185 735 intervenisse
1211 701 1272 734 diei
1300 701 1344 733 vel
1372 701 1492 734 censeri
1514 700 1644 744 possint,
1657 711 1725 744 sup-

982 756 1114 800 plemus.
1141 756 1320 789 Mandantes
1346 761 1516 799 propterea
1549 754 1578 786 in
1611 755 1724 786 virtute

981 815 1104 842 sanctae
1130 809 1337 851 obedientiae,
1365 819 1400 841 ac
1421 808 1479 841 sub
1501 807 1725 850 indignationis

981 867 1010 897 et
1034 863 1103 896 aliis
1127 863 1249 896 arbitrii
1277 863 1376 896 nostri
1404 861 1524 906 poeniS,
1543 861 1665 894 dilectis
1689 860 1724 893 si-

982 916 1029 949 liis
1056 917 1216 949 modernis
1234 923 1263 949 et
1282 927 1339 961 pro
1358 922 1500 960 tempore
1518 915 1724 948 existentibus

981 971 1114 1003 fratrum
1129 970 1387 1004 Praedicatorum
1405 970 1556 1013 magistro
1574 980 1608 1002 ac
1627 969 1721 1002 Mino⁴

982 1035 1051 1057 rum
1073 1025 1170 1057 sancti
1192 1024 1352 1058 Francisci
1371 1023 1407 1057 de
1426 1023 1631 1057 Observantia
1649 1033 1724 1055 nun-

981 1084 1168 1122 cupatorum
1190 1079 1336 1111 ministro
1364 1087 1486 1111 necnon
1504 1077 1605 1110 dictae
1623 1077 1724 1110 Socie-

982 1132 1050 1164 tatisv
1060 1132 1241 1176 praeposito
1253 1132 1462 1175 generalibus⁷
1474 1136 1506 1163 ut
1521 1130 1721 1164 concordiam

981 1184 1174 1228 praedictam
1201 1196 1271 1218 eum
1298 1185 1444 1218 erunibus
1472 1190 1501 1217 et
1534 1183 1667 1226 singulis
1692 1183 1723 1215 in

980 1241 1017 1271 ea
1042 1239 1195 1273 contentis
1220 1250 1237 1271 a
1261 1239 1326 1271 suis
1351 1238 1524 1282 respective
1555 1237 1721 1280 religiosis,

980 1302 1059 1335 quos
1081 1292 1111 1324 in
1137 1292 1198 1324 illis
1222 1292 1364 1336 partibus
1390 1291 1506 1324 habent
1524 1296 1553 1324 et
1573 1301 1632 1334 pro
1650 1295 1724 1323 tem·

981 1356 1057 1389 pore
1076 1345 1244 1378 habuerint
1261 1345 1486 1385 missionarios,
1502 1343 1723 1377 inviolabiliter

980 1399 1140 1432 observari
1163 1405 1272 1432 curent
1299 1405 1326 1432 et
1354 1399 1475 1432 sacient.
1494 1399 1537 1431 Ac
1555 1398 1723 1431 decernen-

980 1458 1024 1485 tes
1058 1457 1239 1497 praesentes
1264 1453 1383 1486 litteras
1409 1452 1577 1496 omniaque
1606 1458 1635 1484 et
1660 1452 1722 1485 sin-

978 1506 1051 1549 gula
1077 1507 1106 1539 in
1132 1507 1177 1540 eis
1195 1512 1340 1540 contenta
1358 1506 1469 1545 valida,
1490 1506 1582 1538 firma
1607 1511 1635 1538 et
1661 1505 1722 1538 essi-

978 1561 1062 1594 cacia
1087 1571 1155 1594 esse
1181 1567 1208 1593 et
1235 1561 1321 1600 fore,
1346 1571 1482 1603 suosque
1508 1560 1667 1603 plenarios
1692 1566 1721 1592 et

979 1614 1118 1656 integros
1133 1614 1262 1648 effectus
1277 1613 1381 1646 sortiri
1398 1618 1427 1647 et
1444 1613 1596 1652 obtinere,
1615 1613 1720 1656 sicque

978 1672 1007 1699 et
1031 1677 1094 1700 non
1111 1667 1201 1700 aliter
1225 1677 1282 1711 per
1299 1677 1515 1710 quoscumque
1535 1666 1652 1698 iudices
1673 1676 1721 1698 or-

977 1720 1116 1754 dinarios
1149 1726 1179 1754 et
1214 1720 1395 1763 delegatos,
1429 1720 1522 1752 etiam
1555 1730 1719 1752 causarum

977 1775 1081 1819 palatii
1100 1774 1265 1819 apostolici
1284 1774 1452 1815 auditores,
1471 1774 1601 1806 iudicari
1619 1779 1647 1805 ct
1672 1774 1721 1806 de-

965 1828 1099 1866 'desmiri
1125 1828 1262 1869 debere,
1288 1838 1323 1860 ac
1356 1828 1480 1860 irritum
1507 1832 1536 1860 et
1562 1827 1662 1867 inane,
1695 1827 1719 1859 si

976 1893 1065 1916 secus
1082 1893 1176 1926 super
1195 1882 1242 1914 his
1259 1893 1275 1914 a
1294 1892 1465 1925 quoquam,
1483 1882 1591 1925 quavis
1616 1887 1720 1914 aucto-

977 1937 1084 1977 ritate,
1114 1937 1249 1969 scienter
1271 1936 1316 1968 vel
1340 1936 1534 1978 ignoranter,
1552 1935 1720 1978 contigerit

974 1990 1129 2023 attentari.
1144 1990 1296 2029 Quocirca
1311 1989 1412 2022 eidem
1428 1989 1533 2022 loanni
1551 1989 1718 2023 Francisco

975 2044 1216 2088 archiepiscopo
1249 2043 1403 2076 moderno
1435 2049 1461 2075 ct
1493 2054 1550 2086 pro
1577 2048 1718 2086 tempore

975 2097 1117 2130 existenti
1155 2097 1183 2129 in
1209 2097 1299 2130 dictis
1323 2096 1494 2129 ditionibus
1519 2097 1633 2129 nuncio
1662 2107 1718 2140 per

975 2157 1155 2194 praesentes
1187 2150 1414 2183 conunittimus
1448 2155 1477 2182 et
1510 2150 1716 2188 mandamus,

974 2211 1127 2248 quatenus
1146 2205 1223 2248 ipse,
1237 2215 1294 2247 pcr
1311 2215 1353 2239 se.
1376 2205 1420 2237 vel
1439 2204 1546 2246 alium,
1561 2215 1615 2237 seu
1629 2204 1715 2245 alios,

975 2262 1155 2302 praesentes
1180 2258 1298 2291 litteras
1312 2264 1341 2291 et
1357 2258 1386 2290 iu
1405 2258 1448 2290 eis
1466 2263 1611 2291 contenta
1625 2269 1717 2301 quae-

975 2322 1126 2355 cumque,
1154 2311 1205 2344 ubi
1231 2318 1261 2344 et
1286 2312 1410 2355 quando
1436 2322 1515 2355 opus
1545 2312 1655 2353 suerit,
1680 2322 1715 2344 ac

974 2366 1095 2410 quoties
1121 2376 1177 2409 pro
1204 2371 1292 2409 parte
1319 2365 1452 2409 Philippi
1484 2365 1715 2409 archiepiscopi

975 2420 1116 2453 moderni
1154 2425 1183 2452 et
1214 2420 1359 2452 similiter
1392 2430 1449 2462 pro
1483 2424 1625 2463 tempore
1651 2420 1715 2453 exi-

974 2474 1083 2507 stentis
1098 2474 1128 2506 in
1146 2473 1236 2506 dictis
1261 2473 1404 2516 partibus
1427 2473 1533 2505 vicarii
1551 2474 1714 2516 apostolici

974 2533 1004 2560 et
1028 2527 1103 2560 cleri
1141 2537 1195 2559 seu
1227 2526 1485 2570 presbyterorum
1519 2532 1547 2559 et
1579 2526 1713 2560 aliorum

975 2581 1167 2624 regularium
1182 2580 1372 2619 huiusmodi,
1384 2580 1429 2612 vel
1446 2580 1577 2613 alicuius
1591 2592 1712 2621 eorum,

1632 162 1696 197 ⁶237
1743 173 1791 199 Aa.
1808 173 1836 200 c.
1859 174 1926 204 ¹656
