2263 3215
254 223 300 248 An.
322 221 349 247 C.
370 221 434 249 1655

279 284 417 311 Supplicatum

300 1548 406 1568 nimmia:
420 1553 454 1573 ap·

274 1581 281 1600 s
282 1582 320 1594 ιιιιι
325 1577 338 1595 l.

334 2179 464 2197 tili-{autumi

480 212 500 245 ἰ)
1032 212 1209 237 BULLARIUM
1234 210 1387 234 ROMANUM

493 269 508 311 §
533 269 561 301 Ξ.
587 268 661 301 Cum
686 272 787 299 autern
813 263 952 297 firmiora
977 262 1039 295 sint
1055 271 1100 301 ea,
1117 260 1182 303 qui-

451 321 509 355 bus
533 321 619 353 Sedis
644 318 838 362 Apostolicae
862 315 980 349 accedit
996 313 1180 352 auctoritas,

452 374 567 406 idcirco
584 372 792 416 parochorum
811 375 840 401 et
857 368 931 401 cleri
949 366 1181 410 praedictorum

451 426 578 459 nominc
595 425 647 457 suit
667 424 755 456 nobis
779 421 939 455 humiliter
963 419 1182 462 supplicatum,

453 483 484 512 ut
510 479 667 511 decretum
692 474 871 508 huiusmodi
897 472 1086 516 apostolicae
1114 480 1184 503 con-

454 530 636 563 firmationis
668 527 822 572 praesidio
854 526 1004 559 roborare
1030 524 1068 556 de
1096 522 1183 555 beni-

359 598 428 617 1.·.111.=,.
455 584 566 626 gnitate
584 582 755 625 apostolica
772 580 984 622 dignaremur.
1001 577 1062 609 Nos
1080 575 1184 618 igitur,

355 631 387 644 tttn

405 632 439 643 “¹
454 635 663 679 parochorum
688 639 717 666 ct
741 632 815 665 cleri
846 630 1079 674 praedictorum
1106 628 1186 660 votis

455 689 511 720 bac
533 688 561 719 in
580 698 613 719 re
637 696 773 718 annuere
793 685 924 726 illosque
944 681 1131 726 specialibus
1147 680 1187 712 fa-

456 740 581 774 voribus
609 745 639 773 et.
666 739 773 782 gratiis
803 736 951 781 prosequi
979 735 1133 776 volentes,
1159 738 1188 766 et

457 805 565 827 eorum
597 793 769 836 singulares
800 800 950 835 personas
980 799 998 821 a
1027 786 1188 831 quibusvis

457 846 797 885 excoinnmnicationis,
817 842 1031 887 suspensionis
1051 846 1081 874 et
1099 841 1190 874 inter-

457 900 541 942 dicti,
559 900 687 942 aliisque
705 896 920 931 ecclesiasticis
938 893 1107 936 sententiis,
1122 903 1190 926 cen-

459 953 539 986 suris
564 958 593 985 et
617 951 742 995 poenis,
768 961 785 983 a
813 950 880 982 iure
905 948 952 981 vel
979 947 1018 981 ab
1042 946 1191 987 homine,

461 1005 568 1049 quavis
592 1004 755 1038 occasione
780 1004 827 1036 vel
852 1003 944 1036 causa
967 1001 1046 1042 latis,
1072 1000 1097 1033 si
1122 999 1192 1043 qui-

461 1060 518 1092 bus
540 1057 775 1102 quomodolibet
798 1056 962 1089 innodatae
986 1054 1129 1095 existunt,
1155 1052 1193 1086 ad

462 1112 605 1146 effectum
640 1110 849 1155 praesentium
884 1110 1043 1142 dumtaxat
1078 1117 1191 1141 conse-

462 1164 630 1209 quendum,
654 1164 765 1196 harum
787 1162 866 1195 serie
886 1162 1079 1194 absolventes
1099 1165 1129 1193 et
1146 1160 1195 1193 ab·

464 1218 577 1250 solutas
604 1218 670 1250 sore
701 1221 882 1256 censentes,
910 1213 1090 1248 huiusmodi
1121 1223 1195 1257 sup-

463 1270 679 1314 plicationibus
714 1269 872 1310 inclinati,
906 1268 1066 1301 decretum
1102 1277 1196 1310 prae-

464 1325 615 1357 insertum
630 1351 637 1364 ,
662 1323 832 1367 apostolica
860 1322 1063 1364 auctoritate,
1088 1325 1197 1353 tenore

466 1378 686 1421 praesentium,
698 1376 920 1409 confirmamus
934 1380 963 1408 et
975 1375 1197 1418 approbamus,

466 1431 572 1474 illique
604 1430 789 1464 inviolabilis
821 1429 1011 1473 apostolicae
1043 1427 1199 1460 firmitatis

467 1484 565 1517 robur
591 1483 762 1516 adiicimus.

512 1538 526 1579 ξ
542 1536 571 1570 3.
589 1537 797 1570 Decernentes
818 1540 996 1579 praesentes
1019 1535 1136 1567 litteras
1155 1544 1202 1566 va-

470 1591 536 1632 das,
562 1590 667 1623 sirmas
694 1595 724 1622 et
751 1590 890 1622 efficaces
914 1589 1046 1622 existere
1070 1594 1100 1621 et
1123 1588 1200 1628 sore,

470 1653 604 1686 suosque
622 1642 777 1685 plenarios
795 1647 824 1675 et
841 1642 980 1684 integros
996 1642 1123 1675 effectus
1140 1652 1203 1674 sor-

470 1696 519 1728 tiri
544 1701 573 1727 et
597 1695 759 1735 obtinere,
787 1705 822 1728 ac
849 1695 1068 1728 inviolabiliter
1095 1695 1204 1727 obser-

470 1749 550 1790 vari,
572 1747 677 1791 sicque
700 1758 756 1791 per
776 1758 991 1791 quoscumque
1015 1747 1132 1780 iudices
1156 1758 1204 1780 or-

471 1801 607 1833 dinarios
642 1806 671 1833 et
705 1801 879 1843 delegatos,
914 1800 1006 1833 etiam
1041 1810 1204 1832 causarum

472 1854 575 1897 palatii
594 1853 756 1896 apostolici
773 1853 941 1893 auditores,
960 1864 993 1885 ac
1011 1858 1133 1886 sanctae
1150 1854 1207 1887 Ro-

474 1916 581 1939 manae
606 1907 760 1939 Ecclesiae
784 1906 966 1948 cardinales,
987 1906 1079 1939 etiam
1104 1906 1142 1939 de
1167 1907 1207 1938 la-

476 1965 538 1991 tere
555 1960 683 2001 legatos,
699 1959 828 1992 iudicari
845 1964 875 1992 et
890 1959 1013 1992 definiri
1029 1959 1154 2000 debere,
1172 1970 1207 1992 ac

476 2011 598 2045 irritum
613 2017 642 2044 et
660 2012 759 2051 inane,
776 2011 800 2043 si
821 2022 910 2044 secus
926 2023 1020 2055 super
1036 2012 1084 2045 his
1101 2023 1118 2045 a
1134 2023 1208 2056 quo-

477 2075 578 2107 quam,
593 2065 700 2107 quavis
713 2065 906 2105 auctoritate,
917 2066 1050 2099 scienter
1062 2067 1110 2099 vel
1124 2066 1209 2110 igno-

479 2122 583 2149 ranter
608 2117 774 2159 contigerit
798 2118 951 2150 attentari.

523 2170 537 2212 ἓ
562 2169 590 2201 4,
616 2170 683 2202 Non
707 2170 900 2203 obstantibus
935 2171 1210 2206 constitutionibus

480 2227 510 2254 et
527 2222 773 2255 ordinationibus
790 2224 979 2267 apostolicis,
993 2235 1028 2257 ac
1041 2225 1210 2268 quibusvis,

482 2275 573 2307 ctiam
599 2275 772 2308 iuramento
787 2303 794 2316 ,
818 2277 1055 2310 confirmatione
1081 2284 1211 2322 aposto-

485 2328 558 2367 lica,
583 2329 629 2360 vel
657 2328 764 2371 quavis
790 2329 934 2363 firmitate
961 2330 1021 2362 alia
1047 2331 1212 2372 roboratis,

484 2381 605 2413 statutis
619 2387 647 2413 et
660 2382 944 2423 consuetudinibus,
958 2384 1127 2426 privilegiis
1141 2396 1214 2429 quo-

485 2445 555 2476 quc,
573 2433 698 2466 indultis
715 2440 744 2466 et
762 2435 871 2468 litteris
895 2437 1082 2479 apostolicis,
1100 2438 1129 2470 in
1146 2448 1215 2471 con-

487 2487 615 2519 trarium
633 2487 875 2529 praemissorum
894 2489 1128 2532 quomodolibet
1147 2501 1216 2524 con-

487 2539 599 2579 cessis,
628 2540 819 2573 confirmatis
847 2545 876 2574 et
904 2542 1074 2583 innovatis;
1103 2544 1216 2587 quibus

489 2592 634 2625 omnibus
649 2598 678 2625 et
694 2593 832 2636 singulis,
847 2594 971 2627 illorum
990 2600 1112 2629 tenores
1129 2607 1218 2641 prae-

1214 258 1354 292 sentibus
1378 267 1436 300 pro
1460 256 1551 299 plene
1572 259 1602 286 et
1623 253 1813 286 sufficienter
1830 262 1953 296 expres-

1215 312 1256 343 sis
1279 321 1315 343 ac
1339 309 1377 342 de
1401 309 1498 342 verbo
1528 306 1565 339 ad
1590 305 1720 339 verbum
1751 305 1875 338 insertis
1903 304 1955 337 ha-

1215 364 1334 402 bentes,
1359 362 1420 394 illis
1444 361 1520 393 alias
1541 360 1572 392 in
1593 369 1649 392 suo
1673 358 1788 391 robore
1811 367 1955 401 perman-

1216 416 1307 457 suris⁷
1321 415 1358 447 ad
1376 413 1623 458 praemissorum
1640 410 1798 450 effectum,
1811 410 1870 443 hac
1888 410 1955 442 vice

1216 468 1389 507 dumtaxat,
1406 466 1582 510 specialiter
1607 469 1636 497 et
1659 473 1807 507 expresse
1827 463 1957 506 deroga-

1218 532 1286 554 mus
1293 532 1300 561 3
1318 521 1494 563 ceterisque
1514 518 1680 553 contrariis
1697 517 1956 561 quibuscumque.

1261 575 1373 607 Datum
1390 574 1519 614 Romae,
1535 572 1616 616 apud
1630 572 1659 604 S.
1678 571 1817 612 Petrum,
1835 569 1893 603 sub
1909 580 1959 602 an-

1218 629 1293 661 nulo
1315 627 1493 668 piscatoris,
1518 627 1568 659 die
1596 636 1627 658 vl
1648 624 1722 658 maii
1746 633 1862 664 noerv,
1885 633 1960 667 pon-

1220 682 1356 715 tificatus
1375 680 1477 714 nostri
1497 690 1579 713 anno
1596 689 1616 712 1.

1256 744 1317 770 Dat.
1333 742 1375 770 die
1391 742 1407 769 6
1423 742 1484 770 maii
1501 741 1579 775 1655,
1600 740 1696 776 pontif.
1713 748 1783 767 anno
1798 747 1818 767 1.

1577 884 1612 917 II.

1226 964 1413 1000 [abilaeum
1439 963 1621 996 mzz'vcrsale
1648 962 1690 995 ad
1717 961 1965 1005 implorandum

1270 1018 1419 1051 divinum
1433 1017 1600 1050 auxilium
1618 1015 1716 1049 initio
1732 1015 1786 1048 sui
1800 1014 1967 1058 pontifica-

1271 1076 1321 1105 tus
1342 1081 1402 1114 pro
1426 1070 1569 1103 salutari
1585 1069 1617 1103 S.
1636 1069 1674 1102 Ε.
1697 1069 1728 1103 C.
1752 1067 1913 1111 regimine
1937 1071 1966 1100 et

1269 1135 1329 1170 pro
1352 1134 1430 1168 pace
1455 1124 1541 1156 inter
1561 1123 1726 1167 principes
1743 1121 1937 1155 christianos
1947 1120 1965 1154 ¹.

1422 1205 1590 1232 Alexander
1611 1204 1691 1237 Papa
1710 1203 1772 1236 VII,

1231 1257 1384 1286 universis
1405 1256 1664 1288 christifidelibus,
1680 1257 1717 1283 ad
1733 1261 1806 1289 quos
1825 1261 1968 1289 praesen-

1265 1306 1313 1330 tes
1332 1303 1455 1330 litterae
1473 1301 1677 1336 pervenerint,
1699 1301 1828 1328 salutem
1847 1303 1878 1328 et
1898 1306 1969 1334 apo-

1267 1347 1404 1375 stolicam
1423 1346 1672 1374 benedictionem.

1277 1427 1462 1470 Unigenitus
1489 1426 1543 1459 Dei
1573 1425 1656 1458 silius
1688 1425 1835 1458 dominus
1863 1428 1971 1457 noster

1233 1481 1318 1514 Iesus
1346 1480 1504 1522 Christus,
1530 1479 1618 1512 cuius
1646 1477 1843 1511 inscrutabili
1865 1477 1972 1521 provi-

1234 1534 1340 1567 dentia
1366 1538 1449 1566 stant
1476 1532 1643 1573 universa,
1672 1531 1857 1564 immensam
1884 1540 1973 1564 suam

1236 1597 1310 1630 erga
1326 1597 1384 1620 nos
1401 1586 1571 1619 bonitatem
1597 1584 1771 1618 clarissimo
1795 1583 1974 1617 testimonio

1236 1639 1444 1672 manifestavit
1460 1649 1530 1672 cum
1552 1637 1760 1671 bumilitatem
1777 1640 1918 1670 nostram
1935 1636 1974 1668 ad

1237 1693 1379 1736 regimen
1402 1692 1587 1725 universalis
1606 1690 1763 1724 Ecclesiae
1786 1689 1976 1734 pretiosissi-

1239 1757 1289 1779 mo
1314 1756 1371 1779 suo
1395 1745 1547 1787 sanguine
1572 1744 1742 1787 acquisitae
1765 1743 1852 1776 nullo
1880 1741 1976 1775 meri-

1238 1806 1342 1833 torum
1367 1804 1549 1832 nostrorum
1575 1797 1726 1840 suffragio
1751 1795 1893 1837 vocavit,
1918 1805 1975 1829 no-

1240 1854 1350 1897 bisque
1368 1851 1535 1885 vicariam²
1549 1851 1615 1884 eius
1633 1851 1663 1883 in
1681 1850 1773 1883 terris
1789 1854 1976 1893 potestatem

1240 1906 1447 1940 demandavit.
1468 1905 1533 1945 Qua
1558 1905 1589 1937 in
1613 1914 1657 1945 re,
1675 1903 1766 1936 sicuti
1786 1903 1909 1936 divinae
1928 1914 1979 1936 vo-

1241 1960 1352 1993 luntati
1369 1959 1577 2002 obsequentes
1602 1957 1751 2001 imposito
1772 1956 1846 1999 iugo
1863 1956 1979 1989 collum

1241 2013 1403 2047 humiliter
1427 2011 1660 2056 supposuimus,
1678 2011 1730 2050 ita,
1747 2009 1823 2042 dum
1843 2009 1979 2052 suscepti

1242 2066 1346 2100 oneris
1370 2064 1553 2108 gravitatem
1578 2069 1607 2095 et
1631 2063 1810 2095 luctuosum
1832 2061 1982 2105 reipubli-

1242 2129 1296 2152 cae
1313 2118 1500 2152 christianae
1516 2115 1648 2149 assiduis
1665 2115 1821 2148 bellorum
1845 2114 1981 2147 motibus

1243 2177 1288 2206 tot
1304 2182 1360 2215 per
1377 2181 1474 2204 annos
1494 2170 1625 2212 agitatae
1646 2173 1759 2201 statum
1777 2172 1892 2201 attente
1909 2178 1983 2201 con-

1245 2226 1453 2270 templamur,
1482 2224 1730 2267 anticipaverunt
1752 2222 1874 2266 vigilias
1900 2221 1982 2266 oculi

1245 2279 1361 2321 nostri,
1391 2277 1567 2320 meritoque
1600 2286 1764 2318 veremur,
1793 2286 1833 2309 ne
1863 2275 1984 2319 impen-

1246 2333 1330 2366 denti
1354 2332 1444 2366 nobis
1465 2341 1613 2365 curarum
1638 2329 1714 2363 moli
1738 2329 1923 2363 succumbat
1941 2328 1985 2361 vi-

1284 2432 1293 2457 1
1315 2429 1434 2456 lubilaea
1448 2427 1602 2454 huiusmodi
1618 2427 1737 2454 indixere
1748 2427 1813 2453 Sixt.
1826 2427 1848 2453 V
1861 2429 1945 2453 const.
1958 2433 1983 2460 v,

1249 2478 1302 2500 tom
1328 2480 1385 2508 viti,
1404 2482 1463 2508 pag.
1481 2473 1546 2505 5753
1564 2473 1641 2507 Greg.
1656 2472 1695 2499 XV
1708 2475 1792 2499 const.
1805 2477 1844 2506 ul,
1860 2474 1923 2497 tom.
1936 2477 1984 2505 xu,

1250 2527 1308 2553 pag.
1320 2518 1381 2551 5003
1396 2517 1653 2544 L'1·ban.l'lllconst.
1668 2523 1718 2543 Lvtl
1728 2517 1778 2551 (al.
1789 2516 1843 2549 50),
1855 2519 1919 2542 tom.
1929 2521 1985 2549 xxti,

1250 2571 1309 2598 pag.
1321 2562 1383 2595 143,
1396 2565 1423 2588 et
1437 2562 1528 2588 lnnoc.
1541 2560 1560 2587 X
1572 2565 1658 2589 const.
1670 2567 1707 2595 vi,
1719 2564 1783 2587 tom.
1795 2566 1840 2592 xv,
1850 2567 1910 2594 pag.
1923 2558 1984 2586 336.

1285 2607 1301 2633 2
1321 2606 1392 2634 Male
1412 2606 1476 2634 edit.
1497 2605 1575 2633 Mein.
1597 2605 1661 2641 legit
1684 2604 1833 2635 Vivarium
1847 2606 1884 2638 (a.
1899 2603 1949 2639 T.).

1964 204 2014 230 An.
2034 202 2063 230 C.
2081 202 2150 230 1655

2257 586 2263 607 ..
2253 518 2263 565 cp,
2253 439 2259 489 ...⁴
2254 354 2260 391 „-

2012 1432 2134 1456 Exordium.
