2243 3205
35 218 83 246 An.
98 216 126 244 G.
150 216 213 244 ¹661

62 277 200 305 Supplicatio.

68 1500 191 1522 Commissio
203 1501 226 1520 ut

41 1529 62 1550 in
77 1528 171 1549 rubrica.

826 214 1011 239 ALEXANDER
1041 213 1085 237 vn
1111 214 1158 237 ΡΡ.

276 264 292 308 ἓ
316 264 345 297 1.
371 263 447 298 Cum
473 269 589 305 autem,
614 265 695 298 sicut
718 263 823 297 dilecti
845 263 901 296 filii
925 263 972 295 in-

232 317 469 361 frascriptarum
506 318 651 351 undecim
692 317 990 361 congregationum*

231 376 456 414 procuratores
482 372 644 414 generales
668 371 758 404 nobis
776 370 909 403 subinde
923 380 992 402 exn

232 423 308 468 poni
337 424 499 464 fecerunt,
533 424 592 468 ipsi
629 424 758 458 nomine
792 423 992 456 earumdem¹

233 477 515 519 congregationum
552 488 623 509 cum
661 478 785 510 camera
818 476 976 521 praedicta

233 539 328 573 super
345 530 499 564 solutione
513 541 565 563 sex
579 531 773 564 decimarum
785 530 976 571 huiusmodi,

235 582 390 617 mediante
405 586 529 616 summa
540 584 748 628 quadraginta
763 584 895 616 millium
911 594 976 616 scu-

234 641 339 669 torum
361 642 506 669 monetae
535 637 635 669 eidem
658 647 801 670 camerae
822 637 903 669 intra
931 642 973 669 to-

235 695 301 722 tum
320 695 500 723 currentem
518 699 633 723 annum
653 700 769 724 MDCLXI
789 690 976 734 praestanda
993 713 995 718 s

236 743 516 784 concordaverint,
541 754 598 776 nec
626 744 670 776 eis
695 749 841 787 suppetat
865 743 977 776 modus

236 796 427 839 congerendi
442 807 598 830 summam
613 797 806 837 huiusmodi,
818 798 877 830 nisi
892 797 975 829 illam

235 849 275 882 ad
299 860 427 883 censum
454 855 507 883 aut
542 851 603 883 alio
627 850 714 884 licito
739 856 902 883 contractu
928 861 976 883 ca-

235 902 338 947 piant;
359 913 426 943 nos,
443 903 609 947 specialem
629 903 746 936 eisdem
765 904 978 948 procuratori-
994 881 996 920 Ι

235 955 295 989 bus
319 957 519 1000 generalibus
543 957 676 1000 gratiam
703 957 804 990 facere
829 957 978 998 volentes,

237 1014 268 1042 et
288 1019 397 1043 eorum
421 1010 596 1053 singulares
608 1020 760 1054 personas
781 1020 798 1042 a
816 1010 979 1054 quibusvis

238 1064 584 1104 excommunicationis,
605 1064 821 1107 suspensionis
841 1069 871 1096 et
889 1065 980 1096 inter-

238 1117 323 1157 dicti,
341 1118 473 1161 aliisque
487 1117 705 1151 ecclesiasticis
722 1118 895 1158 sententiis,
913 1129 981 1150 cen-

239 1171 321 1204 suris
346 1176 376 1204 et
400 1171 530 1215 poenis,
556 1182 572 1204 a
597 1172 666 1204 iure
691 1171 739 1204 vel
765 1171 803 1203 ab
833 1171 998 1211 homine„

239 1224 349 1268 quavis
366 1225 531 1258 occasione
549 1225 596 1257 vel
615 1226 709 1257 causa
731 1224 809 1264 latis,
824 1225 849 1258 si
867 1225 981 1268 quibus

238 1277 478 1322 quomodolibet
502 1277 668 1311 innodatae
689 1278 835 1318 existunt,
849 1278 887 1310 ad
913 1278 982 1311 effe-

239 1336 323 1364 ctum
348 1331 560 1375 praesentium
594 1331 754 1364 dumtaxat
779 1341 978 1375 consequen-

240 1384 326 1425 dum,
350 1384 463 1417 harum
489 1385 569 1417 serie
593 1385 788 1418 absolventes
813 1389 843 1418 et
862 1385 983 1418 absolu-

240 1442 287 1470 tas
307 1437 373 1470 sore
398 1442 582 1479 censentes,

285 1491 300 1535 ἓ
324 1491 354 1524 02.
380 1491 462 1524 Motu
477 1491 617 1535 proprio,
639 1496 721 1524 etex
743 1494 826 1525 certa
854 1492 983 1524 scientia

240 1546 360 1585 nostra,
385 1544 683 1588 congregationibus
708 1545 885 1589 praedictiS,
911 1546 983 1580 Cas-

243 1598 414 1632 sinensium
440 1598 588 1631 nimirum
609 1604 639 1631 et
656 1598 770 1632 montis
790 1599 910 1638 Oliveti‚
928 1599 984 1633 Or-

242 1651 323 1684 dinis
348 1652 445 1684 sancti
471 1651 641 1691 Benedicti,
660 1652 919 1684 Larci-anensium
938 1663 984 1685 ca·
1000 1675 1002 1686 ,ι

241 1705 431 1738 nonicorum
457 1705 650 1748 regularium
669 1706 727 1738 sub
753 1707 862 1748 regula
881 1706 908 1738 S.
928 1707 1002 1752 Ati-2

243 1758 370 1802 gustini,
394 1759 662 1798 Cartusianorum,
691 1759 1002 1799 Camaldulensium‚¹

243 1812 510 1854 Caelestinorum,
546 1812 575 1845 S.
606 1812 774 1846 Salvatoris
811 1813 1002 1846 Bononien-'

244 1865 325 1898 sium
365 1865 457 1898 etiam
498 1865 724 1899 canonicorum
766 1866 959 1909 regularium
979 1894 986 1906 ,

245 1918 340 1951 Vallis
369 1918 543 1951 Umbrosae
568 1923 597 1951 et
622 1918 650 1952 S.
684 1919 827 1962 Gregorii
854 1919 884 1951 in
910 1920 1004 1962 Algat

245 1972 365 2016 pariter
390 1972 613 2005 canonicorum
639 1973 846 2015 regularium,
872 1973 987 2006 Cister-

246 2026 461 2069 ciensiumque
486 2026 693 2060 Lombardiae
719 2033 748 2059 et
772 2027 801 2060 S.
827 2027 988 2072 Hierony-

247 2079 300 2120 mi,
315 2090 488 2123 earumque
509 2080 770 2123 procuratoribus
787 2081 988 2123 generalibus
1003 2113 1005 2118 ,

246 2132 389 2176 quamvis
421 2132 459 2165 ad
491 2132 551 2165 hoc
581 2133 685 2177 specie
717 2134 896 2166 mandatum
926 2136 1005 2167 non*

247 2185 390 2226 habeant,
410 2186 455 2218 vel
472 2196 581 2219 eorum
604 2187 788 2226 substitutis,
804 2194 830 2220 et
857 2198 929 2220 cum
946 2188 990 2220 in-

247 2243 389 2272 terventu
423 2239 525 2272 dilecti
561 2239 615 2271 filii
649 2240 748 2273 nostri
781 2245 811 2273 et
847 2230 1006 2273 camerae3'

247 2291 437 2336 apostolicae
470 2292 657 2325 thesaurarii
694 2294 871 2336 generalis,
896 2294 988 2326 etiam

248 2345 367 2390 absque
392 2346 543 2387 scientia,
568 2346 816 2390 participatione,
843 2347 989 2381 mandato

248 2399 375 2443 speciali
401 2400 447 2432 vel
474 2400 624 2443 generali,
638 2406 690 2433 aut
715 2411 870 2434 consensu
894 2393 1006 2434 abba-¹

249 2458 316 2486 turn
341 2460 372 2486 et
396 2454 538 2497 priorum
557 2455 762 2497 generalium,
783 2466 838 2488 seu
855 2456 988 2488 aliorum
1005 2445 1006 2451 ἵ

249 2517 523 2551 quorumcumque
537 2508 736 2551 superiorum
754 2514 784 2541 et
809 2509 988 2542 officialium

250 2571 451 2605 quocumque
465 2562 591 2594 nomine
605 2567 856 2606 nuncupatorum
869 2573 989 2596 earum·
1005 2558 1007 2574 ²

251 2614 320 2647 dem
347 2615 639 2658 congregationum,
662 2616 724 2648 imo
746 2616 820 2660 ipsis
842 2616 943 2650 invitis
961 2622 990 2648 et

1007 261 1431 303 reclamantibus,summam
1454 261 1662 306 quadraginta
1682 261 1750 294 mil-

1007 315 1083 348 lium
1105 319 1267 347 scutorum
1292 314 1484 356 huiusmodi,
1510 325 1569 359 pro
1594 315 1661 347 rata
1686 314 1749 346 sin-

1008 368 1098 412 gulas
1118 368 1380 411 congregationes
1398 366 1573 411 tangente¹,
1591 378 1607 400 a
1620 367 1749 411 quibus-

1009 431 1144 465 cumque
1161 421 1304 464 personis
1322 431 1376 454 seu
1396 421 1626 455 mercatoribus
1639 431 1749 454 eorum

1010 474 1102 507 fidem
1128 474 1216 517 sequi
1241 474 1417 507 volentibus
1437 479 1467 507 et
1491 474 1654 507 meliorem
1677 484 1751 507 con-

1011 528 1161 561 ditionem
1193 527 1399 560 offerentibus
1423 527 1460 559 ad
1486 538 1614 560 censum
1640 538 1752 572 perpe-

1011 587 1099 614 tuum
1125 580 1347 620 redimibilem,
1373 582 1495 613 servata
1520 586 1624 613 tamen
1650 581 1751 613 forma

1012 634 1242 668 constitutionis
1259 634 1357 667 felicis
1381 634 1609 667 recordationis
1634 634 1677 667 Pii
1696 634 1752 667 Pa-

1011 698 1068 732 pae
1087 688 1109 720 V
1130 687 1383 732 praedecessoris
1400 687 1499 720 nostri
1525 698 1619 731 super
1644 697 1753 720 crean-

1012 742 1059 774 dis
1084 740 1230 774 censibus
1243 740 1353 782 editae,
1375 751 1429 773 seu
1454 741 1515 773 alio
1540 740 1650 784 quovis
1667 740 1753 774 licito

1013 800 1043 827 et
1066 794 1162 827 sacris
1187 794 1360 827 canonibus
1384 804 1446 826 non
1472 793 1649 837 improbato
1681 803 1755 826 con-

1014 855 1125 891 tractu,
1151 849 1314 893 accipere,
1339 849 1487 892 illamque
1512 858 1606 892 penes
1631 847 1755 892 deposi-

1013 903 1127 936 tarium
1158 908 1302 936 nostrum
1334 902 1513 945 generalem
1541 911 1683 934 seorsum
1716 900 1754 934 ab

1013 956 1082 989 aliis
1106 956 1222 989 nostris
1243 956 1385 1000 pecuniis
1405 955 1574 999 deponere;
1592 954 1668 987 itaut
1685 953 1756 987 inde

1014 1010 1176 1049 amoveri,
1200 1020 1258 1043 nec
1284 1009 1313 1042 in
1338 1009 1415 1041 alios
1440 1019 1532 1052 quam
1559 1008 1756 1052 supradictos

1016 1073 1089 1095 usus
1115 1063 1253 1096 converti
1279 1063 1412 1102 valeant,
1437 1073 1473 1095 ac
1498 1067 1598 1094 taxam
1620 1061 1755 1104 aliquam

1016 1116 1096 1148 inter
1130 1127 1163 1148 sc
1188 1126 1246 1160 pro
1271 1115 1422 1159 cuiusque
1447 1115 1586 1159 ipsarum
1611 1114 1757 1147 facultate

1016 1170 1194 1203 reddituum
1221 1180 1398 1203 annuorum
1417 1180 1475 1213 pro
1501 1169 1650 1202 solvenda
1674 1178 1754 1212 qua-

1016 1223 1159 1265 draginta
1196 1223 1329 1255 millium
1371 1228 1532 1255 scutorum
1576 1221 1757 1254 huiusmodi

1016 1278 1139 1309 summa
1155 1276 1356 1317 constituere,
1372 1276 1509 1308 autalias
1521 1281 1620 1308 ratam
1635 1281 1757 1318 partem

1016 1329 1218 1369 reddituum,
1244 1334 1339 1372 prout
1363 1329 1491 1361 cuilibet
1515 1339 1552 1361 ex
1583 1339 1757 1371 congrega-

1016 1383 1155 1416 tIOnibus
1187 1382 1356 1427 praedictis
1387 1383 1490 1415 minus
1522 1382 1756 1415 incommodum

1017 1443 1046 1470 et
1059 1437 1245 1470 damnosum
1265 1447 1331 1469 esse
1349 1447 1383 1469 ae
1402 1436 1501 1479 magis
1519 1436 1666 1479 expedire
1684 1436 1760 1469 iudi-

1018 1490 1145 1530 caverit,
1160 1491 1331 1532 assignare,
1345 1490 1523 1533 dictamque
1546 1495 1644 1522 ratam
1660 1489 1759 1523 monti

1018 1543 1188 1576 Novennali
1225 1549 1278 1576 aut
1317 1542 1542 1586 Religionum⁹
1577 1543 1760 1586 applicare,

1018 1607 1097 1641 quae
1122 1597 1255 1630 sufficiat
1279 1607 1336 1640 pro
1361 1597 1443 1629 dicta
1475 1598 1598 1628 summa
1625 1596 1760 1640 quadra-

1019 1651 1104 1693 ginta
1129 1650 1261 1682 millium
1287 1655 1450 1682 scutorum
1475 1649 1697 1692 congerenda.
1723 1650 1761 1682 sa-

1020 1706 1131 1748 ctaque
1165 1706 1233 1735 taxa
1269 1703 1460 1745 huiusmodi,
1486 1703 1627 1735 eamdem
1662 1703 1760 1736 monti

1021 1757 1190 1791 Novcnnali
1216 1762 1268 1789 aut
1293 1757 1466 1800 Regionum
1494 1756 1655 1800 praedicto
1681 1757 1762 1789 ultra

1020 1812 1095 1843 alias
1119 1817 1215 1851 taxas,
1240 1821 1317 1854 quas
1342 1811 1483 1853 singulae
1500 1811 1761 1853 congregationes

1020 1867 1171 1900 hactenus
1196 1867 1357 1900 solverunt
1391 1872 1421 1899 et
1453 1867 1574 1899 solvere
1607 1866 1763 1909 obligatae

1021 1926 1102 1962 sunt,
1128 1920 1300 1963 assignare,
1323 1919 1483 1964 applicare
1502 1923 1528 1953 et
1548 1919 1760 1964 incorporare,

1021 1985 1057 2007 ac
1081 1985 1176 2018 super
1201 1976 1271 2006 taxa
1296 1984 1351 2006 seu
1373 1976 1439 2006 rata
1457 1974 1501 2006 sic
1518 1973 1671 2014 facienda,
1691 1973 1763 2006 assi-

1022 2028 1145 2070 gnanda
1160 2033 1187 2060 et
1203 2027 1435 2071 incorporanda
1449 2027 1577 2060 totidem
1594 2027 1662 2060 loca
1676 2037 1763 2070 prae-

1023 2081 1107 2114 dicto
1136 2082 1233 2114 monti
1268 2081 1400 2121 cedere,
1437 2086 1513 2124 quot
1548 2091 1605 2124 pro
1641 2083 1764 2113 summit

1023 2135 1184 2179 praedicta
1208 2134 1417 2178 quadraginta
1441 2135 1574 2167 millium
1601 2140 1763 2167 scutorum

1023 2188 1224 2231 congerenda
1245 2188 1423 2221 necessaria
1440 2193 1541 2229 erunt,
1563 2198 1686 2221 nocnon
1705 2188 1763 2220 eis-

1023 2242 1092 2274 dem
1115 2241 1260 2274 omnibus
1282 2241 1545 2284 procuratoribus
1565 2241 1764 2283 generalibus

1024 2305 1078 2327 seu
1099 2295 1225 2327 illorum
1241 2294 1427 2334 substitutis,
1440 2300 1606 2338 postquam
1629 2300 1699 2327 taxa
1713 2295 1765 2328 hu-

1025 2348 1158 2381 iusmodi
1189 2349 1267 2381 sacta
1301 2348 1396 2381 suerit
1421 2349 1496 2392 (tam
1522 2359 1579 2392 pro
1613 2349 1765 2392 emptoris

1024 2413 1078 2435 scu
1112 2406 1291 2446 emptorum
1325 2412 1476 2434 censuum
1508 2402 1765 2446 praedictorum,

1025 2466 1078 2488 seu
1104 2466 1213 2488 corum
1239 2455 1292 2499 qui
1321 2465 1380 2498 pro
1409 2455 1609 2498 congerenda
1640 2459 1766 2490 summa

1024 2508 1229 2553 quadraginta
1256 2508 1387 2541 millium
1406 2514 1567 2542 scutorum
1584 2509 1765 2544 huiusmodi

1062 2583 1070 2607 t
1095 2580 1164 2607 Male
1185 2580 1249 2608 edit.
1272 2580 1350 2607 Μαίη.
1374 2580 1435 2615 legit
1456 2583 1604 2615 tanyentes
1622 2583 1660 2616 (a.
1682 2583 1728 2615 12),

1059 2626 1074 2651 it
1095 2625 1167 2652 Infra
1188 2625 1250 2660 legit
1270 2625 1430 2660 Ileyionum
1453 2626 1490 2660 (R.
1504 2626 1551 2659 T.).

1653 203 1716 237 7⁶27
1763 213 1815 239 An.
1836 212 1863 239 c.
1883 211 1945 239 1661
