2243 3205
58 184 103 209 An.
115 180 144 206 C.
166 178 233 206 1660

89 293 199 316 innocentii
214 293 231 313 X

57 322 156 343 decretum
172 325 230 341 revo-

31 353 34 363 v
56 350 94 370 ul.

16 2295 19 2330 l
37 2310 138 2332 Obttanim
151 2312 209 2334 tollit.

839 180 1028 206 ALEXANDEr.
1055 182 1097 205 Vll
1122 183 1171 207 PP.

246 225 328 258 infra
351 224 517 269 indulgere
540 227 579 260 de
598 227 794 270 benignitate
818 229 989 272 apostolica
1024 239 1103 270 rem,
1120 230 1178 262 sub
1203 232 1319 265 annulo
1334 232 1573 275 Piscator-is‚die
1600 245 1618 267 x
1640 245 1765 268 novem-

246 277 461 321 dignaremur.
482 281 546 314 Nos
563 281 670 323 igitur,
688 282 789 325 ipsum
803 282 987 326 episcopum

246 332 430 366 Comensem
448 333 637 377 specialibus
654 335 813 368 favoribus
830 340 860 368 et
880 335 988 378 gratiis

243 386 393 429 prosequi
419 387 568 428 volentes,
586 393 616 420 et
640 397 657 420 a
674 388 837 431 quibusvis
862 398 987 421 excom-

243 438 483 479 municationis,
515 440 729 483 suspensionis
754 446 784 473 et
808 441 986 482 interdicti,

242 491 375 534 aliisque
399 492 619 526 ecclesiasticis
644 494 805 526 sententiis
819 521 826 534 ‚
845 495 985 528 censuris

243 549 272 576 et
296 544 416 587 poenis,
441 555 459 577 a
483 545 551 578 iure
577 546 623 578 vel
648 546 687 579 ab
713 547 851 587 homine,
876 547 985 591 quavis

241 596 406 630 occasione
430 598 478 630 vel
503 599 596 631 causa
621 599 701 641 latis,
722 600 748 632 si
768 599 881 643 quibus
905 611 983 644 quo-

240 648 414 683 modolibet
437 650 605 683 innodatus
630 651 743 693 existit,
772 651 810 684 ad
836 651 981 685 effectum

238 702 451 745 praesentium
467 703 628 736 dumtaxat
645 704 911 748 consequendum,
932 705 982 738 ha-

239 765 310 787 rum
334 755 415 788 serie
439 755 636 790 absolventes
661 763 691 790 et
715 757 894 791 absolutum
914 758 981 792 sore

238 812 411 850 censentes,
428 819 552 843 necnon
571 810 725 843 dictarum
745 810 920 844 litterarum
937 817 980 845 te-

237 872 348 895 norem
365 863 583 906 praesentibus
599 874 658 907 pro
674 864 765 907 plene
782 868 812 897 et
827 864 980 898 sufficien-

238 917 284 947 ter
308 924 492 958 expressum
517 916 679 959 habentes,
705 916 885 950 huiusmodi
906 928 978 961 sup-

235 966 459 1010 plicationibus
484 968 633 1010 inclinati,
657 969 764 1002 habita
788 969 940 1003 relatione
961 980 978 1003 a

237 1020 406 1053 venerabili
439 1021 532 1054 etiarn
563 1022 660 1056 fratre
685 1022 814 1056 Camillo
838 1022 977 1056 Cameri-

234 1074 324 1106 nensi
362 1074 616 1117 congregationis
649 1074 876 1108 venerabilium
907 1075 973 1108 fra-

235 1133 318 1160 trum
339 1132 520 1160 nostrorum
541 1127 570 1161 S.
588 1128 622 1161 R.
641 1129 674 1161 Ε.
692 1128 897 1161 cardinalium
922 1138 976 1162 ne-

232 1180 326 1224 gotiis
348 1185 378 1213 et
402 1180 682 1214 consultationibus
706 1181 928 1226 episcoporum
945 1187 975 1215 et

233 1233 427 1276 regularium
460 1234 660 1278 praepositae
697 1235 889 1275 secretario,
919 1235 973 1279 qui

231 1292 337 1331 partes
369 1292 431 1319 tani
467 1287 562 1320 verbo
594 1299 689 1331 quam
725 1288 843 1332 scripto
874 1289 972 1322 infor-

231 1345 351 1373 mantes
386 1340 510 1384 saepius
547 1340 692 1381 audivit,
725 1340 763 1373 de
799 1341 859 1374 illis
892 1352 973 1385 quae

230 1404 337 1427 coram
368 1394 436 1438 ipso
473 1394 556 1427 circa
591 1394 764 1438 praemissa
796 1395 869 1428 hinc
901 1395 972 1428 inde

229 1447 363 1481 deducta
396 1448 543 1489 fuerunt,
577 1454 767 1482 memoratas
800 1449 970 1482 lnnocentii

228 1501 481 1545 praedecessoris
505 1501 633 1542 litteras,
651 1501 766 1545 quibus
787 1502 969 1546 capitulum,

229 1555 395 1599 dignitates
410 1561 440 1588 et
453 1555 594 1588 canonici
612 1555 790 1600 praedictae
811 1555 970 1588 cathedra-

228 1609 266 1642 lis
283 1609 434 1643 ecclesiae
458 1609 628 1650 Comensis,
645 1619 819 1653 eorumque
837 1619 968 1643 consan-

227 1663 345 1707 guinei,
361 1663 469 1696 famuli
486 1667 516 1697 et
532 1663 701 1696 familiares
717 1674 735 1696 a
751 1663 968 1697 iurisdictione

227 1717 303 1751 dicti
327 1717 466 1762 episcopi
490 1716 652 1750 Comensis
685 1716 715 1748 in
741 1717 887 1752 omnibus
914 1730 966 1753 eo-

227 1783 299 1805 rum
316 1772 417 1805 causis
438 1776 498 1803 tam
524 1770 739 1803 criminalibus
761 1782 855 1814 quam
872 1772 966 1806 civili-

226 1827 284 1860 bus
297 1831 328 1860 et
340 1825 444 1859 mixtis
458 1836 493 1858 ac
506 1824 752 1865 beneficialibus,
767 1825 912 1868 pluribus
925 1827 964 1860 ab

225 1880 300 1914 hinc
325 1879 424 1920 annis,
448 1879 575 1912 suerunt
598 1878 744 1922 exempti,
769 1883 799 1911 et
816 1878 964 1923 episcopo

226 1933 371 1978 Papiensi
395 1932 549 1972 subiecti,
574 1931 819 1976 earumdemque
844 1933 963 1966 littera-

224 1998 296 2021 rum
314 1987 398 2021 circa
414 1985 574 2030 praedicta
594 1985 844 2030 dispositionem,
861 1991 964 2022 aucto-

224 2040 315 2074 ritate
331 2040 514 2083 apostolica,
533 2044 642 2072 tenore
661 2039 884 2082 praesentium,
900 2051 964 2073 sus-

223 2094 407 2138 pendimus,
426 2103 462 2126 ac
480 2103 538 2137 pro
563 2092 722 2136 suspensis
751 2092 859 2126 haberi
879 2094 963 2127 volu-

223 2158 294 2181 mus
310 2153 340 2181 et
356 2147 551 2187 mandamus,
568 2146 857 2191 iurisdictionisque
876 2158 963 2191 prae—

222 2201 303 2234 fatae
323 2200 507 2234 exercitium
532 2199 633 2233 eidem
654 2200 802 2243 episcopo
819 2200 962 2234 Comensi

224 2255 426 2289 restituimus.

268 2309 283 2353 ἓ
307 2309 336 2342 ⁶2.
368 2309 436 2342 Non
459 2307 654 2341 obstantibus
678 2307 846 2351 praedictis
871 2308 962 2342 lnno-

222 2363 316 2397 centii
341 2361 592 2406 praedecessoris
627 2361 760 2402 litteris,
785 2371 906 2394 necnon
930 2362 960 2395 in

222 2416 417 2450 contrarium
448 2414 558 2456 allatis,
584 2419 613 2447 et
637 2414 911 2447 constitutionibus
932 2420 962 2449 ct

221 2466 472 2501 ordinationibus
492 2465 682 2509 apostolicis,
700 2466 874 2510 ceterisque
892 2478 961 2500 con-

221 2521 327 2554 trariis
347 2520 606 2564 quibuscumque.

266 2575 377 2608 Datum
403 2574 540 2614 nomae,
565 2572 648 2617 apud
673 2574 702 2605 S.
725 2573 851 2606 Mariam
869 2574 960 2607 Maio-

287 2636 365 2665 Bull.
387 2636 470 2664 Rom.
492 2651 523 2655 —-
550 2635 605 2665 Vol.
627 2635 703 2663 XVI.
849 2636 882 2663 80

976 2555 978 2568 l

976 2573 977 2588 l

1023 281 1089 315 bris
1113 292 1226 326 MDCLx,
1242 285 1444 327 pontificatus
1465 286 1566 319 nostri
1591 297 1673 320 anno
1700 298 1740 320 w.

1057 343 1115 371 Dat.
1136 345 1180 371 die
1195 345 1229 372 10
1244 347 1399 374 novembris
1416 349 1494 383 1660,
1516 349 1610 384 pontis.
1634 345 1705 377 anno
1728 358 1762 378 Vl.

1317 488 1460 523 CCCXXI.

1018 565 1215 607 Declaratio,
1243 568 1330 611 quod
1357 569 1393 601 in
1420 570 1576 613 septima¹
1605 573 1759 605 constitu-

1064 619 1148 652 tione
1162 630 1228 652 non
1244 622 1563 664 comprehendantur
1581 624 1687 667 Ieyuca
1700 636 1759 669 pro

1058 671 1126 714 piis
1150 673 1299 715 operibus
1325 673 1457 707 incertis
1480 676 1602 708 relicui.

1211 752 1376 780 Alexander
1401 753 1479 788 Papa
1499 755 1561 788 vn,

1131 796 1167 822 ad
1191 799 1368 830 perpetuam
1387 798 1432 824 rei
1456 798 1636 827 memoriam.

1058 864 1153 898 Decet
1177 866 1352 900 Romanum
1375 868 1568 912 Pontificem,
1587 871 1678 913 aequi
1705 871 1756 904 bo-

1012 917 1108 962 nique
1131 929 1314 962 supremum
1341 926 1531 955 assertorem
1559 922 1591 955 in
1620 924 1710 956 terris
1738 935 1755 957 a

1012 970 1144 1005 Domino
1161 973 1376 1014 constitutum,
1395 974 1456 1016 illa,
1475 985 1554 1018 quae
1568 986 1605 1008 ex
1624 976 1756 1010 circum-

1011 1025 1117 1066 specta
1142 1024 1208 1058 eius
1228 1025 1428 1069 providentia
1452 1027 1503 1071 pie
1532 1028 1754 1073 sapienterque

1010 1084 1243 1120 processerunt,
1259 1089 1330 1112 eum
1356 1079 1517 1121 aliorsum,
1535 1092 1628 1125 quam
1651 1083 1754 1126 aequi-

1010 1129 1080 1162 tatis
1106 1130 1185 1164 ratio
1209 1132 1356 1175 postulet,
1385 1133 1565 1177 detorqueri
1591 1135 1751 1178 intelligit,

1008 1188 1206 1227 opportunae
1221 1185 1440 1219 declarationis
1459 1187 1633 1221 ministerio
1649 1189 1690 1221 ita
1710 1189 1753 1222 di-

1008 1235 1169 1277 lucidare,
1200 1243 1233 1270 ut
1263 1239 1419 1282 sequioris
1443 1245 1473 1272 et
1496 1240 1535 1272 ab
1560 1241 1626 1273 eius
1651 1242 1751 1275 inten-

1009 1288 1091 1322 tione
1116 1290 1309 1324 dessectentis
1334 1293 1601 1337 interpretationis
1626 1297 1750 1329 occasio

1007 1342 1136 1376 cuilibet
1159 1345 1369 1387 praecidatur.

1050 1396 1065 1439 ἓ
1090 1396 1118 1428 1.
1144 1397 1226 1430 Alias
1244 1398 1398 1442 siquidem
1420 1406 1607 1433 emanarunt
1623 1412 1639 1433 a
1656 1401 1746 1435 nobis

1005 1449 1127 1482 litterae
1144 1450 1176 1482 in
1193 1451 1287 1484 simili
1305 1452 1405 1485 forma
1423 1453 1540 1494 Brevis,
1558 1455 1675 1488 tenoris
1692 1456 1745 1499 qui

1005 1502 1157 1545 sequitur,
1177 1503 1337 1538 videlicet:

1047 1556 1221 1589 Alexander
1246 1558 1327 1602 Papa
1345 1559 1405 1601 VII,
1426 1559 1465 1592 ad
1489 1567 1674 1605 perpetuam
1699 1564 1744 1595 rei

1004 1610 1199 1644 memoriam.
1233 1612 1367 1656 Superni
1392 1613 1596 1658 dispositione
1621 1616 1743 1649 consilii

1003 1663 1085 1696 vices
1110 1664 1192 1697 illius
1216 1670 1360 1708 gerentes
1385 1667 1416 1699 in
1441 1667 1544 1710 terris,
1570 1669 1633 1712 qui,
1665 1680 1742 1713 pau-

1000 1729 1113 1762 perum
1139 1729 1245 1752 curam
1271 1719 1416 1752 fidelibus
1441 1720 1504 1753 suis
1529 1722 1741 1766 praecipiens,

1000 1771 1084 1815 quod
1103 1771 1154 1809 uni
1180 1782 1215 1804 ex
1241 1771 1301 1804 illis
1326 1772 1425 1813 fieret,
1442 1773 1500 1805 sibi
1524 1774 1639 1807 sactum
1661 1786 1741 1808 asse-

999 1824 1071 1865 ruit,
1089 1824 1120 1856 in
1143 1825 1179 1857 iis
1198 1825 1365 1868 pastoralis
1386 1826 1480 1859 officii
1498 1827 1614 1860 nostris
1634 1834 1740 1871 partes

998 1878 1110 1912 affectu
1130 1883 1260 1922 paterno
1277 1879 1411 1913 libenter
1428 1881 1666 1925 interponimus,
1684 1894 1740 1926 per

998 1942 1076 1975 quae
1102 1933 1285 1966 eorumdem
1311 1944 1486 1977 pauperum
1504 1941 1534 1967 et
1551 1937 1739 1978 praesertim

998 1995 1055 2029 per
1072 1985 1157 2019 vicos
1177 1991 1206 2019 et
1230 1987 1348 2030 plateas
1373 1987 1617 2021 mendicantium
1635 2000 1739 2023 neces-

997 2039 1140 2073 sitatibus
1171 2046 1348 2084 opportune
1383 2042 1504 2074 consuli
1535 2042 1737 2077 arbitramur.

997 2092 1072 2126 Cum
1089 2092 1202 2136 itaque,
1220 2093 1295 2127 etc.‘²

1041 2146 1055 2189 ξ
1080 2146 1109 2179 02.
1128 2146 1203 2179 Cum
1221 2152 1325 2180 autem
1341 2147 1435 2191 (sicut
1448 2148 1641 2193 accepimus)
1662 2160 1738 2183 non-

996 2198 1073 2232 nulli
1099 2205 1309 2243 exequutores
1338 2202 1572 2242 testamentarii,
1597 2202 1634 2234 ad
1659 2213 1733 2235 exe-

996 2252 1120 2296 quenda
1143 2252 1266 2286 diversa
1290 2253 1392 2297 legata
1417 2265 1476 2299 pro
1500 2255 1560 2298 piis
1585 2256 1735 2299 operibus

996 2306 1115 2340 incerta
1140 2306 1249 2341 relicta
1266 2307 1416 2352 deputati,
1430 2308 1642 2352 praeinsertae
1662 2320 1736 2343 con-

1032 2406 1041 2431 1
1061 2404 1128 2431 Olim
1144 2408 1201 2432 erat
1217 2405 1345 2440 septima;
1363 2413 1433 2432 nunc
1449 2409 1539 2432 autem
1555 2409 1610 2433 tum
1627 2406 1653 2433 in
1670 2407 1733 2435 edit.

995 2449 1073 2476 Main.
1086 2452 1141 2475 tum
1154 2448 1179 2475 in
1192 2448 1241 2476 hac
1252 2450 1344 2476 nostra
1358 2453 1398 2476 est
1410 2449 1546 2485 trigesima
1558 2450 1644 2485 prima
1655 2459 1734 2486 quam

995 2494 1078 2521 habes
1093 2502 1174 2529 supra
1189 2502 1249 2529 pag.
1266 2494 1299 2521 57
1315 2500 1352 2525 (n.
1369 2496 1419 2528 T.).

1029 2539 1044 2565 2
1061 2538 1173 2573 Reliqua
1188 2538 1345 2570 omittimus,
1367 2539 1430 2574 quia
1451 2539 1557 2574 integra
1577 2540 1733 2568 constitutio

993 2584 1089 2619 legitur
1108 2591 1188 2618 supra
1209 2582 1258 2610 loc.
1281 2583 1326 2610 cit.
1348 2588 1385 2617 (u.
1403 2588 1450 2617 T.).

1671 176 1734 210 633
1780 188 1832 216 Au.
1847 189 1875 215 c.
1901 190 1966 215 11th

1799 886 1940 907 Prooemium.

1780 1412 1889 1434 Decretum
1902 1415 1947 1434 Ate·

1761 1441 1834 1459 §amisi
1856 1441 1890 1460 vn
1914 1448 1946 1461 rr-

1762 1466 1833 1486 scitur.

1778 2156 1865 2177 Mania.
