2263 3215
307 217 355 244 An.
374 218 403 245 G.
424 217 490 246 1055

336 1605 420 1627 Metita.

536 208 578 241 38

547 266 776 299 Declarationes
791 264 1019 308 suprascriptas
1037 264 1087 297 SS.
1103 266 1135 297 l).
1150 266 1184 297 N.
1202 265 1239 296 ad

504 328 536 351 se
562 319 673 351 relatas
698 317 894 361 approbavit,
916 322 944 349 et
964 317 1002 349 ab
1025 317 1180 357 omnibus,
1202 316 1240 349 ad

503 382 581 414 quos<
606 371 748 414 pertinet,
774 370 934 402 observari
960 370 1134 413 praecepit,
1159 380 1236 403 con-

505 424 608 456 trariis
633 423 881 465 quibuscuimpic
899 432 960 455 non
979 422 1182 456 obstantibus.

547 477 656 509 hatum
683 477 808 516 Itomae,
833 476 882 508 die
908 486 994 509 xxvn
1020 475 1083 508 iulii
1102 485 1216 508 nneLv.

539 540 598 565 Dat.
616 538 658 565 aie
674 539 705 565 027
722 523 786 565 iuni'
799 539 874 571 1055,
891 539 984 574 pontif.
1004 547 1073 566 anno
1089 545 1106 565 1.

828 681 917 714 XXII.

504 761 528 794 A
537 760 648 793 &solvit
658 761 837 803 capitulum
850 765 877 793 et
887 761 1055 793 canonicos
1066 762 1103 794 B.
1115 761 1240 794 ltlariae

549 813 586 845 tle.
610 814 721 846 pilari
745 814 887 846 civitatis
917 814 1240 857 Caesarazqsuslamze

548 877 567 898 α
584 867 727 898 censuris
743 871 770 899 cl
787 867 899 910 poenis
916 867 953 899 ob
970 877 1118 899 recursus
1135 867 1177 900 ad
1194 868 1240 900 iu—

549 918 632 950 dices
664 919 761 951 laicos
792 920 888 951 caueri
915 919 1072 963 pendente
1097 920 1239 953 indecz'sti

549 972 585 1004 in
615 983 723 1005 sacrae
753 973 851 1005 Rotae
883 973 1048 1006 Romanae
1075 973 1240 1007 auditorio

549 1036 644 1068 super
668 1026 798 1058 diversis
822 1026 1077 1069 praeeminentiis
1096 1032 1126 1061 et
1150 1038 1240 1070 prac-

549 1079 697 1111 cedentiis
731 1090 802 1111 cum
841 1080 984 1123 capitulo
1016 1085 1045 1113 ct
1076 1081 1240 1114 canonicis

548 1133 694 1166 ecclesiae
716 1134 773 1167 SS.
801 1134 981 1167 Salvatoris
1006 1135 1149 1168 eiusdem
1166 1135 1239 1168 civi-

551 1187 626 1219 tatis
638 1185 655 1220 ¹.

505 1267 617 1295 Dilecto
638 1267 698 1294 filio
717 1267 858 1302 magistro
879 1268 980 1296 Gai-010
1006 1269 1102 1303 cerro,
1123 1270 1241 1303 cappel-

540 1312 608 1338 lano
627 1314 729 1339 nostro
749 1315 780 1338 et
800 1319 956 1339 causarum
972 1313 1051 1339 sacri
1076 1313 1182 1346 palatii
1209 1320 1241 1340 a-

540 1356 678 1389 postolici
690 1356 830 1390 auditori,

698 1412 863 1438 Alexander
883 1411 962 1445 Papa
984 1411 1046 1438 vn.

773 1475 886 1501 nnecte
903 1474 946 1501 fin
964 1495 970 1507 ,

540 1519 668 1546 salutem
688 1521 719 1546 et
739 1519 936 1552 apostolicam
956 1519 1205 1547 benedictionem.

549 1596 564 1639 ξ
590 1597 616 1629 l.
642 1597 747 1640 Nuper
771 1608 828 1641 pro
850 1601 938 1641 parte
958 1598 1146 1632 dilectorum
1165 1598 1241 1632 filio-

505 1661 574 1683 rum
608 1651 734 1694 capituli
766 1655 795 1685 ct
826 1652 1050 1685 canonicorum
1090 1652 1240 1686 ccclesiae

506 1703 615 1736 Beatac
632 1705 745 1737 Mariae
760 1704 797 1737 dc
815 1705 907 1737 Pilari
924 1710 1181 1749 nuncupatorum
1202 1707 1241 1740 ci-

505 1757 605 1790 vitatis
624 1758 928 1801 Caesaraugustanae
948 1759 1039 1792 nobis
1064 1760 1239 1803 expositum

505 1810 571 1851 fuit,
596 1810 679 1853 quod
705 1811 734 1843 in
758 1811 811 1844 lite
836 1815 865 1845 et
889 1814 980 1845 causa
1002 1813 1084 1845 inter
1102 1813 1186 1856 ipsos
1203 1824 1239 1845 cx

506 1865 566 1896 nna
591 1870 620 1896 ct
645 1865 772 1898 dilectos
790 1865 906 1908 pariter
924 1865 1004 1898 tilios
1025 1866 1196 1910 capitulum
1211 1872 1237 1899 el

507 1918 673 1951 canonicos
697 1919 846 1951 ecclesiae
866 1919 894 1952 S.
912 1920 1081 1953 Salvatoris
1098 1920 1238 1953 eiusdem

501 1971 637 2003 'civitatis
660 1972 800 2015 partibus
825 1984 859 2006 ex
885 1974 981 2007 altera
1004 1974 1034 2006 in
1053 1984 1159 2007 sacrae
1179 1975 1238 2007 no·-

508 2029 554 2056 tae
587 2025 742 2057 Romanae
770 2026 925 2060 auditorio
960 2038 1066 2060 coram
1092 2033 1121 2060 te
1146 2038 1240 2071 super

507 2078 636 2110 diversis
672 2079 928 2121 praeeminemus
953 2085 982 2113 et
1013 2081 1241 2124 praecedemus

506 2130 658 2173 pendente
680 2131 834 2173 indecisa,
853 2144 911 2176 pro
936 2139 1024 2176 parte
1053 2133 1240 2167 sccundodi-

507 2187 628 2216 ctorum
654 2184 779 2227 capituli
800 2190 830 2217 et
848 2186 1072 2219 canonicorum
1090 2186 1242 2219 asseritur

507 2241 536 2270 et
560 2237 784 2280 praetenditur,
810 2239 893 2281 quod
918 2250 975 2282 pro
993 2245 1081 2283 parte
1099 2240 1240 2283 ipsorum

508 2290 633 2333 capituli
651 2295 680 2323 et
697 2292 919 2324 canonicorum
941 2293 1173 2336 exponentium,
1194 2293 1241 2326 vel

507 2343 635 2376 alterius
659 2354 786 2385 eorum,
813 2355 866 2377 seu
892 2345 930 2379 ab
956 2356 1065 2378 corum
1091 2357 1242 2390 procura-

509 2402 575 2429 tore
600 2398 645 2429 vel
667 2399 929 2441 procuratorilms
948 2399 1041 2432 suerit
1056 2400 1180 2433 habitus
1198 2411 1244 2433 rc-

509 2460 618 2482 cursus
648 2451 685 2482 ad
718 2451 834 2484 iudices
871 2452 966 2485 laicos
998 2453 1112 2485 nedum
1146 2453 1242 2486 semel

509 2502 563 2535 sed
587 2503 679 2535 etiam
704 2505 821 2547 pluries
845 2505 874 2537 in
899 2506 1125 2549 praeiudicium
1150 2507 1244 2541 dicta-

547 2621 556 2646 1
582 2619 616 2646 Ex
638 2619 740 2653 {ts-gest.
764 2620 790 2646 in
811 2622 912 2648 Serret.
938 2622 1012 2649 luet.

1085 216 1262 241 mmmmm}
1286 216 1438 240 nomnen

1275 264 1355 296 rum‘
1381 264 1442 296 litis
1460 263 1524 295 sive
1541 262 1758 296 mandatorum
1779 263 1943 304 rotalium;
1961 273 2010 297 oc-

1274 317 1398 349 casione
1423 326 1497 349 vero
1521 320 1759 359 praetensorum
1787 327 1934 350 recursus
1954 327 2010 350 seu

1275 379 1459 401 recursuum
1493 369 1567 402 dicti
1599 369 1770 402 adversarii
1802 370 2011 414 praetendunt

1274 422 1426 465 impedire
1451 422 1648 466 primodictis
1673 422 1809 466 capitulo
1833 428 1863 456 et
1887 423 2011 457 canoni-

1273 474 1316 507 cis
1341 475 1596 518 prosecutionem
1622 475 1683 509 litis
1707 481 1737 509 et
1761 486 1872 510 causae
1896 476 2008 510 huius-

1273 528 1366 561 modi.

1317 581 1331 624 ξ
1355 581 1384 614 2.
1405 581 1505 621 Quare
1523 582 1615 615 iidem
1637 582 1818 626 primodicti
1836 583 2009 626 capitulum

1273 639 1302 667 ct
1327 635 1480 677 canonici,
1504 646 1543 669 ne
1568 636 1626 669 sub
1651 637 1711 670 hoc
1735 640 1896 681 praetextu
1921 647 2011 681 cxpe-

1273 688 1348 722 ditio
1381 689 1481 722 dictae
1511 690 1574 722 litis
1607 695 1637 723 et
1667 701 1779 723 causae
1810 690 2010 732 retardetur,

1273 741 1362 774 nobis
1394 742 1555 775 humiliter
1587 743 1759 787 supplicari
1791 743 1953 785 fecerunt,
1978 749 2012 777 ut

1274 794 1331 826 sibi
1357 798 1385 828 et
1416 806 1525 828 eorum
1551 796 1677 829 cuilibet
1701 797 1739 830 de
1763 802 1944 841 opportuno
1979 797 2010 830 in

1273 847 1453 890 praemissis
1482 849 1686 883 absolutionis
1719 850 1872 884 beneficio
1903 850 2011 894 provi-

1274 900 1347 933 dere
1359 901 1396 933 de
1411 900 1601 945 benignitate
1614 903 1783 947 apostolica
1796 903 2010 946 dignaremur.

1318 954 1332 997 ἓ
1356 953 1384 987 3.
1417 955 1479 988 Nos
1509 956 1626 998 igitur,
1651 956 1775 990 eosdem
1806 956 2012 1000 primodictos

1274 1007 1445 1051 capitulum
1471 1014 1500 1042 et
1523 1010 1690 1044 canonicos
1715 1010 1902 1054 specialibus
1931 1010 2013 1044 savo-

1276 1061 1362 1094 ribus
1393 1067 1422 1095 et
1457 1063 1567 1105 gratiis
1602 1064 1750 1108 prosequi
1787 1064 1947 1106 volentes,
1983 1069 2013 1097 ct

1275 1124 1384 1147 corum
1420 1115 1594 1159 singulares
1625 1127 1776 1161 personas
1800 1127 1817 1150 a
1848 1117 2012 1161 quibusvis

1275 1169 1616 1211 excommunicationis,
1634 1170 1849 1215 suspensionis
1869 1176 1899 1204 et
1919 1171 2013 1204 inter-

1275 1221 1370 1263 dicti,
1402 1223 1534 1267 aliisque
1568 1224 1789 1258 ecclesiasticis
1824 1224 2012 1267 sententiis,

1275 1276 1415 1309 censuris
1440 1281 1470 1310 et
1493 1278 1612 1321 poenis,
1630 1289 1647 1311 a
1666 1278 1734 1311 iure
1751 1278 1798 1311 vel
1815 1278 1854 1311 ab
1873 1278 2012 1322 homine,

1275 1329 1383 1371 quavis
1404 1331 1569 1364 occasione
1589 1332 1635 1364 vel
1661 1333 1754 1364 causa
1778 1331 1866 1373 latis,
1892 1332 1917 1365 si
1943 1332 2012 1376 qui-

1276 1382 1334 1414 bus
1358 1384 1595 1426 quomodolibet
1619 1384 1784 1418 innodatae
1807 1385 1954 1427 existunt,
1974 1385 2013 1418 ad

1275 1435 1418 1469 effectum
1433 1437 1645 1481 praesentium
1656 1438 1814 1472 dumtaxat
1823 1448 2014 1482 consequen-

1274 1489 1359 1530 dum,
1371 1490 1483 1523 barum
1501 1491 1581 1524 serie
1594 1491 1791 1524 absolventes
1807 1495 1837 1526 et
1855 1491 2014 1525 absolutas

1276 1543 1340 1576 sore
1353 1549 1523 1584 censentes
1537 1545 1717 1579 huiusmodi
1733 1545 2014 1589 supplicationibus

1276 1597 1423 1640 inclinati,
1442 1598 1496 1630 tibi
1514 1609 1570 1642 per
1587 1604 1770 1642 praesentes
1787 1599 2013 1633 committimus

1274 1656 1304 1683 et
1329 1652 1523 1694 mandamus,
1540 1658 1582 1693 ut,
1607 1653 1689 1685 veris
1713 1653 1917 1686 existentibus
1941 1663 2014 1686 nar-

1276 1704 1360 1745 ratis,
1385 1705 1511 1738 eosdem
1537 1706 1709 1749 capitulum
1723 1711 1753 1738 et
1770 1706 1936 1740 canonicos
1952 1706 2013 1750 pri-

1275 1758 1437 1801 modictOS‚
1459 1759 1484 1792 si
1509 1759 1569 1792 hoc
1587 1765 1656 1792 ante
1674 1759 1836 1792 humiliter
1852 1759 2012 1803 petierint,

1275 1813 1418 1856 imposita
1444 1813 1520 1856 ipsis
1544 1818 1573 1845 et
1597 1823 1707 1846 eorum
1735 1813 1864 1847 cuilibet
1880 1813 2013 1847 arbitrio

1274 1872 1326 1899 tuo
1350 1866 1453 1909 aliqua
1478 1866 1669 1910 poenitentia
1686 1867 1825 1909 salutari⁷
1844 1877 1879 1900 ac
1896 1877 2013 1900 renun-

1274 1920 1354 1953 ciato
1380 1920 1468 1964 prius
1492 1931 1549 1964 per
1574 1931 1626 1953 eos
1654 1925 1814 1954 eteorum
1840 1920 2014 1965 quemlibet

1274 1974 1524 2017 quilmscumque
1539 1974 1719 2007 recursibus
1736 1974 1774 2006 ab
1788 1974 1833 2007 eis
1852 1979 1882 2007 et
1901 1985 2013 2008 eorum

1275 2027 1534 2071 prociuatoribus
1569 2027 1807 2070 quomodolibet
1838 2027 1952 2060 habitis
1983 2032 2014 2062 et

1275 2080 1372 2121 sactis,
1397 2091 1432 2113 ae
1452 2080 1518 2113 sine
1542 2080 1604 2112 litis
1620 2085 1650 2113 et
1667 2080 1907 2123 collitigantium
1926 2091 2014 2125 prae-

1276 2133 1400 2173 iudicio,
1425 2138 1455 2166 et
1479 2132 1651 2166 dummodo
1677 2133 1736 2176 ipsi
1761 2133 1941 2177 primodicti
1967 2144 2014 2167 ca-

1275 2187 1408 2230 pitulum
1426 2191 1456 2219 et
1470 2186 1611 2219 canonici
1630 2187 1750 2219 nullum
1770 2187 1818 2220 ius
1845 2190 2014 2231 propterca

1275 2240 1312 2272 de
1336 2250 1417 2273 novo
1442 2240 1625 2283 acquirant,
1646 2251 1663 2272 a
1688 2240 1850 2284 quibusvis
1875 2240 2014 2274 censuris

1276 2299 1304 2326 et
1328 2293 1437 2338 poenis
1462 2293 1679 2326 ecclesiasticis
1700 2304 1756 2337 per
1772 2304 1825 2327 eos
1847 2299 1879 2326 et
1903 2304 2014 2326 eorum

1276 2347 1448 2391 quemlibet
1472 2347 1605 2380 incursis
1635 2347 1820 2380 auctoritate
1849 2348 1957 2380 nostra
1981 2356 2013 2379 a·

1276 2401 1429 2445 postolica
1453 2400 1604 2441 absolvas,
1625 2406 1654 2433 et
1670 2400 1806 2434 totaliter
1829 2401 1954 2441 liberes,
1972 2400 2015 2433 di-

1277 2460 1404 2498 ctasque
1422 2464 1538 2498 poenas
1556 2454 1615 2486 illis
1633 2458 1662 2488 ct
1679 2465 1789 2487 eorum
1803 2454 1932 2488 cuilibet
1945 2464 2014 2497 gra-

1278 2508 1354 2541 tiose
1378 2508 1519 2541 remittas
1545 2513 1574 2541 et
1598 2508 1767 2542 condones.

1317 2581 1322 2604 l
1344 2579 1434 2605 l'otius
1457 2579 1515 2612 lege
1531 2579 1624 2606 «lictae
1640 2579 1681 2605 vel
1696 2579 1856 2611 dictorum;
1878 2578 1918 2605 vel
1940 2580 1969 2604 ut
1988 2577 2015 2605 in

1277 2624 1368 2651 (tonst-
1390 2631 1446 2659 seq.
1468 2623 1610 2659 legendum
1631 2624 1726 2652 litium
1747 2631 1795 2659 pro
1815 2623 1875 2651 titis
1889 2623 1926 2659 (n.
1944 2623 1993 2659 Τ,).

2028 215 2076 244 An.
2093 216 2122 244 C.
2139 217 2207 246 1655

2052 600 2192 627 Supplicatio.

2059 974 2100 995 Dat
2119 974 2211 995 tacuna-

2027 1001 2068 1021 tem
2083 1002 2173 1023 audituri
2197 1008 2210 1024 a

2027 1029 2121 1049 censuris
2139 1029 2211 1050 absol-

2027 1055 2097 1076 vendi.
