2243 3205
53 253 99 282 An.
117 251 144 278 C.
167 250 229 278 1661

83 1749 156 1770 Libros
177 1755 227 1770 rou-

136 1777 226 1803 scriptos

45 1802 136 1825 damnat.

831 251 1016 276 ALEXANDER
1040 250 1085 275 vn
1109 252 1158 275 PP.
1670 244 1727 278 741
1779 253 1869 279 ΑΜ).
1894 254 1956 281 1661

246 289 332 338 voce',
345 297 443 342 loqui,
458 298 649 338 concionari,
664 302 807 340 tractare,
818 299 987 344 disputare,

246 356 355 384 contra
391 361 426 384 ea
462 352 629 396 quicquain
668 353 905 387 determinando
936 359 988 386 aut

245 404 424 447 asserendo,
446 406 493 437 vel
523 411 708 449 argumenta
726 412 836 439 contra
862 417 896 439 ea
918 407 988 439 affc-

245 457 353 499 rendo,
379 462 408 491 et
433 458 567 491 insoluta
593 459 821 502 relinquendo,
849 466 902 492 aut
926 461 987 493 alio

244 510 355 553 quovis
388 511 620 553 inexcogitabili
656 513 750 546 modo
783 513 986 554 disserendo,

244 563 310 595 ausi
335 563 466 606 suerint,
496 570 621 607 praeter
645 576 761 608 poenas
786 570 815 600 et
839 576 986 599 censuras

244 616 275 648 in
290 617 565 650 constitutionibus
582 618 658 651 Sixti
678 619 714 651 IV
733 624 904 661 contentas,
922 621 987 664 qui—

243 669 302 703 bus
315 670 385 703 illos
410 671 574 704 subiacere
600 672 754 713 volumus,
773 680 801 706 et
818 685 875 717 per
895 685 985 718 prae-

244 729 347 756 sentes
368 724 564 764 subiicimus,
585 725 676 757 etiam
695 727 911 768 concionandi,
929 740 986 772 pu-

243 777 325 810 blice
346 778 480 820 legendi,
499 789 552 811 seu
567 779 698 812 docendi
715 786 743 812 et
761 781 984 825 interpretandi

243 830 400 872 facultate,
420 841 456 864 ac
473 842 548 865 voce
567 833 666 865 activa
684 838 715 879 et
732 834 853 877 passiva
872 835 903 867 in
922 836 986 878 qui-

242 884 440 928 buscumque
474 886 681 920 electionibus
707 898 743 920 eo
768 887 836 932 ipso
867 889 984 933 absque

243 939 303 971 alia
329 939 540 973 declaratione
569 941 707 984 privatos
732 952 799 974 esse
824 943 984 983 volumus,

242 1003 365 1026 necnon
389 993 427 1026 ad
452 994 714 1035 concionandum,
735 995 859 1038 publice
883 996 985 1039 legen-

243 1044 316 1078 dum
331 1073 338 1086 ,
362 1039 537 1088 docendum
564 1053 593 1079 et
617 1047 886 1091 interpretandum
911 1059 983 1092 per-

241 1104 355 1142 petuae
380 1099 583 1134 inhabilitatis
607 1111 724 1144 poenas
744 1101 812 1144 ipso
830 1102 910 1135 sacto
936 1103 983 1134 in-

243 1162 373 1186 currere
401 1152 518 1197 absque
544 1154 604 1186 alia
626 1154 852 1196 declaratione,
873 1166 890 1188 a
914 1156 982 1200 qui-

242 1205 300 1238 bus
330 1207 440 1250 poenis
475 1208 599 1240 nonnisi
626 1218 641 1240 a
666 1208 757 1242 nobis
790 1209 865 1253 ipsis
895 1211 941 1242 vel
967 1220 983 1242 a

242 1261 477 1293 successoribus
507 1261 623 1294 nostris
654 1262 803 1295 Romanis
829 1263 983 1296 Pontifici-

241 1312 300 1346 bus
324 1314 455 1355 absolvi,
476 1320 528 1347 aut
548 1326 642 1359 super
660 1315 697 1348 iis
714 1315 888 1360 dispensari
915 1327 983 1360 pos-

242 1365 318 1399 sint:
350 1377 472 1401 necnon
498 1368 625 1401 eosdem
651 1369 719 1401 aliis
745 1370 856 1412 poenis
873 1375 982 1403 nostro

242 1424 272 1452 et
289 1421 471 1454 eorumdem
487 1422 700 1455 Romanorum
717 1423 903 1455 Pontificum
917 1434 982 1456 suc-

243 1483 402 1506 cessorum
433 1479 615 1507 nostrorum
645 1475 776 1508 arbitrio
804 1475 981 1518 infligendis

241 1526 360 1570 pariter
383 1527 544 1561 subiacere
561 1529 717 1569 volumus,
739 1534 834 1572 prout
858 1529 982 1562 subiici-

242 1590 311 1613 mus
336 1591 395 1624 per
418 1586 613 1624 praesentes,
640 1582 822 1615 innovantes
847 1582 932 1615 Pauli
959 1583 980 1615 V

242 1639 272 1666 et
295 1633 441 1677 Gregorii
458 1635 509 1667 XV
526 1636 671 1679 superius
696 1641 885 1669 memoratas
910 1646 981 1669 eon-

242 1687 420 1721 stitutiones
444 1688 509 1721 sive
534 1689 667 1722 decreta.

285 1741 300 1784 §
324 1742 353 1775 6.
380 1743 423 1775 Ac
448 1742 556 1783 libros,
574 1743 605 1775 in
623 1744 736 1786 quibus
753 1744 891 1786 praefata
915 1754 982 1777 sen-

240 1794 346 1835 tentia,
371 1796 495 1836 festum,
513 1806 566 1829 seu
585 1797 687 1829 cultus
705 1796 876 1829 secundum
898 1797 979 1829 illam

240 1848 272 1880 in
296 1848 426 1881 dubium
452 1855 628 1891 revocatur,
655 1854 707 1883 aut
731 1854 839 1884 contra
856 1861 890 1883 ea
908 1861 982 1894 quo-

240 1901 483 1945 modocumque,
501 1908 531 1935 ut
558 1914 663 1947 supra,
692 1904 807 1947 aliquid
832 1904 981 1937 scribitur

240 1960 293 1988 aut
317 1956 454 1998 legitur,
483 1967 538 1989 seu
563 1956 778 2000 loquutione&
804 1958 980 1999 conciones,

240 2014 390 2042 tractatus
415 2015 444 2042 et
473 2010 698 2053 disputationes
731 2016 839 2043 contra
872 2011 978 2044 eadem

241 2063 450 2104 continentur,
467 2069 536 2107 post
558 2064 642 2096 Pauli
660 2065 682 2096 V
701 2075 795 2108 supra
820 2065 979 2097 laudatum

240 2115 401 2149 decretum
420 2117 529 2157 editos,
547 2123 600 2149 aut
620 2118 650 2149 in
670 2123 832 2161 posterum
852 2129 980 2162 quomo-

241 2169 358 2203 dolibet
371 2170 529 2211 edendos',
544 2171 747 2214 probibemus
760 2172 815 2204 sub
830 2173 939 2215 poenis
952 2178 981 2205 et.

241 2223 381 2256 censuris
400 2224 428 2256 in
449 2224 551 2257 Indice
572 2224 725 2257 librorum
745 2225 979 2268 prohibitorum

240 2277 404 2317 contentis,
423 2282 452 2309 et.
472 2277 539 2321 ipso
557 2278 636 2311 sacto
661 2278 779 2321 absque
804 2279 865 2310 alia
883 2278 981 2311 decla-

240 2331 370 2371 ratione,
385 2341 442 2374 pro
457 2341 605 2374 expresse
624 2332 792 2374 prohibitis
806 2332 913 2364 baberi
933 2343 980 2365 vo-

239 2383 343 2417 lumus
362 2390 391 2416 et
411 2384 605 2417 mandamus
633 2385 778 2417 Vetamus
803 2391 916 2426 autem,
935 2386 980 2418 Si-

239 2437 281 2470 xti
298 2437 335 2469 IV
355 2437 631 2471 constitutionibus
650 2438 858 2477 inhaerentes,
877 2449 981 2482 quem-

239 2490 323 2534 piam
350 2501 489 2523 asserere
508 2491 590 2534 quod
621 2497 751 2535 propter
776 2492 835 2524 boc
861 2497 981 2524 contra-

241 2544 318 2576 riam
345 2544 523 2588 opinionem
551 2550 710 2585 tenentes,
741 2546 883 2578 videlicet
907 2546 979 2588 glo-

279 2660 288 2685 1
309 2659 374 2686 Male
387 2659 451 2686 edit.
465 2659 542 2686 Malu.
560 2660 622 2695 legit
637 2661 714 2687 eslim
769 2660 875 2687 edenda
886 2660 978 2694 (nr).

1023 300 1137 333 riosam
1169 299 1327 342 Virginem
1360 301 1486 333 Mariam
1512 311 1582 333 cum
1616 301 1759 344 originali

1022 358 1150 397 peccato
1164 353 1257 386 fuisse
1271 360 1464 398 conceptam,
1478 354 1615 387 haeresis
1630 355 1760 395 crimen,

1021 412 1073 439 aut
1099 406 1231 439 mortale
1256 412 1416 449 peccatum
1442 407 1622 447 incurrant;
1648 419 1718 440 cum
1744 419 1760 440 a

1021 460 1157 493 Romana
1184 460 1322 492 Ecclesia
1355 466 1384 493 et
1416 461 1453 492 ab
1479 461 1656 504 Apostolica
1682 461 1760 495 Sede

1020 513 1158 546 nondum
1184 513 1279 546 suerit
1314 514 1373 546 hoc
1402 514 1560 555 decisum,
1585 520 1679 558 prout
1703 525 1760 548 nos

1020 577 1103 600 nunc
1128 567 1256 600 minime
1281 567 1424 600 decidere
1449 568 1614 610 volumuS,
1639 573 1692 600 aut
1716 568 1760 600 in-

1020 621 1195 653 tendimus:
1221 621 1296 664 quin
1327 621 1431 664 potius
1457 622 1646 654 contrariam
1673 622 1757 654 illam

1020 675 1199 718 opinionem
1226 675 1373 714 haeresis,
1391 680 1442 707 aut
1462 675 1580 718 peccati
1606 676 1757 717 mortalis,

1020 733 1071 759 aut
1096 727 1264 770 impietatis
1281 727 1431 759 damnare
1456 728 1616 767 audentes,
1633 734 1759 771 praeter

1019 791 1135 824 poenas
1152 781 1265 824 quibus
1283 791 1335 814 eos
1356 781 1488 814 subiecit
1513 782 1615 814 Sixtus
1636 782 1672 814 IV
1697 782 1759 814 alii-

1019 845 1080 877 que
1103 834 1361 877 praedecessores
1385 834 1484 866 nostri
1502 834 1633 867 Roinani
1660 835 1761 868 Ponti-

1019 887 1103 929 fices,
1123 883 1321 930 gravioribus
1338 887 1406 919 aliis
1431 888 1541 931 poenis
1566 887 1759 928 subiicimus,

1020 951 1097 984 quas
1128 941 1158 973 in
1191 940 1510 974 contrafacientibus¹
1537 941 1610 974 liuic
1634 946 1759 974 nostrae

1020 994 1233 1027 constitutioni
1265 994 1412 1038 superius
1438 994 1617 1027 infliximus.

1063 1048 1077 1091 ἓ
1103 1048 1130 1081 7.
1156 1049 1301 1081 Volentes
1325 1049 1408 1092 quod
1445 1054 1554 1082 contra
1578 1049 1671 1082 liuius
1696 1059 1755 1082 no·
1807 1061 1957 1090 mmmm-

1019 1106 1100 1133 strae
1125 1094 1355 1136 constitutionis
1380 1108 1640 1145 transgressores,
1664 1103 1756 1135 etiam
1773 1093 1958 1134 [12⁵1.¹³⁰¹¹'‘¹'”³¹¹'

1019 1156 1180 1198 regulares
1217 1157 1352 1189 cuiusvis
1388 1157 1511 1190 Ordinis
1544 1163 1572 1190 et
1604 1157 1756 1199 instituti,

1019 1209 1110 1241 ctiam
1145 1210 1308 1242 Societatis
1343 1210 1433 1250 lesu,
1459 1214 1487 1244 et
1522 1210 1759 1254 quomodolibet

1018 1267 1191 1306 exemptos,
1217 1268 1246 1295 et
1269 1263 1345 1296 alias
1369 1273 1586 1307 quascumque
1610 1263 1757 1296 ecclesia—

1018 1316 1110 1348 sticas
1127 1321 1157 1348 ct
1175 1317 1331 1349 seculares
1354 1327 1514 1360 personas,
1533 1317 1758 1359 cuiuscumque

1017 1373 1124 1409 status,
1143 1369 1269 1412 gradus,
1288 1369 1419 1410 ordinis,
1436 1375 1488 1402 aut
1508 1369 1676 1412 dignitatis,
1695 1375 1756 1401 tam

1018 1423 1255 1463 ecclesiasticae,
1274 1433 1367 1466 quam
1387 1423 1545 1463 secularis,
1564 1428 1597 1455 ut
1621 1423 1758 1466 praefer-

1018 1482 1077 1516 tur,
1096 1482 1156 1508 tarn
1183 1476 1324 1520 episcopi
1351 1482 1380 1509 et
1405 1477 1545 1520 praelati,
1566 1477 1756 1520 superiores,

1017 1529 1132 1572 aliique
1156 1529 1298 1562 locorum
1325 1529 1492 1569 Ordinarii,
1510 1540 1603 1573 quani
1625 1530 1757 1563 haereti-

1017 1593 1070 1615 cae
1095 1582 1256 1626 pravitatis
1289 1582 1405 1625 ubique
1437 1583 1579 1616 locorum
1616 1583 1755 1627 deputati

1017 1636 1220 1679 inquisitores
1245 1636 1417 1680 procedant
1434 1642 1464 1669 et
1481 1637 1650 1680 inquirant,
1664 1642 1756 1681 atquc

1017 1690 1046 1721 in
1073 1700 1125 1722 eos
1158 1690 1264 1723 stricte
1296 1690 1560 1723 animadvertant:
1585 1701 1642 1724 nos
1674 1691 1756 1723 enirn

1016 1742 1052 1775 iis
1071 1748 1100 1775 et.
1120 1753 1228 1776 eorum
1245 1744 1373 1776 cuilibet
1390 1749 1499 1777 contra
1517 1743 1642 1777 eosdem
1662 1749 1758 1777 trans-

1016 1806 1177 1838 gressores
1211 1796 1402 1840 procedendi
1428 1802 1457 1829 et
1488 1796 1686 1840 inquirendi,
1719 1808 1754 1831 ac

1016 1850 1125 1892 poenis
1152 1850 1317 1883 coercendi
1336 1854 1365 1883 et
1385 1850 1533 1894 puniendi
1559 1851 1689 1883 liberam
1712 1851 1755 1883 sa-

1016 1903 1161 1936 cultatem
1181 1909 1210 1936 et
1230 1904 1459 1946 auctoritatem,
1486 1897 1594 1937 iisdem
1621 1904 1756 1938 auctorin

1016 1962 1076 1989 tate
1101 1963 1130 1990 et
1152 1962 1269 1999 tenore,
1296 1957 1464 1990 tribuimus
1485 1963 1513 1990 et
1541 1958 1755 2002 impertimur,

1015 2021 1141 2054 cosque,
1166 2014 1199 2044 ut
1216 2012 1403 2054 praefertur,
1429 2011 1602 2054 procedere
1619 2040 1626 2054 ,
1653 2012 1755 2056 inqui-

1016 2075 1085 2098 rere
1111 2070 1141 2098 et
1171 2065 1283 2108 punire
1311 2065 1452 2098 districtc
1488 2066 1701 2110 praecipimus
1727 2069 1755 2099 ct

1016 2119 1208 2151 mandamus.

1060 2173 1074 2215 g
1101 2171 1130 2204 8.
1160 2173 1226 2205 Non
1256 2171 1452 2205 obstantibus
1481 2172 1754 2205 constitutionibus
1771 2177 1952 2204 Contrariawttih

1016 2230 1045 2257 ct
1069 2225 1342 2265 ordinationibus,
1373 2236 1408 2258 ac
1444 2226 1604 2269 quibusvis
1629 2226 1755 2259 indultis

1015 2284 1044 2311 ct
1068 2279 1179 2312 litteris
1204 2279 1394 2322 apostolicis,
1416 2279 1577 2322 quibusvis
1601 2280 1754 2322 personis,

1015 2337 1303 2375 quantmnrumque
1328 2332 1531 2375 qualitlcatis,
1560 2337 1590 2364 ct
1615 2332 1645 2364 in
1671 2343 1750 2375 qua-

1015 2396 1149 2427 cumque
1175 2385 1267 2417 etiam
1294 2385 1512 2425 cardinalatus,
1540 2385 1754 2428 patriarchali,

1015 2438 1285 2481 archiepiscopali,
1311 2438 1490 2481 episcopali,
1512 2443 1541 2471 et
1566 2439 1673 2483 quavis
1694 2439 1753 2471 alia

1015 2491 1164 2533 dignitate
1179 2491 1341 2525 ethonore
1354 2491 1539 2534 constitutis,
1561 2492 1652 2524 etiam
1671 2492 1753 2535 quod

1015 2549 1123 2577 contra
1139 2554 1192 2576 eos
1210 2544 1348 2587 procedi,
1364 2544 1516 2584 interdici,
1534 2544 1691 2587 suspendi,
1706 2544 1753 2576 vel

1051 2661 1061 2685 t
1081 2659 1172 2686 Potius
1187 2659 1244 2695 lege
1261 2660 1500 2693 contrafacientes
1515 2668 1553 2694 tn.
1571 2666 1618 2694 Γ),
