2202 3190
224 171 271 196 An.
293 170 322 197 C.
340 170 406 197 ¹062

240 1510 399 1531 lusti-timentum

216 1542 326 1557 cessmms.

453 163 515 195 708

421 220 646 251 scalceatorum
661 218 734 251 dicti
745 218 869 252 Ordinis
878 219 985 252 beatae
995 220 1107 253 Mariae
1122 221 1160 253 de
1176 225 1178 257 ξ

421 273 523 305 Monte
548 272 690 305 tlarmclo
711 272 801 305 nobis
819 283 920 316 nuper
942 274 1055 317 exponi
1077 274 1159 313 fecit,

421 325 552 357 dilectus
573 324 655 357 filius
672 330 778 357 noster
794 325 980 359 Franciscus
1000 326 1028 359 S
1047 327 1159 359 Mariae
1177 356 1178 367 ,

1177 380 1396 422 'nuncupato,
1426 390 1461 412 ac
1488 385 1641 423 perpetuo
1666 380 1932 414 coimucndatario

421 378 452 410 in
477 377 602 410 Porticu
619 377 768 410 diaconus
793 378 960 411 cardinalis
984 379 1160 412 Maidalchi-

420 440 478 462 nus
501 434 715 474 nuncupatus,
740 431 792 474 qui
818 432 1042 465 monasterium
1068 432 1160 465 abba-

420 483 494 515 tiam
519 489 734 527 nuncupatum
759 484 787 517 S.
815 485 967 519 Pancratii
997 496 1096 529 prope
1130 490 1160 518 et

420 541 507 569 extra
531 536 655 570 moenia
680 537 772 571 Urbis
803 538 878 571 olim
911 539 1070 582 suppressi
1096 538 1155 571 Or-

419 590 499 622 dinis
530 590 662 623 fratrum
691 591 736 624 Ss.
766 591 926 624 Barnabae
947 598 976 624 et
1001 591 1159 624 Ambrosii

419 643 456 675 ad
481 643 597 676 Nemus
629 643 659 676 in
684 645 902 677 commendam
927 645 966 677 ad
991 645 1037 677 sui
1063 645 1157 677 vitam

418 707 453 729 ex
475 696 676 730 concessione
704 702 734 730 et
761 698 994 741 dispensatione
1026 703 1154 742 aposto-

418 749 477 782 lica
498 749 664 790 obtineat¹,
682 750 845 783 ecelesiam
864 751 1002 783 eiusdem
1029 751 1057 784 S.
1085 752 1158 784 Pan-

418 803 518 843 cratii‚
540 814 576 836 ac
600 803 735 837 fabricas
760 804 803 836 illi
829 804 1016 844 adiacentes,
1035 811 1064 837 et
1089 805 1159 838 viri-

417 857 551 899 darium,
568 868 690 891 necnon
714 863 813 891 terras
838 858 881 890 illi
907 859 1093 901 contiguas,
1121 870 1157 892 ac

417 921 553 944 annexas
578 916 607 944 et
632 922 788 944 connexas
819 912 1025 945 circumcirca
1050 913 1152 945 eccle-

417 964 493 997 siam
519 970 549 997 ct
573 965 799 998 monasterium
831 966 1012 999 huiusmodi
1037 966 1154 999 eisdem

416 1017 579 1051 Dominico
604 1019 783 1062 praeposito
803 1019 953 1062 generali,
970 1029 1005 1052 ac
1023 1030 1150 1062 congre>

415 1071 534 1115 gationi
566 1072 691 1114 ltaliae,
724 1072 762 1105 ad
795 1072 855 1106 hoc
886 1077 919 1105 ut
950 1073 1154 1106 seminarium

415 1125 613 1169 praedictum
649 1126 845 1159 commodius
871 1127 945 1160 illue
971 1127 1154 1168 transferri,

415 1190 470 1212 seu
495 1179 610 1212 ibidem
635 1179 673 1213 dc
698 1190 779 1213 novo
805 1180 884 1223 erigi
910 1181 1026 1222 valeat,
1051 1191 1155 1213 rescr-

415 1237 485 1265 vato
510 1237 613 1266 tamen
645 1239 753 1267 nostro
783 1240 813 1267 et
843 1234 930 1268 Sedis
959 1235 1155 1278 Apostolicae

414 1284 621 1329 beneplacito,
642 1288 841 1330 concesserit,
858 1298 928 1320 cum
950 1287 1081 1321 diversis
1105 1298 1155 1331 pa-

415 1339 472 1372 ctis
498 1345 528 1372 et
546 1340 786 1381 conditionibus,
803 1345 832 1374 ct
849 1341 935 1381 alias,
952 1347 1045 1385 prout
1061 1341 1153 1374 latius

416 1393 593 1426 continetur
611 1393 640 1426 in
659 1394 787 1437 publico
801 1394 935 1438 desuper
952 1395 1094 1428 confecto
1113 1395 1155 1427 in-

415 1451 590 1479 strumento
609 1447 727 1480 tenoriS
751 1448 803 1491 qui
821 1448 972 1491 sequitur,
993 1448 1152 1481 videlicet:

459 1500 474 1543 ς
498 1499 527 1532 3.
554 1499 586 1532 In
611 1500 738 1533 nomine
762 1501 894 1534 Domini.
919 1502 1027 1534 Amen.
1053 1502 1149 1535 Prae—

414 1552 493 1585 senti
517 1553 645 1596 publico
670 1554 878 1588 instrumento
896 1555 1015 1588 eunctis
1035 1556 1153 1600 ubique

413 1611 518 1649 pateat
535 1607 695 1641 evidenter
720 1613 749 1641 et
771 1608 810 1641 sit
834 1613 944 1641 notum
970 1609 1055 1652 quod
1072 1620 1152 1643 anno

413 1659 451 1691 ab
487 1660 626 1693 eiusdem
651 1661 774 1694 Domini
805 1662 905 1694 nostri
941 1662 1011 1696 Iesu
1039 1663 1150 1697 Christi

412 1713 581 1746 nativitatis
601 1724 739 1755 MDchu,
758 1714 926 1748 indictione
944 1726 993 1758 xv,
1012 1716 1060 1749 die
1078 1727 1151 1750 vero

412 1775 456 1798 vn
470 1766 612 1807 ianuarii,
629 1768 828 1810 pontificatus
846 1774 948 1800 autem
964 1769 1151 1802 sanctissimi

412 1820 444 1852 in
476 1820 599 1854 Christo
631 1821 730 1854 Patris
759 1826 789 1853 et
817 1822 849 1854 D.
876 1823 910 1855 N.
936 1822 1054 1854 domini
1079 1823 1150 1855 Alc-

412 1873 520 1906 xandri
539 1874 643 1906 divina
660 1874 857 1918 providentia
872 1875 973 1918 Papae
991 1876 1051 1917 Vll,
1069 1886 1151 1909 anno

413 1926 479 1959 eius
501 1937 561 1968 vn,
580 1928 610 1960 in
633 1928 705 1968 mei,
722 1928 837 1960 Antimi
854 1928 939 1961 Curti
960 1929 1065 1961 curiae
1082 1940 1150 1962 cau-

412 1989 519 2013 sarum
553 1991 695 2014 camerae
730 1981 937 2024 apostolicae,
966 1993 1000 2014 ac
1031 1982 1150 2015 domini

411 2033 582 2066 Innocentii
608 2035 709 2076 Menti,
728 2034 922 2067 notariorum
940 2035 1150 2078 publicorum,

412 2086 579 2121 insolidum
605 2089 716 2131 rogati,
735 2089 922 2132 testiumque
939 2089 1150 2133 infrascripto-

412 2151 495 2181 rum,
508 2140 547 2173 ad
563 2141 639 2175 haec
656 2142 761 2175 onmia
778 2148 807 2175 et
822 2142 945 2185 singula
957 2147 1149 2185 vocatorum,

413 2194 608 2237 habitorum,
639 2200 731 2239 atque
763 2201 965 2239 rogatorum,
996 2207 1146 2240 praesen-

415 2247 466 2289 tia,
491 2258 639 2291 praesens
666 2254 696 2282 et
724 2250 930 2293 personaliter
962 2250 1149 2284 constitutus

413 2301 600 2344 perillustris
632 2307 662 2335 et
693 2303 972 2336 excellentissimus
1004 2303 1149 2337 dominus

412 2353 507 2388 Iulius
531 2355 642 2389 Caesar
658 2356 823 2396 Serronus‚
850 2357 880 2389 in
907 2359 1036 2390 romana
1061 2357 1149 2390 curia

414 2406 590 2449 advocatus,
605 2409 704 2450 nobis,
718 2414 774 2444 etc.
790 2411 944 2453 cognitus,
959 2416 1149 2455 procurator

413 2460 450 2492 ad
487 2461 684 2506 infrascripta
720 2464 934 2507 peragendum
972 2465 1149 2508 specialiter

454 2575 460 2601 l
479 2575 575 2612 Aptius
590 2575 648 2611 lege
663 2577 769 2606 obtinet
784 2578 820 2612 (a.
836 2579 883 2612 T.).

1001 173 1177 196 BULLARIUM
1203 173 1310 196 nonar<
1317 173 1357 195 [m

1195 220 1380 253 constitutus
1404 220 1442 252 ab
1469 220 1714 254 eminentissimo
1734 227 1764 254 et
1790 233 1932 256 reveren-

1195 273 1323 306 dissimo
1348 273 1475 307 domino
1493 274 1659 307 Francisco
1677 275 1756 308 tituli
1771 275 1800 308 S.
1817 276 1932 310 Mariae

1195 326 1224 358 in
1247 327 1370 369 porticu
1395 326 1526 359 diacono
1551 327 1700 360 cardinali
1727 327 1931 362 Maidalcliino

1195 432 1306 465 abbate
1322 437 1501 476 nuncupato
1519 434 1700 466 monasterii
1719 433 1841 467 abbatia
1857 445 1933 467 nun-

1195 485 1297 528 cupati
1323 485 1351 518 S.
1378 486 1531 518 Pancratii
1556 496 1654 530 prope
1683 492 1713 519 et
1737 490 1824 520 extra
1849 498 1933 520 moe-

1194 538 1244 570 nia
1263 538 1353 571 Urbis
1378 538 1451 571 olim
1470 540 1630 583 suppressi
1649 539 1773 573 Ordinis
1797 540 1843 573 Ss.
1861 541 1933 574 Bar-

1193 591 1292 623 nabae
1317 595 1346 626 ct
1369 592 1526 625 Ambrosii
1545 592 1582 625 ad
1600 593 1725 633 Nemus,
1743 598 1776 625 ut
1800 593 1838 626 de
1865 593 1931 626 clus

1195 644 1338 677 mandato
1370 656 1523 688 proeurac
1555 650 1675 680 constat
1707 647 1737 678 in
1768 646 1844 679 actis
1869 647 1931 687 mei

1192 698 1276 731 Curti
1302 698 1359 731 sub
1384 698 1537 732 hodierna
1554 699 1603 732 die
1628 699 1665 732 ad
1690 699 1760 739 hoc,
1781 699 1832 741 cui
1852 700 1930 732 cmi-

1192 751 1374 785 ncntissimo
1399 752 1527 785 domino
1552 752 1701 785 cardinali
1725 753 1801 785 nibil
1831 753 1931 796 magis

1192 815 1286 837 curae
1312 810 1365 846 est,
1383 810 1416 838 ut
1435 811 1584 849 quantum
1603 817 1659 849 pcr
1683 806 1764 839 vires
1789 806 1860 840 licet
1884 817 1931 840 ca-

1193 859 1307 892 tholica
1331 860 1443 903 religio
1461 860 1576 904 ubique
1595 866 1750 893 terrarum
1769 860 1864 902 orbis,
1882 871 1930 893 se-

1192 913 1284 946 motis
1316 913 1547 947 baereticorum
1580 919 1610 946 et
1641 914 1814 947 infidelium
1845 914 1930 948 falsis

1191 966 1408 1009 dogmatibus,
1434 972 1646 1012 propagetur,
1674 978 1710 1000 ac
1734 967 1765 1000 in
1790 967 1929 1001 ecclesiis

1191 1020 1455 1053 monasteriorum
1480 1020 1546 1053 eius
1562 1020 1709 1063 regimini
1729 1026 1758 1053 et
1775 1020 1929 1063 gubernio

1191 1083 1226 1105 ex
1252 1073 1444 1115 benignitate
1460 1073 1547 1106 Sedis
1563 1073 1760 1117 Apostolicae
1784 1073 1930 1107 commis-

1190 1126 1232 1159 sis
1257 1126 1380 1159 divinus
1405 1127 1506 1160 cultus
1530 1138 1565 1160 ac
1592 1127 1808 1161 ministrorum
1833 1127 1929 1161 eccle-

1190 1181 1387 1214 siasticorum
1418 1191 1567 1214 numerus
1592 1186 1764 1223 augeatur,
1788 1181 1928 1225 inibique

1189 1233 1293 1266 divina
1324 1234 1426 1267 officia
1455 1234 1565 1267 maiori
1601 1244 1660 1278 qua
1688 1238 1791 1277 potest
1826 1244 1924 1267 vene-

1191 1288 1309 1320 ratione
1341 1294 1544 1332 peragantur,
1572 1299 1607 1320 ac
1631 1293 1810 1331 exoptatum
1830 1288 1929 1320 finem

1189 1342 1293 1384 aliqua
1319 1341 1350 1373 in
1372 1346 1460 1384 parte
1489 1341 1637 1384 consequi
1666 1351 1795 1384 sperans
1820 1341 1844 1374 si
1870 1352 1927 1385 per

1189 1394 1291 1437 ipsum
1317 1395 1448 1427 ecclesia
1471 1394 1640 1437 praedicta,
1666 1405 1701 1427 ac
1724 1394 1860 1427 fabricae
1880 1394 1926 1427 illi

1188 1448 1374 1488 adiacentes,
1400 1453 1429 1480 et
1454 1447 1647 1489 viridarium,
1677 1457 1798 1480 necnon
1824 1452 1926 1481 terrae

1188 1502 1231 1534 illi
1256 1501 1443 1544 contiguae,
1467 1512 1502 1534 ae
1534 1511 1673 1534 annexae
1697 1506 1726 1534 et
1751 1511 1924 1543 connexae,

1188 1555 1392 1588 circumcirca
1431 1555 1594 1589 ecclesiam
1629 1565 1665 1588 ae
1698 1554 1924 1588 monasterium

1188 1609 1385 1649 huiusmodi,
1410 1608 1448 1641 ad
1472 1609 1532 1641 hoc
1551 1613 1585 1641 ut
1608 1608 1805 1641 commodius
1829 1608 1924 1641 semi-

1186 1663 1308 1695 narium
1335 1663 1518 1696 missionum
1537 1662 1593 1695 sub
1611 1662 1700 1694 titulo
1718 1661 1746 1694 S.
1764 1661 1850 1694 Pauli
1868 1661 1925 1694 fra-

1187 1722 1268 1749 trum
1294 1716 1532 1750 Carmelitarum
1562 1715 1828 1748 Discalceatorum
1850 1715 1924 1748 Con-

1186 1771 1378 1812 gregationis
1402 1770 1506 1803 Italiae
1530 1769 1654 1802 Ordinis
1678 1769 1786 1802 beatae
1810 1768 1924 1802 Mariae

1187 1824 1321 1866 vti-ginis
1346 1824 1383 1856 de
1411 1824 1513 1856 Monte
1533 1823 1675 1856 Carmelo
1704 1822 1743 1854 ad
1774 1832 1923 1866 praesens

1186 1877 1319 1909 existens
1344 1877 1374 1908 in
1398 1876 1491 1909 domo
1511 1875 1660 1918 regulari,
1678 1886 1733 1908 seu
1757 1880 1922 1915 conventu,

1186 1932 1213 1964 S.
1233 1930 1346 1963 Mariae
1370 1930 1408 1962 de
1425 1930 1561 1962 Victoria
1578 1931 1755 1972 nuncupata
1782 1928 1819 1961 de
1841 1928 1922 1962 Urbe

1186 1984 1324 2017 eiusdem
1350 1983 1483 2024 Ordinis,
1502 1983 1539 2015 ad
1558 1982 1752 2026 praedictum
1771 1987 1922 2015 monaste-

1186 2038 1266 2070 rium
1296 2038 1324 2070 S.
1351 2036 1503 2069 Pancratii
1536 2035 1706 2079 apostolica
1737 2035 1923 2068 auctoritate

1185 2091 1357 2133 transferri,
1379 2101 1433 2123 seu
1457 2091 1487 2123 in
1513 2101 1550 2123 eo
1575 2090 1677 2122 denuo
1702 2088 1780 2131 erigi
1805 2089 1920 2131 valeat,

1185 2150 1334 2187 quantum
1360 2145 1391 2177 in
1416 2155 1448 2177 se
1473 2149 1528 2186 est,
1547 2143 1796 2176 concederentur
1820 2148 1849 2175 et
1873 2153 1922 2175 as-

1184 2198 1382 2241 signarentur
1395 2209 1403 2238 3

1226 2251 1423 2295 Quapropter
1440 2261 1475 2284 ex
1492 2250 1592 2284 causis
1616 2249 1803 2292 supradictis
1820 2249 1922 2283 dictus

1183 2305 1329 2337 dominus
1353 2305 1449 2337 lulius
1473 2304 1583 2337 Caesar
1608 2304 1772 2343 Serronus,
1798 2313 1916 2346 procu-

1184 2358 1302 2391 ratorio
1334 2357 1460 2390 nomine
1493 2363 1524 2389 ut
1555 2368 1670 2400 supra,
1696 2361 1855 2389 reservato
1888 2356 1920 2388 in

1183 2411 1292 2455 primis
1317 2416 1346 2443 et
1369 2415 1440 2443 ante
1465 2410 1569 2443 onmia
1587 2410 1783 2453 beneplacito
1800 2415 1920 2454 aposto-

1183 2465 1253 2506 lico,
1268 2469 1296 2497 et
1310 2475 1371 2497 non
1387 2463 1471 2503 alias,
1482 2463 1580 2503 aliter,
1590 2473 1647 2495 nec
1661 2463 1721 2495 alio
1737 2463 1839 2503 modo,
1849 2468 1917 2505 etc.,

1183 2523 1310 2561 sponte,
1335 2522 1411 2557 etc.,
1436 2516 1521 2549 omni
1548 2516 1671 2549 meliori
1697 2516 1811 2557 modo,
1837 2521 1917 2556 etc.,

1184 2570 1358 2612 ecclesiam,
1384 2580 1418 2604 ac
1438 2569 1571 2603 fabricas
1588 2574 1617 2603 et
1635 2568 1828 2612 viridarium,
1845 2578 1918 2603 nec-

1944 175 1993 202 An.
2015 176 2044 203 C.
2063 176 2134 204 ¹662-
