2185 3188
37 1983 39 1992 ,
101 1965 222 1985 erat-«entes

35 1990 146 2025 tpubljcart
161 1994 180 2011 et
204 1991 223 2011 in

52 2017 111 2038 uim
125 2019 224 2038 ert-lessa-

37 2049 92 2090 'Enrp
104 2044 157 2070 atligi
169 2051 224 2065 naa-

38 2083 40 2086 ·
66 2078 76 2090 ιΙ
88 2087 91 2090 .

814 186 998 211 ALEXANDER
1019 185 1063 209 vn
1083 186 1132 209 PP.

219 240 336 281 talium,
361 238 669 278 confraternitatum,
693 235 956 270 archiconsrater-

219 294 360 335 nitatum,
386 292 565 333 domorum,
590 292 733 324 locorum
766 294 793 323 et
823 298 957 332 operum

219 346 411 387 huiusmodi,
430 351 459 379 et
479 345 547 379 aliis
572 343 745 389 quibusvis,
762 342 854 376 etiam
877 342 958 374 iura-

220 405 336 441 mento,
361 399 600 433 confirmatione
617 396 799 442 apostolica,
818 395 866 428 vel
883 405 959 438 qua-

220 455 266 487 vis
283 454 431 487 firmitate
445 453 506 485 alia
523 451 689 491 roboratis,
703 449 825 483 statutis
842 454 872 482 et
889 458 960 482 con-

221 507 438 541 suetudinibus
456 533 463 547 ,
499 506 591 539 etiam
633 502 959 543 immemorabilibus,

222 561 396 605 privilegiis
413 570 548 605 quoque,
566 558 694 592 indultis
714 563 744 590 et
760 556 873 589 litteris
890 566 961 600 apo-

222 615 349 655 stolicis,
369 614 425 648 suh
443 614 693 658 quibuscumque
719 611 890 644 verborum
916 615 961 643 te-

222 668 353 702 noribus
368 672 398 702 et
415 668 533 708 formis,
548 678 583 700 ac
597 677 668 700 cum
687 664 850 708 quibusvis
867 663 960 696 etiam

223 720 495 764 derogatoriarum
520 719 742 762 derogatoriis,
757 723 786 751 et
811 717 880 750 aliis
900 717 962 750 effi-

224 775 400 809 cacioribus
420 778 450 808 et
474 773 608 807 insolitis
636 772 784 806 clausulis
812 775 842 805 et
859 771 963 804 decre-

225 830 273 871 tis,
300 828 391 862 etiam
418 827 637 867 irritantibus,
663 827 693 859 in
718 836 835 870 genere
860 825 907 858 vel
933 824 962 856 in

225 880 346 924 specie,
371 879 463 912 etiam
490 884 577 912 motu
602 878 734 923 proprio
759 883 789 910 et
813 876 965 910 consisto·

226 933 361 975 rialiter,
387 938 440 966 aut
464 932 540 965 alias
564 931 803 976 quomodolibet
828 931 858 962 in
884 939 962 963 con-

226 987 358 1021 trarium
382 986 628 1031 praemissorum
662 984 828 1026 concessis,
854 983 966 1017 confir-

228 1041 318 1074 matis
332 1046 362 1075 et
376 1041 495 1085 pluries
511 1040 676 1080 innovatis,
689 1039 803 1083 quibus
820 1036 966 1072 omnibus

228 1099 258 1127 et
273 1094 415 1138 singulis,
436 1094 557 1127 etiamsi
571 1104 631 1138 pro
647 1093 813 1127 sufficienti
838 1092 966 1125 illorum

228 1147 431 1191 derogatione
456 1148 494 1180 de
527 1147 586 1180 illis
619 1156 794 1190 eorumque
820 1145 892 1178 totis
925 1150 967 1177 te-

230 1202 361 1235 noribus
390 1201 553 1245 specialiS,
578 1201 742 1245 specifica,
769 1209 915 1244 expressa
940 1203 968 1231 et

230 1255 399 1298 individua,
423 1266 458 1289 ac
483 1256 520 1288 de
546 1255 641 1288 verbo
667 1255 704 1288 ad
727 1254 860 1288 verbum
875 1281 882 1295 ,
906 1262 970 1286 non

230 1314 333 1342 autem
359 1320 415 1353 per
439 1309 594 1342 clausulas
619 1308 782 1351 generales
807 1308 888 1340 idem
918 1307 972 1339 im-

231 1367 411 1407 portantes,
438 1362 555 1395 mentio
581 1373 635 1395 seu
668 1361 795 1405 quaevis
828 1361 887 1394 alia
912 1371 972 1394 ex-

232 1417 352 1461 pressio
377 1416 521 1450 habenda
538 1422 590 1449 aut
610 1416 713 1460 aliqua
737 1416 796 1448 alia
819 1414 973 1459 exquisita

232 1471 334 1504 forma
347 1470 385 1503 ad
402 1470 462 1504 hoc
480 1469 632 1503 servanda
654 1470 744 1510 soret,
761 1469 886 1502 illorum
909 1479 973 1502 om-

233 1524 320 1557 nium
345 1529 375 1556 et
399 1524 596 1567 singulorum
635 1528 778 1565 tenores,
804 1523 920 1556 formas
945 1526 972 1554 et

234 1578 417 1611 occasiones
441 1577 659 1621 praesentibus
685 1587 744 1620 pro
764 1576 856 1620 plene
870 1581 899 1608 et
917 1575 976 1608 sus-

235 1631 378 1665 ficienter
402 1631 569 1676 expressis,
595 1630 725 1663 serratis
739 1635 768 1662 et
788 1629 913 1663 insertis
931 1639 975 1661 re-

236 1685 373 1729 spective
389 1685 549 1725 habentes,
569 1684 629 1716 illis
646 1683 720 1717 alias
738 1683 769 1716 in
788 1693 843 1715 suo
861 1681 976 1716 robore

236 1739 462 1783 permansuris,
487 1738 524 1772 ad
549 1739 795 1783 praemissorum
820 1736 975 1778 ellectum,

237 1793 295 1827 bac
316 1794 381 1827 vice
399 1793 571 1833 dumtaxat,
589 1792 767 1837 specialiter
785 1798 813 1825 et
831 1801 977 1835 expresse

237 1847 436 1891 derogamus,
461 1847 636 1890 celerisque
660 1846 827 1879 contrariis
851 1845 978 1890 quibus-

238 1911 384 1945 cumque.

283 1955 298 1998 ξ
322 1954 351 1987 5.
377 1954 528 1988 Volumus
552 1959 655 1987 autem
674 1960 707 1987 ut
734 1958 916 1997 praesentes
933 1952 979 1985 lit-

239 2014 324 2042 terae
349 2020 406 2053 per
430 2009 565 2052 aliquem
599 2018 653 2041 seu
678 2007 801 2051 aliquos
839 2018 874 2040 ex
900 2017 975 2040 cur-

240 2063 363 2097 soribus
376 2062 492 2096 nostris
506 2062 543 2094 ad
566 2062 668 2094 valvas
686 2061 836 2094 ccclesiae
851 2061 880 2094 S.
896 2061 981 2094 loan-

241 2116 288 2149 nis
314 2116 346 2149 in
370 2116 523 2149 Laterano
548 2120 574 2148 et
601 2115 748 2148 basilicae
774 2114 926 2158 Principis
944 2115 980 2147 Α-

242 2169 437 2213 postolorum
470 2180 506 2202 ac
531 2169 561 2201 in
584 2169 649 2202 acie
674 2168 781 2211 Campi
807 2168 917 2201 Florae
943 2168 981 2201 dc

244 2223 325 2256 Urbe
349 2223 559 2267 publicentur,
591 2222 646 2256 ac¹
682 2233 790 2256 carum
823 2222 981 2266 exempla,

244 2276 359 2310 ibidem
385 2276 570 2319 affigantur;
595 2287 674 2320 quae
691 2277 736 2310 sie
760 2276 936 2320 publicatae
954 2282 982 2309 et

243 2330 351 2364 affixae
383 2340 491 2364 omnes
517 2335 547 2363 et
571 2330 723 2373 singulos,
748 2340 827 2373 quos
852 2339 981 2363 concer-

244 2390 341 2425 nunt,
366 2383 496 2428 perinde
521 2389 641 2417 arctent
665 2388 694 2417 et
717 2383 872 2425 afficiant,
899 2394 933 2416 ac
958 2382 982 2415 si

245 2437 415 2481 unicuique
441 2436 568 2470 illorum
594 2437 802 2481 personaliter
824 2437 983 2471 intimatae

246 2491 390 2531 fuissent;
408 2490 554 2535 quodque
572 2490 754 2524 earumdem
772 2491 984 2534 praesentium

249 2545 462 2589 transumptis,
487 2544 580 2578 etiam
607 2544 778 2589 impressis,
805 2555 898 2577 manu
929 2545 986 2577 ali-

287 2609 294 2634 l
320 2608 411 2635 Potius
431 2608 487 2644 lege
507 2611 558 2636 aut
575 2610 614 2644 (n.
631 2610 679 2642 τ.).

991 234 1080 267 cuius
1098 232 1211 265 notarii
1230 232 1348 276 publici
1366 232 1564 276 subscriptis,
1581 237 1611 265 et
1628 230 1732 274 sigillo

993 296 1148 330 personae
1173 285 1203 318 in
1231 285 1381 329 dignitate
1415 285 1626 319 ecclesiastica
1657 295 1733 318 con-

993 341 1117 375 stitutae
1142 340 1282 381 munitis,
1308 340 1416 373 eadem
1442 351 1575 384 prorsus
1601 339 1677 372 sides
1702 339 1733 372 in

994 395 1109 428 iudicio
1135 399 1165 427 et
1189 398 1276 427 extra
1311 394 1516 433 adhibeatur,
1541 405 1620 437 quae
1645 404 1735 437 prae-

993 448 1135 482 sentibus
1155 447 1233 491 ipsis
1253 447 1467 487 adhiberetur,
1486 447 1511 479 si
1528 447 1630 480 forent
1651 446 1735 479 exhi-

994 502 1077 535 bitae
1102 500 1150 534 vel
1174 505 1327 535 ostensae.

1038 555 1150 588 Datum
1174 556 1302 594 Romae,
1319 553 1401 597 apud
1427 555 1456 586 S.
1479 554 1606 586 Mariam
1637 554 1734 586 Maio-

996 620 1074 652 rem,
1089 609 1147 642 sub
1159 608 1275 641 annulo
1286 607 1464 647 piscatoris,
1477 606 1527 639 die
1540 617 1615 640 xxm
1631 607 1738 650 aprilis

997 673 1135 701 MDCLvn,
1157 662 1359 707 pontificatus
1375 661 1475 694 nostri
1488 671 1570 693 anno
1594 671 1635 693 ιιι.

1033 726 1090 752 Dat.
1113 725 1155 752 die
1176 725 1210 753 23
1231 724 1324 760 aprilis
1346 724 1429 757 1657,
1453 724 1548 759 pontis.
1571 732 1694 751 annoni.

1329 841 1424 874 CLIV.

1000 914 1224 947 Prolzibentur
1247 914 1391 946 musicae
1427 913 1605 945 indecentes
1630 913 1664 945 in
1691 923 1739 945 ec-

1046 967 1152 1000 clesiis
1177 971 1204 999 et
1230 967 1384 1000 oratoriis
1412 965 1517 999 Urbis

1197 1039 1362 1066 Alexander
1382 1039 1461 1073 Papa
1481 1038 1549 1071 VII,

1144 1084 1181 1111 ad
1200 1084 1334 1112 futuram
1354 1083 1398 1111 rei
1419 1083 1602 1111 memoriam.

1049 1147 1119 1180 Piae
1144 1147 1367 1180 sollicitudinis
1392 1146 1495 1179 studio
1520 1146 1677 1185 ducimur,
1702 1151 1746 1185 ut,

1005 1201 1209 1234 ecclesiarum
1243 1200 1356 1233 divinis
1387 1200 1533 1233 laudibus
1558 1206 1587 1233 ct
1613 1199 1747 1234 orationi

1006 1256 1246 1297 destinatarum,
1272 1266 1307 1289 ac
1333 1255 1546 1288 oratoriorum
1572 1254 1671 1287 almae
1690 1254 1747 1287 Ur-

1007 1311 1054 1344 bis
1077 1316 1214 1351 nostrae,
1239 1321 1275 1343 ex
1301 1321 1362 1354 qua
1388 1310 1419 1342 in
1444 1319 1552 1343 omnes
1572 1308 1658 1341 orbis
1682 1318 1750 1352 par-

1007 1370 1052 1398 tes
1066 1365 1224 1398 bonorum
1243 1374 1374 1408 operum
1393 1363 1535 1407 exempla
1552 1369 1748 1406 promanant,

1008 1418 1114 1452 decori
1139 1425 1169 1451 et
1193 1418 1387 1452 reverentiae
1413 1417 1577 1451 consulere
1611 1421 1751 1458 satagen

1009 1477 1064 1515 tes⁷
1090 1482 1308 1517 quaecumque
1335 1481 1411 1504 vana
1428 1476 1455 1504 et
1475 1470 1660 1515 praesertim
1684 1480 1752 1502 mu-

1009 1526 1090 1559 sicos
1115 1529 1286 1559 concentus
1319 1530 1348 1557 et
1378 1524 1603 1568 symphonias,
1637 1523 1751 1567 quibus

1009 1578 1085 1623 quid
1109 1578 1304 1620 indecorum,
1326 1577 1390 1611 sive
1415 1588 1431 1609 a
1457 1577 1517 1610 ritu
1539 1576 1752 1609 ecclesiastico

1010 1633 1158 1673 alienum,
1183 1642 1245 1665 non
1271 1631 1337 1664 sine
1361 1631 1488 1664 Divinae
1513 1630 1680 1663 Maiestatis
1709 1630 1753 1663 os-

1011 1687 1098 1720 sensa
1124 1690 1153 1720 et
1177 1685 1431 1719 christifidelium
1457 1684 1603 1718 scandalo
1639 1695 1674 1716 ac
1704 1684 1754 1717 de-

1013 1740 1145 1775 votionis
1170 1745 1200 1773 et
1224 1739 1368 1773 cordium
1394 1739 1431 1771 ad
1457 1748 1593 1782 superna
1611 1738 1754 1771 elevatio-

1012 1795 1059 1827 nis
1076 1793 1313 1838 impedimento,
1331 1793 1533 1833 admiscetur,
1549 1792 1586 1824 ab
1606 1792 1665 1825 illis
1683 1803 1755 1836 pro-

1014 1849 1061 1882 cul
1088 1859 1261 1882 arceamus.

1058 1903 1073 1946 g
1098 1902 1126 1934 l.
1153 1902 1277 1945 ltaque,
1302 1901 1339 1933 de
1364 1900 1593 1933 venerabilium
1620 1900 1753 1933 fratrum

1013 1959 1194 1990 nostrorum
1220 1954 1249 1987 S.
1268 1955 1302 1988 R.
1320 1954 1353 1987 E.
1383 1953 1589 1987 cardinalium
1615 1964 1650 1986 ac
1676 1953 1756 1987 dilc-

1014 2015 1137 2043 ctorum
1163 2009 1300 2042 filiorum
1328 2009 1486 2042 Romanae
1511 2007 1616 2040 curiae
1638 2008 1757 2052 praela-

1015 2069 1118 2097 torum
1145 2062 1401 2106 congregationis
1435 2072 1530 2106 super
1554 2061 1689 2105 negotiis
1714 2062 1757 2093 x'i-

1015 2117 1169 2150 sitationis
1204 2116 1397 2160 apostolicae
1423 2127 1439 2148 a
1471 2116 1562 2149 nobis
1600 2115 1757 2149 institutae

1016 2171 1157 2211 consilio,
1176 2170 1322 2203 omnibus
1336 2175 1366 2202 ct
1390 2169 1523 2213 singulis
1541 2169 1759 2213 archipresby-

1017 2224 1101 2265 teris,
1127 2234 1301 2267 eorumque
1327 2223 1472 2264 vicariis,
1497 2234 1533 2255 ac
1558 2223 1700 2266 capitulis
1729 2227 1759 2254 et

1017 2277 1184 2317 canonicis,
1203 2276 1365 2320 choroque
1385 2276 1549 2320 praesectis
1573 2275 1758 2319 quai-amris

1017 2330 1221 2363 ecclesiarum
1240 2335 1269 2362 et
1286 2329 1498 2367 basilicarum,
1517 2328 1609 2361 etiam
1624 2328 1758 2372 'patriar-

1018 2383 1175 2424 chalium,
1199 2392 1320 2415 necnon
1345 2382 1503 2426 praelatis,
1529 2381 1759 2424 superioribus,

1018 2436 1205 2477 rectoribus,
1230 2435 1548 2475 admmistraloribus,
1566 2435 1757 2477 custodibus,

1019 2490 1212 2534 gum-diariis,
1238 2490 1367 2534 aliisque
1393 2489 1588 2531 ollicialibus,
1609 2501 1759 2534 quocum-

1019 2555 1079 2589 que
1104 2544 1231 2577 nomine
1248 2549 1479 2588 nuncupentur,
1497 2544 1681 2588 quorumvis
1697 2555 1760 2577 mo-

1020 2598 1230 2630 nasteriorum
1258 2597 1419 2641 utriusque
1445 2608 1547 2638 scum,
1571 2597 1759 2640 domorum,

1632 173 1697 207 275
1744 182 1792 208 An.
1809 181 1837 207 c.
1860 180 1928 208 1657

1790 1153 1930 1174 l'rnocnnunr

1799 1904 1877 1924 Statuit
1895 1904 1916 1922 ut
1936 1908 1955 1922 in

1772 1932 1865 1952 rubrica.
