2243 3205
36 192 73 219 An
99 190 126 217 C.
149 189 216 216 1660

65 463 211 489 ‘transumpto-

35 497 76 513 rum
91 490 148 511 fides.

53 1472 170 1493 Exordium,

812 191 996 215 ALEXANDER
1021 191 1065 214 VII
1090 192 1139 214 PP.

229 236 400 279 habentes,
433 237 493 270 illis
517 237 592 271 alias
618 238 648 271 in
673 249 729 272 suo
763 239 878 273 robore
902 249 969 283 per-

228 290 395 333 mansuris,
420 290 477 324 hac
506 291 573 324 vice
594 291 765 334 dumtaxat,
791 292 968 336 specialiter

228 349 258 376 et
290 353 436 388 expresse
464 344 674 388 derogamus3
700 346 874 389 ceterisque
899 356 969 379 con-

227 397 332 430 trariis
352 398 613 443 quibuscumque.

271 451 286 494 13,
323 450 352 484 8.
390 452 540 485 Volumus
575 456 678 486 autem
716 456 749 486 ut
784 452 966 485 earumdem

225 505 438 547 praesentium
454 506 668 549 transumptis,
684 506 774 538 etiam
794 506 967 550 impressis,

227 566 322 589 manu
340 557 471 590 alicuius
491 558 604 590 notarii
629 558 747 602 publici
772 559 965 603 subscriptis,

226 614 256 641 et
285 609 389 653 sigillo
418 622 572 655 personae
598 613 628 644 in
652 613 802 655 dignitate
821 614 966 646 ecclesia-

225 661 302 695 stica
328 664 514 697 constitutae
540 665 678 706 munitis,
704 665 811 698 eadem
835 677 965 709 prorsus

224 714 301 748 fides
326 715 511 750 adhibeatur
536 718 662 762 ubique,
687 729 766 762 quae
793 720 965 762 praesenti-

223 767 283 801 bus
304 769 379 812 ipsis
400 770 612 813 adhiberetur,
639 771 663 803 si
690 771 792 804 forent
809 772 965 805 exhibitae

225 821 271 854 vel
296 827 449 856 ostensae.

268 874 382 908 Datum
409 876 535 916 Romae,
557 876 639 920 apud
664 877 692 909 S.
718 877 844 910 Mariam
871 877 964 910 Maio-

223 937 308 970 rem,
331 929 390 961 sub
410 929 525 962 annulo
548 930 712 962 piscatoris
727 958 734 972 ‚
760 930 809 963 die
844 941 878 963 111
907 941 964 964 no-

223 981 362 1014 vembris
374 991 490 1023 MDCLX,
501 983 700 1026 pontificatus
712 983 812 1017 nostri
828 994 910 1017 anno
923 994 963 1017 v1.

259 1043 315 1070 Dat,
334 1045 377 1071 die
394 1045 408 1071 3
429 1045 584 1072 novembris
603 1046 679 1080 1660,
697 1047 794 1081 pontif.
812 1056 858 1073 an.
875 1053 909 1074 vt.

509 1189 679 1222 CCCXVIII.

243 1266 481 1300 Firmanorum
504 1269 720 1312 maqz'stratus
740 1269 939 1312 aym-cyano.

418 1348 582 1375 Alexander
601 1349 679 1382 Papa
699 1349 762 1382 VII,

367 1393 403 1418 ad
419 1392 550 1419 futuram
570 1394 614 1420 rei
634 1393 817 1420 memoriam.

267 1461 343 1496 Cum
370 1462 470 1506 (sicut
494 1463 698 1507 accepimus)
723 1464 855 1496 dilectus
880 1464 963 1497 filius

222 1520 330 1548 noster
354 1516 478 1549 Flavius
510 1516 590 1549 tituli
623 1516 652 1549 S.
686 1517 799 1550 Mariae
831 1517 868 1550 de
898 1518 958 1551 Po-

222 1569 298 1613 pulo
323 1569 352 1603 S.
377 1570 411 1603 R.
430 1570 462 1602 E.
495 1570 659 1614 presbyter
694 1571 861 1604 cardinalis
895 1571 962 1605 Chi-

178 1631 181 1633 *
221 1622 286 1656 sius
300 1629 509 1667 nuncupatus,
523 1629 629 1657 noster
645 1624 815 1658 secundum
834 1636 959 1658 carnem

221 1685 259 1708 ex
293 1676 389 1710 fratre
423 1687 576 1720 germano
601 1688 722 1721 nepos,
758 1688 794 1711 ac
829 1679 961 1711 civitatis

219 1735 346 1762 nostrae
371 1730 536 1763 Firmanae
561 1731 754 1773 gubernator
769 1758 776 1772 ,
806 1731 903 1772 alias,
928 1737 962 1765 ut

220 1781 521 1825 inconvenientibus,
542 1795 621 1828 quae
639 1795 673 1817 ex
696 1785 818 1818 defectu
840 1796 962 1829 compe-

219 1836 313 1868 tentis
342 1837 465 1869 numeri
503 1837 645 1880 priorum
680 1843 709 1870 et
745 1839 959 1881 regulatorum

219 1888 320 1922 dictae
341 1889 473 1922 civitatis
491 1890 574 1923 circa
592 1890 895 1924 administrationem
915 1902 961 1924 re-

219 1953 291 1974 rum
317 1943 354 1975 ad
380 1943 520 1976 eamdem
558 1944 715 1977 civitatem
753 1955 824 1977 aere
858 1945 959 1979 alieno

220 1995 381 2039 sexaginta
406 1997 453 2029 vel
483 1996 608 2030 circiter
633 1998 765 2030 millium
797 2004 958 2031 scutorum

220 2055 381 2092 gravatam
408 2051 632 2094 pertinentium
650 2052 887 2095 proveniebant,
902 2063 959 2096 pro

220 2105 255 2136 ea
280 2114 340 2147 qua
372 2104 473 2147 ipsum
500 2104 660 2147 insignivit
684 2105 862 2138 Altissimus
887 2116 959 2149 pru-

219 2155 324 2190 dentia
348 2156 485 2200 bonique
506 2157 621 2201 publici
647 2157 751 2190 studio
783 2162 959 2201 opportune

218 2209 419 2253 providerit¹‚
433 2210 564 2244 dilectos
578 2210 659 2243 filios
673 2210 874 2244 Franciscum
890 2212 960 2244 Pac-

218 2272 343 2303 carone,
364 2263 554 2307 Stephanum
570 2264 675 2304 Monti,
693 2264 853 2297 doctorem
872 2264 959 2297 Ioan-

218 2325 290 2348 nem
316 2316 516 2349 Franciscum
543 2316 722 2358 Gucrricro,
740 2317 878 2350 Marcum
896 2318 959 2350 An-

218 2369 338 2402 tonium
364 2370 486 2411 Savini,
514 2370 660 2403 Ioannem
687 2370 863 2414 Philippum
891 2370 959 2414 Spi-

218 2422 308 2455 nucci
324 2449 331 2463 ‚
375 2423 538 2456 Horatium
580 2423 792 2464 Brancadori,
832 2423 957 2457 Petrum

218 2475 377 2510 Simonem
413 2476 570 2518 Azzolini,
605 2476 775 2510 Antonium
809 2476 956 2510 Iacobum

257 2593 265 2619 l
289 2591 443 2627 Legendum
461 2592 625 2627 provideret
645 2593 682 2627 (a.
699 2592 735 2627 r.)

1648 183 1711 216 6329

1002 239 1176 279 Matteucci‚
1190 240 1358 273 Antonium
1370 240 1570 284 Rodulphum
1585 241 1741 281 Morrone,

1003 291 1199 325 Vincentium
1234 292 1319 326 Porti
1356 298 1385 325 et
1422 292 1620 326 Dominicum
1660 292 1741 326 Ruffi

1002 345 1198 388 magistratui
1223 347 1377 389 priorum,
1395 356 1517 380 necnon
1538 346 1740 380 Franciscum

1002 399 1200 440 Pacenrone,
1233 400 1358 433 Petrum
1392 400 1550 434 Simonem
1584 400 1740 441 Azzolini,

1001 451 1191 496 Stephanum
1210 452 1316 493 Monti,
1333 453 1494 486 Nicolaum
1516 453 1660 492 sabione,
1675 453 1742 486 Phi-

1001 505 1122 549 lippum
1148 505 1295 546 Montani,
1321 506 1480 539 Simonem
1506 506 1628 546 Paitini,
1646 506 1737 539 Ioan-

1000 568 1072 590 nem
1108 558 1361 601 Evangelistam,
1393 559 1538 592 Carolum
1572 559 1740 601 Palmieri,

1000 612 1169 646 Antonium
1195 613 1342 646 Iacobum
1371 613 1544 653 Matteucci‚
1570 613 1739 645 Antonium

1000 666 1202 710 Rodulphum
1227 666 1383 708 Mor-rone,
1398 667 1597 699 Franciscum
1612 666 1739 699 Mariam

1000 719 1154 752 Ricciardi
1187 725 1217 753 et
1247 720 1393 753 Carolum
1424 719 1616 752 Formichini
1642 719 1741 762 magi-

1000 772 1109 805 stratui
1136 773 1352 816 regulatorum
1367 773 1505 806 eiusdem
1527 772 1660 805 civitatis
1677 772 1741 805 Fir-

1000 835 1110 858 manae
1135 825 1306 869 respective
1328 825 1558 868 aggregave1·it;
1577 825 1740 868 praedicti-

1000 890 1060 922 que
1070 879 1209 912 eiusdem
1221 879 1318 912 Flavii
1338 879 1505 912 cardinalis
1520 879 1739 921 gubernatoris

1000 932 1168 971 mandato,
1200 934 1263 965 una
1293 943 1363 965 cum
1390 932 1502 965 ceteris
1526 932 1686 976 prioribus
1711 936 1740 964 et

999 986 1233 1028 regulatoribus
1258 985 1357 1019 dictae
1383 985 1533 1025 civitatis,
1559 995 1629 1018 cum
1657 985 1736 1017 assi-

998 1039 1144 1081 gnatione
1169 1045 1325 1072 certarum
1352 1039 1528 1082 regionum,
1553 1039 1597 1071 eis
1615 1038 1652 1070 ab
1670 1039 1739 1082 ipso

998 1092 1103 1125 Flavio
1129 1092 1288 1125 cardinale
1313 1093 1401 1132 sacta,
1427 1091 1603 1136 respective
1625 1091 1739 1124 imbus-

997 1144 1085 1177 solati
1112 1144 1328 1188 reperiantur:

1042 1197 1056 1241 ἓ
1081 1197 1110 1229 l.
1136 1197 1214 1230 Hinc
1232 1201 1278 1231 est
1297 1197 1380 1240 quod
1399 1207 1465 1239 nos,
1478 1196 1640 1240 providam
1656 1197 1737 1230 eius-

997 1250 1067 1283 dem
1092 1250 1190 1282 Flavii
1217 1250 1385 1282 cardinalis
1404 1250 1434 1282 in
1452 1250 1632 1293 praemissis
1653 1250 1739 1282 indu·

997 1303 1104 1336 striam
1123 1303 1296 1347 plurimum
1316 1304 1347 1336 in
1364 1303 1497 1337 Domino
1515 1303 1737 1336 commendan-

997 1362 1052 1398 tes,
1065 1357 1313 1400 eorumdemque
1326 1357 1574 1400 praemissorum
1586 1357 1738 1397 firmitati,

998 1409 1105 1442 robori
1131 1414 1160 1443 et
1184 1410 1361 1452 efficaciae,
1387 1420 1446 1453 pro
1474 1416 1606 1453 paterno
1629 1414 1738 1444 nostro

997 1473 1071 1505 erga
1097 1462 1254 1495 civitatem
1281 1462 1472 1506 praedictam
1499 1463 1630 1507 eiusque
1655 1463 1737 1496 cives

997 1516 1273 1559 supranominatos
1298 1516 1422 1557 affectu,
1448 1516 1612 1549 consulere
1634 1517 1737 1550 volen-

996 1574 1063 1609 tes,
1103 1579 1138 1602 ac
1182 1569 1365 1602 eorumdem
1405 1570 1736 1612 supranominatorum

997 1623 1171 1665 singulares
1202 1632 1353 1666 personas
1379 1633 1396 1654 a
1420 1623 1582 1666 quibusvis
1609 1633 1736 1656 excom—

997 1676 1237 1715 municationis,
1266 1675 1479 1719 suspensionis
1503 1681 1533 1708 et
1557 1676 1735 1717 interdicti,

996 1730 1128 1774 aliisque
1153 1729 1372 1763 ecclesiasticis
1398 1729 1568 1770 sententiis,
1594 1731 1735 1764 censuris

996 1788 1025 1816 et
1049 1783 1167 1827 poenis,
1193 1793 1209 1815 a
1235 1783 1301 1815 iure
1327 1783 1373 1816 vel
1399 1783 1438 1815 ab
1460 1783 1598 1825 homine,
1625 1784 1735 1827 quavis

995 1835 1160 1870 occasione
1185 1836 1231 1869 vel
1257 1837 1351 1869 causa
1375 1836 1453 1877 latis,
1477 1836 1501 1869 si
1521 1836 1634 1879 quibus
1658 1847 1736 1880 quo-

995 1890 1166 1923 modolibet
1184 1889 1349 1923 innodatae
1363 1889 1507 1930 existunt,
1529 1890 1566 1922 ad
1589 1889 1734 1923 effectum

994 1943 1206 1987 praesentium
1223 1943 1384 1975 dumtaxat
1399 1943 1667 1986 consequendum,
1685 1943 1736 1976 ha-

995 2007 1064 2029 rum
1091 1996 1171 2028 serie
1197 1995 1393 2028 absolventes
1426 2001 1455 2028 et
1486 1995 1644 2029 absolutas
1669 1996 1735 2029 sore

994 2054 1169 2081 censentes:

1038 2102 1052 2145 g
1076 2102 1105 2134 02.
1131 2102 1214 2134 Motu
1234 2102 1375 2145 proprio,
1396 2111 1458 2134 non
1476 2101 1514 2134 ad
1539 2101 1732 2145 praedictam

993 2160 1046 2188 aut
1071 2155 1207 2188 cuiusvis
1232 2155 1360 2189 alterius
1384 2166 1442 2198 pro
1467 2155 1510 2188 eis
1530 2156 1620 2188 nobis
1640 2166 1734 2199 super

994 2209 1054 2242 hoc
1079 2208 1201 2241 oblatae
1227 2208 1386 2252 petitionis
1412 2209 1600 2250 instantiam,
1616 2208 1671 2241 ‘sed
1697 2219 1733 2241 ex

994 2264 1080 2295 certa
1114 2262 1242 2294 scientia
1280 2266 1309 2294 et
1349 2263 1470 2294 matura
1509 2261 1734 2294 deliberatione

994 2315 1119 2355 nostris,
1145 2315 1246 2359 deque
1272 2315 1463 2358 apostolicae
1485 2315 1646 2358 potestatis
1666 2315 1733 2358 ple⁴

994 2369 1144 2409 nitudine,
1170 2369 1426 2412 aggregationem
1453 2379 1548 2412 supra
1569 2379 1733 2412 expresso-

994 2434 1064 2455 rum
1090 2428 1119 2455 ct
1143 2423 1377 2456 nominatorum
1397 2422 1570 2466 respective
1587 2422 1624 2454 ad
1639 2422 1733 2465 magi-

994 2480 1108 2510 stratus
1141 2477 1283 2520 priorum
1319 2481 1348 2509 et
1384 2476 1599 2519 regulatorum
1632 2476 1732 2510 dictae

994 2529 1126 2562 civitatis
1140 2529 1303 2562 Fir-manae
1318 2540 1334 2561 a
1348 2534 1524 2562 memorato
1544 2529 1649 2562 Flavio
1668 2540 1732 2562 car-

994 2582 1116 2623 dinale,
1142 2583 1219 2614 sirut
1252 2581 1473 2626 praen'iittitur,
1506 2582 1629 2623 saetam,
1659 2593 1728 2615 cum

1758 193 1848 218 An.Ct
1874 194 1941 222 1660

1773 2111 1886 2132 Confirmat.
1897 2114 1933 2137 ag·

1749 2142 1892 2163 greg-'sstonffln
1911 2139 1933 2158 ut

1749 2171 1769 2185 m
1785 2165 1879 2186 rubrica.
