2243 3205
28 232 73 259 An.
89 229 116 256 C.
139 228 203 255 1661

77 2309 187 2341 Clementis
202 2311 219 2331 V

42 2339 158 2358 constitutio
176 2344 220 2358 ser·

44 2365 108 2384 ntur.

819 229 1006 254 ALEXANDER
1031 230 1074 253 Vll
1099 229 1146 253 1¹1³.

220 275 267 308 vel
293 273 455 320 quibusvis
479 276 548 309 aliis
573 278 784 310 communiter
808 282 861 310 aut
884 276 962 309 divi-

220 328 279 360 sim
304 339 321 361 a
349 329 490 372 praefata
518 329 557 362 sit
588 330 666 363 Sede
698 331 854 364 indultum
878 330 963 374 quod

220 381 393 424 interdici,
427 383 576 426 suspendi
614 384 660 416 vel
697 383 963 416 excommunicari

220 443 283 467 non
308 435 429 477 possint
459 445 516 479 per
546 436 665 469 litteras
689 437 876 480 apostolicas
900 446 963 469 non

221 487 368 520 facientes
385 488 508 531 plenam
527 493 556 521 et
576 498 757 532 expressam
779 500 814 522 ac
831 489 869 522 de
894 500 963 522 ver-

221 540 262 573 bo
287 539 325 572 ad
350 540 480 573 verbum
496 541 533 574 de
547 540 668 575 indulto
686 542 878 582 huiusmodi,
895 552 964 574 nec-

221 603 285 627 non
309 594 453 636 personis
482 605 655 638 earumque
671 595 853 628 nominibus
871 600 899 628 et
917 606 965 628 co-

222 646 435 689 gnominibus,
461 648 612 688 ecclesiis,
639 648 836 682 monasteriis
862 653 891 681 et
913 659 963 681 or-

222 698 347 732 dinibus
371 710 407 732 ac
439 699 515 733 locis
548 700 728 734 huiusmodi
754 701 963 741 mentionem,

223 758 252 785 et
276 752 467 796 quibuslibet
491 754 560 786 aliis
586 755 770 798 privilegiis,
795 755 966 797 exemptio-

222 804 337 846 nibus,
362 805 634 847 immunitatibus,
659 807 690 839 in
719 817 835 850 genere
861 807 907 839 vel
934 807 967 839 in

223 858 340 902 specie,
365 859 631 904 quandocumque
656 861 823 902 concessis,
850 859 965 894 confir-

224 911 316 944 matis
342 915 371 945 et
394 912 559 953 innovatis,
585 913 677 946 etiam
703 914 892 947 solutionem
912 913 964 946 de-

225 965 379 998 cimarum
397 966 472 999 alias
498 977 591 1010 quam
610 967 782 1000 secundum
805 968 965 1011 antiquam

224 1023 339 1058 taxam,
365 1024 395 1051 et
419 1019 478 1052 nisi
511 1019 542 1052 in
567 1020 735 1053 universali
772 1020 966 1053 decimarum

224 1082 282 1115 per
306 1072 416 1105 orbem
442 1072 644 1117 impositione
668 1074 737 1107 sieri
764 1074 967 1117 prohibenti-

225 1125 294 1167 bus,
312 1135 435 1158 necnon
451 1127 726 1170 promissionibus,
753 1127 969 1171 applicationi-

225 1179 294 1220 bus,
319 1179 557 1220 donationibus,
583 1180 847 1223 obligationibus,
878 1180 964 1213 iura-

226 1232 351 1274 mentis,
377 1233 677 1275 renunciationibus,
704 1233 836 1266 vinculis
854 1238 883 1266 et
899 1244 968 1266 cau-

226 1285 296 1318 telis
321 1285 353 1318 in
376 1285 588 1328 assignatione
621 1286 854 1330 praedictarum
886 1297 970 1330 pen-

227 1339 351 1372 sionum
376 1339 464 1372 factis
479 1366 486 1380 ,
511 1339 624 1383 quibus
653 1350 711 1384 per
736 1340 967 1384 impositionem

227 1392 422 1425 decimarum
447 1393 629 1426 huiusmodi
664 1393 822 1426 neminem
849 1393 968 1433 teneri;

228 1456 330 1490 neque
348 1456 399 1479 eas
416 1446 519 1489 quoad
535 1446 708 1490 praemissa
732 1451 841 1480 contra
859 1457 970 1490 quem-

229 1509 364 1543 cumque
389 1500 493 1533 locum
521 1499 637 1532 habere
662 1499 807 1532 similiter
835 1499 971 1532 declara-

229 1563 316 1594 mus;
343 1552 475 1596 aliisque
501 1552 629 1585 indultis
653 1558 683 1586 et
707 1553 818 1585 litteris
844 1558 970 1595 aposto-

229 1606 297 1639 licis
321 1606 523 1649 generalibus
559 1607 604 1639 vel
638 1606 835 1650 specialibus,
861 1606 968 1639 cuius-

230 1669 367 1702 cumque
391 1659 509 1692 tenoris
534 1659 676 1701 existant,
702 1670 758 1703 per
783 1669 862 1703 quae
881 1669 972 1703 prae-

230 1712 370 1746 sentibus
397 1722 460 1746 non
489 1723 634 1756 expressa
663 1718 715 1745 aut
746 1713 876 1746 omnino
910 1723 971 1745 non

229 1766 347 1799 inserta
382 1765 511 1799 effectus
547 1776 655 1799 earum
693 1766 838 1810 impediri
875 1766 973 1799 valeat

230 1819 469 1863 quomodolibet
494 1820 540 1852 vel
573 1819 692 1852 differri
708 1846 715 1860 ,
736 1824 766 1852 et
796 1819 834 1852 de
859 1819 973 1863 quibus

231 1884 406 1918 eorumque
431 1874 503 1907 totis
528 1874 689 1907 tenoribus
714 1873 857 1907 habenda
880 1874 918 1906 sit
943 1874 973 1906 in

231 1927 348 1961 nostris
368 1927 479 1960 litteris
502 1927 619 1961 mentio
636 1928 792 1971 specialis
813 1938 894 1971 quae
912 1938 974 1960 om-

231 1980 282 2013 nia
307 1985 416 2013 contra
449 1980 623 2024 praemissa
654 1981 802 2013 nolumus
828 1980 973 2024 cuiquam

232 2033 263 2066 in
288 2033 395 2078 aliquo
420 2033 604 2076 suffragari;
630 2043 752 2067 necnon
777 2033 846 2066 aliis
871 2033 976 2066 huius-

233 2087 319 2120 modi
345 2087 598 2131 impositionibus
617 2093 646 2120 et
664 2088 920 2121 concessionibus
937 2088 974 2120 ad

233 2146 357 2185 tempus
383 2141 522 2174 nondum
555 2141 695 2185 elapsum
712 2169 719 2182 ‚
745 2142 770 2174 si
798 2152 879 2186 quae
904 2142 974 2184 sint,

234 2194 344 2235 sactis;
375 2195 550 2238 ceterisque
571 2195 737 2228 contrariis
764 2196 972 2239 quibuscum-

235 2258 306 2292 que.

279 2303 294 2345 ᾗ
318 2300 369 2334 14.
396 2302 526 2345 Insuper
556 2301 587 2334 in
616 2301 828 2345 percipiendis
846 2301 976 2334 decimis

234 2354 404 2399 praedictis
429 2354 683 2388 constitutionem
709 2355 896 2387 recolendae
915 2365 976 2387 me-

235 2408 356 2442 moriae
380 2408 546 2443 Clementis
565 2408 666 2452 Papae
685 2409 705 2440 V
723 2408 868 2441 similiter
886 2418 977 2451 prae-

235 2462 410 2495 decessoris
446 2461 544 2494 nostri
579 2460 609 2492 in
641 2461 779 2494 Concilio
811 2461 975 2494 Viennensi

236 2514 362 2555 editam,
387 2513 470 2557 quod
495 2513 635 2546 decimae
659 2513 697 2545 ad
724 2518 881 2546 monetam
907 2524 976 2546 cur-

236 2573 357 2602 rentem
383 2567 594 2601 communiter
618 2568 735 2607 levari,
762 2577 819 2600 nec
843 2567 975 2607 calices,

237 2622 331 2665 libri,
357 2625 521 2665 ceteraque
557 2620 760 2653 ecclesiarum
793 2626 977 2654 ornamenta

996 277 1101 310 divino
1138 277 1234 310 cultui
1266 277 1367 311 dicata
1398 288 1434 309 ex
1467 279 1560 310 causa
1593 277 1736 321 pignoris

997 330 1086 373 capi„
1097 330 1216 374 percipi
1244 331 1291 363 vel
1317 330 1459 371 distrahi,
1484 326 1634 363 natalias
1658 341 1736 374 quo-

998 383 1169 417 modolibet
1189 385 1338 428 occupari
1364 384 1506 424 debeant,
1531 384 1649 428 ubique
1681 395 1736 416 vo-

997 437 1101 469 lumus
1115 437 1284 469 observari.
1302 437 1381 476 Quin
1399 438 1493 470 etiam
1513 437 1736 481 praecipimus,

997 500 1036 522 ne
1053 489 1230 533 quisquam,
1248 490 1340 522 etiam
1370 491 1462 533 plura
1490 490 1738 534 quanticumque

997 543 1112 575 valoris
1130 542 1282 576 beneficia
1307 543 1527 583 ecclesiastica,
1553 553 1607 575 seu
1631 543 1738 586 plures

998 597 1166 641 pensiones
1194 602 1247 629 aut
1275 597 1412 639 fructus,
1438 608 1493 630 seu
1518 596 1591 629 talia
1617 597 1737 629 mixtim

998 651 1152 691 obtinens,
1170 661 1228 694 pro
1249 651 1353 683 littera
1371 656 1400 683 et
1421 651 1523 693 sigillo
1549 650 1738 694 quietantiae

998 704 1193 746 universalis,
1216 704 1240 736 si
1262 704 1345 736 illam
1362 704 1478 736 habere
1497 704 1641 744 voluerit,
1656 704 1739 736 ultra

999 768 1097 790 unum
1115 758 1308 798 carolenum,
1326 757 1545 790 conficientem
1571 762 1740 800 quatrenos

999 810 1127 853 triginta
1151 814 1269 853 septem
1297 815 1442 842 monetae
1474 820 1644 851 romanae,
1677 810 1739 843 sol-

1000 874 1073 897 vere
1091 868 1244 905 teneatur,
1265 873 1322 896 nec
1351 863 1388 895 ad
1421 863 1505 895 aliud
1536 873 1615 896 onus
1646 863 1739 896 etiam

999 921 1164 960 praetextu
1188 916 1301 948 cambii
1327 915 1449 959 uspiam
1475 915 1690 959 compellatur.

1044 969 1059 1012 ἓ
1084 969 1134 1002 15.
1153 970 1298 1003 Ceterum
1321 969 1458 1002 volentes
1486 969 1567 1009 illos,
1584 979 1663 1012 quos
1687 969 1741 1002 Dei

1001 1023 1096 1056 timor
1112 1033 1130 1055 a
1148 1023 1230 1056 malo
1255 1033 1316 1056 non
1344 1026 1479 1064 revocat,
1498 1022 1607 1055 saltem
1633 1023 1741 1055 sormi-

1001 1076 1073 1109 dine
1109 1086 1227 1119 poenae
1253 1080 1282 1109 et
1305 1076 1432 1119 publica
1464 1075 1630 1119 disciplina
1656 1086 1742 1108 com-

1002 1140 1141 1173 pescere,
1167 1139 1277 1163 omnes
1295 1133 1325 1162 et
1346 1129 1498 1171 singulos,
1516 1129 1742 1172 cuiuscumque

1002 1182 1173 1225 dignitatis,
1192 1187 1299 1223 status,
1326 1181 1454 1224 gradus,
1469 1181 1588 1214 ordinis
1607 1182 1653 1214 vel
1674 1192 1743 1215 con-

1002 1235 1128 1268 ditionis
1149 1235 1276 1276 fuerint,
1291 1235 1411 1267 etiamsi
1430 1234 1600 1278 pontificali
1614 1234 1744 1277 dignita-

1003 1293 1032 1321 te
1050 1288 1220 1332 potiantur,
1239 1288 1292 1331 qui
1315 1288 1354 1320 de
1382 1287 1562 1320 huiusmodi
1583 1287 1744 1330 exigendis

1003 1342 1133 1375 decimis
1157 1342 1275 1386 aliquid
1300 1351 1454 1385 usurpare
1471 1350 1525 1374 seu
1546 1341 1743 1384 subtrahere,

1003 1401 1056 1428 aut
1073 1395 1143 1438 sibi,
1164 1395 1284 1429 ratione
1306 1395 1521 1437 ecclesiarum,
1540 1396 1745 1429 monasterio-

1004 1460 1085 1490 rum,
1109 1449 1359 1490 beneficiorum,
1388 1459 1442 1482 seu
1475 1448 1662 1493 pensionum
1689 1460 1745 1493 per

1004 1514 1058 1536 eos
1075 1503 1287 1545 obtentarum,
1308 1508 1342 1536 ut
1358 1502 1535 1546 praefertur
1550 1529 1557 1543 ,
1586 1502 1722 1535 retinere
1738 1530 1744 1543 ,

1005 1561 1058 1588 aut
1083 1556 1114 1588 in
1140 1556 1208 1589 illas
1234 1556 1399 1598 exigendo,
1415 1555 1592 1598 colligendo
1607 1556 1655 1588 vel
1672 1566 1746 1589 con-

1006 1609 1159 1643 servando
1190 1609 1333 1642 fraudem
1362 1610 1411 1642 vel
1443 1609 1658 1653 deceptionem
1691 1610 1745 1642 ali-

1006 1674 1099 1707 quam
1126 1663 1324 1696 committere
1343 1662 1496 1695 malitiose
1524 1673 1745 1706 praesumpse-

1006 1716 1079 1758 rint,
1106 1716 1326 1749 interdicimus
1352 1726 1368 1747 a
1392 1715 1526 1755 divinis,
1551 1725 1586 1747 ac
1618 1716 1746 1749 maioris

1007 1769 1341 1804 excommunicationis
1371 1774 1401 1801 et
1437 1769 1529 1801 etiam
1562 1769 1747 1812 privationis

1008 1823 1223 1863 ecclesiarum,
1246 1821 1510 1856 monasteriorum
1532 1826 1562 1854 et
1582 1821 1748 1855 beneficio-

1008 1888 1078 1910 rum
1104 1887 1183 1920 quae
1213 1876 1366 1916 obtinent,
1401 1881 1430 1907 et
1464 1875 1650 1918 pensionum
1672 1886 1748 1919 quas

1008 1930 1196 1974 percipiunt,
1220 1939 1341 1962 necnon
1367 1928 1569 1962 inhabilitatis
1584 1928 1622 1960 ad
1647 1928 1699 1960 illa
1720 1934 1749 1961 et

1009 1984 1068 2016 alia
1101 1984 1309 2027 imposterum
1339 1982 1525 2021 obtinenda,
1558 1982 1748 2022 sententiaS,

1010 2047 1157 2070 censuras
1171 2042 1200 2069 et
1214 2046 1330 2080 poenas
1348 2036 1510 2068 incurrere
1525 2035 1669 2068 volumus
1683 2035 1750 2079 ipso

1010 2090 1101 2130 facto,
1131 2090 1207 2122 itaut
1232 2089 1270 2122 ab
1289 2089 1399 2122 eadem
1425 2088 1749 2122 excommunicatione

1010 2144 1048 2176 ab
1073 2143 1144 2184 alio,
1169 2153 1262 2186 quam
1289 2143 1428 2175 Romano
1454 2142 1614 2181 Pontifice,
1642 2147 1695 2174 aut
1719 2142 1750 2174 in

1010 2196 1120 2229 mortis
1153 2196 1295 2235 articulo,
1328 2195 1534 2228 absolutionis
1561 2195 1749 2228 beneficium

1010 2254 1167 2292 nequeant
1191 2248 1344 2282 obtinere.

1055 2303 1070 2345 g
1095 2302 1146 2336 ¹16.
1182 2301 1258 2341 Quia
1292 2311 1366 2334 vero
1397 2301 1522 2334 difficile
1555 2301 1648 2334 nimis
1672 2306 1752 2334 essct

1011 2360 1192 2399 praesentes
1233 2355 1353 2388 litteras
1385 2355 1423 2387 ad
1456 2355 1578 2398 singula
1609 2365 1751 2398 quaeque

1011 2410 1080 2442 loca
1104 2415 1133 2442 ct
1158 2419 1360 2453 quocumque
1395 2409 1454 2442 illis
1486 2419 1565 2452 opus
1590 2409 1648 2441 erit
1674 2419 1753 2453 per-

1012 2462 1093 2495 ferre
1107 2489 1114 2503 ‚
1136 2462 1279 2495 volumus
1295 2467 1327 2494 ut
1342 2461 1467 2494 illarum
1482 2461 1642 2505 exemplis,
1657 2462 1751 2494 etiam

1012 2515 1184 2559 impressis,
1203 2520 1232 2547 et
1253 2515 1364 2548 notarii
1391 2514 1508 2558 publici
1525 2524 1628 2555 manu,
1643 2524 1678 2547 ac
1695 2515 1752 2551 An-

1011 2568 1088 2600 tonii
1113 2568 1251 2611 episcopi
1269 2573 1295 2601 et
1315 2568 1492 2608 cardinalis,
1522 2578 1558 2600 ac
1585 2568 1750 2601 camerarii

1011 2622 1153 2665 praefati,
1178 2627 1229 2653 aut
1256 2621 1458 2662 thesaurarii,
1483 2632 1537 2654 seu
1563 2621 1691 2656 alterius
1716 2622 1754 2655 ab

1635 220 1700 254 679
1745 230 1793 256 An.
1816 228 1844 256 c.
1858 229 1930 271 *¹661

1796 981 1871 1001 lterum
1892 986 1940 1007 pno—

1757 1014 1796 1028 nae
1819 1014 1838 1027 tn
1858 1011 1941 1028 coutra-

1757 1035 1777 1055 [Α
1794 1037 1867 1055 tentes.

1801 2300 1950 2333 'si-anzunipto-

1767 2341 1811 2356 rum
1828 2334 1887 2354 tides.
