2263 3215
2228 169 2229 172 =
2255 150 2263 187 l

290 225 338 251 An.
356 223 382 250 c.
408 223 474 251 1656
523 213 584 246 14ss
1064 218 1241 243 summum
1266 216 1420 242 nomnium

348 714 480 741 luiponeutes

296 747 308 759 o
325 747 361 760 era
384 744 479 766 personis

314 766 466 787 ecclesiasticis

296 793 377 819 absque
394 797 479 818 expres-

297 826 319 840 sa
332 820 418 840 licentia
429 824 478 839 ana-

295 847 425 868 themanni.

350 2204 498 2227 Quoscumque

314 2235 388 2251 contra
397 2234 498 2256 personas

327 2257 485 2277 ecclesiasticas

316 2290 363 2304 seso
388 2289 406 2302 in
429 2281 499 2302 camis

316 2309 457 2335 capitalibus,
480 2310 499 2327 et

316 2337 401 2358 iudiciis
413 2342 458 2355 sese
471 2335 498 2354 in·

318 2364 451 2388 {erponem-¹⁴
467 2368 499 2380 cx-

316 2390 464 2410 reinmunicat.

490 270 698 315 Apostolicam
721 274 750 301 et
770 278 985 312 quascumque
1006 266 1231 300 ecclesiasticas

489 333 639 367 personas
656 322 777 355 ratione
795 321 1010 363 ecclesiarum,
1030 320 1232 353 monasterio-

489 387 558 410 rum
585 381 613 409 et
638 375 771 409 aliorum
797 375 1024 407 beneficiorum
1046 373 1231 407 ecclesiasti—

490 440 599 463 corum
626 429 835 473 pertinentes,
867 433 1038 472 usurpant,
1067 428 1113 460 vel
1139 427 1229 460 etiam

491 483 599 527 quavis
624 483 789 516 occasione
810 482 856 515 vel
883 483 986 522 causa,
1014 481 1080 514 sine
1100 480 1232 514 Romani

491 536 651 569 Pontificis
683 536 729 568 vcl
762 536 897 569 aliorum
928 534 966 567 ad
998 534 1029 567 id
1060 534 1231 577 legitimam

493 590 670 624 facultatem
694 589 878 623 habentium
911 590 1057 632 expressa
1089 587 1233 627 licentia,

495 647 708 686 sequestrant3

540 707 627 730 xvni.
652 697 749 736 Quive
774 697 934 735 collectas,
958 694 1106 735 decimas,
1124 693 1234 734 tallias,

494 750 699 793 praestantias
724 755 753 782 et
777 749 836 782 alia
865 758 961 782 onera
985 747 1118 789 clericis,
1143 756 1235 789 prae-

495 803 564 836 latis
590 808 619 836 ct
643 803 711 835 aliis
730 802 874 847 personis
890 801 1119 840 ecclesiasticis,
1136 810 1171 832 ac
1188 809 1236 832 eo-

495 868 564 890 rum
598 863 628 890 et
659 857 885 897 eeclesiarum,
911 854 1174 889 monasteriorum
1208 858 1236 885 et

496 911 629 944 aliorum
646 911 871 944 beneficiorum
887 909 1171 942 ecclesiasticorum
1186 906 1238 939 bo-

497 965 554 1005 nis,
573 965 737 997 illorumve
756 963 919 1003 fructibus,
934 961 1107 995 redditibus
1124 964 1151 994 et
1169 970 1239 1003 pro-

498 1019 640 1051 ventibus
658 1017 849 1057 buiusmodi,
864 1017 980 1059 absque
999 1014 1092 1048 simili
1107 1014 1237 1047 Romani

499 1072 657 1106 Pontiticis
675 1071 801 1115 speciali
821 1077 850 1103 et
868 1070 1014 1113 expressa
1036 1067 1171 1107 licentia,
1187 1066 1240 1099 im-

498 1130 629 1169 ponunt,
647 1130 677 1157 et
693 1123 825 1157 diversis
844 1123 936 1156 etiam
956 1121 1118 1165 exquisitis
1139 1119 1240 1152 modis

499 1178 638 1221 exigunt,
662 1183 715 1210 ant
739 1177 783 1209 sic
808 1176 955 1220 imposita
977 1175 1068 1209 etiam
1089 1185 1106 1206 a
1131 1178 1241 1217 sponte

500 1232 646 1265 dantibus
666 1236 696 1264 et
717 1229 961 1264 concedentibus
986 1228 1156 1271 recipiunt3
1175 1237 1242 1259 nec-

500 1296 562 1319 non
581 1285 644 1329 qui,
669 1295 726 1329 per
744 1295 775 1316 se
796 1284 843 1316 vel
861 1283 949 1322 alios,
967 1282 1085 1315 directe
1103 1281 1149 1313 vel
1168 1280 1243 1312 indi-

501 1345 595 1379 recte,
610 1338 768 1383 praedicta
790 1337 901 1377 facere,
926 1335 1048 1379 exequi,
1069 1335 1114 1367 vel
1134 1344 1244 1377 procu-

502 1404 583 1433 rare,
604 1398 655 1425 aut
681 1392 711 1424 in
737 1390 854 1424 eisdem
880 1389 1042 1429 auxilium,
1068 1387 1243 1429 consilium,

503 1447 549 1479 rel
576 1447 714 1479 savorem
740 1449 901 1488 praestare
925 1452 987 1475 non
1013 1446 1171 1481 verentur,
1195 1452 1245 1474 cu-

503 1501 687 1542 iuscumque
705 1498 765 1530 sint.
781 1495 1057 1541 praeeminentiae,
1075 1494 1245 1537 dignitatis,

504 1553 644 1593 ordinis,
670 1550 878 1591 conditionis,
904 1554 956 1582 aut
984 1553 1098 1590 status,
1125 1547 1245 1580 etiamsi

506 1606 659 1650 imperiali
692 1610 743 1638 aut
770 1604 867 1647 regali
899 1602 1116 1647 praefulgeant
1146 1601 1247 1644 digui-

507 1665 582 1702 tate,
609 1670 662 1692 seu
688 1659 864 1703 principes,
890 1657 999 1697 duces,
1029 1656 1173 1695 comites,
1199 1655 1248 1687 ba-

506 1724 599 1747 rones
621 1718 646 1745 et
668 1712 717 1744 alii
733 1715 912 1755 potentatus
927 1710 1128 1753 quicumque,
1144 1708 1247 1749 etiam,

507 1767 634 1809 regnis,
666 1764 858 1809 provinciiS,
887 1763 1064 1796 civitatibus
1096 1766 1124 1795 et
1157 1762 1248 1794 terris

508 1829 635 1863 quoquo
661 1818 754 1851 modo
780 1817 1005 1861 praesidentes,
1028 1815 1195 1848 consiliarii
1221 1820 1250 1848 et

510 1879 671 1906 senatores
696 1877 748 1904 aut
767 1871 876 1915 quavis
900 1870 990 1902 etiam
1017 1868 1187 1912 pontificali
1209 1868 1250 1901 di-

510 1926 627 1969 gnitate
645 1925 798 1968 insigniti,
818 1925 999 1957 innovantes
1013 1922 1138 1955 decreta
1156 1932 1250 1966 super

511 1980 561 2012 his
596 1990 653 2023 per
677 1989 783 2011 sacros
811 1987 946 2010 canones
981 1982 1042 2009 tam
1069 1976 1098 2007 in
1124 1976 1249 2008 Latera-

511 2033 598 2065 nensi
617 2033 785 2066 novissime
802 2032 960 2064 celebrato
985 2040 1079 2073 quam
1097 2029 1165 2062 aliis
1182 2040 1252 2062 con-

513 2086 592 2120 ciliis
623 2085 821 2128 generalibus
853 2083 934 2116 edita
963 2083 1055 2115 etiam
1082 2093 1151 2115 cum
1178 2092 1250 2115 cen-

514 2140 595 2173 suris
620 2144 650 2171 et
675 2139 786 2182 poenis
813 2139 842 2170 in
867 2137 911 2170 eis
936 2137 1107 2170 contentis:

558 2203 620 2226 xix.
639 2193 714 2225 ltem
733 2190 1051 2230 excommunicamus,
1073 2189 1252 2222 anathema-

515 2247 645 2280 tizamus
666 2256 774 2279 onmes
799 2250 829 2277 et
853 2254 1068 2288 quoscumque
1094 2243 1254 2286 magistra-

515 2305 563 2333 tus
589 2304 618 2332 et
642 2299 770 2341 iudices,
795 2298 945 2337 notarios,
970 2297 1098 2338 scribas,
1119 2307 1254 2340 exequu-

515 2358 620 2394 tores,
652 2353 923 2396 subexequutores
955 2350 1192 2394 quomodolibet
1223 2360 1254 2383 se

516 2407 752 2451 interponentes
784 2406 814 2438 in
846 2405 947 2438 causis
983 2404 1166 2448 capitalibus
1200 2414 1254 2436 seu

518 2459 732 2492 criminalibus
757 2464 865 2492 contra
893 2468 1042 2502 personas
1070 2456 1251 2490 ecclesiasti-

518 2523 578 2555 cas,
598 2513 664 2545 illas
690 2511 910 2556 processando,
930 2510 1118 2551 banniendo,
1136 2510 1257 2553 capien-

519 2567 569 2605 do,
587 2576 639 2598 seu
659 2565 826 2597 sententias
844 2570 951 2597 contra
980 2564 1047 2596 illas
1067 2562 1257 2607 proferendo

520 2620 566 2652 vel
592 2619 772 2663 exequendo
801 2618 865 2651 sine
890 2617 1033 2662 speciali,
1059 2616 1205 2662 specifica
1229 2620 1259 2649 et

1263 266 1409 310 expressa
1433 265 1527 298 liuius
1551 268 1674 296 sanetae
1699 263 1786 297 Sedis
1807 263 2004 307 Apostolicae

1263 319 1399 359 licentia,
1421 317 1458 350 ad
1477 327 1628 361 personas
1645 320 1675 350 et
1692 327 1782 349 casus
1800 326 1862 349 non
1878 326 2004 360 expres-

1265 371 1332 406 s0s⁴
1347 370 1539 412 extendtint²,
1554 371 1600 403 vel
1618 370 1694 403 alias
1709 370 1761 402 illa
1775 380 1941 414 perperam
1956 369 2006 401 ab-

1264 429 1404 466 utuntur,
1418 424 1539 457 etiamsi
1559 424 1629 457 talia
1643 423 1873 456 committentes
1892 422 2007 455 suerint

1266 478 1454 519 consiliarii,
1480 482 1657 518 senatores,
1682 475 1909 521 praesidentes,
1934 486 2006 508 can-

1267 532 1406 572 cellarii,
1431 530 1701 571 vicecancellarii,
1726 534 1779 563 aut
1807 529 1918 573 quovis
1946 529 2007 562 alio

1266 585 1394 619 nomine
1418 583 1587 628 nuncupati
1603 595 1608 616 :

1311 649 1359 672 xx.
1387 638 1463 671 Item
1493 637 1803 670 excommunicamus
1828 639 1857 669 et
1880 635 2008 668 anathe-

1270 693 1452 726 matizamus
1477 701 1586 724 omnes
1611 690 1691 730 illos,
1722 689 1793 733 qui,
1818 699 1875 732 per
1899 699 1932 722 se
1956 698 2011 721 seu

1270 810 1330 843 que
1356 798 1445 831 titulo
1463 799 1510 830 vel
1538 798 1644 830 colore
1662 796 1821 837 invadere,
1837 795 2010 837 destruere,

1271 863 1426 897 occupare
1456 858 1487 885 et
1510 851 1649 885 detinere
1675 849 1955 895 praesumpserint,
1980 849 2011 882 in

1272 912 1370 940 totum
1396 906 1443 938 vel
1468 906 1497 938 in
1523 910 1656 949 partem,
1677 904 1791 936 almam
1820 902 1946 943 Urbem,
1967 913 2012 935 re-

1272 970 1368 1003 gnum
1396 959 1529 999 Siciliae,
1555 958 1671 991 insulas
1696 956 1857 990 Sardiniae
1881 961 1911 989 et
1930 955 2008 990 Cor-

1273 1013 1364 1054 sicae,
1390 1018 1489 1045 terras
1514 1013 1591 1044 citra
1616 1011 1763 1051 Pharum,
1785 1009 2012 1043 Patrimonium

1273 1067 1354 1100 beati
1380 1066 1461 1099 Petri
1488 1066 1519 1098 in
1543 1064 1686 1105 'I'liuscia,
1707 1063 1853 1097 ducatum
1879 1063 2015 1107 Spoleta-

1274 1131 1347 1153 num
1363 1148 1370 1161 ,
1396 1119 1576 1153 comitatum
1604 1117 1811 1162 Venaysinum
1827 1144 1834 1158 ,
1859 1116 2012 1150 Sabinen--

1275 1184 1351 1213 sem,
1376 1172 1531 1206 Marchiae
1555 1171 1779 1212 Anconitanae,
1804 1170 1922 1202 Massae
1945 1169 2016 1202 Tre-

1276 1227 1392 1267 bariae,
1409 1226 1644 1266 Romandiolae,
1664 1223 1850 1268 Campaniae
1870 1227 1900 1257 et
1924 1223 2018 1255 mari-

1277 1280 1368 1313 timas
1393 1280 1579 1324 provincias,
1605 1279 1793 1321 illarumque
1814 1283 1923 1317 terras,
1938 1276 2017 1316 loca,

1278 1344 1313 1367 ac
1338 1339 1437 1366 terras
1473 1332 1615 1376 specialis
1640 1330 1872 1365 commissionis
1903 1329 2018 1363 Arnul-

1278 1388 1403 1429 sorum,
1436 1386 1638 1429 civitatesque
1671 1389 1794 1418 nostras
1825 1383 2018 1423 Bononiam,

1278 1441 1464 1480 Caesenam,
1490 1439 1685 1478 Ariminum,
1710 1437 1937 1476 Beneventum,
1962 1436 2019 1469 Pe-

1281 1494 1419 1533 rusium,
1445 1492 1653 1532 Avenionem,
1684 1491 1844 1525 Civitatem
1876 1489 2020 1530 Castelli,

1280 1548 1461 1588 Tuder-tum,
1482 1546 1673 1586 Ferrariam,
1686 1544 1877 1584 Comaelum,
1897 1547 1927 1576 et
1947 1542 2022 1575 alias

1282 1601 1430 1640 civitates,
1451 1605 1552 1632 terras
1570 1605 1600 1631 et
1616 1599 1695 1639 loca,
1711 1598 1759 1630 vel
1781 1598 1847 1630 iura
1865 1596 1903 1629 ad
1921 1596 2021 1640 ipsam

1282 1654 1453 1687 Romanam
1479 1652 1650 1685 Ecclesiam
1676 1650 1874 1695 pertinentia,
1899 1649 2020 1683 dictae-

1282 1718 1361 1752 quae
1381 1708 1540 1740 Romanae
1569 1705 1723 1738 Ecclesiae
1745 1704 1878 1737 mediate
1899 1703 1944 1736 vel
1965 1702 2023 1735 im-

1283 1761 1416 1794 mediate
1440 1760 1595 1797 subieeta;
1620 1768 1741 1791 necnon
1770 1767 1951 1801 supremam
1976 1756 2023 1789 iu-

1284 1813 1497 1846 risdietionem
1524 1813 1555 1845 in
1585 1812 1645 1844 illis
1671 1811 1762 1845 nobis
1787 1816 1816 1844 et
1840 1810 1940 1844 eidem
1966 1810 2024 1843 Ro-

1285 1877 1393 1900 manae
1426 1866 1583 1900 Ecclesiae
1615 1869 1843 1909 competentem
1877 1864 1914 1897 de
1945 1854 2049 1897 facto*

1284 1930 1447 1964 usurpare,
1477 1919 1673 1963 perturbare,
1699 1918 1834 1951 retinere
1859 1922 1888 1950 et
1913 1927 2026 1950 vexare

1285 1974 1378 2007 variis
1404 1973 1505 2007 modis
1530 1977 1752 2016 praesumunt3
1770 1981 1891 2005 necnon
1916 1971 2026 2004 adhae-

1286 2033 1400 2068 rentes,
1428 2028 1566 2060 fautores
1584 2031 1614 2059 et
1631 2026 1812 2059 defensores
1833 2035 1954 2065 eorum,
1971 2035 2026 2058 seu

1285 2082 1345 2114 illis
1375 2081 1549 2121 auxilium,
1581 2079 1770 2120 consilium,
1804 2079 1851 2112 vel
1887 2079 2024 2112 savorem

1285 2134 1522 2180 quomodolibet
1545 2138 1754 2178 praestantes;
1779 2133 1916 2166 volentes
1940 2142 2027 2176 prae-

1286 2192 1388 2222 sentes
1419 2192 1544 2221 nostros
1577 2197 1765 2231 processus,
1794 2196 1830 2219 ae
1862 2186 1966 2219 omnia
1997 2191 2027 2218 et

1286 2251 1503 2286 quaecumque
1528 2241 1576 2273 his
1600 2240 1712 2273 litteris
1737 2245 1892 2281 contenta,
1916 2250 2028 2284 quous-

1287 2306 1347 2340 que
1364 2295 1415 2327 alii
1437 2294 1617 2327 huiusmodi
1642 2303 1809 2338 processus
1825 2304 1842 2326 a
1858 2292 1949 2327 nobis
1976 2295 2028 2326 aut

1287 2351 1428 2383 Romano
1452 2349 1603 2382 Pontifice
1625 2359 1683 2393 pro
1709 2352 1852 2392 tempore
1877 2347 2026 2381 existente

1326 2449 1334 2472 t
1358 2446 1425 2473 Male
1445 2446 1507 2473 edit.
1530 2446 1610 2473 Main.
1627 2445 1691 2481 legit
1705 2452 1839 2481 expresso
1855 2445 1894 2479 (a.
1911 2443 1959 2478 aa).

1323 2491 1339 2518 Ξ
1354 2490 1444 2517 Lectio
1459 2490 1592 2517 defectiva
1608 2490 1749 2526 sequitur;
1766 2489 1910 2524 legendum
1922 2488 2030 2515 videtur

1290 2537 1396 2571 quique
1419 2536 1568 2563 licentiam
1590 2534 1757 2562 huiusmodi
1781 2534 1819 2560 ad
1842 2541 1982 2568 personas
2005 2536 2030 2561 e!

1289 2588 1369 2606 casus
1388 2587 1441 2606 non
1474 2587 1620 2614 expressos
1647 2579 1805 2607 emendum!
1834 2581 1863 2605 ut
1888 2582 1953 2605 tom.
1984 2585 2028 2614 xi,

1291 2632 1352 2660 pag.
1375 2624 1426 2651 022
1440 2632 1458 2651 α
1478 2626 1576 2659 (min).

2013 214 2062 241 An.
2079 215 2108 242 C.
2131 214 2194 246 1656
2227 221 2263 246 ’31

2025 651 2202 704 ηέιῗιῖῗῖῗᾛὲῑ
2234 662 2235 706 j

2025 704 2080 725 ferre
2121 705 2202 736 conten:

1269 746 1356 787 alios,
1382 745 1499 778 directe
1524 745 1570 777 vel
1597 743 1759 784 indirecte,
1779 743 1837 776 sub
1857 753 2011 787 quocum·
2025 729 2203 784 {l‘gffiffifflsffi'ss
2234 724 2236 766 ³¹

2026 784 2065 808 rio.
2085 788 2110 804 ac
2124 783 2203 811 provin.
2234 790 2236 818 3
2259 789 2263 806 t

2238 2183 2263 2248 ἕξ

2250 2254 2263 2283 ἒ

2254 2287 2263 2405 ἓ
