2243 3205
47 155 94 182 An.
110 153 137 180 C.
163 152 228 179 ¹659

241 199 274 232 in
290 195 540 241 congregatione
553 196 714 241 praedicta
732 199 840 229 exacto
854 194 981 227 biennio

242 251 280 284 ad
308 250 450 283 habitum
475 260 701 283 conversorum
735 248 874 282 eiusdem
904 247 982 280 Con-

243 303 446 347 greg-ationis,
472 304 496 336 si
521 303 559 336 ad
574 303 604 336 id
621 303 696 335 alias
719 302 822 335 idonei
841 301 983 339 existant,

243 356 374 390 servatis
410 357 586 398 servandis,
612 355 756 396 admitti,
793 359 985 398 peractoque

244 409 378 442 subinde
398 409 568 442 novitiatus
592 419 674 441 anno
691 407 918 452 professionem
938 416 986 438 re-

245 463 387 506 gularem
413 473 469 506 per
494 462 594 496 dictos
618 472 787 495 conversos
812 460 911 494 emitti
938 470 987 492 so-

245 517 332 549 litam
358 527 505 561 expresse
530 516 674 549 emittere
699 515 816 556 libere,
848 514 933 547 licite
959 518 988 545 et

246 569 347 602 valide
371 570 492 613 possint
515 575 546 603 et
570 570 700 611 valeant,
718 568 902 602 auctoritate
916 578 989 611 apo-

247 623 375 663 stolica,
401 628 510 656 tenore
536 623 761 666 praesentium,
786 621 989 654 concedimus

248 680 278 710 et
301 676 511 719 indulgemus.

63 773 66 775 Α
109 744 233 764 t’vaoscntos
292 730 307 772 g
331 729 361 761 4.
380 729 589 762 Decernentes
611 729 734 762 easdem
750 733 930 772 praesentes
946 727 993 759 lit-

54 772 135 824 llffiiffl
162 771 234 815 5332ss
249 787 333 814 teras
358 792 485 826 semper
505 782 622 823 firmas,
644 787 713 822 etc.;
731 782 839 826 sicque
859 782 888 813 in
906 791 992 825 prae-

54 822 162 846 ¹¹³¹³⁶¹¹⁸¹³⁶
181 824 234 842 ²¹¹¹*
249 834 354 867 missis
378 845 436 878 per
457 845 675 878 quoscumque
697 834 825 875 iudices,
844 839 913 875 etc.‚
939 833 991 866 de-

249 887 335 920 finiri
363 887 500 927 debere;
528 898 564 920 ac
595 888 719 920 irritum
758 893 785 920 et
818 887 931 927 inane,
968 887 992 919 si

250 951 351 983 secuS,
377 946 445 982 etc.‚
475 941 643 984 eontigerit
668 941 822 974 attentari.

296 994 311 1037 ξ
326 993 355 1026 5.
372 994 441 1027 Non
460 993 654 1027 obstantibus
668 994 859 1037 praemissis,
873 1004 908 1026 ac
923 1004 993 1026 con-

253 1046 467 1081 stitutionibus
484 1052 514 1080 et
532 1047 784 1080 ordinationibus
801 1047 993 1090 apostolicis,

253 1110 376 1134 necnon
401 1100 501 1133 dictae
526 1100 799 1143 Cong1egationis,
827 1105 896 1139 etc„
922 1110 994 1143 quo-

254 1154 429 1188 modolibet
442 1154 610 1196 concessis,
625 1153 819 1187 confirmatis
833 1158 861 1186 et
871 1153 996 1186 innova-

255 1207 311 1247 tis3
340 1207 454 1251 quibus
472 1207 619 1240 omnibus
645 1212 673 1240 et
694 1207 842 1250 singulis,
869 1207 994 1239 illorum

256 1265 380 1295 tenores
409 1260 638 1304 praesentibus,
670 1265 739 1300 etc„
765 1260 942 1304 specialiter
967 1264 997 1292 et

257 1325 405 1358 expresse
430 1314 636 1357 derogamus3
665 1314 839 1357 ceterisque
867 1317 993 1347 contra-

257 1368 313 1401 riis
338 1368 598 1412 quibuscumque.

303 1422 318 1466 ἓ
347 1421 375 1455 G.
407 1422 558 1455 Volumus
590 1426 715 1461 autem,
751 1426 783 1453 ut
815 1419 997 1454 earumdem

258 1474 474 1520 praesentium
500 1474 716 1518 transumptis,
738 1484 842 1514 manu,
868 1479 936 1515 etc„
953 1484 1000 1506 ea-

260 1529 330 1562 dem
347 1540 478 1573 prorsus
495 1529 614 1572 ubique
630 1529 772 1561 locorum
792 1531 853 1562 tam
873 1527 902 1560 in
921 1527 999 1560 iudi-

261 1582 310 1615 cio
346 1593 440 1626 quam
466 1587 551 1615 extra
577 1582 653 1615 illud
683 1581 760 1614 sides
791 1580 1000 1623 adhibeatur,

261 1647 341 1681 quae
366 1636 507 1680 ipsismet
531 1636 751 1680 praesentibus
776 1635 1002 1676 adhiberetur,

261 1690 286 1723 si
311 1691 413 1724 forent
438 1690 594 1723 exhibitae
620 1691 666 1723 vel
693 1695 846 1723 ostensae.

306 1745 418 1777 Datum
443 1745 578 1784 Romae,
606 1743 688 1788 apud
713 1744 742 1776 S.
761 1743 887 1776 Mariam
915 1743 1005 1776 Maio-

262 1809 341 1839 rem,
363 1798 420 1831 sub
440 1798 556 1831 annulo
571 1797 748 1839 piscatoris,
770 1796 820 1829 die
841 1807 861 1830 x
881 1797 1004 1830 decem-

264 1851 400 1885 cembris
425 1862 562 1892 nncmx,
591 1851 793 1895 pontificatus
820 1850 919 1884 nostri
945 1861 1001 1883 an-

263 1916 305 1939 no
334 1915 362 1938 v.

301 1967 359 1994 Dat⁴
379 1967 421 1994 die
439 1968 471 1995 10
490 1967 645 1994 decembris
669 1967 752 2000 ¹659,
770 1967 866 2003 pontif.
887 1975 959 1994 anno
980 1974 1004 1993 v.

127 1006 237 1027 Contraria

58 1034 142 1061 retpnit.

100 1432 243 1458 'transumptis

63 1459 196 1481 credendum.

563 2136 712 2169 CCLXXI.

271 2227 448 2270 Confirmat
481 2227 642 2260 decretum
678 2227 764 2259 eirea
797 2227 1008 2270 receptionem

314 2282 507 2321 oblatorum,
534 2281 756 2324 probationem
783 2284 810 2313 el
839 2279 1009 2312 admissio-

313 2345 386 2367 nem
407 2334 449 2367 acl
471 2334 618 2366 habitam
639 2333 858 2378 inprovinei'd
876 2333 923 2365 Ss.
945 2332 1009 2364 Lu-

315 2387 421 2420 dovi'ci
437 2391 464 2420 et
481 2387 626 2420 Elzeari'i
644 2386 910 2429 Conyi‘eyali'onis
937 2385 1011 2419 Gal-

318 2440 445 2473 licanae
475 2440 501 2472 T
501 2440 576 2472 ercii
598 2438 731 2472 Ordinis
757 2439 787 2472 S.
812 2439 842 2471 F
843 2437 1009 2471 i·an‹11‘.sci¹.

309 2555 320 2582 1
344 2554 380 2581 Ex
403 2554 507 2590 Regest.
529 2553 555 2580 iu
575 2553 676 2580 Secret.
700 2552 775 2579 Brev.

846 146 1033 170 ALEXANDEti
1058 145 1099 168 vu
1123 145 1171 169 FP.

1664 133 1726 166 519
1774 142 1822 169 An.
1844 142 1871 168 c.
1891 142 1955 168 icoo

1210 193 1374 220 Alexander
1402 192 1479 226 Papa
1498 192 1561 225 V11,

1157 237 1192 263 ad
1215 237 1348 263 futuram
1370 236 1416 263 rei
1436 235 1615 263 memoriam.

1061 299 1143 332 Alias
1179 309 1237 342 pro
1273 304 1362 342 parte
1397 299 1583 331 dilectorum
1620 297 1759 330 filiorum
1801 311 1916 337 [ip-suin.

1019 353 1152 387 ministri
1183 353 1384 396 provincialis
1409 359 1439 386 et
1463 352 1666 386 definitorum
1690 362 1761 395 pro-

1020 406 1140 440 vinciae
1164 406 1209 440 Ss.
1235 406 1383 439 Ludovici
1408 412 1438 439 et
1463 405 1595 439 Elzearii
1620 405 1759 448 Congre-

1020 460 1155 503 gationis
1180 460 1357 494 Gallicanae
1380 459 1475 492 Tertii
1506 458 1630 492 Ordinis
1663 457 1761 491 sancti

1021 513 1180 546 Francisci
1193 513 1283 546 nobis
1297 513 1449 556 exposito,
1467 512 1551 556 quod
1566 512 1674 554 regula
1688 511 1763 545 dicti

1022 567 1117 600 Tertii
1135 566 1271 607 Ordinis,
1296 577 1364 610 cap.
1382 576 1414 608 11,
1441 571 1470 598 et
1486 566 1603 599 Coneil.
1624 565 1761 598 Trident.

1023 630 1097 653 sess.
1123 629 1203 660 xxv,
1232 630 1300 663 cap.
1331 629 1392 661 xv,
1424 618 1634 653 determinant
1666 628 1763 651 unum

1024 683 1140 705 anuum
1164 672 1360 716 probationis
1392 683 1450 716 pro
1482 671 1627 713 novitiis,
1653 670 1766 704 consti-

1025 727 1159 760 tutiones
1193 737 1266 760 vero
1299 726 1462 769 generales
1498 725 1637 758 eiusdem
1670 724 1765 757 Tertii

1025 779 1150 813 Ordinis
1175 779 1212 812 ab
1237 779 1296 812 hac
1320 779 1432 812 Sancta
1464 778 1542 812 Sede
1575 777 1766 821 approbatae

1026 833 1237 866 determinant
1272 832 1351 866 duos
1388 842 1486 865 annos
1521 841 1579 875 pro
1615 830 1768 864 novitiatu

1027 888 1158 920 fratrum
1184 886 1363 919 oblatorum
1389 896 1444 918 seu
1469 884 1689 925 servientium,
1714 883 1768 927 qui

1028 940 1173 974 emittunt
1197 939 1257 972 tria
1282 946 1351 973 vota
1372 938 1524 972 solemnia
1543 937 1715 980 religionis,
1733 949 1769 971 ac

1029 994 1157 1037 insuper
1182 997 1329 1037 quartum
1365 997 1470 1026 votum
1504 992 1542 1024 de
1572 1001 1635 1024 non
1658 1002 1770 1034 procu-

1029 1048 1127 1080 randa
1152 1047 1212 1080 alia
1237 1047 1415 1080 conditione
1436 1057 1453 1078 a
1477 1047 1543 1085 sua,
1568 1056 1634 1088 cap.
1658 1055 1677 1084 1,
1703 1045 1717 1088 ξ
1737 1055 1769 1085 11,

1028 1102 1074 1134 De
1090 1101 1250 1145 fratribus
1267 1100 1407 1139 oblatis,·
1425 1099 1522 1132 felicis
1539 1104 1643 1131 autem
1667 1109 1770 1131 recor-

1029 1154 1164 1187 datiouis
1188 1154 1330 1187 Clemens
1355 1154 1436 1197 Papa
1456 1153 1521 1185 VIII
1547 1152 1771 1196 praedecessor

1030 1212 1136 1240 noster
1150 1218 1206 1251 per
1220 1207 1387 1250 quamdam
1409 1216 1496 1238 suam
1515 1205 1770 1238 constitutionem

1030 1261 1080 1294 die
1092 1271 1144 1294 xlx
1157 1261 1262 1294 martii
1287 1270 1387 1294 noem
1413 1264 1588 1292 emanatam
1606 1259 1772 1300 ordinavit,

1030 1320 1064 1348 ut
1089 1324 1295 1358 unaquaeque
1320 1313 1433 1356 religio
1466 1323 1522 1345 sua
1557 1312 1704 1356 specialia
1731 1312 1774 1344 in-

1032 1369 1139 1401 stituta
1163 1367 1333 1400 observare
1360 1372 1503 1399 teneatur
1533 1366 1617 1399 eirca
1641 1366 1774 1399 fratrum

1032 1422 1212 1455 oblatorum
1237 1420 1448 1464 receptiones;

1078 1475 1135 1518 §t
1161 1475 1198 1507 Et
1215 1475 1245 1507 in
1264 1474 1373 1507 eadem
1389 1473 1583 1517 expositione
1598 1472 1776 1515 subiuncto,

1035 1528 1130 1573 quod,
1149 1539 1207 1572 pro
1232 1528 1446 1562 consolatione
1478 1527 1690 1571 quorumdam
1720 1527 1779 1559 sra-

1036 1588 1120 1615 trum
1145 1582 1333 1622 oblatorum,
1354 1581 1406 1625 qui
1429 1586 1501 1614 tunc
1520 1580 1550 1613 in
1565 1580 1647 1614 dicto
1673 1580 1777 1613 Tertio

1036 1636 1151 1670 Ordine
1173 1635 1355 1675 existebant,
1373 1634 1553 1678 superiores
1573 1634 1670 1678 ipsius
1682 1633 1778 1667 Tertii

1037 1689 1162 1723 Ordinis
1194 1694 1421 1722 consenserunt
1456 1688 1554 1728 alias,
1589 1693 1622 1720 ut
1654 1699 1670 1720 a
1695 1698 1779 1721 reco-

1038 1743 1148 1777 lendae
1173 1742 1345 1775 memoriae
1367 1742 1493 1775 Urbano
1514 1741 1595 1784 Papa
1613 1741 1677 1773 vlu
1694 1751 1781 1784 prae-

1038 1797 1204 1830 decessore
1222 1796 1341 1840 pariter
1358 1799 1466 1829 nostro
1482 1800 1710 1838 procuraretur
1723 1794 1781 1828 dis-

1039 1850 1181 1895 pensatio
1202 1860 1260 1894 pro
1275 1849 1365 1882 dictis
1390 1849 1540 1882 fratribus
1557 1848 1669 1881 oblatis
1687 1859 1782 1892 super

1040 1904 1180 1948 ipsorum
1196 1908 1308 1946 quarto
1323 1908 1394 1935 voto
1408 1908 1438 1935 et
1458 1902 1583 1935 lieentia
1599 1901 1781 1934 transeundi

1040 1957 1078 1989 ad
1103 1961 1218 1990 statum
1245 1957 1376 1990 fratrum
1402 1966 1628 1989 conversorum
1653 1965 1709 1988 seu
1732 1955 1784 1987 lai-

1041 2021 1162 2051 corum,
1184 2021 1256 2043 cum
1277 2009 1492 2053 assumptione
1509 2008 1635 2052 caputii,
1650 2008 1730 2041 sicut
1746 2008 1784 2041 de

1042 2064 1123 2097 sacto
1149 2063 1232 2096 idem
1251 2063 1395 2095 Urbanus
1413 2062 1640 2106 praedecessor
1657 2061 1707 2094 die
1733 2072 1784 2095 xvi

1042 2117 1165 2159 augusti
1192 2126 1309 2149 MDCXLt
1334 2116 1524 2159 dispensavit
1541 2126 1612 2148 cum
1634 2115 1785 2148 fratribus

1043 2171 1177 2211 oblatis,
1202 2170 1255 2213 qui
1281 2175 1354 2202 tunc
1378 2170 1407 2201 iu
1432 2169 1516 2202 dieto
1541 2169 1645 2202 Tertio
1671 2168 1786 2202 Ordine

1043 2224 1235 2263 existebant3
1269 2223 1415 2267 quodque
1441 2223 1478 2255 ab
1504 2223 1557 2256 illo
1587 2228 1730 2266 tempore
1755 2222 1786 2254 in

1044 2277 1202 2320 aliquibus
1220 2277 1425 2310 conventibus
1445 2276 1546 2309 dictae
1566 2275 1788 2318 Congregatio-

1045 2330 1092 2363 nis
1116 2330 1210 2363 Tertii
1236 2330 1360 2364 Ordinis
1375 2330 1506 2362 diversis
1520 2335 1550 2363 ct
1567 2329 1786 2362 differentibus

1046 2383 1147 2417 modis
1164 2384 1262 2416 sactae
1275 2384 1401 2416 suerunt
1418 2383 1614 2427 receptiones
1629 2383 1786 2416 dictorum

1046 2438 1179 2470 fratrum
1210 2437 1402 2476 oblatorum,
1428 2436 1581 2480 siquidem
1617 2436 1713 2480 aliqui
1738 2447 1787 2470 su-

1046 2491 1187 2534 periores
1205 2490 1263 2523 sibi
1281 2490 1505 2533 persuadentes
1523 2490 1699 2534 praedictas
1714 2501 1787 2524 con-

1047 2544 1223 2577 stitutiones
1248 2544 1411 2587 generales
1436 2544 1531 2576 Tertii
1548 2544 1672 2577 Ordinis
1690 2544 1789 2578 deter-
