2243 3205
69 212 116 240 An.
138 211 166 237 C.
193 210 256 237 1658

88 695 199 721 Dsrngaiio
211 695 245 716 ob-

67 725 170 743 stantium.

97 1014 245 1040 Tran-umpto·

66 1047 107 1061 runi
123 1041 181 1062 fides.

92 2295 166 2318 Motiva
182 2298 244 2319 tiu-us

67 2322 226 2344 constitutit-ms.

855 206 1039 230 ALExANDER
1064 206 1106 229 vn
1132 206 1179 229 ΙΨ.

263 258 370 302 sicque
395 257 425 290 in
456 256 636 301 praemissis
655 266 711 300 per
727 265 943 299 quoscumque
962 254 1003 287 iu-

262 311 347 344 dices
367 311 544 344 ordinarios
570 315 599 342 et
624 309 794 352 delegatos,
815 308 907 341 etiam
935 319 1021 341 cau-=

262 374 368 397 sarum
395 364 498 407 palatii
525 362 688 406 apostolici
714 361 884 402 auditores,
910 361 1002 393 etiam

262 418 291 451 S.
314 419 347 451 R.
374 419 406 451 E.
432 418 606 451 cardinales
627 424 657 450 et
687 417 724 449 de
753 417 849 449 latere
874 416 1003 458 legatos,

262 471 394 504 iudicari
420 477 448 504 et
473 471 596 504 definiri
618 470 744 511 debere,
766 480 800 503 ac
825 469 949 502 irritum
975 474 1004 501 et

262 525 375 565 inane,
408 525 433 558 si
467 535 556 558 secus
588 535 683 568 super
708 523 756 556 his
782 534 798 556 a
823 533 1003 566 quoquam,

262 579 371 622 quavis
391 579 586 617 auctoritate,
605 577 740 610 scienter
758 577 803 609 vel
823 576 1004 619 ignoranter

261 631 429 674 eontigerit
453 631 607 663 attentari.

306 685 320 728 g
345 684 396 718 46.
422 685 489 718 Non
514 683 729 723 obstantibus,
747 683 849 727 quoad
869 693 902 715 ea
924 692 1003 726 quae

262 738 480 781 praesentibus
513 737 751 781 quomodolibet
782 736 1021 779 advei·santui‘,3

261 791 464 834 praeinsertis
490 791 622 831 litteris,
648 800 769 823 necnon
795 790 943 823 omnibus
974 794 1020 823 et*

261 844 393 887 singulis
410 854 490 888 quae
516 844 545 876 in
571 843 688 876 eisdem
715 843 827 875 litteris
856 853 1002 876 concessa

260 902 332 930 sunt
361 908 423 930 non
456 897 599 937 obstare,
629 896 805 939 ceterisque
837 896 1002 929 contrariis

260 950 521 993 quibuscumque.

304 1004 318 1046 ξ
343 1003 395 1036 47.
422 1004 572 1036 Volumus
597 1007 700 1037 autem
726 1008 757 1036 ut
788 1002 1000 1047 praesentium

260 1057 474 1101 transumptis,
495 1067 589 1090 manu
603 1057 734 1090 alieuius
752 1057 865 1090 notarii
884 1057 1001 1100 publici

260 1111 456 1155 subscriptis,
474 1117 503 1144 et
522 1111 624 1154 sigillo
644 1111 758 1154 prioris
776 1111 930 1154 generalis
956 1110 1001 1142 di-

260 1165 300 1197 cti
325 1164 450 1198 Ordinis
482 1164 578 1198 sancti
612 1164 697 1196 Pauli
726 1164 821 1208 primi
853 1164 1002 1197 eremitae

261 1218 307 1251 vel
332 1217 464 1251 alieuius
489 1228 641 1261 personae
667 1217 698 1249 in
724 1217 932 1250 ecclesiastiea
960 1217 1003 1250 di-

259 1271 376 1313 gnitate
402 1271 588 1304 constitutae
616 1271 754 1312 munitis,
781 1270 889 1303 eadem
915 1281 1019 1314 pror-¹

259 1335 311 1357 sus
336 1324 414 1357 fides
442 1324 472 1356 in
504 1324 620 1357 iudicio
653 1330 682 1357 et
708 1328 795 1358 extra
825 1324 901 1357 illud
926 1325 997 1357 ubi-

259 1389 319 1422 que
337 1378 480 1412 locorum
502 1378 698 1420 adhibeatur,
716 1389 796 1422 quae
821 1378 895 1422 ipsis
913 1389 1002 1422 prae-

259 1432 399 1466 sentibus
423 1432 637 1473 adhiberetur,
666 1433 690 1465 si
719 1433 820 1466 forent
846 1433 1001 1466 exhibitae

259 1486 306 1518 vel
332 1491 483 1519 ostensae.

303 1540 415 1573 Datum
440 1540 569 1581 Romae,
594 1540 676 1584 apud
697 1541 726 1574 S.
748 1540 873 1574 Mariam
910 1540 1000 1574 Maio-

259 1604 336 1634 rem,
349 1594 407 1626 sub
424 1594 541 1627 annulo
563 1594 740 1635 piscatoris,
755 1594 804 1627 die
820 1605 850 1627 ri
868 1600 1000 1638 septem-

260 1646 325 1679 bris
343 1656 493 1687 MDchui,
514 1647 717 1692 pontificatus
735 1647 832 1681 nostri
856 1657 936 1680 anno
958 1657 998 1680 iv.

296 1709 352 1736 Dat.
369 1709 412 1736 die
429 1710 444 1736 6
460 1709 624 1744 septembris
641 1710 719 1743 1658,
737 1710 830 1745 pontis.
854 1718 923 1737 anno
941 1717 976 1736 iv.

575 1825 681 1859 CCVII.

259 1897 358 1930 Breve
375 1897 633 1939 confirmationis
658 1901 840 1929 contractus
868 1898 1000 1930 unionis

302 1960 356 1983 seu
381 1951 533 1982 consortii·
560 1950 707 1983 ecclesiae
731 1950 761 1983 S.
788 1950 933 1991 Iuliani,
964 1961 1000 1984 ac

303 2003 391 2036 modi
416 2002 557 2046 eti‘yendi
581 2003 735 2046 officiales
757 2004 843 2036 inter
866 2004 999 2036 aniver-

303 2057 412 2089 sitates
437 2067 630 2099 cauponum,
651 2067 704 2089 seu
724 2058 887 2100 hospitum
904 2062 933 2090 et
954 2058 1000 2091 al-

303 2108 508 2152 berqatorum
536 2109 637 2143 Urbis.

453 2180 617 2208 Alexander
642 2180 720 2214 Papa
740 2181 802 2213 vn,

405 2225 440 2252 ad
461 2225 593 2253 futuram
613 2226 657 2253 rei
673 2226 851 2254 memoriam.

303 2287 345 2320 Ex
372 2288 556 2320 commissae
581 2287 671 2321 nobis
700 2288 848 2322 divinitus
873 2289 998 2332 dispen—

259 2342 387 2374 sationis
405 2342 509 2374 ossicio
526 2342 756 2375 controversias
774 2342 854 2375 inter
874 2343 999 2376 unirer-

258 2395 380 2428 sitatem
406 2395 649 2429 stabulariorum
675 2406 729 2428 seu
764 2396 998 2438 albergatorum

259 2460 294 2481 ex
321 2450 393 2490 una,
419 2454 448 2481 et
472 2448 705 2482 universitatem
732 2458 920 2492 cauponum,
945 2460 999 2482 seu

257 2503 428 2546 hospitum,
446 2513 567 2536 necnon
585 2502 744 2546 hospitum
763 2502 998 2546 albergatorum

259 2557 429 2591 mixtorum
455 2557 492 2590 dc
519 2557 600 2590 Urbe
617 2568 653 2590 ex
672 2557 768 2591 altera
790 2557 942 2601 partibus,
961 2557 999 2590 de

259 2616 288 2645 et
312 2622 406 2655 super
431 2613 594 2654 praetensa
622 2611 807 2644 rescissione
833 2611 898 2644 sive
929 2612 999 2644 nul-

1675 198 1731 231 :381

1039 253 1124 287 litate
1141 258 1320 287 contractus
1338 255 1460 289 unionis
1482 266 1534 288 seu
1561 256 1709 289 consortii
1729 265 1777 289 ec-

1039 307 1150 340 clesiae
1176 308 1204 341 S.
1231 307 1358 349 Iuliani,
1384 314 1412 341 et
1442 309 1509 342 aliis
1535 309 1607 343 liinc
1633 309 1704 343 inde
1728 309 1778 343 de-

1038 360 1139 393 ductis
1162 361 1444 405 praetensionibus‚
1463 368 1491 396 et
1510 363 1669 406 signanter
1683 374 1778 408 super

1039 414 1190 447 electione
1215 414 1461 457 guardianorum
1483 421 1513 449 et
1534 417 1715 450 officialium
1733 427 1779 450 ea—

1038 467 1183 501 rumdem
1205 468 1443 501 universitatum
1463 469 1608 504 subortas
1628 471 1778 504 dirimere

1039 522 1211 566 cupientes,

1083 576 1097 619 g
1116 575 1140 608 l.
1155 576 1197 608 De
1211 576 1467 619 congregationis
1481 577 1704 611 venerabilium
1718 579 1776 612 sra-

1038 635 1120 662 trum
1147 634 1330 662 nostrorum
1353 629 1381 663 S.
1400 630 1434 663 R.
1456 630 1488 663 E.
1511 631 1728 675 cardinalium,
1749 637 1779 666 et

1038 682 1377 726 dilectorumJfiliorum
1392 684 1550 717 Romanae
1567 685 1672 718 euriae
1688 696 1777 730 prae-

1038 736 1173 769 latorum
1201 747 1296 780 super
1327 737 1462 780 negotiis
1487 737 1671 771 visitationis
1701 750 1778 783 apo-

1038 790 1165 824 stolicae
1190 791 1394 824 ecclesiarum
1428 796 1458 824 et
1486 791 1629 825 locorum
1655 793 1780 836 piorum

1038 843 1129 877 Urbis
1154 844 1333 888 praedictae
1351 855 1367 877 a
1385 845 1475 878 nobis
1500 845 1658 878 institutae
1682 846 1779 890 depu-

1039 902 1174 931 tatorum
1201 898 1343 939 consilio,
1363 899 1476 932 auditis
1497 899 1624 943 plurieS,
1648 910 1705 943 per
1729 910 1780 933 ve-

1037 952 1209 985 nerabilem
1229 953 1357 986 fratrem
1375 954 1513 986 Marcum
1528 953 1696 987 Antonium
1716 955 1780 998 epi-

1037 1015 1166 1049 scopum
1194 1005 1464 1050 Hierapolitanum
1490 1017 1587 1039 mium
1606 1017 1640 1040 ex
1658 1008 1779 1051 praela—

1038 1058 1075 1091 tis
1099 1062 1129 1092 et
1158 1063 1383 1102 exequutorem
1413 1059 1611 1093 decretorum
1638 1060 1777 1093 eiusdem

1037 1111 1302 1154 congregationis,
1321 1112 1464 1156 partibus
1482 1113 1639 1157 praefatis,
1658 1124 1779 1146 earum-

1037 1175 1096 1207 que
1122 1165 1296 1199 rationibus
1322 1171 1351 1199 et
1377 1166 1498 1199 iuribus
1523 1167 1714 1210 ponderatis,
1740 1167 1778 1200 ad

1037 1218 1281 1251 conservandam
1316 1219 1487 1259 unitatem,
1520 1220 1719 1253 concordiam
1749 1226 1775 1253 et

1036 1281 1145 1314 pacem
1171 1271 1252 1305 inter
1284 1272 1408 1305 easdem
1442 1273 1680 1313 universitates,
1712 1274 1777 1306 illa-

1036 1335 1170 1369 rumque
1193 1325 1354 1367 homines,
1380 1332 1410 1358 et
1434 1332 1467 1359 ut
1492 1326 1594 1360 omnis
1619 1326 1699 1359 inter
1725 1337 1777 1360 eos

1036 1378 1239 1412 dissensionis
1264 1379 1438 1413 fomentum
1464 1379 1502 1412 de
1527 1385 1632 1413 cetero
1658 1379 1777 1423 praeei-

1035 1431 1137 1473 datur,
1158 1443 1193 1466 ac
1215 1432 1258 1466 illi
1284 1433 1315 1466 in
1341 1443 1437 1466 unum
1464 1433 1600 1467 fraterna
1627 1433 1778 1467 charitate

1035 1485 1209 1528 convivam,

1080 1539 1094 1582 ξ
1118 1539 1147 1572 02.
1174 1540 1420 1573 Instrumemum
1447 1540 1572 1574 unionis
1599 1546 1627 1574 et
1654 1551 1778 1575 conces-

1035 1593 1131 1626 sionis
1149 1594 1299 1627 consortii
1326 1594 1499 1627 antedictae
1525 1595 1675 1628 ecclesiae
1689 1595 1717 1627 S.
1734 1595 1778 1627 Iu-

1035 1646 1120 1687 liani,
1147 1647 1218 1680 licet
1243 1647 1383 1680 nondum
1405 1647 1492 1681 Sedis
1513 1648 1710 1692 Apostolicae
1728 1658 1777 1681 au-

1035 1700 1178 1733 ctoritate
1204 1700 1234 1733 in
1259 1701 1320 1733 vim
1347 1700 1523 1734 litterarum
1550 1701 1648 1735 felicis
1675 1712 1778 1735 recor-

1035 1753 1169 1787 dationis
1187 1754 1303 1787 Urbani
1326 1754 1424 1798 Papae
1438 1754 1503 1787 vul
1524 1755 1777 1798 praedecessoris

1035 1808 1133 1841 nostri
1152 1808 1183 1841 in
1203 1808 1297 1841 simili
1319 1808 1418 1842 formal
1436 1808 1542 1841 Brevis
1561 1809 1776 1852 expeditarum

1035 1861 1267 1902 confirmatum,
1287 1862 1367 1895 inter
1384 1868 1488 1906 partes
1514 1862 1691 1906 praedictas
1717 1874 1778 1896 ser-

1035 1915 1169 1948 vandum
1195 1927 1272 1957 esse,
1304 1916 1488 1950 auctoritate
1514 1917 1684 1960 apostoliea
1700 1945 1707 1957 ,
1739 1923 1778 1950 tea

1034 1979 1111 2003 nore
1137 1971 1362 2014 praesentium,
1388 1970 1598 2003 decernimus.

1080 2023 1095 2067 ξ,
1120 2023 1149 2056 3
1176 2023 1352 2064 Praeterea,
1382 2023 1466 2067 quod
1492 2024 1610 2057 t'ructus
1635 2025 1776 2058 locorum

1034 2077 1173 2120 quinque
1194 2077 1310 2110 montis
1328 2077 1400 2110 salis
1419 2076 1575 2110 secundae
1600 2077 1776 2117 erectionis,

1034 2130 1253 2173 provenientes
1286 2141 1321 2163 ex
1347 2130 1451 2174 pretio
1483 2130 1777 2164 communicationis

1034 2183 1135 2217 dictae
1164 2184 1312 2217 ecclesiae
1334 2184 1436 2217 soluto
1461 2195 1518 2228 per
1542 2184 1775 2218 universitatem

1034 2236 1194 2280 hospitum
1220 2247 1275 2269 seu
1297 2247 1484 2280 cauponum,
1502 2242 1643 2280 spectent
1663 2242 1692 2269 et
1717 2237 1777 2270 sint

1035 2291 1155 2333 proprii
1173 2301 1208 2323 ac
1228 2290 1265 2323 ad
1283 2291 1414 2324 liberam
1433 2291 1667 2334 dispositionem
1694 2295 1776 2322 ante—

1034 2343 1132 2376 dictae
1159 2343 1370 2376 universitatis
1391 2344 1644 2387 albergatorum,
1663 2343 1775 2386 reliqui

1035 2406 1108 2429 vero
1144 2396 1263 2429 fructus
1301 2397 1435 2430 alioruin
1466 2397 1600 2431 duorum
1631 2397 1774 2430 locorum

1034 2449 1174 2482 eiusdem
1201 2450 1329 2490 montis,
1347 2461 1426 2494 quae
1445 2456 1603 2483 remanent
1633 2455 1661 2482 et
1679 2450 1774 2483 conti-

1034 2508 1148 2536 nentur
1163 2503 1192 2535 in
1207 2504 1319 2535 litteris
1334 2503 1509 2547 patentibus
1523 2503 1572 2537 die
1584 2513 1683 2536 xxviii
1697 2505 1776 2548 apri-

1035 2557 1070 2590 lis
1092 2566 1226 2590 numm·
1253 2563 1281 2589 et
1302 2557 1351 2590 dic
1369 2568 1420 2591 xvi
1446 2556 1626 2592 novembris
1650 2567 1776 2592 iioeva

1035 2611 1197 2654 expeditis,
1215 2611 1271 2643 siut
1292 2612 1409 2654 pariter
1426 2617 1453 2644 ct
1473 2617 1608 2655 spectent
1637 2612 1674 2645 ad
1700 2613 1775 2646 libe-

1787 208 1834 233 An.
1856 208 1884 234 C.
1907 208 1975 235 165⁸

1821 592 1899 611 §.aluit
1917 594 1937 611 ut
1958 598 1977 611 iu
