2202 3190
231 177 279 204 An.
300 176 328 203 C.
350 176 416 203 1662

246 608 355 630 Decretum
366 615 414 629 cui:-

231 637 298 657 tirmat
307 637 331 655 du
343 642 383 662 quo
395 642 412 656 ιιι

231 664 323 684 rubrica.

258 1882 376 1905 clausulae.

235 2569 345 2592 Contraria
355 2570 415 2592 toltit.

463 167 528 200 704

430 225 544 257 sartum
572 224 624 255 suit
652 223 823 264 decretum,
842 227 875 255 ut
900 223 929 255 in
955 228 1116 267 posterum
1139 234 1167 255 a-

431 283 616 311 moveantur
654 277 778 309 disereti
817 276 955 310 vocales*
975 278 1167 321 nuncupati,

430 331 482 374 qui
510 342 566 373 pro
592 330 732 373 quolibet
757 335 911 363 conventu
941 330 1077 363 ciusdem
1105 330 1164 363 Or-

429 383 509 415 diui>v
545 394 734 415 concurrere
771 388 800 415 et
833 394 940 415 vocent
967 385 996 416 in
1030 384 1167 427 capitulo

429 437 544 469 babere
563 437 721 475 solebant,
748 437 840 479 idque
865 437 901 469 ad
929 437 1079 470 tollendas
1098 446 1168 469 con-

428 490 564 521 sus-ioum
585 494 615 521 et
641 489 901 530 inconvenientia,
917 501 997 533 quae
1015 489 1085 522 inde
1101 500 1168 533 pro-

429 543 602 575 veniebant.

473 598 487 639 ἓ
512 597 539 629 2.
566 597 641 629 Cum
661 597 865 635 auteni,si011t
887 597 994 629 eadem
1014 596 1167 639 expositio

429 649 648 692 subiungebat„
673 650 773 683 dictus
800 657 986 693 procurator
1012 650 1167 691 generalis

430 703 590 735 decretum
628 704 807 737 huiusmodi
833 704 1021 747 apostolicae
1046 703 1163 735 contir-

429 757 575 789 mationis
600 758 715 790 robore
740 758 928 790 communiri
966 767 1167 800 summopere

429 810 596 849 desideret,
614 821 681 850 nos,
700 811 801 854 ipsum
822 814 1059 853 procuratorem
1079 820 1168 852 gene-

429 864 526 895 ralem
553 864 739 907 specialibus
753 864 912 896 favoribus
926 868 955 895 et
970 863 1078 905 gratiis
1099 874 1168 907 pro-

429 918 516 960 sequi
544 918 691 958 volentes,
717 922 743 949 et
766 928 781 949 a
803 917 963 960 quibusvis
989 927 1168 949 exeommu-

428 971 602 1006 nicatiouis,
628 971 839 1014 suspensionis
857 976 886 1002 et
904 970 1070 1010 interdicti,
1089 970 1168 1002 aliis-

429 1033 489 1066 que
512 1023 730 1056 ecclesiasticis
759 1023 931 1064 sententiis,
965 1024 1106 1055 censuris
1138 1029 1168 1055 et

428 1077 555 1120 poenis,
580 1087 596 1108 a
628 1077 695 1108 iure
728 1077 773 1108 vel
811 1076 848 1108 ab
884 1076 1032 1117 bomine,
1057 1077 1166 1120 quavis

429 1131 594 1163 occasione
620 1130 664 1161 vel
692 1131 783 1162 eausa
808 1130 896 1172 latis,
914 1130 937 1161 si
956 1130 1069 1173 quibus
1094 1141 1168 1173 quo-

428 1183 601 1216 modolibet
626 1183 790 1216 innodatus
815 1183 932 1224 existit,
957 1184 995 1216 ad
1020 1184 1164 1216 effectum

428 1237 639 1280 praesentium
656 1236 817 1269 dumtaxat
835 1236 1100 1279 consequendum,
1117 1237 1167 1269 ha-

429 1301 498 1322 rum
525 1289 604 1322 serie
628 1290 826 1322 absolventes
851 1294 880 1321 et
905 1289 1081 1322 absolutum
1101 1290 1166 1323 sore

429 1348 590 1375 censentes
606 1369 613 1383 ‚
638 1342 920 1386 supplicationibus
944 1343 1010 1375 eius
1039 1343 1167 1375 nomine

428 1396 519 1428 nobis
544 1406 640 1439 super
664 1396 724 1428 hoc
749 1396 911 1428 humiliter
934 1395 1090 1439 porrectis
1121 1395 1167 1427 in-

429 1449 543 1490 clinati,
569 1449 729 1482 decr-tum
762 1450 948 1493 praefatum,
973 1450 1004 1482 in
1029 1450 1166 1492 capitulo

428 1503 566 1543 generali
600 1502 801 1541 huiusmodi,
827 1503 905 1534 sicut
938 1503 1165 1545 praemittitur,

429 1556 553 1597 sactum,
568 1555 753 1588 auctoritate
767 1556 948 1599 apostolica,
961 1561 1068 1588 tenore
1082 1566 1168 1598 prae-

429 1609 581 1648 sentium,
615 1608 841 1641 confirmamus
871 1613 896 1639 et
932 1609 1166 1651 approbamus,

428 1661 536 1704 illique
573 1661 760 1694 inviolabilis
796 1661 986 1704 apostolicae
1011 1661 1167 1695 firmitatis

427 1715 527 1747 robur
550 1715 735 1755 adiicimus,
761 1725 796 1747 ac
820 1725 929 1747 omnes
965 1719 994 1746 et
1026 1715 1167 1757 singulos

428 1768 506 1800 iuris
545 1773 574 1800 et
606 1767 675 1800 sacti
712 1767 872 1809 defectus,
897 1768 921 1800 si
948 1768 1000 1810 qui
1033 1768 1168 1811 desuper

429 1821 661 1864 quomodolibet
689 1821 924 1863 intervenerint,
950 1822 1144 1864 supplemus.

474 1875 488 1917 g
505 1874 534 1907 3.
554 1874 763 1907 Decernentes
780 1874 903 1907 easdem
925 1880 1105 1917 praesentes
1122 1875 1169 1907 lit-

430 1933 512 1960 teras
530 1938 656 1971 semper
680 1928 804 1971 firmas,
833 1928 950 1960 validas
975 1932 1004 1961 ct
1028 1928 1168 1961 efficaces

432 1982 565 2014 existere
590 1987 620 2014 et
643 1982 720 2021 sore,
745 1991 880 2024 suosque
903 1981 1062 2024 plenarios
1080 1987 1109 2014 et.
1127 1982 1167 2014 in-

432 2040 537 2076 tegros
558 2034 687 2067 effectus
712 2034 816 2067 sortiri
841 2039 871 2067 et
895 2034 1057 2074 obtinere,
1074 2045 1109 2067 ac
1134 2035 1169 2067 il-

431 2087 478 2128 lis,
497 2087 533 2119 ad
559 2098 636 2130 quos
662 2092 779 2131 spectat
805 2092 834 2119 et
858 2098 915 2130 pro
941 2092 1083 2131 tempore
1098 2098 1167 2131 spe—

431 2141 544 2181 ctabit,
582 2140 802 2173 inviolabiliter
837 2141 1023 2181 observari,
1060 2141 1168 2184 sicque

429 2193 460 2224 in
496 2194 675 2236 praemissis
708 2204 764 2237 per
803 2204 1019 2237 quoscumque
1050 2194 1168 2227 iudices

429 2247 606 2280 ordinarios
636 2253 665 2279 et
687 2247 856 2290 delegatos,
882 2249 973 2280 etiam
1002 2259 1166 2281 causarum

428 2301 535 2343 palatii
554 2301 716 2344 apostolici
730 2301 898 2343 auditores,
916 2301 1046 2334 iudicari
1068 2306 1097 2335 et
1116 2302 1169 2334 de-

429 2354 512 2385 liniri
538 2354 663 2394 debere,
681 2365 716 2387 ac
734 2355 857 2387 irritum
880 2359 908 2389 et
922 2355 1022 2395 inane,
1040 2355 1064 2387 si
1079 2366 1168 2388 secus

430 2415 524 2448 super
559 2407 606 2439 liis
640 2418 656 2439 a
681 2418 861 2452 quoquam,
886 2409 995 2452 quavis
1033 2409 1168 2442 auctori-

431 2463 502 2499 tate,
515 2460 648 2493 scienter
665 2462 711 2493 vel
727 2461 917 2503 ignoranter,
937 2462 1103 2505 contigerit
1123 2468 1168 2495 at-

432 2517 553 2544 tentari.

477 2565 491 2608 §
508 2565 536 2597 sl.
552 2566 618 2598 Non
636 2567 828 2600 obstantibus
848 2568 1122 2601 constitutionibus
1140 2574 1169 2602 et

1002 175 1182 199 nttLLamtJM
1208 174 1362 199 ROMANUM

1202 222 1454 255 ordinationilms
1471 222 1661 266 apostolicis,
1682 232 1813 264 necnon,
1830 227 1937 267 qnate-

1201 287 1258 309 nus
1273 286 1352 319 opus
1366 276 1413 317 sit,
1428 276 1551 309 Ordinis
1565 276 1714 320 praedicti
1728 277 1855 320 eiusque
1868 287 1939 311 con-

1202 335 1350 362 ventrium
1365 330 1658 373 quorumvis,etiam
1675 330 1860 372 iuramento,
1870 341 1939 364 con-

1202 383 1379 416 firmatione
1404 383 1642 426 apostolica,vel
1662 384 1772 427 quavis
1791 384 1939 416 firmitate

1201 436 1261 468 alia
1277 436 1443 476 roboratis,
1461 437 1583 468 statutis
1601 441 1630 469 et
1650 437 1939 477 consuctudinibus,

1202 489 1374 532 privilegiis
1391 500 1525 533 quoque,
1542 490 1668 523 indultis
1682 495 1711 522 et
1723 490 1834 523 litteris
1848 500 1938 533 apos-

1201 543 1317 576 stolieis
1336 543 1366 575 in
1385 544 1578 576 contrarium
1604 545 1851 587 praemissorum
1866 554 1940 587 quo-

1203 595 1373 628 modolibet
1398 597 1569 636 concessis,
1594 596 1788 629 confirmatis
1807 602 1835 628 et.
1855 596 1941 629 inno-

1202 649 1295 687 vatis3
1321 649 1434 692 quibus
1449 649 1594 682 omnibus
1608 655 1638 682 et
1658 649 1798 691 singulis,
1814 649 1939 681 illorum

1203 706 1325 734 tenores
1350 703 1569 746 praesentibus
1602 714 1660 746 pro
1683 703 1774 746 plene
1804 706 1833 736 ct
1859 703 1941 735 suffi-

1202 755 1319 787 cienter
1339 756 1494 799 expressis
1519 767 1554 789 ac
1571 756 1608 788 de
1633 756 1728 789 verbo
1749 756 1786 788 ad
1806 756 1938 788 verbum

1202 808 1326 840 insertis
1343 809 1504 851 babentes,
1523 809 1583 841 illis
1604 810 1678 841 alias
1696 809 1725 841 in
1747 820 1803 842 suo
1823 809 1939 842 robore

1201 863 1426 905 permansuris,
1452 863 1489 894 ad
1513 863 1758 906 praemissorum
1782 863 1938 904 effectum,

1203 915 1259 947 bac
1284 915 1350 947 viee
1364 916 1533 956 dumtaxat,
1549 917 1724 960 specialiter
1744 920 1773 948 et
1794 926 1940 959 expresse

1201 968 1405 1010 derogamus
1432 969 1608 1013 ceterisque
1629 970 1795 1004 contrariis
1815 969 1941 1013 quibus-

1202 1031 1347 1063 cumque.

1245 1074 1355 1106 Datum
1387 1076 1513 1117 Romae,
1540 1075 1622 1119 apud
1645 1076 1673 1108 S.
1696 1075 1822 1108 Mariam
1848 1076 1940 1109 Maio-

1201 1137 1278 1165 rem,
1300 1128 1356 1160 sub
1375 1129 1490 1161 annulo
1514 1129 1688 1170 l'iseatoris,
1706 1129 1755 1162 die
1768 1139 1801 1162 XI
1818 1129 1938 1162 februa-

1201 1180 1237 1212 rii
1258 1191 1393 1221 MDCLxu,
1417 1181 1619 1224 pontificatus
1640 1183 1738 1215 nostri
1764 1193 1845 1216 anno
1871 1193 1923 1216 vu.

1238 1243 1294 1269 llat.
1313 1244 1354 1269 die
1373 1246 1396 1269 ll
1419 1244 1547 1271 februarii
1570 1245 1646 1277 1062,
1665 1245 1758 1280 pontis,
1777 1253 1846 1272 anno
1866 1252 1910 1272 vn.

1472 1396 1670 1430 CCCLXXXI.

1203 1475 1448 1508 Conservsclorz'a
1481 1477 1674 1510 Carthasim
1705 1477 1736 1511 S.
1766 1476 1941 1512 Laurentii

1245 1528 1282 1560 de
1307 1529 1438 1561 Ραιῑιιία
1460 1529 1718 1573 Capulaquensis
1739 1531 1887 1564 dioecesis
1904 1532 1941 1565 in

1242 1582 1389 1624 personis
1403 1583 1620 1625 episcoporwn
1639 1584 1896 1630 Cupulaqzqensis
1912 1589 1941 1618 et

1245 1634 1470 1675 Mat-sicensis,
1496 1646 1532 1668 ac
1564 1636 1729 1669 reverendi
1749 1638 1855 1680 patris
1879 1637 1941 1670 do-

1245 1688 1330 1719 mini
1353 1689 1468 1720 mincii
1492 1689 1661 1732 apostolici
1689 1690 1725 1722 in
1744 1701 1842 1734 rayno
1860 1690 1941 1724 Nea-

1245 1740 1339 1783 polis,
1354 1744 1381 1773 et
1406 1751 1516 1774 eornm
1540 1741 1743 1775 cuiuslibet&

1201 1821 1427 1848 venerabilibus
1437 1822 1582 1849 fratribus
1593 1822 1814 1856 eaputaquensi
1826 1826 1857 1850 et
1868 1823 1943 1851 Mar-

1238 1866 1348 1893 cisensi
1373 1866 1541 1900 episcopis,
1563 1875 1597 1894 ae
1627 1867 1736 1894 dilecto
1757 1868 1818 1894 filio
1837 1871 1942 1896 nostro

1238 1913 1269 1936 et.
1293 1911 1481 1944 Apostotioae
1511 1911 1596 1938 Sedis
1625 1912 1656 1938 in
1683 1919 1774 1946 regno
1803 1913 1941 1947 Neapolis

1237 1955 1357 1988 nuncio,
1869 1960 1874 1965 ”

1395 1999 1562 2027 Alexander
1583 2001 1662 2034 Papa
1681 2001 1743 2028 VII.

1273 2069 1469 2097 Venerabiles
1489 2071 1610 2104 fratres,
1631 2079 1666 2098 ac
1687 2072 1796 2099 dilecte
1815 2072 1869 2106 fili,

1244 2116 1373 2142 salutem
1390 2119 1421 2143 et,
1436 2117 1632 2149 apostolicam
1651 2117 1898 2145 benedictionem.

1247 2196 1414 2228 Millitantis
1448 2196 1625 2237 Ecclesiae,
1659 2197 1732 2229 licet
1768 2197 1940 2239 immeriti,

1203 2248 1385 2292 disponente
1416 2249 1571 2289 Domino,
1596 2250 1831 2293 praesidentes,
1857 2250 1941 2284 circa

1203 2313 1309 2335 curam
1336 2303 1549 2343 eeclesiarum,
1570 2313 1775 2346 personarum
1797 2304 1939 2337 omnium

1203 2355 1329 2387 solertia
1354 2355 1517 2388 reddimur
1552 2356 1705 2389 indefessa
1737 2356 1880 2399 solliciti,
1906 2362 1942 2390 ut

1203 2407 1287 2440 iuxta
1305 2408 1444 2440 debitum
1462 2409 1626 2452 pastoralis
1648 2409 1741 2442 officii
1760 2420 1870 2443 corum
1887 2420 1941 2443 oc-

1203 2471 1368 2494 curramus
1392 2462 1572 2505 dispendiiS,
1597 2472 1632 2495 ac
1656 2463 1863 2506 profectibus,
1887 2463 1937 2496 di-

1238 2578 1248 2604 1
1273 2577 1309 2604 Ex
1328 2578 1437 2614 Regest.
1459 2578 1483 2604 in
1504 2578 1608 2606 Secret.
1629 2578 1706 2606 Brev.

2170 0 2176 132 l

1945 174 1998 202 An.
2017 174 2048 203 C.
2066 175 2134 205 1662
2173 133 2178 252 κ

1981 2203 2102 2226 Exordium.

2172 233 2194 326 't
