2243 3205
546 301 817 382 INDEX
884 300 1486 384 RUBRICARUM

750 462 1302 509 CONSTITUTIONUM

393 593 974 651 ALEXANDRI

1050 593 1372 650 PAPAE
1447 594 1638 652 Vn]

575 730 624 759 AB
648 730 759 759 ANNO
782 730 908 759 PRIMO
932 730 1050 759 SACRI
1073 731 1163 759 EIUS
1186 731 1455 759 PRINCIPATUS

788 834 843 862 AD
866 833 1006 863 TOTUM
1031 834 1248 863 SEPTIMUM.

246 1276 270 1311 I.
298 1276 503 1312 Confirmatio
528 1275 647 1311 decreti
677 1287 783 1310 sacrae
811 1287 990 1322 congrega-

336 1331 432 1366 tionis
457 1332 578 1365 rituum
595 1359 602 1373 ,
630 1343 694 1376 quo
720 1333 901 1366 declaratur
933 1344 989 1377 pa-

335 1386 453 1420 rochos
478 1392 508 1420 et
533 1387 653 1420 clerum
682 1388 858 1420 secularem
884 1388 990 1421 callic-

337 1439 477 1473 dralium
501 1445 531 1473 et
556 1439 789 1483 parochialium
815 1450 990 1484 regnorum

335 1493 488 1527 castellae
513 1499 544 1527 et
568 1493 715 1536 Legionis
744 1504 837 1537 posse
869 1493 991 1538 ingredi

336 1547 490 1581 ecclesias
516 1546 711 1589 regularium
738 1557 809 1580 cum
838 1558 932 1581 cruce
960 1547 991 1579 in

336 1600 550 1634 associatione
576 1600 767 1633 cadaverum
790 1600 992 1634 tumulando-

337 1664 408 1686 rum
426 1653 459 1685 in
470 1653 562 1687 dictis
574 1653 730 1693 ecclesiis,
744 1654 865 1687 nullam
885 1660 992 1687 tamen

337 1707 382 1740 ibi
408 1717 560 1750 peragere
586 1707 782 1740 functionem
801 1708 886 1741 circa
903 1707 993 1740 carla-

339 1772 424 1801 vera,
451 1760 481 1793 1.

250 1814 288 1848 11.
305 1814 485 1848 lubilaeum
503 1814 684 1848 universale
695 1815 734 1847 ad
753 1815 992 1858 implorandum

250 2080 302 2115 Ill.

338 1868 481 1901 divinum
506 1867 660 1901 auxilium
690 1868 780 1901 initio
805 1868 853 1901 sui
882 1869 989 1912 ponti-

339 1920 452 1954 ficatus
480 1932 537 1965 pro
570 1921 700 1955 salutari
735 1921 765 1955 S.
792 1922 826 1954 E.
855 1922 884 1955 C.
911 1922 991 1965 regi-

339 1974 424 2008 mine
455 1980 486 2007 et
514 1985 573 2017 pro
605 1986 684 2018 pace
719 1975 804 2009 inter
834 1976 993 2020 principes

338 2027 543 2068 christianos,
570 2027 600 2060 2.

342 2081 428 2116 Nova
460 2082 643 2116 commissio
677 2089 798 2127 septem
835 2083 992 2128 episcopis

339 2135 493 2170 Franciae
518 2146 615 2179 super
639 2137 857 2171 verificatione
874 2138 992 2182 episto-

340 2190 443 2222 larum
462 2191 670 2232 pastoralium
688 2190 839 2225 Ludovici
862 2191 990 2225 Hem-ici

339 2244 573 2288 archiepiscopi
591 2244 801 2287 Senonensis,
822 2257 856 2279 ac
873 2245 991 2280 Nicolai

338 2298 573 2332 Bellovaccnsis
600 2303 630 2332 ct
653 2299 801 2333 Giliberti
835 2311 992 2333 convena-

339 2361 409 2385 rum
439 2352 683 2396 episcoporum,
713 2364 749 2386 ac
774 2352 992 2387 ordinationis

338 2404 481 2438 eiusdem
502 2405 623 2439 Nicolai
645 2406 801 2450 episcopi,
824 2408 992 2441 occasione

338 2458 565 2503 publicationis
584 2460 822 2493 constitutionis
842 2460 993 2495 Innocen-

339 2511 373 2545 tii
391 2512 415 2544 X
432 2522 527 2556 super
544 2513 749 2546 damnatione
763 2514 907 2558 quinque
924 2524 994 2557 pro-

337 2565 534 2609 positionum
558 2566 696 2600 Cornclii
729 2567 864 2600 Iansenii
890 2567 993 2601 editae

338 2618 595 2663 publicatarum,
619 2619 650 2653 5.

1041 1278 1090 1312 IV.
1125 1277 1339 1312 Committitur
1375 1278 1619 1323 archiepiscopo
1657 1278 1781 1311 Panor-

1132 1333 1253 1366 mitano
1286 1338 1321 1366 ut
1352 1332 1536 1376 interponat
1561 1333 1784 1366 auctoritatem

1133 1386 1319 1420 Sanctitatis
1353 1386 1434 1420 Suae
1465 1385 1654 1430 obligationi
1687 1387 1788 1419 sactae

1131 1451 1215 1474 anno
1248 1450 1408 1473 MDcxtvnt
1446 1440 1479 1473 in
1516 1440 1656 1473 comitiis
1693 1440 1788 1472 trium

1132 1493 1279 1527 Statuum
1301 1494 1390 1537 regni
1416 1493 1546 1527 Siciliae
1565 1492 1604 1526 de
1622 1492 1784 1533 solvendo,

1133 1552 1162 1580 et
1187 1548 1294 1581 forsan
1320 1547 1473 1581 solutioni
1499 1547 1562 1580 iam
1587 1548 1704 1586 sactae,
1732 1557 1789 1590 per

1133 1601 1254 1634 clerum
1280 1601 1356 1634 dicti
1394 1602 1484 1644 regni
1528 1601 1593 1645 regi
1626 1600 1785 1634 catholico

1134 1655 1171 1688 de
1198 1655 1292 1689 certis
1326 1655 1537 1698 pecuniarum
1569 1655 1706 1688 summis
1737 1654 1788 1688 do-

1132 1708 1243 1741 nativo
1268 1708 1435 1741 ordinario
1458 1709 1667 1752 nuncupatis,
1689 1708 1718 1740 7.

1045 1762 1079 1795 V.
1108 1762 1314 1796 Confirmatio
1339 1762 1459 1796 decreti
1484 1762 1740 1806 congregationis
1758 1773 1789 1795 c-

1133 1817 1341 1860 piscoporum
1360 1823 1390 1850 et
1415 1816 1625 1860 regularium,
1650 1827 1713 1860 quo
1735 1816 1790 1849 de·

1135 1870 1274 1903 claratur
1299 1871 1582 1904 concionatoribus
1608 1877 1638 1904 et
1663 1871 1788 1903 conses-

1134 1925 1225 1957 sariis
1248 1936 1360 1968 regum
1382 1926 1508 1959 Ordinis
1533 1926 1667 1958 fratrum
1692 1925 1788 1958 Mino-

1135 1989 1205 2011 rum
1230 1980 1330 2012 sancti
1348 1979 1507 2012 Francisci
1525 1980 1563 2012 dc
1580 1979 1787 2013 Observantia

1134 2032 1319 2076 provinciae
1362 2033 1551 2076 Aquitaniae
1598 2032 1787 2075 antiquioris

1133 2086 1259 2119 nullum
1295 2086 1343 2119 ius
1378 2086 1475 2120 fuisse
1512 2087 1694 2130 quaesitum
1732 2096 1788 2128 per

1133 2140 1228 2174 Breve
1264 2141 1382 2174 Urbani
1413 2142 1500 2183 VIII,
1536 2153 1600 2184 quo
1636 2140 1787 2182 abrogata

1133 2194 1262 2228 suerunt
1287 2195 1450 2238 privilegia
1476 2195 1657 2239 personalia
1682 2193 1787 2226 fratri-

1133 2249 1193 2281 bus
1220 2249 1294 2282 dicti
1312 2249 1441 2282 Ordinis
1464 2260 1623 2289 concessa,
1643 2246 1787 2290 exceptis

1134 2302 1337 2346 imperatoris
1356 2310 1383 2336 et
1404 2315 1516 2346 rogum
1535 2301 1738 2336 consess-ariis
1756 2307 1786 2333 ct

1134 2355 1426 2395 concionatoribus,
1447 2356 1503 2388 sed
1523 2360 1645 2388 tantum
1665 2364 1700 2386 ca
1722 2353 1785 2397 pri-

1134 2409 1245 2452 vilegia
1259 2414 1470 2452 praeservata,
1487 2420 1581 2452 quac,
1597 2408 1703 2451 vigore
1716 2418 1788 2440 con-

1134 2461 1335 2494 stitutionum
1362 2462 1488 2495 Ordinis
1512 2462 1559 2495 vel
1585 2461 1786 2494 imlultorum

1133 2515 1404 2557 apostolicorum,
1433 2520 1486 2547 aut
1512 2514 1687 2548 cardinalis
1714 2524 1788 2557 pro-

1135 2567 1275 2608 tectoris,
1303 2567 1346 2599 cis
1366 2574 1458 2601 antea
1476 2574 1708 2611 competerent,
1736 2566 1787 2598 111.

1045 2621 1091 2653 VI.
1119 2621 1286 2655 ltevocatio
1303 2621 1410 2656 Brevis
1429 2622 1547 2656 Urbani
1566 2622 1645 2663 VIII,
1663 2631 1726 2664 qno
1741 2631 1788 2654 ca-
