2185 3188
48 153 94 178 An.
107 150 135 175 C.
160 148 223 175 1657

26 955 29 969 ι

25 1050 30 1089 J
71 1056 157 1082 Det-ngat
166 1062 212 1077 ton·

27 1093 30 1118 Ι
39 1087 111 1104 turm.

27 1143 30 1157 ι

27 1178 30 1199 l

31 1888 209 1956 bursam·

828 143 1010 166 ALEXANnEn
1039 143 1082 165 Vll
1109 143 1156 166 1¹1².

236 202 387 239 personae
405 193 495 226 nobis
508 203 603 237 super
613 193 673 225 hoe
684 191 805 225 oblatae
814 189 973 234 petitionis

236 243 426 284 instantiam,
441 243 495 276 sed
513 254 549 276 ex
564 244 650 277 certa
666 241 795 276 scientia
808 246 836 274 et
851 243 972 274 matura

235 296 461 330 deliberatione
485 296 622 335 nostris,
653 295 753 339 deque
782 293 972 338 apostolicae

234 349 394 394 potestatis
419 349 622 393 plenitudine,
647 359 683 381 ac
702 359 738 381 ex
759 347 884 391 speciali
905 357 972 390 gra-

235 403 285 444 tia,
312 406 377 436 tum
400 401 590 446 praedictis,
621 407 686 434 tum
715 400 785 433 aliis
808 410 844 433 ex
870 399 972 432 causis

233 455 324 489 nobis
348 461 466 488 tantum
491 455 574 488 notis
590 454 729 487 animum
748 458 890 486 nostrum
909 463 972 485 mo-

233 509 387 550 ventibus,
398 509 484 542 clero
496 508 629 542 seculari
642 513 671 540 et
686 506 834 550 regulari,
848 515 970 540 necnon

230 561 484 595 universitatibus
499 566 528 594 et
540 561 657 605 populo
672 560 914 604 Pampilonensi,
927 565 970 592 to-

230 615 354 658 tiusque
369 614 457 657 regni
475 614 632 647 Navarrae
646 612 837 653 huiusmodi,
855 612 967 645 harum

230 667 310 702 serie
330 667 533 711 iniungimus,
552 672 586 700 ut
606 666 783 711 quotannis,
809 671 968 710 tamquam

229 720 268 753 de
278 720 420 754 Patronis
433 730 532 764 aeque
544 719 774 764 principalibus
783 718 856 752 dicti
869 719 967 762 regni,

229 785 265 807 ex
283 777 450 818 praecepto
468 773 624 807 Ecclesiae
639 773 777 806 recolant
791 773 867 805 festa
875 782 968 816 prae-

228 828 362 860 fatorum
392 829 571 860 sanctorum
601 825 733 859 Firmini
766 826 913 870 martyris
938 830 967 858 et

228 880 384 915 Francisci
409 880 533 914 Xaverii
555 879 753 920 confessoris,
771 878 967 912 eorumdem-

228 943 288 978 que
304 933 406 967 officia
423 937 455 965 et
471 933 581 966 missas
594 943 664 966 cum
684 932 801 966 octavis
818 942 918 976 aeque
935 931 966 964 in

229 991 391 1031 posterum
410 986 542 1019 recitent
559 991 589 1019 et
606 985 779 1030 respective
796 985 965 1018 celebrent.

272 1039 288 1083 ἓ
311 1038 341 1072 3.
376 1039 442 1072 Non
476 1039 670 1073 obstantibus
700 1037 900 1082 praemissis,
931 1048 966 1071 ac

228 1092 503 1127 constitutionibus
523 1096 553 1126 et
569 1092 820 1126 ordinationibus
845 1097 966 1136 aposto-

228 1146 313 1189 licis,
339 1157 384 1189 ac,
411 1152 565 1191 quatenus
589 1156 668 1190 opus
692 1146 740 1186 sit,
765 1145 838 1179 dicti
864 1144 965 1188 regni,

226 1206 257 1234 et
268 1200 337 1234 aliis
350 1200 512 1244 quibusvis
536 1201 628 1233 etiam
644 1200 830 1239 iuramento,
848 1200 965 1232 confir-

228 1254 364 1288 matione
387 1254 558 1299 apostolica
574 1281 582 1295 ,
608 1254 654 1287 vel
679 1254 787 1298 quavis
817 1253 966 1287 firmitate

226 1308 286 1341 alia
311 1308 477 1348 roboratis,
495 1307 619 1341 statutis
631 1311 660 1341 et
673 1307 965 1347 consuetudinibus

227 1361 399 1406 privilegiis
425 1372 562 1405 quoque,
577 1360 705 1394 indultis
720 1366 750 1393 et
768 1359 880 1394 litteris
893 1371 966 1404 apo-

226 1415 345 1449 stolicis
369 1415 398 1448 in
418 1415 610 1448 contrarium
630 1414 877 1458 praemissorum
891 1424 965 1458 quo-

227 1469 397 1503 modolibet
421 1469 589 1508 concessis
615 1468 809 1501 confirmatis
827 1473 856 1500 et
877 1468 965 1501 inno-

225 1522 312 1562 vatis;
333 1521 447 1566 quibus
464 1521 611 1555 omnibus
629 1527 659 1554 et
676 1521 818 1563 singulis,
837 1520 964 1553 illorum

225 1581 350 1609 tenores
374 1575 593 1619 praesentibus
617 1585 675 1619 pro
704 1575 796 1619 plene
819 1580 845 1607 et
872 1575 960 1607 suffi-

225 1629 342 1662 cienter
363 1628 520 1673 expressis
553 1635 583 1662 et
611 1627 649 1660 ad
682 1627 812 1660 verbum
840 1627 964 1660 insertis

224 1682 385 1725 babentes,
410 1682 471 1715 illis
485 1681 559 1714 alias
575 1682 603 1714 in
619 1692 675 1715 suo
693 1681 807 1715 robore
821 1691 964 1725 perman-

226 1736 316 1779 suris,
329 1736 367 1769 ad
385 1736 632 1781 praemissorum
651 1735 806 1777 effectum,
821 1735 880 1768 hac
898 1735 963 1768 vice

225 1790 395 1831 dumtaxat,
413 1790 591 1835 specialiter
607 1795 637 1822 et
657 1800 803 1833 expresse
828 1789 963 1833 deroga-

225 1853 309 1884 mus;
323 1843 498 1888 ceterisque
516 1843 682 1877 contrariis
700 1843 961 1887 quibuscumque.

268 1899 283 1942 ἓ
306 1898 335 1932 4.
362 1898 512 1932 Volumus
539 1902 643 1931 autem
681 1903 711 1930 ut
747 1897 960 1941 praesentium

224 1951 440 1996 transumptis,
465 1951 556 1985 etiam
583 1951 760 1995 impressis,
787 1961 880 1984 manu
905 1951 961 1984 ali-

225 2005 313 2039 cuius
329 2005 442 2039 notarii
458 2004 573 2050 publici
591 2005 786 2049 subscriptis,
806 2010 836 2038 et
858 2005 961 2048 sigillo

224 2069 378 2104 personae
396 2058 424 2091 in
443 2058 654 2092 ecclesiastica
672 2058 822 2101 dignitate
846 2059 961 2092 consti-

224 2117 307 2145 tutae
334 2111 472 2152 munitis,
498 2111 606 2145 eadem
633 2123 762 2155 prorsus
779 2112 855 2145 fides
871 2112 900 2144 in
919 2112 961 2145 iu-

223 2165 305 2198 dicio
329 2170 360 2198 et
384 2170 470 2197 extra
495 2164 690 2205 adhibeatur,
715 2175 795 2209 quae
812 2175 960 2209 praesen-

223 2219 304 2253 tibus
322 2219 399 2264 ipsis
415 2219 630 2260 adhiberetur,
646 2219 670 2252 si
683 2219 785 2253 forent
804 2219 961 2253 exhibitae

222 2273 267 2306 vel
293 2278 446 2306 ostensae.

266 2327 377 2360 Datum
396 2327 513 2359 Romae
530 2326 613 2370 apud
632 2327 660 2360 S.
680 2327 819 2365 Petrum,
837 2326 894 2358 sub
911 2337 961 2359 an-

222 2381 296 2412 nulo
322 2379 500 2419 Piscator-is,
527 2379 577 2412 die
609 2390 663 2412 xiv
692 2380 800 2423 aprilis
821 2389 960 2421 unetvu,

222 2433 421 2476 pontificatus
445 2433 544 2466 nostri
570 2443 652 2466 anno
678 2436 730 2466 11¹.

258 2487 314 2514 Dat.
335 2486 378 2514 die
400 2487 431 2514 14
450 2486 542 2521 aprilis
560 2487 637 2520 1657,
653 2486 747 2521 pontif.
764 2495 834 2514 anno
851 2493 877 2514 ιι.

260 2550 269 2576 t
289 2548 327 2575 Ab
344 2548 475 2576 electione
490 2548 633 2584 legendum
649 2548 719 2576 soret
734 2557 778 2576 an.
794 2555 823 2576 111
837 2550 875 2583 (n.
893 2550 942 2584 τ.).

292 2602 369 2631 Βιιίῑ.
393 2602 474 2631 [lom.
498 2618 526 2621 —
556 2602 689 2631 rotam.
837 2603 870 2630 35

1657 133 1696 154 7-
1711 134 1717 145 .

1329 191 1426 224 CLlll.

1007 261 1163 294 Prohibet
1181 272 1220 294 ne
1238 263 1319 294 bona
1333 263 1541 296 ecclesiarum
1558 267 1585 295 et
1607 263 1749 295 aliorum

1052 315 1195 348 locorum
1226 316 1359 360 piorum
1387 317 1482 350 Urbis
1508 317 1653 349 locentur
1677 327 1749 348 con·

1049 368 1251 410 sanquineis,
1270 368 1318 401 vel
1334 369 1491 411 affinibus
1506 373 1675 411 rectorum,
1692 375 1749 402 aut

1050 420 1370 461 adim'nislralor-um,
1390 426 1464 462 etc„
1482 422 1690 456 ecclesiarum
1720 428 1748 456 et

1051 473 1192 507 locorum
1213 474 1415 507 huiusmodi.

1199 554 1370 581 Alexander
1390 554 1469 587 Papa
1488 555 1550 587 VII,

1126 598 1163 625 ad
1184 601 1360 632 perpetuam
1379 598 1425 624 rei
1445 598 1625 625 memoriam.

1048 667 1081 700 ln
1106 670 1253 711 suprema
1278 667 1366 701 Sedis
1391 667 1588 711 Apostolicac
1618 670 1745 712 specula

1002 721 1144 754 omniurn
1163 721 1250 755 orbis
1275 721 1479 755 ecclesiarum
1501 721 1688 755 utilitatibus
1708 733 1743 754 ex

1002 775 1190 808 commissae
1214 774 1306 808 nobis
1330 775 1480 807 divinitus
1504 774 1745 818 dispensationis

1001 827 1106 862 officio
1123 828 1239 871 iugiter
1265 828 1472 870 invigilantes,
1493 828 1697 861 ecclesiarum
1716 835 1744 861 et

1002 881 1145 915 locorum
1166 892 1202 915 ac
1231 892 1365 925 operum
1384 881 1510 925 piorum
1537 881 1636 914 almae
1654 881 1745 915 Urbis

1001 940 1126 968 nostrae
1147 934 1320 979 dispendiis
1332 945 1501 968 occurrere
1520 935 1670 979 peculiari
1686 941 1745 967 stu—

1000 987 1053 1021 dio
1077 987 1260 1031 satagimus,
1278 994 1372 1032 prout
1390 988 1420 1021 in
1437 988 1571 1022 Domino
1596 989 1745 1032 conspici-

1001 1051 1070 1074 mus
1095 1041 1264 1074 salubriter
1290 1041 1449 1085 expedire.

1045 1094 1059 1138 §
1084 1094 1113 1127 1.
1140 1095 1264 1138 Itaque,
1289 1094 1328 1127 de
1358 1094 1584 1128 venerabilium
1610 1095 1743 1128 fratrum

1760 1134 1814 1154 tuma

1760 1167 1789 1179 tttt

1000 1152 1182 1181 nostrorum
1205 1148 1234 1181 S.
1262 1148 1294 1181 R.
1315 1148 1349 1181 E.
1377 1148 1583 1181 cardinalium
1607 1159 1643 1181 ac
1667 1148 1743 1181 dile·
1793 1168 1803 1179 ..

1658 141 1718 165 ’.ιῖ)
1767 145 1814 169 An.
1832 147 1859 168 1,.
1884 145 1948 169 1157

1796 1107 1895 1127 Ιί-ινΙιιΙνιτι
1920 1114 1944 1127 ιιι·

1841 1135 1932 1154 ‘'vvlrsm

1850 1161 1916 1181 lucent
1923 1168 1944 1180 ιιι·

1770 1193 1934 1211 δι’·ιιηιῐιμιιιῃῐη»>

1000 1205 1122 1236 ctorum
1149 1202 1288 1235 filiorum
1314 1202 1473 1235 Romanae
1494 1202 1600 1235 curiae
1625 1203 1927 1246 pl'ssClss-sertorum.etc.

1001 1259 1104 1290 torum
1129 1255 1386 1299 congregationis
1410 1266 1507 1300 super
1539 1256 1673 1298 negotiis
1700 1256 1742 1288 vi·
1779 1283 1791 1291 ,

1000 1308 1154 1343 sitationis
1167 1309 1358 1354 apostolicae
1372 1320 1388 1343 a
1402 1309 1492 1343 nobis
1505 1309 1663 1343 institutae
1674 1320 1745 1343 con-

1000 1363 1080 1405 silio,
1099 1363 1261 1407 quibusvis
1286 1363 1430 1407 capitulis
1455 1369 1485 1396 et
1509 1363 1679 1406 canonicis,
1698 1375 1744 1397 ec-

1000 1416 1207 1449 clesiarumve
1232 1417 1403 1461 praelatis,
1424 1427 1479 1450 seu
1504 1417 1721 1461 superioribus
1735 1445 1743 1459 ,

1000 1475 1062 1502 tam
1088 1469 1302 1511 secularibus,
1332 1480 1425 1514 quam
1452 1471 1589 1504 cuiusvis
1614 1471 1743 1510 ordinis,

999 1525 1264 1567 congregationis,
1294 1524 1451 1558 societatis
1484 1530 1514 1558 et
1538 1525 1669 1559 instituti
1694 1537 1743 1559 rc-

999 1577 1172 1621 gularibus,
1189 1588 1311 1612 necnon
1336 1579 1523 1621 rectoribus,
1543 1579 1742 1622 cappellanis,

998 1631 1214 1670 beneficiatis,
1247 1632 1429 1676 prioribus,
1463 1633 1741 1676 praeceptoribus,

998 1685 1275 1718 commendaturus
1305 1697 1358 1718 seu
1385 1686 1544 1719 fructuum
1569 1693 1742 1719 reservata-

999 1738 1052 1771 riis
1078 1749 1148 1771 cum
1174 1739 1458 1780 administratione,
1476 1739 1668 1782 guardianis,
1689 1750 1742 1772 cu*

997 1791 1148 1834 stodibus‚
1165 1792 1409 1836 protectoribuS,
1424 1792 1652 1831 defensoribus,
1673 1805 1742 1837 pro-

997 1845 1197 1879 curatoribus
1223 1852 1252 1878 et
1282 1845 1613 1885 administratoribus,

997 1900 1093 1940 laicis,
1108 1910 1382 1944 quarumcumque
1397 1900 1613 1940 ecclesiarum,
1624 1910 1677 1933 scu
1692 1900 1741 1932 ba-

995 1953 1168 1994 silicarum,
1186 1953 1404 1996 collegiorum,
1426 1958 1648 1994 conventuum,
1668 1964 1738 1986 mo-

995 2007 1218 2049 nasteriorum,
1237 2012 1298 2040 tam
1327 2007 1479 2046 virorum,
1511 2017 1604 2049 quam
1632 2007 1740 2039 mulie-

996 2070 1077 2101 rum,
1095 2060 1390 2103 congregationum,
1411 2059 1624 2104 hospitalium,
1642 2060 1740 2092 archi-

996 2113 1208 2158 hospitalium,
1219 2113 1386 2148 domorum
1401 2118 1431 2147 et
1447 2114 1589 2147 locorum
1602 2124 1656 2146 seu
1671 2124 1740 2157 ope-

996 2177 1064 2199 rum
1079 2167 1203 2210 piorum
1219 2166 1311 2200 Urbis
1331 2167 1521 2211 praedictae,
1539 2177 1738 2210 quocumque

995 2220 1134 2260 nomine,
1162 2219 1231 2253 iure
1250 2247 1257 2261 ‚
1284 2220 1332 2253 vel
1358 2220 1448 2254 titulo
1474 2224 1672 2259 censeantur,
1701 2230 1739 2251 ne

995 2273 1119 2315 casalia,
1133 2278 1243 2315 terras,
1261 2274 1377 2315 vineas,
1392 2280 1491 2317 prata,
1506 2285 1611 2316 agros,
1626 2274 1737 2317 sylvas,

995 2336 1124 2359 nemora
1154 2330 1184 2360 et
1209 2327 1336 2370 praedia
1365 2337 1584 2371 quaecumque
1609 2327 1647 2358 ad
1679 2338 1734 2359 co-

997 2390 1066 2413 rum
1093 2380 1250 2420 ecclesias,
1275 2390 1329 2413 seu
1355 2380 1509 2419 basilicas,
1534 2390 1569 2412 ac
1595 2379 1737 2421 collegia,

996 2432 1158 2472 beneficia,
1176 2433 1365 2466 monasteria
1386 2437 1412 2465 et
1433 2432 1492 2465 alia
1510 2432 1578 2465 loca
1595 2437 1622 2463 et
1641 2442 1737 2475 opera

997 2486 1094 2530 piant
1121 2496 1216 2529 supra
1242 2485 1414 2529 respective
1440 2485 1613 2528 spectantia
1634 2485 1737 2517 locent

996 2551 1052 2584 per
1073 2550 1105 2572 sc
1130 2539 1176 2572 vel
1203 2549 1259 2582 per
1283 2538 1381 2581 alios,
1403 2543 1456 2571 aut
1477 2538 1572 2572 locari
1598 2538 1733 2583 permit-

1647 1847 1739 1879 ctiam
