2185 3188
40 180 96 210 -2An.
112 179 140 207 C.
163 180 230 207 1656

76 1733 167 1760 Ainplam
184 1735 215 1755 ta-

37 1759 134 1782 culmem
165 1768 215 1782 nun-

37 1793 69 1808 cio
115 1788 215 1809 roloniae

37 1816 107 1835 contra
143 1820 214 1835 exces-

36 1845 70 1861 sus
100 1841 215 1862 catholico—

37 1872 80 1888 rum
90 1868 214 1894 impartitur.

837 176 1020 200 ALEXANDEP.
1046 176 1089 199 ΥΠ
1114 176 1160 200 Pr.

242 226 294 270 qui
320 231 449 259 vocatur
473 236 490 258 a
514 227 576 260 Deo
602 231 759 269 tamquam
785 225 898 257 Aaron.
925 224 1000 256 lia-1

241 290 301 324 que
333 280 358 313 si
389 281 485 324 prava
521 280 651 313 Satanae
683 279 884 322 suggestione
913 278 999 310 Γον-1

241 339 322 366 tasse
353 332 526 366 sublevavit
556 339 585 366 te
626 343 680 366 cor
713 338 822 372 tuum,
860 330 981 374 depone

239 398 319 431 quae
351 387 466 420 iniusto
502 387 698 431 invalidoque
739 386 827 418 titulo
859 395 999 418 assum--

237 441 338 484 psisse
355 442 514 483 assereris,
534 446 567 474 ut
583 441 696 484 dignus
711 440 799 473 venia
814 439 980 479 censearis,

239 499 266 527 et
293 493 331 527 ad
356 495 499 527 osculum
525 494 619 538 pacis,
638 504 672 526 ac
691 494 720 526 in
739 493 896 536 gremium
916 502 981 525 san-

239 554 305 581 ctae
329 548 434 582 Matris
462 548 629 587 Ecclesiae,
655 547 801 580 omnibus
833 546 871 578 ad
905 545 979 578 illud

238 607 309 645 post
328 612 474 635 excessus
495 613 565 635 cum
592 601 767 634 humilitate
793 600 981 634 recurrenti-

236 655 295 687 bus
319 665 444 699 semper
469 660 588 699 patens,
614 655 710 698 recipi
737 653 898 687 merearis.

282 708 393 741 Datum
422 709 558 749 Romae,
583 708 666 752 apud
695 707 723 740 S.
750 708 874 740 Petrum
890 734 897 747 ,
923 706 980 739 sub

236 763 352 795 annulo
376 762 552 804 Piscatoris,
577 762 626 794 die
647 772 655 794 1
677 761 825 795 februarii
852 771 978 803 nnclivi,

235 816 436 860 pontificatus
456 816 555 849 nostri
572 826 654 849 anno
672 826 690 849 1.

271 879 328 906 Dat.
349 879 392 906 die
415 881 423 906 1
447 879 578 906 februarii
602 878 678 912 1656,
701 878 794 914 pontis.
817 886 886 905 anno
907 884 924 904 t.

236 1106 425 1139 commissio
450 1106 568 1138 nuncio
593 1105 751 1138 Polom‘ae
775 1109 888 1138 contra
912 1115 973 1145 eos,

277 1161 336 1204 qui
360 1160 442 1193 bona
467 1159 681 1192 ecclesiastica
705 1170 723 1191 α
749 1159 911 1191 ministris
931 1169 976 1191 re-

276 1214 327 1257 pis
347 1213 474 1247 Sveciae
498 1213 720 1257 impetrarunt
735 1211 752 1244 ¹.

231 1295 401 1323 Venerabili
428 1295 516 1323 fratri
536 1296 623 1323 Petro
649 1294 788 1328 episcopo
812 1294 973 1327 mindensi,

268 1341 344 1374 apud
374 1341 560 1368 carissimum
590 1340 620 1367 in
653 1339 770 1366 Christo
799 1339 893 1366 filium
922 1345 975 1366 no-

268 1389 362 1413 strum
391 1387 534 1414 Ioannem
563 1384 738 1412 Casimirum
771 1383 912 1411 Potoniae
945 1388 975 1412 et

268 1430 390 1458 sveciae
414 1437 513 1464 regem
533 1430 684 1456 illustrem
706 1431 810 1456 nostro
840 1431 870 1455 et
898 1429 973 1462 Apo-

268 1474 394 1502 stolicae
415 1473 500 1501 Sedis
521 1473 643 1505 nuncio,

427 1527 595 1555 Alexander
615 1528 694 1561 Papa
713 1528 776 1555 vn.

453 1599 640 1627 Venerabilis
656 1598 756 1632 frater,

267 1645 397 1672 salntem
417 1647 448 1671 et
468 1643 665 1678 apostolicam
687 1643 935 1671 benedictionem.

276 1725 290 1768 ἓ
310 1725 339 1758 l.
358 1725 502 1758 Pervenit
515 1724 552 1757 ad
566 1735 658 1757 aures
676 1728 810 1765 nostras,
827 1734 890 1757 non
905 1725 971 1757 sine

230 1779 317 1821 gravi
343 1778 438 1811 animi
464 1778 562 1811 nostri
589 1778 751 1819 molestia,
776 1777 861 1822 quod
885 1789 967 1811 non-

229 1832 307 1866 nulli
332 1833 477 1866 catholici
495 1832 585 1876 regni
603 1832 751 1866 Poloniae
768 1832 851 1865 hona
869 1832 968 1866 cecle-

229 1886 352 1920 siastica
387 1887 418 1919 in
447 1886 558 1920 eodem
583 1897 682 1929 regno
715 1886 861 1930 illiusque
887 1897 965 1931 pro-

230 1941 339 1975 vinciis
363 1941 535 1983 existentia,
550 1951 604 1973 seu
619 1941 745 1973 illorum
771 1940 968 1973 administra-

229 1995 357 2036 tionem,
374 2005 391 2027 a
412 1994 562 2028 ministris
586 1994 697 2027 asserti
724 1994 809 2037 regis
830 1994 966 2036 Sveciae,

228 2049 282 2092 qui
306 2048 504 2092 praedictum
519 2058 652 2091 regnum
667 2048 843 2092 occupavit,
859 2054 967 2092 petere

228 2106 257 2135 et
288 2102 458 2146 impetrare
487 2101 664 2135 horrendae
697 2102 877 2146 cupiditatis
910 2103 967 2134 im—

227 2155 318 2199 pulsu
339 2156 617 2199 praesumpserint,
635 2166 782 2188 censuras
801 2162 830 2189 ct
850 2167 967 2200 poenas

229 2209 454 2242 ecclesiasticas
478 2214 586 2242 contra
610 2210 759 2242 similium
782 2221 965 2243 excessuum

228 2268 462 2307 perpetratores
486 2274 502 2295 a
527 2263 623 2296 sacris
649 2263 822 2297 canonibus
842 2271 871 2297 et
892 2275 966 2297 con-

227 2315 440 2350 stitutionibus
454 2317 633 2360 apostolicis
647 2317 829 2352 constitutas
843 2318 966 2351 damna-

226 2368 330 2402 biliter
355 2370 555 2403 incurrendo.
586 2370 785 2415 Quapropter
813 2381 887 2413 nos,
913 2382 965 2404 ex-

227 2433 332 2456 cessus
357 2423 552 2464 huiusmodi,
577 2430 730 2467 quatenus
755 2435 772 2457 a
803 2425 966 2458 catholicis

227 2476 396 2519 praedictis
427 2477 587 2510 commissi
623 2478 758 2519 suerint,
795 2479 965 2522 impunitos

229 2530 357 2563 minime
370 2530 505 2573 relinqui
520 2531 866 2574 volentes,[si·aternitati
883 2537 964 2573 tuae,

263 2595 274 2620 ‘l
298 2593 333 2620 Ex
355 2594 459 2629 liegest.
482 2594 507 2620 in
527 2595 627 2620 secret.
651 2594 725 2621 Urci.

1017 224 1138 256 tametsi
1164 229 1196 256 tu
1219 229 1306 257 extra
1324 224 1438 258 limites
1456 229 1525 257 tuae
1550 223 1755 256 nunciaturae

1016 276 1174 317 resideas,
1207 288 1333 310 causam
1367 283 1396 310 et
1429 288 1539 310 causas
1568 287 1755 310 excessuum

1015 330 1270 374 supradictorum
1288 342 1305 363 a
1323 331 1485 364 catholicis
1502 331 1588 374 regui
1605 330 1755 374 praedicti

1015 384 1244 425 ecclesiasticis,
1270 384 1463 417 secularibus
1486 391 1514 417 et
1540 385 1679 417 cuiusvis
1704 394 1755 416 or-

1015 436 1106 477 dinis,
1124 437 1390 480 congregationis,
1405 439 1562 471 societatis
1576 443 1604 471 et
1623 437 1755 470 instituti

1015 491 1226 533 regularibus,
1252 502 1287 524 ac
1312 491 1409 532 laicis,
1436 492 1662 535 cuiuscumque
1679 501 1755 535 qua-

1015 543 1118 585 litatis,
1145 544 1274 584 ordinis,
1300 549 1407 586 status,
1437 545 1635 585 conditionis,
1659 544 1756 587 digni-

1015 597 1095 638 tatis,
1114 598 1344 632 ecclesiasticae
1364 599 1409 631 vel
1428 599 1614 639 mundanae,
1634 604 1663 631 ct
1680 599 1755 631 alias

1014 652 1140 695 speciali
1161 654 1235 685 nota
1257 658 1286 685 et
1304 653 1509 696 expressione
1527 652 1611 695 digni
1631 652 1754 693 suerint,

1013 705 1268 746 commissorum,
1294 716 1365 738 oum
1391 716 1499 737 earum
1526 705 1753 744 inridentibus,

1013 757 1275 802 dependentibus,
1300 759 1546 801 emergentibus,
1571 758 1700 790 annexis
1725 764 1755 790 et

1013 812 1172 853 connexis,
1199 818 1327 856 totoque
1352 813 1484 856 negocio
1510 812 1753 856 principali,co—

1013 867 1225 909 gnoscendam
1252 873 1281 900 et
1306 867 1551 911 cognoscendas,
1568 878 1604 900 ac
1621 867 1682 900 sine
1700 867 1753 900 de-

1013 920 1087 960 bito,
1108 926 1201 964 prout
1226 921 1303 954 iuris
1328 927 1357 954 et
1378 921 1636 954 constitutionum
1662 931 1754 965 prae-

1012 973 1166 1007 dictarum
1192 975 1304 1015 suerit,
1337 975 1566 1008 terminandam
1592 980 1621 1007 et
1647 975 1753 1008 termi-

1011 1027 1150 1070 nandas,
1191 1028 1365 1072 apostolica
1405 1029 1609 1069 auctoritate,
1645 1034 1754 1062 tenore

1011 1082 1235 1124 praesentium,
1261 1082 1489 1117 committimus
1509 1088 1539 1116 et
1560 1083 1752 1126 delegamus,

1010 1135 1118 1168 dantes
1140 1135 1193 1168 tibi
1222 1136 1346 1180 plenam
1365 1142 1394 1170 et
1415 1137 1551 1180 amplam
1573 1137 1752 1170 facultatem

1010 1193 1119 1223 contra
1155 1190 1330 1223 catholicos
1369 1190 1527 1234 praefatos
1566 1201 1752 1224 excessuum

1010 1243 1189 1276 huiusmodi
1215 1244 1398 1287 culpabiles,
1417 1244 1508 1276 etiam
1528 1244 1557 1276 in
1580 1244 1640 1277 vim
1659 1244 1753 1277 sacul-

1010 1303 1106 1330 tatum
1134 1297 1188 1330 tibi
1218 1298 1293 1330 alias
1322 1309 1338 1330 a
1372 1298 1450 1332 Sede
1475 1299 1655 1342 Apostolica
1681 1309 1752 1333 con-

1008 1361 1186 1393 cessarum,
1219 1352 1398 1395 inquirendi
1423 1358 1453 1385 et
1478 1352 1686 1396 procedendi,
1717 1363 1751 1386 ac

1009 1405 1226 1448 inquisitiones
1261 1412 1291 1438 et
1322 1417 1488 1450 processus
1520 1407 1693 1440 fabricandi
1722 1410 1752 1440 et

1007 1458 1215 1500 conficiendi,
1242 1459 1390 1503 ipsosque
1415 1460 1507 1493 etiam
1533 1471 1589 1504 per
1612 1460 1750 1494 edictum

1007 1511 1325 1555 publicum‚constito
1341 1519 1443 1546 tamen
1461 1513 1516 1546 tibi
1534 1514 1622 1557 prius
1640 1514 1750 1547 saltem

1007 1567 1179 1599 summarie
1195 1571 1225 1601 et
1243 1567 1522 1601 extraiudicialiter
1539 1573 1569 1600 et
1596 1574 1749 1612 quantum

1008 1619 1062 1653 tibi
1087 1620 1232 1653 sufficere
1265 1621 1420 1654 videbitur
1447 1621 1485 1654 de
1513 1631 1575 1655 non
1605 1627 1672 1655 tuto
1697 1632 1748 1655 ac-

1006 1683 1105 1714 cessu,
1120 1673 1244 1714 citandi,
1263 1684 1383 1708 necnon
1402 1675 1582 1714 sententias,
1600 1685 1748 1708 censuras

1005 1732 1034 1759 et
1058 1737 1174 1770 poenas
1199 1728 1426 1761 ecclesiasticas
1452 1729 1482 1761 in
1508 1739 1561 1761 eos
1581 1734 1611 1761 et
1635 1740 1746 1762 eorum

1004 1780 1188 1823 quemlibet,
1212 1787 1306 1825 prout
1332 1782 1409 1814 iuris
1432 1788 1462 1815 et
1486 1782 1745 1815 constitutionum

1003 1834 1246 1877 apostolicarum
1266 1835 1448 1868 huiusmodi
1463 1836 1566 1876 suerit,
1584 1836 1702 1869 serendi
1718 1841 1747 1869 et

1003 1887 1196 1931 publicandi,
1206 1899 1241 1921 ac
1255 1889 1448 1931 aggravandi
1463 1895 1493 1921 et
1506 1889 1744 1932 reaggravandi,

1002 1941 1152 1974 auxilium
1179 1941 1300 1975 brachii
1321 1943 1482 1984 secularis,
1501 1943 1525 1975 si
1543 1953 1624 1987 opus
1641 1943 1745 1983 suerit,

1002 1995 1187 2036 invocandi,
1212 1996 1337 2040 aliaque
1368 1997 1473 2030 onmia
1506 2002 1535 2029 et
1566 1997 1688 2040 singula
1715 1998 1745 2029 in

1001 2049 1183 2092 praemissis
1197 2049 1374 2082 necessaria
1387 2055 1416 2082 et
1433 2050 1673 2094 quomodolibet
1689 2061 1744 2095 op—

1002 2108 1137 2146 portuna
1161 2103 1305 2144 faciendi,
1331 2104 1509 2144 mandandi,
1530 2104 1665 2145 dicendi,
1690 2116 1743 2147 ge-

1002 2156 1089 2189 rendi
1116 2163 1146 2189 et
1170 2157 1358 2201 exequendi,
1386 2168 1421 2191 ac
1446 2159 1558 2202 exequi
1581 2164 1611 2191 et
1635 2159 1743 2192 obser-

1002 2210 1065 2242 vari
1093 2210 1236 2243 faciendi.

1045 2265 1059 2307 ξ,
1079 2264 1108 2297 2.
1134 2265 1202 2298 Non
1220 2265 1416 2298 obstantibus
1434 2266 1532 2299 felicis
1553 2266 1743 2299 recordatio-

1001 2318 1047 2350 nis
1080 2318 1227 2351 llonisaeii
1262 2319 1360 2363 Papae
1394 2319 1455 2351 Vlll
1490 2319 1741 2363 praedecessoris

1000 2373 1097 2404 nostri
1130 2372 1167 2405 dc
1199 2375 1280 2414 una,
1313 2379 1341 2405 et
1373 2374 1496 2406 concilii
1522 2374 1678 2415 generalis
1703 2375 1740 2408 de

999 2426 1118 2459 duabus
1143 2426 1251 2469 dietis,
1277 2427 1408 2470 aliisque
1433 2428 1625 2471 apostolicis,
1650 2439 1685 2461 ac
1711 2429 1741 2461 in

1000 2479 1229 2513 universalibus
1253 2480 1565 2525 provincialibusque
1595 2488 1624 2514 et
1653 2492 1741 2526 syno-

998 2533 1122 2566 dalibus
1159 2533 1300 2566 conciliis
1325 2534 1433 2576 editis,
1459 2534 1660 2577 generalibus
1692 2536 1739 2569 vel

980 2586 1197 2630 ,specialibus
1213 2587 1488 2621 constitutionibus
1514 2594 1540 2620 et
1569 2588 1737 2621 ordinatio-

1758 2308 1766 2322 r
1770 2310 1771 2318 i

1666 165 1728 199 133
1775 176 1822 201 an.
1840 176 1868 203 c.
1891 179 1958 207 1656

1782 2275 1897 2296 Contrariis
1907 2276 1940 2296 le·

1774 2306 1825 2328 igit,
