2243 3205
60 164 107 186 An.
128 159 156 184 t).
175 158 240 185 1659

89 855 203 882 Expositio,

108 1814 174 1835 Sacra
200 1818 250 1833 eon-

69 1841 161 1866 aregatio
181 1840 250 1861 decla-

70 1869 100 1887 rat
116 1868 146 1887 iux
164 1872 250 1893 praece-

70 1893 152 1914 dentiae
167 1899 250 1922 eompa-

69 1922 112 1941 tere
141 1920 251 1940 secretard

70 1946 202 1976 generalibus
216 1952 250 1967 cu-

70 1979 122 1994 riae.

852 157 1039 181 ALEXANDER
1064 157 1108 179 Vll
1129 157 1177 179 1³1¹.

566 206 684 240 CCLIX.

258 277 469 320 Confirmatio
501 277 619 311 decreti
651 277 910 321 congyreqationis
936 276 998 319 epi-

300 340 468 374 scoporum
505 335 533 363 et
569 330 770 373 reyulurium
804 340 867 373 quo
904 339 999 372 super

301 383 516 416 controversia
534 384 618 416 inter
632 382 843 415 secretarium
860 391 995 425 qenero-

303 435 364 468 lem
388 446 427 468 ecc
451 437 519 469 unci
539 441 567 469 et
582 436 790 469 secretarium
813 435 1000 478 provinciae

302 488 468 521 Romanae
509 488 644 522 Ordinis
682 488 851 521 Minorum
895 486 1001 519 sancti

301 541 334 574 F
333 541 472 574 rancisci
485 541 522 574 de
537 541 746 574 Observatum
760 551 798 573 ea:
812 540 916 573 alterii
931 550 999 572 ver-

305 598 387 627 tente
402 594 589 627 declaratur
602 595 653 627 ius
665 594 910 638 praecedentiae
923 603 1002 626 com-

300 651 406 690 petere
424 647 605 680 secretariis
629 647 836 690 9eneralibus
859 647 969 679 curiae
982 645 999 678 ¹.

453 727 620 755 Alexander
642 728 721 760 Papa
742 727 804 761 VII,

401 771 437 797 ad
463 771 597 798 futuram
617 771 660 798 rei
681 772 863 799 memoriam.

304 841 319 884 ᾗ
335 840 362 873 1.
379 840 460 874 Alias
473 851 531 884 pro
550 846 639 884 parte
657 841 843 874 dilectorum
863 841 1001 874 filiorum

260 894 503 928 secretariorum
530 895 724 937 generalium
751 894 857 927 curiae
890 895 1002 927 Roma-

260 958 318 980 nae
335 947 459 981 Ordinis
477 948 609 980 fratrum
625 947 780 980 Minorum
799 947 895 979 sancti
911 948 1003 980 Fran-

261 1000 336 1034 cisci
362 1000 399 1033 de
424 1000 628 1033 Observantia
653 1005 919 1044 nuncupatorum,
936 1011 1004 1034 nec-

259 1064 322 1088 non
347 1054 505 1087 secretarii
532 1054 713 1098 provinciae
738 1055 895 1087 Romanae
921 1054 1001 1086 eius-

263 1107 333 1140 dem
359 1107 493 1147 Ordinis,
511 1107 748 1150 congregationi
775 1107 1002 1140 venerabilium

262 1160 395 1193 fratrum
428 1165 610 1193 nostrorum
635 1160 663 1193 S.
683 1161 715 1193 R.
733 1161 765 1192 E.
796 1160 1001 1193 cardinalium

259 1213 395 1256 negotiis
420 1218 449 1245 et
473 1213 755 1246 consultationibus
780 1214 1000 1257 episcoporum

261 1271 292 1299 et
308 1266 500 1310 regularium
519 1268 718 1310 praepositae
747 1267 899 1310 exposito,
918 1267 1001 1310 quod

262 1321 343 1354 inter
368 1321 546 1365 praedictos
572 1321 757 1354 secretarios
783 1321 945 1364 generales
965 1331 1001 1353 ex

263 1376 325 1408 una
345 1380 374 1408 et
402 1374 604 1408 secretarium
623 1374 802 1418 provinciae
819 1374 1001 1407 huiusmodi

264 1439 300 1462 ex
325 1428 422 1461 altera
446 1428 587 1472 partibus
608 1433 717 1461 exorta
748 1428 856 1461 suisset
881 1433 1003 1462 contro-

264 1482 367 1515 versia
391 1492 485 1526 super
509 1481 740 1525 praecedentia,
765 1482 803 1514 ad
829 1493 922 1525 quem
944 1482 1002 1514 sci-

264 1536 336 1569 licet
361 1546 415 1569 seu
440 1546 518 1579 quos
535 1535 661 1568 illorum
680 1535 839 1579 pertinere
863 1535 1002 1575 deberet,

264 1589 428 1633 eidemque
465 1589 703 1632 congregationi
739 1589 936 1633 supplicato,
970 1594 1003 1622 ut

264 1642 511 1677 controversiam
529 1642 710 1675 huiusmodi
729 1642 901 1675 dirimeret:
921 1654 1003 1675 ema-

263 1696 349 1729 navit
365 1695 403 1728 ab
429 1695 494 1740 ipsa
513 1695 757 1739 congregatione
778 1696 938 1728 decretum
961 1702 1004 1729 tc-

264 1750 351 1783 noris
369 1749 422 1793 qui
447 1749 599 1793 sequitur,
618 1749 777 1781 videlicet:

314 1816 327 1835 (ι
343 1803 435 1837 Sacra
454 1803 656 1846 congregatio
682 1802 1002 1836 eminentissimorum

266 1857 294 1890 S.
315 1857 349 1890 R.
372 1857 403 1889 F
425 1856 629 1889 cardinalium
646 1856 779 1899 negotiis
800 1860 828 1889 et
852 1857 1006 1890 consulta-

266 1909 402 1943 tionibus
419 1911 639 1953 episcoporum
661 1915 692 1941 et
710 1910 902 1952 regularium
920 1920 1006 1953 prae-

265 1964 377 2008 posita,
395 1964 519 1996 attentis
544 1964 688 2003 narratis,
714 1974 749 1996 ac
774 1963 925 2007 partibus,
943 1969 1005 1995 tam

266 2016 363 2051 verbo
381 2027 474 2060 quam
494 2017 622 2061 scripto,
642 2017 672 2049 in
686 2017 765 2049 sacto
783 2021 812 2049 et.
831 2017 860 2048 in
879 2016 946 2049 iure
966 2016 1007 2048 in-

266 2070 483 2110 formantibus,
501 2070 623 2111 auditis,
646 2070 892 2103 eminentissimo
909 2070 1007 2102 Astal-

267 2124 309 2157 lio
345 2124 520 2164 referente,
546 2134 579 2156 rc
611 2123 779 2166 diligenter
818 2134 853 2156 ac
887 2127 1007 2156 mature

267 2177 426 2217 discussa,
456 2176 573 2209 censuit
589 2203 596 2217 ,
624 2176 793 2209 declaravit
818 2181 847 2208 et
871 2176 1008 2208 decrevit

267 2230 446 2264 huiusmodi
484 2231 531 2262 ius
556 2230 793 2274 praecedentiae
829 2234 1007 2273 competere

268 2283 444 2317 secretariis
469 2283 668 2326 generalibus
686 2283 806 2322 curiae;
831 2283 859 2314 in
885 2287 1008 2315 contra-

270 2336 351 2369 rium
378 2336 478 2369 allatis
496 2342 525 2368 ct
543 2336 683 2370 deductis
708 2347 765 2380 pro
790 2341 878 2380 parte
904 2346 1007 2368 secre-

270 2390 339 2423 tarii
359 2390 539 2434 provinciae
558 2390 714 2423 Romanae
732 2400 793 2422 non
813 2389 1009 2422 obstantibus

270 2444 530 2488 quibuscumque.
552 2445 709 2477 ltomacx1
733 2443 796 2475 iulii
816 2453 941 2477 uncitix.

503 2497 539 2530 M.
566 2497 732 2529 cardinalis
758 2497 917 2531 Gisssrws
938 2511 963 2530 n.

309 2562 317 2587 t
343 2559 378 2587 Ex
399 2560 508 2595 Regest.
531 2560 555 2586 iu
576 2560 675 2587 Set-ret,
699 2560 773 2586 ltrev.

1679 144 1742 177 495
1789 152 1837 178 Αη.
1856 152 1886 179 C.
1905 151 1971 179 1659

1075 204 1090 247 ἑ
1114 204 1143 236 ⁶2.
1168 203 1244 237 Cum
1269 210 1394 244 autem,
1424 204 1503 236 sicut
1533 203 1664 236 dilectus
1689 201 1771 234 filius
1814 214 1874 237 Quod
1896 214 1972 234 confir-

1032 256 1247 290 Ferdinandus
1283 256 1319 288 de
1345 256 1470 298 Ariona,
1496 256 1591 289 frater
1626 264 1773 300 expresse
1787 241 1972 288 'ffimssumm

1032 308 1190 353 professus
1215 319 1251 341 ac
1287 310 1475 342 secretarius
1500 309 1656 352 generalis
1686 307 1774 340 sami-

1032 362 1090 395 liae
1108 362 1356 395 ultramontanae
1373 362 1497 395 Ordinis
1517 362 1647 406 praefati
1668 361 1698 394 in
1720 372 1774 394 cu-

1034 416 1080 449 ria
1107 416 1289 455 memorata,
1314 415 1404 448 nobis
1429 426 1529 459 nuper
1555 415 1666 459 exponi
1692 414 1773 454 fecit,

1034 469 1101 513 ipse
1115 468 1277 501 decretum
1295 468 1475 502 huiusmodi
1493 468 1684 512 apostolicae
1704 477 1774 501 con-

1034 521 1221 556 firmationis
1241 527 1366 555 nostrae
1384 522 1560 566 patrocinio
1586 520 1775 555 communiri

1035 586 1236 620 summopere
1256 575 1429 608 desideret:
1452 586 1519 615 nOS,
1538 575 1683 608 eumdem
1701 574 1776 607 Fer-

1035 629 1207 663 dinanduni
1238 629 1425 673 specialibus
1457 628 1615 662 favoribus
1644 631 1673 661 et
1697 637 1772 671 gra-

1036 684 1096 726 tiis,
1115 687 1183 723 etc„
1204 687 1234 715 et
1251 693 1267 715 a
1293 682 1455 726 quibusvis
1480 680 1776 715 excommunicatio-

1036 737 1094 778 nis,
1115 742 1183 778 etc.‚
1203 736 1316 769 harum
1342 735 1422 768 serie
1447 735 1643 768 absolventes
1668 738 1698 766 et
1721 733 1775 766 ab·

1037 790 1174 824 solutum
1200 790 1266 823 sore
1291 794 1471 830 censentes,
1496 786 1777 831 supplicationibus

1038 844 1104 877 eius
1132 843 1259 877 nomine
1286 842 1376 876 nobis
1401 852 1495 886 super
1518 841 1579 874 hoc
1603 839 1779 873 humiliter-

1037 896 1192 941 porrectis
1206 895 1523 935 inclinati‚decretum
1535 893 1777 938 praeinsertum,

1038 951 1222 984 auctoritate
1235 950 1418 994 apostolica,
1434 953 1540 983 tenore
1553 946 1778 992 praesentium,

1038 1004 1264 1037 confirmamus
1289 1009 1318 1036 et
1343 1003 1566 1047 approbamus,
1593 1001 1699 1044 illique
1731 1001 1778 1032 in-

1040 1057 1192 1090 violabilis
1209 1056 1398 1101 apostolicae
1416 1054 1573 1088 firmitatis
1591 1054 1689 1087 robur
1706 1051 1779 1085 adii-

1038 1110 1147 1151 cimus,
1166 1111 1249 1142 salva
1275 1120 1400 1153 semper
1422 1109 1450 1141 in
1472 1107 1651 1152 praemissis
1675 1111 1779 1139 aucto-

1038 1164 1128 1197 ritate
1149 1163 1403 1206 congregationis
1423 1162 1657 1206 praedictorum
1681 1159 1778 1192 cardi-

1037 1218 1166 1250 nalium.
1620 1252 1624 1255 ,

1082 1271 1096 1314 ξ
1120 1270 1150 1304 3.
1168 1271 1376 1304 Decernentes
1394 1270 1517 1303 easdem
1535 1267 1778 1313 praesenteslit-
1820 1278 1930 1298 oet-mium
1950 1277 1976 1298 ir-

1039 1330 1119 1357 teras
1143 1334 1267 1368 semper
1292 1324 1409 1364 sirmas,
1427 1328 1496 1363 etc,
1514 1323 1620 1365 sicque
1637 1321 1667 1354 in
1691 1331 1779 1365 prae·
1793 1307 1866 1325 ‘Hm‘

1037 1378 1140 1411 missis
1166 1389 1223 1422 per
1248 1388 1463 1422 quoscumque
1490 1376 1618 1416 iudices,
1635 1380 1704 1416 etc.‚
1725 1374 1778 1408 de-

1037 1431 1119 1464 finiri
1145 1431 1271 1472 debere,
1289 1442 1324 1464 ac
1349 1431 1473 1463 irritum
1499 1435 1529 1462 et
1554 1429 1654 1469 inane,
1679 1428 1703 1460 si
1732 1438 1780 1461 se-

1038 1496 1102 1525 cUS,
1116 1490 1184 1526 etc,
1198 1485 1331 1518 scienter
1346 1484 1392 1517 vel
1407 1483 1598 1527 ignoranter,
1612 1481 1780 1525 contigerit

1037 1539 1192 1572 attentari.

1082 1593 1096 1636 g
1121 1592 1150 1625 4.
1175 1593 1242 1626 Non
1275 1591 1471 1625 obstantibus
1503 1589 1778 1624 constitutionibus
1793 1597 1910 1645 mlx-'203³'
1927 1603 1977 1618 con·

1038 1652 1068 1679 ct
1098 1645 1349 1680 ordinationibus
1380 1644 1578 1689 apostolicis,
1604 1643 1778 1688 ceterisque
1855 1640 1870 1646 ”

1038 1699 1203 1734 contrariis
1220 1699 1481 1742 quibuscumque.

1082 1754 1193 1786 Datum
1219 1753 1347 1792 Romae,
1373 1752 1456 1796 apud
1476 1752 1505 1785 S.
1526 1751 1652 1784 Mariam
1688 1751 1780 1785 Maio-

1039 1818 1116 1848 rem,
1129 1807 1186 1839 sub
1202 1806 1318 1839 annulo
1334 1805 1512 1846 piscatoris,
1527 1805 1577 1837 die
1591 1815 1635 1838 xil
1649 1810 1780 1849 septem-

1040 1860 1105 1893 bris
1122 1870 1247 1899 MDCLffi,
1268 1859 1470 1903 pontificatus
1488 1857 1585 1891 nostri
1604 1868 1685 1890 anno
1706 1868 1734 1890 v.

1075 1923 1133 1950 Dat.
1152 1922 1194 1950 die
1217 1924 1247 1949 1²3
1264 1921 1425 1958 septembris
1447 1921 1525 1955 1659,
1547 1921 1643 1957 pontif.
1664 1929 1733 1948 anuo
1754 1927 1779 1947 v.

1361 2126 1463 2159 CCLX.

1045 2233 1084 2267 Ut
1112 2233 1276 2276 episcopus
1294 2232 1489 2273 Palavinns,
1510 2236 1538 2265 et
1555 2232 1618 2264 alii
1631 2242 1783 2264 commen-

1086 2286 1212 2319 datarii
1227 2286 1498 2319 mottastcrz'ormn
1519 2286 1784 2329 Cotzqreyationis

1089 2339 1346 2373 Caiizaldulensis
1374 2337 1506 2372 Ordinis
1525 2339 1630 2372 sancti
1646 2338 1784 2371 Benedi-

1087 2394 1130 2425 cti
1156 2394 1327 2426 monastico
1357 2393 1514 2437 reyiiizim'
1538 2403 1569 2426 se
1593 2403 1657 2426 iton
1688 2392 1780 2437 inqe-

1087 2451 1172 2490 rctnt,
1191 2452 1245 2480 etc.
1263 2446 1281 2479 ⁴.

1082 2563 1089 2588 t
1115 2562 1151 2588 Ex
1173 2561 1278 2596 aegest.
1302 2561 1326 2588 iu
1347 2562 1449 2589 Secret.
1473 2561 1546 2588 Brev.
