2243 3205
236 179 285 207 An.
302 179 332 209 C.
347 179 416 208 1659
462 171 525 204 43ίῖ

439 235 486 261 tus
503 228 548 261 ac¹
563 228 758 271 delegatione
772 228 859 261 Sedis
876 228 1073 272 Apostolieae
1091 240 1179 273 prae-

439 280 518 314 sedit
544 280 581 313 de
607 291 688 314 anno
714 291 832 314 iviDCLiii
862 286 891 314 et.
916 282 1014 315 altero
1039 293 1109 315 cum
1138 282 1179 314 in-

439 338 580 366 terventu
606 337 729 368 centum
755 334 934 377 octuaginta
966 335 1061 368 trium
1087 346 1178 368 voca-

440 385 515 418 lium
549 385 769 429 capitularium
803 386 840 420 de
866 397 947 420 anno
979 397 1096 421 iinchi
1124 398 1180 420 rc—

440 440 577 483 spective
602 440 777 481 celebratis,
805 441 902 485 ipsius
927 441 1180 485 congregationis

441 493 584 535 regimini
613 494 807 535 consulendi,
832 505 963 539 eamque
989 500 1050 527 tam
1077 505 1180 527 saero-

441 557 510 578 ruui
536 556 690 579 canonum
717 547 935 591 dispositioni,
968 558 1060 591 quam
1088 546 1181 580 niodo

440 599 647 642 gubernandi,
660 611 722 644 quo
735 601 818 634 dicta
831 601 1034 645 congregatio
1048 601 1076 634 S.
1088 601 1181 634 Geor-

441 652 484 696 gii
509 653 540 685 in
565 653 642 696 Aiga
667 654 781 696 utitur,
800 655 884 688 iuxta
902 655 1033 699 praefati
1051 653 1182 697 Eugenii

442 705 698 749 praedecessoris
719 713 935 751 praeceptum,
954 706 1182 747 conformandi,

441 769 478 792 ac
494 759 619 793 fraudes
633 765 662 793 et
679 761 933 804 perturbationes
953 760 1080 794 tollendi
1095 770 1182 803 ergo,

442 812 558 852 statuit,
581 818 614 845 ut
639 812 669 845 in
694 813 845 847 electione
871 813 1002 847 rectoris
1027 812 1184 855 generalis

444 865 543 909 ipsius
560 866 820 909 Congregationis
839 867 867 900 S.
887 866 1011 899 Ioannis
1025 865 1184 908 Evangeli—

444 925 509 952 stae
526 930 561 952 ex
587 919 726 953 eiusdem
747 919 1005 963 Congregationis
1026 918 1184 952 canonicis

444 973 501 1006 soli
526 973 657 1017 praelati
682 978 911 1013 conventuum,
937 984 971 1006 ac
1003 972 1185 1005 definitores

445 1033 474 1059 et
494 1028 626 1060 rectoris
640 1027 795 1070 generalis
816 1027 913 1072 ipsius
931 1026 1185 1070 congregationis

444 1080 548 1114 officio
573 1080 691 1120 suncti,
724 1091 846 1115 necnon
878 1081 978 1124 gradu
1006 1081 1185 1114 doctoratus

445 1134 476 1167 in
501 1133 755 1168 universitatibus
787 1134 964 1168 studiorum
990 1133 1185 1177 generalium

445 1188 664 1222 Colimbriensi
697 1194 726 1221 et
759 1188 921 1221 Elborensi
955 1187 1115 1231 insigniti,
1151 1198 1186 1221 ac

446 1243 580 1276 lectores
611 1242 664 1286 qui
697 1253 752 1286 per
784 1252 896 1275 novem
929 1252 1084 1275 annorum
1110 1251 1186 1285 spa-

448 1298 523 1331 tium
549 1297 580 1329 in
605 1298 694 1330 sacra
721 1296 878 1339 theologia
905 1297 951 1328 vel
986 1295 1185 1339 philosophia

446 1351 591 1395 legerint,
616 1350 757 1384 visitator
782 1355 811 1383 et
831 1349 1018 1383 secretarius
1043 1350 1183 1392 Congre-

446 1405 581 1449 gationis
608 1404 788 1438 huiusmodi
806 1403 991 1447 suffragium
1010 1414 1063 1437 seu
1081 1408 1187 1436 votum

446 1460 556 1492 ferant.
575 1458 651 1492 Cum
676 1463 791 1501 autem,
810 1458 891 1491 sicut
908 1457 1016 1491 eadem
1034 1456 1188 1501 expositio

447 1511 666 1554 subiungebat,
681 1512 711 1544 in
726 1511 892 1555 praedictis
905 1511 1029 1545 duobus
1044 1510 1188 1554 capitulis

448 1565 648 1609 generalibus
678 1565 866 1608 dispositum
891 1565 1001 1606 fuerit,
1026 1570 1060 1597 ut
1084 1564 1188 1598 statuti

448 1619 628 1652 huiusmodi
654 1618 852 1651 confirmatio
877 1629 894 1650 a
918 1618 996 1652 Sede
1020 1618 1189 1662 praedicta,

448 1673 479 1705 id
506 1672 531 1704 si
551 1672 710 1705 videretur
735 1682 802 1705 esse
826 1672 1049 1712 necessarium,
1074 1671 1191 1705 obtine-

449 1731 547 1765 retur,
564 1724 642 1758 nec‘Z
659 1725 825 1769 quisquam
850 1725 1121 1769 presbyterorum,
1137 1724 1190 1768 qui

450 1778 550 1811 dictae
575 1778 829 1821 congregationis
854 1779 882 1811 S.
909 1778 1033 1811 loannis
1051 1778 1191 1820 Evange-

451 1832 539 1865 listae
563 1832 704 1865 habitum
731 1832 868 1865 sexennii
897 1832 998 1875 spatio
1020 1836 1191 1874 gestarunt,

452 1890 561 1919 contra
586 1886 667 1918 idem
693 1891 842 1918 statutum
865 1885 1111 1918 controversiam
1129 1895 1193 1918 mo-

453 1944 538 1979 veat;
557 1939 694 1982 dictique
708 1944 897 1983 exponentes
910 1944 1077 1982 propterea
1091 1938 1191 1982 ipsum

452 1996 601 2026 statutum
634 1993 824 2036 apostolicae
856 1992 1105 2026 confirmationis
1137 2003 1192 2025 no-

452 2051 534 2079 strae
552 2047 668 2079 robore
685 2046 874 2080 communiri
893 2057 1096 2090 summopere
1116 2046 1195 2079 desi-

452 2100 579 2133 derent:
598 2111 664 2141 nos,
683 2100 851 2144 specialem
870 2100 945 2144 ipsis
967 2100 1194 2144 exponentibus

453 2153 585 2196 gratiam
610 2153 713 2186 faeere
737 2153 884 2194 volentes,
902 2159 931 2186 et
951 2164 1061 2187 eorum
1088 2154 1193 2197 singu-

453 2207 534 2240 lares
563 2217 714 2250 personas
739 2218 755 2239 a
780 2207 941 2250 quibusvis
977 2207 1193 2240 excommuni-

454 2260 596 2303 cationis,
623 2260 838 2304 suspensionis
863 2266 892 2293 et
918 2260 1085 2302 interdicti,
1111 2261 1194 2294 aliis-

454 2324 514 2358 que
540 2314 759 2347 ecelesiasticis
791 2314 951 2347 sententiis
968 2342 975 2355 ,
1000 2315 1141 2348 censuris
1166 2320 1195 2348 et

454 2367 576 2412 poenis,
594 2378 611 2400 a
629 2367 696 2400 iure
718 2368 765 2402 vel
792 2367 829 2400 ab
854 2368 991 2409 homine,
1017 2369 1125 2413 quavis
1146 2380 1195 2403 oc-

455 2421 579 2453 casione
601 2421 647 2453 vel
669 2422 763 2454 causa
787 2421 867 2462 latis,
885 2421 908 2454 si
935 2422 1049 2465 quibus
1066 2433 1195 2465 quomo-

455 2474 574 2507 dolibet
605 2474 771 2507 innodatae
796 2474 952 2517 existunt,
979 2475 1016 2508 ad
1049 2475 1194 2510 effectum

492 2547 502 2571 1
527 2545 636 2572 Videtur
655 2545 798 2581 legendum
817 2555 853 2573 eac
873 2555 920 2582 pro
940 2556 972 2574 ac
992 2548 1029 2583 (a.
1048 2549 1095 2582 T.).

491 2590 506 2616 2
526 2589 639 2617 Videtur
653 2590 796 2626 legendum
811 2600 847 2619 ne
863 2599 911 2628 pro
927 2600 977 2619 nec
989 2596 1028 2627 (ii.
1040 2592 1087 2627 T.).

1012 181 1190 205 BULLAltlUM
1211 182 1367 205 noisiANUM

1196 476 1198 491 Ι

1196 495 1198 510 l

1966 183 2014 210 An.
2032 183 2060 211 C.
2080 185 2145 214 1659

1211 229 1423 273 praesentium
1437 229 1596 262 dumtaxat
1614 230 1880 273 consequendum,
1899 230 1950 263 ha·
2006 229 2112 292 {¹'ssumf''
2127 247 2146 267 in

1965 277 1990 291 ca
2008 277 2037 292 iu
2049 278 2065 292 is
2087 277 2147 297 gene-

1212 294 1281 316 rum
1307 283 1388 315 serie
1412 282 1608 316 absolventes
1642 288 1671 315 et
1702 282 1859 317 absolutas
1883 284 1950 317 fore
1966 278 2046 318 mlibus
2070 299 2147 320 eanum

1213 340 1384 376 censentes,
1398 335 1678 379 supplicationibus
1699 345 1807 368 eorum
1825 336 1952 370 nomine
1966 325 2075 373 {fsss'i'fm'
2096 325 2147 347 Μ’

1212 388 1303 421 nobis
1320 399 1414 432 super
1435 389 1495 422 hoc
1520 388 1681 421 humiliter
1697 389 1851 432 porrectis
1867 389 1953 422 incli-

1213 441 1287 482 nati,
1312 441 1505 485 praedictum
1532 446 1680 474 statutum
1706 440 1746 473 in·
1762 441 1852 474 dictis
1876 441 1953 475 duo-

1214 494 1272 527 bus
1290 494 1434 538 capitulis
1459 494 1670 537 generalibus,
1689 494 1768 527 sicut
1784 494 1955 538 praemitti-

1216 553 1275 588 tur,
1294 547 1421 588 editum,
1440 553 1474 580 ut
1491 548 1522 580 in
1538 547 1689 581 electione
1708 547 1839 581 rectoris
1864 557 1957 591 gene-

1215 600 1288 633 ralis
1306 606 1497 633 memoratae
1514 600 1768 643 congregationis
1793 599 1954 634 canonico-

1215 664 1285 686 rum
1318 653 1507 686 secularium
1534 653 1562 686 S.
1588 653 1711 687 loannis
1740 653 1956 696 Evangelistae

1215 711 1415 750 nuncupatae
1451 717 1487 739 ex
1524 706 1664 739 eiusdem
1702 705 1956 749 congregationis

1217 760 1378 793 canonicis
1396 760 1452 793 soli
1471 760 1602 804 praelati
1619 765 1888 801 conventuum,-ac
1908 760 1958 793 de-

1217 813 1372 854 finitores,
1390 819 1419 846 et
1440 813 1570 847 rectoris
1594 813 1750 856 generalis
1766 813 1864 857 ipsius
1883 813 1958 847 Con-

1218 867 1415 909 gregationis
1439 867 1542 900 officio
1567 866 1680 909 functi,
1708 876 1830 900 necnon
1858 866 1960 910 gradu

1218 919 1401 953 doctoratus
1422 920 1452 952 in
1470 919 1615 964 praefatis
1633 919 1886 953 universitatibus
1898 924 1960 952 stu-

1218 972 1342 1006 diorum
1379 973 1574 1017 generalium
1607 972 1824 1007 Colimbriensi
1853 976 1883 1007 et
1911 972 1960 1005 El-

1218 1026 1344 1060 borensi
1370 1027 1520 1070 insigniti,
1533 1037 1569 1060 ac
1598 1027 1740 1068 lectores,
1756 1026 1808 1070 qui
1833 1036 1890 1070 per
1905 1036 1960 1059 no-

1220 1091 1288 1113 vem
1325 1091 1480 1114 annorum
1516 1080 1652 1125 spatium
1688 1080 1720 1113 in
1747 1081 1836 1113 sacra
1865 1079 1956 1113 theo—

1219 1135 1303 1177 logia
1329 1135 1375 1167 vel
1400 1134 1601 1178 philosophia
1634 1134 1789 1177 legerint,
1819 1133 1960 1167 visitator
2002 1146 2155 1167 Eivocaiesad

1220 1193 1249 1220 et
1279 1187 1468 1221 secretarius
1492 1186 1750 1231 Congregationis
1779 1186 1959 1220 huiusmodi
1975 1173 2069 1221 fissi'f'uh
2095 1173 2156 1194 ‘’⁸⁵¹''

1220 1241 1404 1285 suss'ragiuin
1425 1252 1481 1274 seu
1505 1245 1612 1275 votum
1637 1241 1747 1282 serant,
1775 1240 1960 1274 auctoritate

1220 1295 1401 1340 apostolica,
1412 1300 1528 1329 -tenorc
1545 1294 1770 1339 praesentium,
1792 1294 1961 1328 confirma-

1222 1360 1290 1382 mus
1315 1354 1345 1382 et
1369 1349 1603 1393 approbamus,
1631 1348 1740 1392 illique
1772 1347 1963 1382 inviolabilis

1221 1402 1413 1447 apostolicae
1438 1402 1595 1435 firmitatis
1615 1402 1713 1436 robur
1737 1401 1911 1442 adiicimus.
1928 1413 1964 1436 ac

1221 1467 1329 1490 omnes
1348 1461 1377 1488 et
1400 1455 1540 1499 singulos
1566 1455 1643 1489 iuris
1667 1461 1697 1489 et
1720 1455 1790 1490 faeti
1815 1455 1964 1497 defectus,

1222 1510 1246 1543 si
1272 1510 1325 1554 qui
1350 1510 1485 1554 desuper
1516 1509 1755 1554 quomodolibet
1785 1509 1963 1543 intervene-

1223 1564 1294 1604 rint,
1319 1564 1510 1607 supplemus.

1268 1617 1283 1661 ἓ
1306 1617 1335 1650 2.
1353 1617 1561 1651 Decernentes
1579 1616 1702 1650 easdem
1721 1621 1901 1661 praesentes
1918 1617 1965 1651 lit-

1224 1677 1306 1705 tei-as
1331 1681 1455 1715 semper
1475 1670 1594 1712 firmas,
1620 1671 1735 1704 validas
1764 1676 1793 1705 et
1823 1671 1965 1706 efficaces

1224 1726 1356 1760 existere
1369 1732 1399 1759 ct
1415 1726 1492 1767 fore,
1509 1726 1594 1759 acab
1607 1726 1677 1767 illis,
1697 1726 1735 1759 ad
1751 1737 1829 1770 quos
1845 1731 1966 1770 spectat

1225 1786 1254 1813 et
1284 1791 1343 1824 pro
1360 1785 1503 1824 tempore
1521 1780 1784 1824 quandocumque
1801 1780 1965 1825 spectabit,

1225 1833 1446 1867 inviolabiliter
1470 1833 1649 1875 observari,
1675 1833 1782 1878 sicque
1811 1833 1843 1866 in
1866 1844 1961 1878 prae-

1227 1887 1328 1920 missis
1345 1897 1402 1931 per
1419 1897 1636 1931 quoscumque
1653 1886 1771 1920 iudices
1788 1886 1966 1921 ordinarios

1227 1946 1256 1973 et
1276 1941 1447 1983 delegatos,
1465 1939 1557 1974 etiam
1581 1950 1747 1973 causarum
1764 1940 1872 1984 palatii
1894 1951 1967 1985 apo-

1227 1994 1328 2027 stolici
1353 1993 1528 2037 auditores,
1550 1993 1681 2027 iudicari
1706 1998 1736 2029 et
1759 1994 1884 2028 definiri
1917 1994 1967 2029 de-

1227 2048 1311 2090 bere,
1337 2058 1373 2081 ac
1384 2047 1509 2081 irritum
1535 2053 1564 2081 et
1588 2048 1690 2088 inane,
1715 2048 1740 2080 si
1758 2058 1847 2081 secus
1872 2059 1967 2093 super

1227 2101 1275 2134 his
1300 2112 1317 2134 a
1341 2112 1510 2145 quoquam,
1533 2101 1641 2145 quavis
1661 2101 1857 2143 auctoritate,
1872 2102 1968 2136 scien-

1228 2160 1275 2189 ter
1289 2156 1336 2188 vel
1353 2155 1546 2198 ignoranter,
1571 2155 1739 2199 contigerit
1764 2156 1920 2190 attentari.

1273 2208 1331 2252 ἓῧ.
1346 2209 1412 2242 Non
1428 2208 1624 2242 obstantibus
1634 2209 1826 2252 praemissis,
1846 2219 1882 2243 ac
1898 2220 1969 2243 con-

1228 2262 1442 2297 stitutionibus
1460 2267 1489 2295 et
1509 2262 1758 2296 ordinationibus
1778 2262 1968 2307 apostolicis,

1228 2326 1350 2350 necnon
1374 2315 1474 2350 dictae
1506 2316 1765 2359 Congregationis
1790 2316 1818 2349 S.
1843 2317 1968 2350 Ioannis

1228 2369 1452 2413 Evangelistae,
1471 2369 1600 2413 eiusque
1614 2374 1836 2411 conventuum,
1854 2375 1884 2403 et
1901 2370 1969 2404 aliis

1228 2423 1399 2467 quibusvis,
1421 2423 1512 2456 etiam
1532 2423 1717 2464 iuramento,
1731 2423 1969 2458 confirmatione

1228 2477 1411 2521 apostolica,
1432 2477 1479 2510 vel
1497 2477 1604 2520 quavis
1625 2476 1772 2510 firmitate
1796 2477 1855 2510 alia
1878 2477 1969 2511 robo-

1229 2530 1314 2571 ratis,
1329 2531 1449 2564 statutis
1474 2536 1504 2563 et
1528 2530 1829 2573 consuetudinibus,
1846 2530 1969 2574 privile-

1229 2583 1288 2627 giis
1304 2595 1440 2628 quoque,
1459 2584 1586 2617 indultis
1611 2589 1640 2617 et
1663 2584 1774 2618 litteris
1788 2583 1968 2628 apostolicis

1991 1656 1994 1659 Ι
2007 1629 2116 1650 Decretum
2134 1629 2160 1649 ii·-

1978 1658 2052 1678 ritant.

2051 2217 2163 2242 berngario

1983 2246 2063 2265 contrat
2070 2245 2142 2264 iorum.
