2243 3205
28 233 75 259 An.
95 230 122 256 C.
141 229 206 256 1658

39 795 44 799 ῃ
57 767 164 789 Decretum
178 766 204 787 ir·

29 798 96 817 ntans.

55 1407 160 1428 Contraria
175 1411 206 1427 ro·

32 1433 85 1455 tellit.

64 1672 208 1700 'transumpto-

33 1705 74 1720 rum
88 1699 146 1721 tides.

819 230 1004 254 ALEXANDER
1029 230 1073 254 Vll
1097 231 1144 254 Pr.

221 275 382 317 discusso,
406 276 439 309 in
470 276 642 320 provinciis
671 277 872 310 cismontanis
898 282 959 310 tam

220 329 444 363 Observantiae
477 341 571 374 quam
602 331 856 364 Reformatorum
887 330 960 363 dicti

220 382 343 416 Ordinis
363 393 425 416 non
446 394 514 416 esse
538 384 642 417 locum
667 384 824 427 praefatae
848 384 961 417 discre-

220 441 324 468 torum
357 436 523 477 electioni,
549 436 733 470 auctoritate
766 436 960 480 apostolica,

220 493 328 522 tenore
349 489 574 533 praesentium,
592 489 802 531 decernimus,
828 500 864 523 ae
889 500 960 533 pro-

219 542 291 575 inde
314 547 503 587 perpetuum
536 543 670 587 desuper
703 543 862 576 silentium
896 544 959 576 im-

219 595 385 638 ponimus;
415 596 500 629 salva
530 602 634 629 tamen
659 607 784 640 semper
808 597 840 629 in
863 606 958 640 prae-

220 648 322 682 missis
346 650 532 683 auctoritate
557 650 810 693 congregationis
846 660 963 684 memo-

219 707 361 736 ratorum
386 703 603 736 cardinalium.

264 758 280 801 ξ
304 758 332 790 2.
357 758 566 791 Decernentes
590 758 710 802 pariter
734 757 858 791 easdem
875 769 963 802 prae-

219 814 323 843 sentes
348 810 466 843 litteras
491 821 616 854 semper
640 810 766 851 firmas,
792 811 908 844 validas
933 817 961 844 et

220 862 371 904 efficaces,
397 863 530 896 existere
556 867 585 898 et
609 864 686 905 sore,
704 874 739 897 ac
763 863 802 896 ab
816 864 962 898 omnibus

221 919 251 947 et
267 915 408 958 singulis,
425 917 464 949 ad
481 927 560 960 quos
572 921 729 960 spectatet
742 927 800 961 pro
819 922 962 961 tempore

220 968 382 1012 spectabit,
408 969 631 1003 inviolabiliter
651 970 830 1012 observari,
856 971 962 1015 sicque

222 1021 253 1054 in
285 1022 467 1065 praemissis
497 1033 555 1067 per
590 1033 808 1067 quoscumque
844 1023 963 1056 iudices

221 1074 398 1109 ordinarios
423 1082 453 1109 et
477 1076 648 1120 delegatos,
674 1077 767 1109 etiam
794 1087 962 1110 causarum

219 1128 328 1172 palatii
363 1130 529 1174 apostolici
560 1129 736 1172 auditores,
770 1129 902 1163 iudicari
934 1136 963 1164 et

221 1182 345 1215 definiri
370 1183 503 1225 debere,
530 1194 565 1217 ac
589 1183 715 1217 irritum
741 1189 771 1217 et
803 1184 911 1225 inane,
937 1184 962 1217 si

221 1245 311 1269 secus
336 1247 431 1280 super
455 1237 504 1270 his
529 1248 547 1270 a
571 1248 753 1281 quoquam,
778 1237 887 1281 quavis
912 1248 963 1271 au-

222 1290 387 1333 ctoritate,
412 1290 548 1324 scienter
574 1291 620 1324 vel
646 1291 847 1334 ignoranter,
869 1293 963 1327 conti-

221 1344 303 1387 gerit
327 1344 481 1377 attentari.

266 1398 281 1441 g
308 1397 338 1430 3.
367 1398 436 1432 Non
464 1397 660 1432 obstantibus
703 1398 831 1432 decreto
865 1398 963 1432 felicis

223 1450 450 1485 recordationis
474 1452 634 1486 Innocenti
661 1452 760 1496 Papae
786 1453 809 1485 X
834 1452 965 1496 praede—

223 1505 358 1538 cessoris
381 1506 480 1539 nostri
505 1511 535 1539 et
555 1506 623 1539 aliis
640 1506 916 1540 constitutionibus
935 1512 965 1540 et

224 1557 474 1592 ordinationibus
494 1559 685 1603 apostolicis,
706 1559 881 1604 ceterisque
896 1571 965 1594 con-

224 1612 328 1645 trariis
353 1612 612 1656 quibuscumque.

268 1665 336 1709 §fr
363 1666 512 1699 Volumus
544 1672 647 1700 autem
685 1673 717 1701 ut
752 1668 965 1712 praesentium

225 1720 439 1763 transumptis,
454 1730 549 1753 manu
564 1720 696 1754 alicuius
715 1722 829 1754 notarii
846 1721 965 1765 publici

225 1772 420 1816 subscriptis,
446 1778 475 1806 et
500 1773 604 1816 sigillo
628 1785 781 1818 personae
808 1775 838 1807 in
864 1775 964 1808 eccle-

225 1825 349 1859 siastica
365 1826 518 1869 dignitate
536 1828 724 1861 constitutae
749 1828 887 1871 munitis,
916 1838 966 1861 ca-

225 1880 295 1913 dem
337 1890 468 1924 prorsus
500 1881 577 1914 fides
609 1881 640 1914 in
673 1881 787 1915 iudicio
817 1887 847 1915 et
879 1886 966 1915 extra

225 1933 430 1976 adhibeatur,
456 1945 535 1978 quae
549 1934 624 1978 ipsis
637 1935 856 1978 praesentibus
879 1935 967 1968 adhi-

226 1986 365 2028 beretur,
388 1987 411 2020 si
437 1988 540 2021 forent
564 1988 719 2022 exhibitae
738 1990 784 2022 vel
810 1995 962 2023 ostensae.

270 2041 382 2074 Datum
416 2042 532 2075 Romae
558 2042 639 2086 apud
664 2044 692 2076 S.
718 2043 847 2076 Mariam
872 2043 967 2077 Maio-

226 2104 303 2135 rem,
322 2094 378 2126 sub
396 2095 511 2128 annulo
529 2095 705 2137 Piscatoris,
727 2096 776 2129 die
794 2106 879 2130 xxvu
900 2097 966 2130 iulii

227 2156 385 2187 Mbcm'ttt,
406 2148 605 2190 pontificatus
629 2150 728 2182 nostri
745 2160 827 2183 anno
846 2160 887 2183 lv.

262 2209 321 2236 Dat.
338 2209 381 2236 dic
395 2209 426 2236 27
443 2209 502 2236 iulii
521 2210 598 2244 1658,
615 2211 712 2246 pontis.
725 2219 796 2239 anno
813 2218 848 2239 tv.

561 2343 654 2376 CClll.

229 2413 413 2447 Declaratz'o
438 2424 534 2457 super
558 2414 679 2447 actibus
696 2419 723 2447 ct
748 2415 969 2457 functionibus

273 2467 435 2500 occasione
460 2468 624 2500 electionis
649 2468 797 2501 moderni
822 2469 965 2513 impera-

276 2521 353 2554 toris
377 2521 470 2564 sciolis
495 2525 523 2554 el
548 2521 735 2563 sucicudis‘.

268 2640 276 2663 1
297 2638 332 2664 Ex
350 2637 456 2672 Regest.
474 2638 500 2664 in
516 2638 617 2665 Secret.
640 2638 719 2665 Brev.

1639 222 1702 257 359
1749 232 1785 258 Αιι
1819 232 1837 257 c
1867 232 1933 259 1658

1189 279 1354 307 Alexander
1373 280 1453 315 Papa
1472 281 1539 313 vn,

1137 323 1173 349 ad
1194 323 1326 351 futuram
1346 324 1389 351 rei
1411 325 1590 352 memoriam.

1039 384 1106 427 gl.
1138 385 1280 428 Acceptis
1316 396 1417 429 nuper
1454 398 1471 419 a
1504 387 1667 420 carissimo
1706 387 1736 419 in
1779 401 1918 420 rinc-Qum

995 437 1118 471 Christo
1143 438 1208 471 tilio
1234 444 1343 471 nostro
1368 441 1526 483 Lcopoldo
1557 441 1736 483 Ilungariae

996 495 1025 525 et
1049 491 1217 524 Bohemiae
1242 502 1316 534 rege
1342 493 1455 525 illustri
1480 494 1602 535 litteris,
1623 493 1737 537 quibus

995 544 1086 577 nobis
1112 545 1310 587 significabat
1335 556 1368 578 se
1393 547 1422 578 in
1449 553 1604 580 conventu
1628 548 1739 580 clecto-

996 597 1052 629 rali
1079 597 1278 630 Francosurti
1304 598 1412 631 habito
1438 599 1469 631 in
1494 610 1602 642 regem
1628 600 1740 633 Roma-

995 661 1108 684 norum
1119 651 1258 684 futurum
1273 651 1496 695 ii‘nperatorem
1513 653 1646 685 electum
1661 663 1738 693 esse,

996 703 1114 737 idcirco
1132 704 1163 736 in
1184 704 1324 748 cappella
1343 704 1504 748 pontificia
1528 705 1560 737 in
1583 706 1691 738 nostra
1711 711 1741 738 et

998 757 1223 790 venerabilium
1249 758 1382 790 fratrum
1409 762 1590 792 nostrorum
1608 758 1636 790 S.
1654 759 1687 791 R.
1706 759 1739 791 E.

997 810 1203 844 cardinalium
1219 811 1398 855 praesentia
1413 816 1613 845 sacrosancto
1627 812 1741 845 missae

997 864 1153 898 sacrificio
1177 865 1361 898 solemniter
1390 865 1567 906 celebrato,
1597 871 1742 909 respectu

998 918 1064 952 eius
1097 918 1258 952 electionis
1289 919 1408 962 gratiae
1441 919 1505 952 Deo
1534 918 1742 962 omnipotenti

997 978 1083 1004 actae
1108 972 1243 1004 suerunt.
1270 972 1445 1012 Praeterea,
1469 972 1550 1005 sicut
1573 972 1741 1005 nonnullae

997 1024 1075 1057 aliae
1100 1025 1277 1058 functiones
1302 1025 1549 1069 praemissorum
1575 1025 1741 1058 occasione

997 1078 1066 1110 fieri
1083 1078 1192 1111 solitae
1210 1078 1296 1112 iussu
1314 1079 1407 1112 etiam
1426 1084 1535 1112 nostro
1552 1079 1651 1112 sactae
1668 1079 1742 1112 exti-

998 1136 1111 1173 terunt,
1123 1131 1164 1164 ita
1177 1132 1271 1165 etiam
1286 1132 1407 1175 reliqua
1420 1143 1476 1176 per
1493 1133 1651 1165 Romanos
1665 1133 1742 1165 Pon-

998 1184 1097 1218 tifices
1121 1185 1379 1229 praedecessores
1400 1191 1525 1219 nostros
1545 1186 1653 1229 peragi
1667 1196 1741 1219 con-

998 1243 1100 1279 sueta,
1130 1239 1336 1273 benedicente
1367 1240 1516 1280 Domino,
1548 1250 1704 1283 peragere
1721 1239 1740 1280 ¹,

998 1292 1209 1336 praefatisque
1241 1299 1271 1326 et
1306 1293 1374 1326 aliis
1410 1293 1551 1326 eiusdem
1588 1293 1740 1337 Leopoldi

999 1346 1088 1379 electi
1109 1346 1222 1380 litteris
1247 1347 1285 1380 ad
1311 1357 1367 1380 nos
1388 1346 1466 1380 (latis
1492 1352 1522 1380 et
1545 1347 1655 1380 dandis
1679 1358 1742 1380 res-

998 1399 1177 1443 pondimus,
1192 1410 1228 1433 ac
1241 1401 1416 1444 respective
1434 1400 1627 1444 respondere
1644 1400 1742 1434 inten-

998 1453 1117 1497 dimus,
1144 1454 1237 1487 etiam
1264 1454 1353 1487 illum
1385 1465 1491 1497 regem
1525 1455 1739 1488 Romanorum

999 1508 1029 1540 in
1048 1508 1272 1552 imperatorem
1291 1509 1425 1542 electum
1443 1508 1642 1552 appellando.

1043 1562 1058 1604 ξ
1082 1562 1111 1594 02.
1139 1562 1371 1605 Verumtamen,
1394 1572 1433 1595 ne
1459 1572 1494 1595 ex
1519 1562 1688 1606 praedictis
1712 1566 1742 1596 et

999 1615 1251 1659 (plibuscumque
1276 1616 1345 1649 aliis
1371 1616 1493 1650 actibus
1518 1622 1548 1649 et
1576 1616 1741 1649 functioni-

999 1669 1075 1709 bus,
1102 1674 1162 1702 tam
1189 1670 1322 1710 nostris,
1348 1680 1441 1713 quam
1467 1681 1741 1714 quorumcumque

999 1727 1182 1757 nostrorum
1221 1728 1250 1756 et
1281 1723 1368 1756 Sedis
1403 1724 1601 1767 Apostolieae
1629 1724 1742 1757 ossicia-

1000 1776 1075 1808 lium
1113 1787 1148 1809 ac
1184 1776 1421 1817 ministrorum,
1446 1789 1482 1809 ac
1507 1788 1738 1821 (piorumcum-

1000 1839 1060 1872 que
1079 1830 1109 1862 S.
1130 1830 1163 1862 R.
1183 1830 1214 1862 E.
1235 1830 1451 1871 cardinalium,
1470 1831 1563 1863 etiam
1582 1831 1620 1864 de
1645 1832 1742 1864 latere

1000 1883 1193 1926 legatorum,
1221 1887 1280 1917 tam
1308 1884 1442 1928 publicis
1467 1895 1561 1928 quam
1595 1884 1741 1929 privatis,

1000 1936 1262 1981 (p1andoeumque
1299 1942 1328 1970 et
1364 1938 1558 1982 ubicumque
1595 1950 1631 1972 ac
1667 1950 1742 1983 quo-

1002 1990 1236 2034 modocumque
1262 1991 1349 2024 sactis
1374 1997 1403 2024 ct
1428 1992 1587 2033 faelendis,
1612 2003 1648 2026 ac
1672 1992 1743 2025 inde

1000 2044 1141 2087 sequutis
1158 2049 1188 2076 et
1206 2044 1386 2088 sequuturis
1403 2045 1656 2089 quibuscumque
1677 2056 1744 2089 pos-

1001 2097 1040 2130 sit
1076 2108 1213 2141 unquam
1245 2098 1405 2142 praetendi
1436 2109 1492 2131 nos
1514 2098 1525 2115 ‘²
1557 2099 1742 2132 electionem

1002 2151 1193 2195 pi·a‹;=(lictani
1227 2152 1421 2195 approbasse
1455 2158 1485 2185 ct
1517 2153 1743 2194 confirmasse,

1002 2205 1122 2238 etiamsi
1149 2204 1216 2238 talis
1233 2206 1409 2248 praetensio
1429 2206 1557 2238 minime
1582 2207 1740 2247 subsistat,

1003 2269 1073 2290 cum
1112 2259 1284 2301 apostolica
1315 2259 1513 2293 confirmatio
1543 2259 1741 2300 huiusmodi,

1003 2316 1064 2343 tam
1097 2311 1134 2343 (le
1169 2311 1254 2351 iure,
1285 2323 1379 2355 quam
1416 2313 1454 2346 de
1484 2324 1594 2353 inore,
1619 2313 1743 2346 nonnisi

1002 2364 1089 2407 prius
1113 2376 1219 2398 coram
1245 2366 1335 2399 uobis
1360 2366 1506 2399 exhibitis
1527 2367 1688 2400 electionis
1714 2372 1743 2399 et

1775 1574 1870 1594 lter-eruit
1881 1582 1898 1594 a·
1908 1577 1940 1594 tus

1757 1601 1876 1626 pinieilirtos
1920 1604 1942 1621 ol»

1757 1628 1809 1647 olitis
1821 1634 1861 1647 non
1877 1628 1939 1651 siuni-

1757 1657 1819 1674 tirare
1831 1654 1938 1674 confirma-

1757 1684 1833 1701 tionem
1852 1681 1940 1701 electiu-

1756 1714 1794 1728 nis.

1040 2463 1049 2487 1
1072 2462 1248 2497 Subintellige
1272 2463 1462 2495 inlcndsmus,
1489 2464 1560 2498 quod
1587 2468 1679 2498 postea
1699 2473 1742 2491 se-

1002 2507 1102 2542 quitur,
1115 2507 1154 2533 rel
1169 2509 1335 2541 pereyimus
1351 2511 1377 2535 σί
1391 2517 1531 2542 ρεγαρυνο
1547 2508 1637 2535 forsan
1653 2509 1744 2544 legen-

1002 2551 1065 2578 dum
1081 2556 1117 2584 (n.
1134 2553 1182 2586 T.).

1038 2598 1053 2621 2
1075 2596 1219 2631 l'erperam
1236 2596 1277 2623 ed.
1298 2597 1377 2624 Main.
1393 2602 1489 2632 puncto
1506 2598 1664 2633 interposito
1681 2599 1745 2633 legit

1000 2641 1166 2675 praetendi.
1185 2641 1240 2667 Nos
1255 2644 1294 2676 (it.
1313 2642 1360 2676 Ἦ),
