2243 3205
42 164 90 192 An.
105 162 133 190 C.
155 161 223 190 ¹659

841 157 1028 185 ALEXANDER
1049 158 1094 184 vn
1118 159 1166 184 PP.

239 208 379 242 virorum
398 209 534 243 recurrit
546 209 607 242 una
618 220 689 243 cum
704 207 831 243 domina
844 208 976 243 Antonia

239 261 396 295 dictorum
409 262 548 295 filiorum
562 267 673 304 matre,
691 269 721 296 et
740 267 849 306 petunt
863 262 976 296 dictam

240 315 368 349 tutelam
401 315 635 359 praedictorum
672 316 738 349 eius
775 316 912 349 filiorum
949 320 978 348 et

240 368 373 402 fratrum
399 372 428 403 et
461 369 617 402 bonorum
642 369 815 413 respective
840 368 898 401 sibi
923 368 977 401 de-

241 421 327 455 cerni
351 426 381 456 et
410 422 498 462 dari,
524 422 699 456 exhibendo
731 422 854 466 copiam
888 426 978 455 testa-

241 475 337 508 menti
362 474 435 507 dicti
456 475 503 508 sui
520 475 625 508 mariti
644 481 673 509 et
690 475 799 519 patris,
817 475 978 508 offerendo

242 539 274 562 se
287 529 455 562 observare
473 539 518 569 ea,
535 539 614 572 quae
634 529 672 562 de
692 529 760 562 iure
780 529 978 569 tenebuntur,

241 587 272 615 et
296 582 529 615 testimoniales.
554 582 672 621 Quibus
691 582 804 615 auditis
821 581 980 625 praefatus

241 635 388 668 dominus
411 640 549 679 praetor,
562 637 679 668 attenta
699 634 910 668 submissione
923 644 979 677 per

242 687 341 722 dictos
369 693 559 732 exponentes
590 688 690 728 facta,
720 692 749 720 et
783 686 979 720 considerata

242 741 447 786 expositione,
463 751 585 774 necnon
603 740 803 781 confidentia,
824 750 917 784 quam
939 746 980 773 te-

242 800 339 828 status
357 793 416 828 est¹
434 794 550 827 habere
564 794 594 826 in
608 794 691 827 dicto
708 794 836 827 domino
853 793 980 827 Octavio

242 848 308 882 eius
332 848 408 888 silio,
424 849 487 880 una
512 858 583 880 cum
608 847 755 880 omnibus
781 847 812 879 in
837 849 874 881 ea
900 858 977 880 con-

241 901 345 941 tentis,
361 901 447 945 ipsos
461 901 605 934 dominos
619 905 810 944 exponentes
821 901 852 933 in
862 905 980 933 tutores

243 960 273 988 et
295 965 354 999 pro
378 960 522 998 tempore
546 957 707 988 curatores
724 953 892 997 praedictis
908 953 980 986 filiis

243 1014 273 1043 et
296 1008 446 1041 fratribus
470 1011 503 1042 ut
528 1018 623 1052 supra
646 1007 815 1041 nominatis
843 1007 981 1040 decrevit

243 1067 274 1096 et
289 1061 439 1104 decernit,
457 1061 580 1095 dicens:
598 1061 705 1095 Estote
721 1061 796 1094 boni
814 1064 933 1095 tutores
952 1066 982 1094 et

242 1125 301 1160 pro
320 1120 463 1159 tempore
489 1120 666 1156 curatores,
691 1114 780 1147 utilia
801 1113 981 1158 praedicto-

242 1179 313 1203 rum
338 1169 534 1213 pupillorum
551 1169 652 1211 facite,
668 1168 789 1201 inutilia
806 1178 881 1201 vero
894 1178 983 1212 prae-

243 1222 415 1263 termittite,
436 1222 644 1256 inventarium
665 1222 805 1255 omnium
823 1221 980 1255 bonorum

242 1277 275 1310 in
298 1276 490 1310 haereditate
510 1276 708 1309 existentium
726 1275 881 1316 conficite,
902 1285 983 1308 com-

243 1334 318 1374 puta
342 1330 374 1363 in
397 1329 459 1362 fine
483 1329 762 1363 administrationis
783 1339 892 1362 eorum
910 1328 983 1361 red—

244 1383 317 1426 dite,
335 1388 365 1417 et
377 1383 482 1417 omnia
495 1383 554 1416 alia
567 1383 742 1416 necessaria
755 1382 855 1416 dictae
868 1383 984 1415 tutelae

244 1435 344 1477 facite,
370 1440 400 1468 et
416 1435 556 1468 debitum
574 1435 785 1468 iuramentum
803 1434 840 1467 de
858 1434 937 1467 bene
955 1439 984 1467 et

244 1488 380 1522 fideliter
408 1488 590 1522 huiusmodi
625 1498 704 1522 onus
739 1488 854 1521 tutelae
887 1488 982 1520 mini-

245 1542 373 1575 strando
397 1546 563 1585 praestate,
577 1547 682 1585 prout,
700 1541 790 1574 tactis
803 1541 984 1584 Scripturis,

245 1596 276 1628 in
307 1596 451 1628 manibus
488 1595 640 1639 praedicti
675 1595 794 1628 domini
829 1595 985 1638 praetoris

245 1649 476 1694 praestiterunt,
502 1648 614 1692 quibus
628 1659 684 1692 per
704 1649 760 1681 has
784 1653 908 1681 nostras
922 1659 986 1681 om-

245 1713 316 1736 nem
338 1706 367 1736 et
392 1701 601 1746 opportunam
628 1702 845 1735 auctoritatem
878 1711 986 1734 conce-

246 1756 362 1790 dentes.
388 1756 517 1796 Datum,
542 1761 576 1788 ut
600 1765 705 1799 supra.
730 1755 985 1799 Suprascriptum

247 1811 490 1843 instrumentum
505 1814 633 1851 rogatus
648 1807 774 1852 recipi⁹‚
789 1809 912 1852 scripsi,
927 1812 987 1842 tra-

247 1863 311 1896 didi
336 1868 366 1896 et
390 1862 491 1896 levavi
516 1873 575 1905 ego
601 1862 731 1895 loannes
756 1863 867 1895 Petrus
898 1863 987 1895 Tara-

248 1917 299 1959 tia‚
325 1916 408 1949 filius
432 1917 467 1949 N.
492 1916 626 1956 Nicolai,
651 1916 796 1959 publicus
814 1915 986 1959 apostolica

248 1970 443 2015 principatus
457 1969 624 2002 Messcrani
638 1969 823 2002 auctoritate
838 1969 987 2009 notarius,

248 2035 307 2068 pro
327 2024 388 2057 fide
405 2023 591 2056 manualiter
609 2028 639 2056 et
659 2023 900 2057 tabellionaliter
918 2024 988 2056 sub-

248 2078 398 2122 signatus.

338 2140 474 2174 IoANNEs
500 2139 624 2173 pimus
646 2139 796 2180 TAnArm,
821 2139 972 2173 notarius.

382 2204 465 2236 Loco
489 2206 512 2244 †
537 2202 628 2245 signi.

355 2274 507 2317 Sequitur
533 2272 682 2316 leyalitas
708 2273 744 2305 in
768 2273 882 2315 forma.

296 2346 385 2378 Anno
409 2343 531 2378 Domini
558 2353 716 2383 MDCLVIH,
742 2343 911 2377 indictione
937 2353 990 2386 xl,

251 2398 301 2431 die
327 2408 400 2431 vero
424 2407 497 2430 xxix
524 2396 639 2430 mensis
664 2396 861 2437 novembris,
886 2402 991 2430 actum

289 2481 298 2505 1
318 2479 356 2505 An
377 2479 493 2505 testatus
512 2479 551 2503 est
571 2480 647 2511 pater
666 2475 818 2510 defunctus,
840 2484 873 2504 an
890 2479 992 2505 testata

253 2527 293 2552 esc
308 2526 393 2550 mater
408 2522 509 2555 vivens,
526 2521 616 2549 nescio
632 2522 669 2557 (a.
685 2522 733 2555 τ.).

288 2569 304 2595 2
324 2567 414 2595 Potius
434 2567 494 2602 lege
514 2567 607 2601 recepi
625 2570 665 2601 (n.
682 2567 729 2601 [J.

1010 208 1042 241 in
1071 207 1175 251 burgo
1204 208 1371 242 Messerani
1395 206 1603 241 vercellensis
1630 205 1750 240 dioece-

1011 262 1068 302 sis,
1093 266 1122 294 et
1147 261 1177 293 in
1202 262 1316 305 palatio
1341 262 1450 295 solitae
1473 259 1676 294 habitationis
1702 260 1750 292 in-

1011 314 1167 358 frascripti
1178 314 1380 347 illustrissimi
1392 314 1508 347 domini
1519 312 1752 356 gubernatoris,

1011 368 1228 412 praesentibus
1249 367 1365 400 ibidem
1381 368 1509 401 domino
1527 367 1640 400 Iacobo
1657 377 1753 410 quon-

1012 421 1082 453 dam
1107 420 1176 453 Iulii
1197 420 1336 453 Caesaris
1360 420 1471 453 Pollini
1489 420 1564 452 alias
1581 419 1619 452 de
1636 419 1753 452 Musico

1012 474 1180 514 Bononiae,
1205 473 1339 506 Antonio
1364 478 1393 505 et
1416 473 1527 506 Carolo
1550 472 1698 505 fratribus
1716 472 1753 505 de

1013 527 1140 560 Susellis
1158 526 1300 566 Varallis,
1325 526 1456 559 testibus
1480 525 1562 559 notis
1586 531 1679 568 atque
1701 536 1753 558 ro-

1013 581 1101 624 gatis,
1126 580 1336 624 personaliter
1361 579 1548 612 constitutus
1566 579 1754 622 perillustris

1012 635 1158 668 dominus
1182 633 1369 667 Franciscus
1393 633 1488 666 Maria
1508 633 1665 676 quondam
1684 633 1755 665 Bar-

1013 689 1111 722 nabae
1135 688 1173 721 de
1197 688 1298 721 Flisco
1324 687 1361 719 de
1386 688 1563 720 Messerano
1581 697 1687 720 coram
1706 697 1756 719 me

1012 742 1136 776 notario
1150 747 1180 774 et
1193 741 1324 774 testibus
1349 740 1547 784 supradictis,
1561 746 1591 773 et
1606 740 1707 773 sciens
1723 751 1755 773 se

1014 796 1071 829 sub
1096 795 1146 828 die
1170 805 1245 828 xxtv
1267 794 1452 838 praesentis,
1473 798 1502 827 et
1522 794 1554 826 in
1578 793 1628 826 die
1653 793 1756 826 domi-

1013 850 1094 891 nico,
1109 859 1240 889 meram,
1255 848 1398 887 liberam,
1412 857 1523 890 puram
1539 851 1569 879 et
1582 846 1756 890 simplicem

1014 902 1214 936 donationem
1239 901 1320 934 inter
1345 900 1431 932 vivos
1454 899 1581 939 fecisse,
1608 899 1636 932 S.
1663 900 1697 932 R.
1723 900 1755 932 E.

1015 959 1044 989 et
1068 955 1198 988 Summo
1223 953 1385 993 Pontifici,
1410 953 1541 996 eiusque
1565 953 1754 986 successori-

1014 1009 1084 1051 bus,
1104 1008 1142 1041 de
1158 1007 1306 1041 omnibus
1324 1011 1354 1039 et
1371 1006 1623 1050 quibuscumque
1638 1006 1758 1039 iuribus

1015 1063 1053 1096 ad
1085 1073 1117 1096 se
1145 1061 1358 1106 spectantibus
1387 1065 1417 1093 et
1444 1060 1697 1104 pertinentibus,
1730 1064 1760 1093 et

1015 1126 1095 1160 quae
1128 1116 1160 1148 in
1196 1115 1335 1148 futurum
1371 1114 1531 1158 pertinere
1555 1118 1585 1146 et
1617 1118 1759 1157 spectare

1015 1170 1136 1214 possint
1170 1169 1203 1202 in
1235 1174 1265 1202 et
1298 1179 1394 1212 super
1430 1167 1530 1201 feudis
1563 1166 1759 1211 principatus

1016 1222 1183 1256 Messerani
1198 1227 1228 1255 et
1241 1221 1474 1255 marchionatus
1488 1220 1680 1264 Crepacorii,
1695 1225 1759 1252 tam

1017 1287 1073 1321 per
1098 1287 1130 1310 se
1156 1286 1249 1319 quam
1276 1285 1333 1319 per
1358 1285 1431 1308 suos
1460 1273 1612 1307 haeredes
1637 1278 1667 1306 et
1691 1284 1761 1308 suc-

1017 1340 1169 1370 cessores,
1194 1329 1225 1361 in
1250 1328 1397 1371 dictaque
1430 1327 1598 1361 donatione
1628 1337 1660 1360 se
1685 1338 1759 1371 pro-

1018 1381 1139 1414 misisse
1170 1380 1246 1412 nulli
1282 1379 1334 1412 alii
1367 1382 1470 1412 actum
1503 1383 1533 1411 et
1564 1381 1760 1412 contractum

1018 1435 1126 1468 secisse
1151 1444 1208 1467 nec
1233 1434 1265 1466 in
1289 1434 1429 1466 futurum
1455 1433 1558 1465 facere
1582 1432 1613 1464 in
1638 1431 1762 1476 praeiu-

1018 1490 1135 1523 dicium
1160 1488 1261 1521 dictae
1286 1486 1474 1528 donationis,
1498 1491 1528 1519 et
1552 1490 1647 1529 prout
1670 1485 1762 1519 latius

1019 1543 1049 1575 in
1074 1542 1286 1575 instrumento
1318 1539 1419 1573 dictae
1449 1539 1626 1572 donationis
1651 1544 1763 1582 rogato

1018 1606 1074 1639 per
1099 1594 1262 1628 dominum
1288 1593 1436 1626 Ioannem
1456 1592 1584 1625 Petrum
1605 1592 1761 1626 Taratiam

1019 1648 1076 1681 sub
1101 1647 1183 1681 dieta
1209 1646 1269 1687 die,
1295 1651 1325 1678 ct
1349 1645 1422 1689 quia
1441 1644 1563 1678 ratione
1581 1645 1642 1678 diei
1662 1645 1692 1677 in
1708 1645 1763 1679 ho-

1020 1712 1130 1736 norem
1155 1701 1210 1734 Dei
1235 1701 1316 1734 dicta
1341 1699 1468 1733 donatio
1493 1709 1556 1732 non
1582 1699 1639 1731 suit
1672 1699 1759 1732 iura-

1021 1760 1126 1788 mento
1151 1755 1285 1794 vallata,
1311 1758 1341 1786 et
1366 1752 1529 1785 intendens
1554 1752 1637 1784 illam
1670 1752 1763 1785 etiam

1021 1809 1198 1841 iuramento
1224 1807 1388 1845 roborare,
1408 1805 1479 1838 ideo
1494 1805 1689 1846 ratificando,
1711 1816 1763 1849 ap-

1020 1861 1185 1906 probando
1203 1866 1232 1894 et
1250 1859 1478 1900 confirmando,
1492 1864 1586 1902 prout
1599 1859 1763 1903 approbat,

1022 1916 1156 1949 ratificat
1180 1920 1210 1948 et
1234 1914 1401 1947 confirmat
1426 1913 1531 1946 omnia
1555 1917 1641 1953 acta,
1666 1913 1764 1954 saeta,

1022 1970 1103 2003 dicta
1128 1973 1158 2003 et
1181 1968 1339 2013 promissa
1356 1968 1387 2000 in
1408 1966 1570 2011 praedicto
1587 1966 1764 2000 donationis

1022 2024 1245 2062 instrumento,
1259 2021 1296 2054 ad
1311 2021 1499 2053 delationem
1516 2020 1577 2053 mei
1593 2019 1707 2053 notarii
1724 2020 1765 2052 in-

1022 2076 1191 2119 frascripti,
1205 2075 1395 2117 testiumque
1416 2073 1683 2117 supradictorum⁷
1699 2084 1765 2106 cor·

1022 2130 1174 2173 poraliter
1198 2129 1288 2161 tactis
1313 2127 1493 2171 Scripturis⁷
1520 2127 1635 2160 iuravit
1659 2127 1765 2160 omnia

1023 2188 1169 2216 contenta
1194 2182 1226 2214 in
1250 2181 1334 2214 dicto
1360 2181 1569 2213 instrumento
1587 2180 1764 2223 observare,

1023 2237 1196 2281 adimplere
1227 2241 1257 2268 et
1281 2245 1343 2267 non
1377 2234 1593 2268 contravenire
1626 2234 1663 2266 de
1697 2234 1765 2267 iure

1023 2301 1080 2324 nec
1104 2290 1143 2323 de
1169 2290 1260 2329 sacto,
1283 2288 1404 2321 etiamsi
1430 2288 1468 2320 de
1485 2288 1553 2320 iure
1572 2293 1686 2331 posset,
1705 2288 1764 2321 sub

1024 2343 1216 2386 obligatione
1241 2342 1381 2375 omnium
1407 2341 1474 2374 eius
1498 2341 1655 2373 bonorum
1673 2351 1764 2384 prae-

1024 2396 1157 2430 sentium
1183 2401 1213 2428 et
1232 2396 1428 2435 futurorum,
1454 2403 1533 2437 quac
1557 2393 1766 2438 liypothccata

1025 2455 1054 2483 ct
1068 2449 1215 2492 obligata,
1232 2455 1301 2489 etc,
1316 2459 1387 2481 cum
1402 2448 1578 2480 iuramento
1592 2458 1649 2491 per
1663 2448 1765 2492 ipsum

1025 2503 1185 2548 praestito,
1200 2502 1289 2536 tactis
1302 2502 1471 2545 Scripturis
1487 2502 1516 2534 iu
1531 2502 1685 2542 manibus,
1695 2507 1765 2543 etc.,

1026 2556 1325 2597 renunciationibus,
1346 2555 1599 2598 relevationibus,
1620 2555 1767 2589 ratihabi-

1657 147 1723 182 463
1768 157 1817 184 An.
1837 156 1865 184 c.
1884 156 1950 185 1659
