<?xml version="1.0" encoding="UTF-8"?>
<!DOCTYPE html PUBLIC "-//W3C//DTD XHTML 1.0 Transitional//EN"
    "http://www.w3.org/TR/xhtml1/DTD/xhtml1-transitional.dtd">
<html xmlns="http://www.w3.org/1999/xhtml" xml:lang="en" lang="en">
 <head>
  <title>
</title>
<meta http-equiv="Content-Type" content="text/html;charset=utf-8" />
  <meta name='ocr-system' content='tesseract 3.04.00' />
  <meta name='ocr-capabilities' content='ocr_page ocr_carea ocr_par ocr_line ocrx_word'/>
</head>
<body>
  <div class='ocr_page' id='page_1' title='image "./bullarumdiplomat16cath_0104.png"; bbox 0 0 2263 3215; ppageno 0'>
   <div class='ocr_carea' id='block_1_1' title="bbox 266 221 531 258">
    <p class='ocr_par' dir='ltr' id='par_1_1' title="bbox 266 221 531 258">
     <span class='ocr_line' id='line_1_1' title="bbox 266 221 531 258; baseline -0.011 -1"><span class='ocrx_word' id='word_1_1' title='bbox 266 230 312 257; x_wconf 69' lang='lat' dir='ltr'>An.</span> <span class='ocrx_word' id='word_1_2' title='bbox 330 230 359 257; x_wconf 87' lang='lat' dir='ltr'>c.</span> <span class='ocrx_word' id='word_1_3' title='bbox 378 231 445 258; x_wconf 72' lang='lat'>¹655</span> <span class='ocrx_word' id='word_1_4' title='bbox 491 221 531 254; x_wconf 78' lang='lat'>70</span> 
     </span>
    </p>
   </div>
   <div class='ocr_carea' id='block_1_2' title="bbox 286 2302 470 2430">
    <p class='ocr_par' dir='ltr' id='par_1_2' title="bbox 286 2302 470 2430">
     <span class='ocr_line' id='line_1_2' title="bbox 312 2302 468 2328; baseline 0 -5"><span class='ocrx_word' id='word_1_5' title='bbox 312 2302 333 2323; x_wconf 82' lang='lat' dir='ltr'>Iu</span> <span class='ocrx_word' id='word_1_6' title='bbox 359 2303 468 2328; x_wconf 69' lang='lat' dir='ltr'>praedicto</span> 
     </span>
     <span class='ocr_line' id='line_1_3' title="bbox 286 2331 457 2349; baseline 0.012 -2"><span class='ocrx_word' id='word_1_7' title='bbox 286 2333 388 2349; x_wconf 64' lang='lat' dir='ltr'>conventu</span> <span class='ocrx_word' id='word_1_8' title='bbox 455 2331 457 2333; x_wconf 89' lang='lat'>&#39;</span> 
     </span>
     <span class='ocr_line' id='line_1_4' title="bbox 286 2356 469 2376; baseline -0.005 0"><span class='ocrx_word' id='word_1_9' title='bbox 286 2356 375 2376; x_wconf 72' lang='lat' dir='ltr'>uaristas</span> <span class='ocrx_word' id='word_1_10' title='bbox 389 2362 469 2376; x_wconf 76' lang='lat' dir='ltr'>eorum-</span> 
     </span>
     <span class='ocr_line' id='line_1_5' title="bbox 380 2383 469 2403; baseline 0 -1"><span class='ocrx_word' id='word_1_11' title='bbox 380 2383 469 2403; x_wconf 69' lang='lat' dir='ltr'>lectores·</span> 
     </span>
     <span class='ocr_line' id='line_1_6' title="bbox 287 2409 470 2430; baseline 0.005 -2"><span class='ocrx_word' id='word_1_12' title='bbox 287 2409 399 2430; x_wconf 74' lang='lat' dir='ltr'>convivere</span> <span class='ocrx_word' id='word_1_13' title='bbox 415 2415 470 2429; x_wconf 78' lang='lat' dir='ltr'>man·</span> 
     </span>
    </p>
   </div>
   <div class='ocr_carea' id='block_1_3' title="bbox 409 2336 468 2349">
    <p class='ocr_par' dir='ltr' id='par_1_3' title="bbox 409 2336 468 2349">
     <span class='ocr_line' id='line_1_7' title="bbox 409 2336 468 2349; baseline 0 0"><span class='ocrx_word' id='word_1_14' title='bbox 409 2336 429 2349; x_wconf 57' lang='lat' dir='ltr'>S&amp;</span> <span class='ocrx_word' id='word_1_15' title='bbox 433 2337 468 2349; x_wconf 83' lang='grc' dir='ltr'>ΙΙΙΙΙ</span> 
     </span>
    </p>
   </div>
   <div class='ocr_carea' id='block_1_4' title="bbox 463 272 1219 2273">
    <p class='ocr_par' dir='ltr' id='par_1_4' title="bbox 463 272 1213 1698">
     <span class='ocr_line' id='line_1_8' title="bbox 463 272 1201 317; baseline -0.011 -6"><span class='ocrx_word' id='word_1_16' title='bbox 463 278 546 311; x_wconf 88' lang='lat' dir='ltr'>Urbe</span> <span class='ocrx_word' id='word_1_17' title='bbox 564 287 630 310; x_wconf 89' lang='lat' dir='ltr'>csse</span> <span class='ocrx_word' id='word_1_18' title='bbox 648 275 761 308; x_wconf 85' lang='lat' dir='ltr'>debere</span> <span class='ocrx_word' id='word_1_19' title='bbox 777 273 958 317; x_wconf 88' lang='lat' dir='ltr'>provinciae</span> <span class='ocrx_word' id='word_1_20' title='bbox 975 272 1133 305; x_wconf 81' lang='lat' dir='ltr'>Romanae</span> <span class='ocrx_word' id='word_1_21' title='bbox 1150 282 1201 304; x_wconf 90' lang='lat' dir='ltr'>su-</span> 
     </span>
     <span class='ocr_line' id='line_1_9' title="bbox 463 326 1200 376; baseline -0.011 -12"><span class='ocrx_word' id='word_1_22' title='bbox 463 330 633 376; x_wconf 87' lang='lat' dir='ltr'>pradictae,</span> <span class='ocrx_word' id='word_1_23' title='bbox 651 327 836 373; x_wconf 86' lang='lat' dir='ltr'>provinciali</span> <span class='ocrx_word' id='word_1_24' title='bbox 861 327 1001 360; x_wconf 88' lang='lat' dir='ltr'>Romano</span> <span class='ocrx_word' id='word_1_25' title='bbox 1026 326 1200 359; x_wconf 88' lang='lat' dir='ltr'>subiectum</span> 
     </span>
     <span class='ocr_line' id='line_1_10' title="bbox 464 377 1201 425; baseline -0.008 -8"><span class='ocrx_word' id='word_1_26' title='bbox 464 385 494 417; x_wconf 92' lang='lat' dir='ltr'>in</span> <span class='ocrx_word' id='word_1_27' title='bbox 520 383 665 417; x_wconf 89' lang='lat' dir='ltr'>omnibus</span> <span class='ocrx_word' id='word_1_28' title='bbox 697 387 724 414; x_wconf 87' lang='lat' dir='ltr'>et</span> <span class='ocrx_word' id='word_1_29' title='bbox 756 391 812 425; x_wconf 87' lang='lat' dir='ltr'>per</span> <span class='ocrx_word' id='word_1_30' title='bbox 836 380 957 421; x_wconf 86' lang='lat' dir='ltr'>omnia,</span> <span class='ocrx_word' id='word_1_31' title='bbox 982 379 1074 413; x_wconf 81' lang='lat' dir='ltr'>ctiam</span> <span class='ocrx_word' id='word_1_32' title='bbox 1099 377 1201 422; x_wconf 86' lang='lat' dir='ltr'>quoad</span> 
     </span>
     <span class='ocr_line' id='line_1_11' title="bbox 465 431 1203 471; baseline -0.008 -2"><span class='ocrx_word' id='word_1_33' title='bbox 465 435 758 471; x_wconf 86' lang='lat' dir='ltr'>conventualitatem</span> <span class='ocrx_word' id='word_1_34' title='bbox 775 434 905 466; x_wconf 81' lang='lat' dir='ltr'>fratrum</span> <span class='ocrx_word' id='word_1_35' title='bbox 920 443 983 466; x_wconf 88' lang='lat' dir='ltr'>uon</span> <span class='ocrx_word' id='word_1_36' title='bbox 993 431 1203 465; x_wconf 87' lang='lat' dir='ltr'>seminarista-</span> 
     </span>
     <span class='ocr_line' id='line_1_12' title="bbox 466 484 1203 532; baseline -0.009 -9"><span class='ocrx_word' id='word_1_37' title='bbox 466 500 546 532; x_wconf 89' lang='lat' dir='ltr'>rum,</span> <span class='ocrx_word' id='word_1_38' title='bbox 564 489 602 521; x_wconf 90' lang='lat' dir='ltr'>ad</span> <span class='ocrx_word' id='word_1_39' title='bbox 626 488 722 520; x_wconf 84' lang='lat' dir='ltr'>instar</span> <span class='ocrx_word' id='word_1_40' title='bbox 742 487 875 520; x_wconf 89' lang='lat' dir='ltr'>aliorum</span> <span class='ocrx_word' id='word_1_41' title='bbox 900 486 1000 519; x_wconf 89' lang='lat' dir='ltr'>dictae</span> <span class='ocrx_word' id='word_1_42' title='bbox 1024 484 1203 529; x_wconf 84' lang='lat' dir='ltr'>provinciae</span> 
     </span>
     <span class='ocr_line' id='line_1_13' title="bbox 465 538 1203 582; baseline -0.008 -8"><span class='ocrx_word' id='word_1_43' title='bbox 465 546 686 581; x_wconf 76' lang='lat' dir='ltr'><strong>conventuum,</strong></span> <span class='ocrx_word' id='word_1_44' title='bbox 710 551 745 573; x_wconf 89' lang='lat' dir='ltr'>ac</span> <span class='ocrx_word' id='word_1_45' title='bbox 770 540 918 573; x_wconf 83' lang='lat' dir='ltr'>officiales</span> <span class='ocrx_word' id='word_1_46' title='bbox 948 550 965 571; x_wconf 89' lang='lat' dir='ltr'>a</span> <span class='ocrx_word' id='word_1_47' title='bbox 989 538 1126 582; x_wconf 86' lang='lat' dir='ltr'>capitulo</span> <span class='ocrx_word' id='word_1_48' title='bbox 1151 547 1203 579; x_wconf 84' lang='lat' dir='ltr'>ge-</span> 
     </span>
     <span class='ocr_line' id='line_1_14' title="bbox 465 589 1204 633; baseline -0.008 -8"><span class='ocrx_word' id='word_1_49' title='bbox 465 592 562 625; x_wconf 88' lang='lat' dir='ltr'>nerali</span> <span class='ocrx_word' id='word_1_50' title='bbox 584 602 638 625; x_wconf 89' lang='lat' dir='ltr'>seu</span> <span class='ocrx_word' id='word_1_51' title='bbox 660 591 838 624; x_wconf 80' lang='lat' dir='ltr'>definitorio</span> <span class='ocrx_word' id='word_1_52' title='bbox 870 589 1009 633; x_wconf 83' lang='lat' dir='ltr'>generali</span> <span class='ocrx_word' id='word_1_53' title='bbox 1035 590 1150 621; x_wconf 79' lang='lat' dir='ltr'>electos</span> <span class='ocrx_word' id='word_1_54' title='bbox 1176 592 1204 619; x_wconf 88' lang='lat' dir='ltr'>et</span> 
     </span>
     <span class='ocr_line' id='line_1_15' title="bbox 467 641 1203 683; baseline -0.008 -4"><span class='ocrx_word' id='word_1_55' title='bbox 467 646 582 679; x_wconf 80' lang='lat' dir='ltr'>ibidem</span> <span class='ocrx_word' id='word_1_56' title='bbox 609 645 794 679; x_wconf 88' lang='lat' dir='ltr'>constitutos</span> <span class='ocrx_word' id='word_1_57' title='bbox 818 644 1036 683; x_wconf 83' lang='lat' dir='ltr'>dimittendos,</span> <span class='ocrx_word' id='word_1_58' title='bbox 1063 641 1203 674; x_wconf 82' lang='lat' dir='ltr'>videlicet</span> 
     </span>
     <span class='ocr_line' id='line_1_16' title="bbox 465 693 1204 743; baseline -0.007 -12"><span class='ocrx_word' id='word_1_59' title='bbox 465 699 614 743; x_wconf 82' lang='lat' dir='ltr'>priorem,</span> <span class='ocrx_word' id='word_1_60' title='bbox 640 697 838 741; x_wconf 77' lang='lat' dir='ltr'>subpriorem</span> <span class='ocrx_word' id='word_1_61' title='bbox 857 708 912 729; x_wconf 87' lang='lat' dir='ltr'>scu</span> <span class='ocrx_word' id='word_1_62' title='bbox 937 695 1099 736; x_wconf 84' lang='lat' dir='ltr'>vicarium,</span> <span class='ocrx_word' id='word_1_63' title='bbox 1121 693 1204 728; x_wconf 86' lang='lat' dir='ltr'>etad</span> 
     </span>
     <span class='ocr_line' id='line_1_17' title="bbox 467 747 1206 796; baseline -0.008 -12"><span class='ocrx_word' id='word_1_64' title='bbox 467 752 637 796; x_wconf 80' lang='lat' dir='ltr'>capitulum</span> <span class='ocrx_word' id='word_1_65' title='bbox 670 761 724 783; x_wconf 87' lang='lat' dir='ltr'>seu</span> <span class='ocrx_word' id='word_1_66' title='bbox 760 749 973 783; x_wconf 84' lang='lat' dir='ltr'>definitorium</span> <span class='ocrx_word' id='word_1_67' title='bbox 1012 747 1206 792; x_wconf 78' lang='lat' dir='ltr'>provinciale</span> 
     </span>
     <span class='ocr_line' id='line_1_18' title="bbox 468 802 1204 848; baseline -0.008 -10"><span class='ocrx_word' id='word_1_68' title='bbox 468 805 605 838; x_wconf 88' lang='lat' dir='ltr'>eiusdem</span> <span class='ocrx_word' id='word_1_69' title='bbox 631 804 812 848; x_wconf 88' lang='lat' dir='ltr'>provinciae</span> <span class='ocrx_word' id='word_1_70' title='bbox 830 804 990 836; x_wconf 76' lang='lat' dir='ltr'>Romanae</span> <span class='ocrx_word' id='word_1_71' title='bbox 1010 802 1041 834; x_wconf 89' lang='lat' dir='ltr'>in</span> <span class='ocrx_word' id='word_1_72' title='bbox 1066 802 1204 833; x_wconf 83' lang='lat' dir='ltr'>futurum</span> 
     </span>
     <span class='ocr_line' id='line_1_19' title="bbox 468 854 1203 903; baseline -0.007 -12"><span class='ocrx_word' id='word_1_73' title='bbox 468 863 609 903; x_wconf 87' lang='lat' dir='ltr'>spectare</span> <span class='ocrx_word' id='word_1_74' title='bbox 635 858 818 891; x_wconf 77' lang='lat' dir='ltr'>electionem</span> <span class='ocrx_word' id='word_1_75' title='bbox 848 856 966 900; x_wconf 91' lang='lat' dir='ltr'>prioris</span> <span class='ocrx_word' id='word_1_76' title='bbox 991 856 1076 898; x_wconf 90' lang='lat' dir='ltr'>(cum</span> <span class='ocrx_word' id='word_1_77' title='bbox 1103 854 1203 898; x_wconf 89' lang='lat' dir='ltr'>parti-</span> 
     </span>
     <span class='ocr_line' id='line_1_20' title="bbox 469 906 1206 955; baseline -0.007 -11"><span class='ocrx_word' id='word_1_78' title='bbox 469 911 622 955; x_wconf 89' lang='lat' dir='ltr'>cipatione</span> <span class='ocrx_word' id='word_1_79' title='bbox 647 916 751 943; x_wconf 87' lang='lat' dir='ltr'>tamen</span> <span class='ocrx_word' id='word_1_80' title='bbox 780 915 810 942; x_wconf 89' lang='lat' dir='ltr'>et</span> <span class='ocrx_word' id='word_1_81' title='bbox 833 908 1078 953; x_wconf 68' lang='lat' dir='ltr'>approbatione,</span> <span class='ocrx_word' id='word_1_82' title='bbox 1104 906 1206 950; x_wconf 86' lang='lat' dir='ltr'>quoad</span> 
     </span>
     <span class='ocr_line' id='line_1_21' title="bbox 469 961 1206 1006; baseline -0.005 -9"><span class='ocrx_word' id='word_1_83' title='bbox 469 965 573 1005; x_wconf 86' lang='lat' dir='ltr'>hunc,</span> <span class='ocrx_word' id='word_1_84' title='bbox 598 964 697 997; x_wconf 86' lang='lat' dir='ltr'>dictae</span> <span class='ocrx_word' id='word_1_85' title='bbox 722 962 977 1006; x_wconf 81' lang='lat' dir='ltr'>congregationis</span> <span class='ocrx_word' id='word_1_86' title='bbox 1002 961 1206 994; x_wconf 73' lang='lat' dir='ltr'>cardinalium</span> 
     </span>
     <span class='ocr_line' id='line_1_22' title="bbox 470 1014 1207 1060; baseline -0.004 -11"><span class='ocrx_word' id='word_1_87' title='bbox 470 1017 595 1060; x_wconf 82' lang='lat' dir='ltr'>negotio</span> <span class='ocrx_word' id='word_1_88' title='bbox 612 1016 831 1060; x_wconf 73' lang='lat' dir='ltr'>propagandae</span> <span class='ocrx_word' id='word_1_89' title='bbox 853 1015 924 1048; x_wconf 81' lang='lat' dir='ltr'>fidei</span> <span class='ocrx_word' id='word_1_90' title='bbox 940 1014 1207 1058; x_wconf 85' lang='lat' dir='ltr'>praepositorum)</span> 
     </span>
     <span class='ocr_line' id='line_1_23' title="bbox 469 1067 1210 1113; baseline -0.004 -11"><span class='ocrx_word' id='word_1_91' title='bbox 469 1079 589 1103; x_wconf 84' lang='lat' dir='ltr'>necnon</span> <span class='ocrx_word' id='word_1_92' title='bbox 615 1070 706 1102; x_wconf 84' lang='lat' dir='ltr'>etiam</span> <span class='ocrx_word' id='word_1_93' title='bbox 723 1069 908 1113; x_wconf 86' lang='lat' dir='ltr'>subprioris,</span> <span class='ocrx_word' id='word_1_94' title='bbox 927 1079 980 1101; x_wconf 91' lang='lat' dir='ltr'>seu</span> <span class='ocrx_word' id='word_1_95' title='bbox 998 1068 1117 1109; x_wconf 89' lang='lat' dir='ltr'>vicarii,</span> <span class='ocrx_word' id='word_1_96' title='bbox 1135 1067 1210 1100; x_wconf 89' lang='lat' dir='ltr'>alio-</span> 
     </span>
     <span class='ocr_line' id='line_1_24' title="bbox 469 1121 1210 1166; baseline -0.005 -10"><span class='ocrx_word' id='word_1_97' title='bbox 469 1134 602 1166; x_wconf 82' lang='lat' dir='ltr'>rumque</span> <span class='ocrx_word' id='word_1_98' title='bbox 627 1123 807 1155; x_wconf 85' lang='lat' dir='ltr'>osficialium</span> <span class='ocrx_word' id='word_1_99' title='bbox 835 1127 1006 1154; x_wconf 85' lang='lat' dir='ltr'>conventus</span> <span class='ocrx_word' id='word_1_100' title='bbox 1031 1132 1085 1154; x_wconf 87' lang='lat' dir='ltr'>seu</span> <span class='ocrx_word' id='word_1_101' title='bbox 1120 1121 1210 1153; x_wconf 87' lang='lat' dir='ltr'>semi-</span> 
     </span>
     <span class='ocr_line' id='line_1_25' title="bbox 470 1174 1208 1208; baseline -0.003 0"><span class='ocrx_word' id='word_1_102' title='bbox 470 1176 548 1208; x_wconf 85' lang='lat' dir='ltr'>narii</span> <span class='ocrx_word' id='word_1_103' title='bbox 573 1175 753 1208; x_wconf 85' lang='lat' dir='ltr'>huiusmodi</span> <span class='ocrx_word' id='word_1_104' title='bbox 784 1175 821 1207; x_wconf 89' lang='lat' dir='ltr'>ad</span> <span class='ocrx_word' id='word_1_105' title='bbox 852 1175 984 1207; x_wconf 87' lang='lat' dir='ltr'>sormam</span> <span class='ocrx_word' id='word_1_106' title='bbox 1010 1174 1208 1207; x_wconf 84' lang='lat' dir='ltr'>constitutio-</span> 
     </span>
     <span class='ocr_line' id='line_1_26' title="bbox 470 1227 1210 1273; baseline -0.003 -12"><span class='ocrx_word' id='word_1_107' title='bbox 470 1240 544 1261; x_wconf 86' lang='lat' dir='ltr'>num</span> <span class='ocrx_word' id='word_1_108' title='bbox 574 1228 751 1273; x_wconf 75' lang='lat' dir='ltr'>praedictae</span> <span class='ocrx_word' id='word_1_109' title='bbox 775 1227 948 1271; x_wconf 75' lang='lat' dir='ltr'>religionis,</span> <span class='ocrx_word' id='word_1_110' title='bbox 975 1227 1210 1260; x_wconf 70' lang='lat' dir='ltr'>remanentibus</span> 
     </span>
     <span class='ocr_line' id='line_1_27' title="bbox 471 1280 1209 1323; baseline -0.004 -8"><span class='ocrx_word' id='word_1_111' title='bbox 471 1288 574 1315; x_wconf 87' lang='lat' dir='ltr'>tamen</span> <span class='ocrx_word' id='word_1_112' title='bbox 599 1282 715 1315; x_wconf 88' lang='lat' dir='ltr'>ibidem</span> <span class='ocrx_word' id='word_1_113' title='bbox 747 1281 915 1315; x_wconf 85' lang='lat' dir='ltr'>seminario</span> <span class='ocrx_word' id='word_1_114' title='bbox 940 1287 970 1313; x_wconf 90' lang='lat' dir='ltr'>et</span> <span class='ocrx_word' id='word_1_115' title='bbox 1000 1280 1177 1313; x_wconf 88' lang='lat' dir='ltr'>seminariis</span> <span class='ocrx_word' id='word_1_116' title='bbox 1192 1280 1209 1323; x_wconf 80' lang='lat'>¹,</span> 
     </span>
     <span class='ocr_line' id='line_1_28' title="bbox 471 1335 1209 1379; baseline -0.005 -9"><span class='ocrx_word' id='word_1_117' title='bbox 471 1346 644 1379; x_wconf 86' lang='lat' dir='ltr'>eorumque</span> <span class='ocrx_word' id='word_1_118' title='bbox 665 1335 952 1369; x_wconf 86' lang='lat' dir='ltr'>controversiarum</span> <span class='ocrx_word' id='word_1_119' title='bbox 978 1339 1007 1367; x_wconf 87' lang='lat' dir='ltr'>et</span> <span class='ocrx_word' id='word_1_120' title='bbox 1031 1335 1209 1377; x_wconf 83' lang='lat' dir='ltr'>linguarum</span> 
     </span>
     <span class='ocr_line' id='line_1_29' title="bbox 472 1387 1210 1431; baseline -0.001 -10"><span class='ocrx_word' id='word_1_121' title='bbox 472 1389 671 1421; x_wconf 88' lang='lat' dir='ltr'>orientalium</span> <span class='ocrx_word' id='word_1_122' title='bbox 704 1388 877 1421; x_wconf 87' lang='lat' dir='ltr'>lectoribus</span> <span class='ocrx_word' id='word_1_123' title='bbox 910 1393 940 1420; x_wconf 84' lang='lat' dir='ltr'>et</span> <span class='ocrx_word' id='word_1_124' title='bbox 971 1387 1130 1431; x_wconf 72' lang='lat' dir='ltr'>magistris</span> <span class='ocrx_word' id='word_1_125' title='bbox 1173 1387 1210 1420; x_wconf 88' lang='lat' dir='ltr'>ad</span> 
     </span>
     <span class='ocr_line' id='line_1_30' title="bbox 473 1440 1211 1484; baseline -0.003 -10"><span class='ocrx_word' id='word_1_126' title='bbox 473 1451 623 1484; x_wconf 79' lang='lat' dir='ltr'>praesens</span> <span class='ocrx_word' id='word_1_127' title='bbox 640 1441 844 1474; x_wconf 73' lang='lat' dir='ltr'>existentibus</span> <span class='ocrx_word' id='word_1_128' title='bbox 862 1446 892 1473; x_wconf 88' lang='lat' dir='ltr'>et</span> <span class='ocrx_word' id='word_1_129' title='bbox 914 1451 973 1484; x_wconf 86' lang='lat' dir='ltr'>pro</span> <span class='ocrx_word' id='word_1_130' title='bbox 998 1445 1140 1484; x_wconf 86' lang='lat' dir='ltr'>tempore</span> <span class='ocrx_word' id='word_1_131' title='bbox 1164 1440 1211 1472; x_wconf 86' lang='lat' dir='ltr'>su-</span> 
     </span>
     <span class='ocr_line' id='line_1_31' title="bbox 473 1493 1213 1537; baseline -0.001 -11"><span class='ocrx_word' id='word_1_132' title='bbox 473 1494 562 1536; x_wconf 89' lang='lat' dir='ltr'>turis,</span> <span class='ocrx_word' id='word_1_133' title='bbox 584 1504 718 1537; x_wconf 88' lang='lat' dir='ltr'>quorum</span> <span class='ocrx_word' id='word_1_134' title='bbox 739 1494 849 1527; x_wconf 82' lang='lat' dir='ltr'>electio</span> <span class='ocrx_word' id='word_1_135' title='bbox 871 1498 900 1527; x_wconf 88' lang='lat' dir='ltr'>ct</span> <span class='ocrx_word' id='word_1_136' title='bbox 916 1493 1033 1526; x_wconf 85' lang='lat' dir='ltr'>amotio</span> <span class='ocrx_word' id='word_1_137' title='bbox 1053 1504 1123 1526; x_wconf 89' lang='lat' dir='ltr'>cum</span> <span class='ocrx_word' id='word_1_138' title='bbox 1144 1503 1213 1536; x_wconf 89' lang='lat' dir='ltr'>par-</span> 
     </span>
     <span class='ocr_line' id='line_1_32' title="bbox 473 1546 1211 1591; baseline 0 -12"><span class='ocrx_word' id='word_1_139' title='bbox 473 1547 655 1591; x_wconf 84' lang='lat' dir='ltr'>ticipatione</span> <span class='ocrx_word' id='word_1_140' title='bbox 680 1547 850 1591; x_wconf 81' lang='lat' dir='ltr'>praepositi</span> <span class='ocrx_word' id='word_1_141' title='bbox 879 1547 1034 1590; x_wconf 82' lang='lat' dir='ltr'>generalis</span> <span class='ocrx_word' id='word_1_142' title='bbox 1054 1547 1126 1580; x_wconf 90' lang='lat' dir='ltr'>dicti</span> <span class='ocrx_word' id='word_1_143' title='bbox 1156 1546 1211 1579; x_wconf 89' lang='lat' dir='ltr'>Or-</span> 
     </span>
     <span class='ocr_line' id='line_1_33' title="bbox 474 1600 1212 1644; baseline 0 -12"><span class='ocrx_word' id='word_1_144' title='bbox 474 1600 555 1633; x_wconf 89' lang='lat' dir='ltr'>dinis</span> <span class='ocrx_word' id='word_1_145' title='bbox 565 1601 602 1633; x_wconf 84' lang='lat' dir='ltr'>ad</span> <span class='ocrx_word' id='word_1_146' title='bbox 616 1601 893 1644; x_wconf 75' lang='lat' dir='ltr'>congregationem</span> <span class='ocrx_word' id='word_1_147' title='bbox 905 1600 1109 1634; x_wconf 82' lang='lat' dir='ltr'>cardinalium</span> <span class='ocrx_word' id='word_1_148' title='bbox 1126 1610 1212 1644; x_wconf 87' lang='lat' dir='ltr'>prae-</span> 
     </span>
     <span class='ocr_line' id='line_1_34' title="bbox 475 1654 1212 1698; baseline -0.003 -11"><span class='ocrx_word' id='word_1_149' title='bbox 475 1654 630 1687; x_wconf 87' lang='lat' dir='ltr'>dictorum</span> <span class='ocrx_word' id='word_1_150' title='bbox 651 1655 682 1687; x_wconf 92' lang='lat' dir='ltr'>in</span> <span class='ocrx_word' id='word_1_151' title='bbox 699 1655 838 1687; x_wconf 83' lang='lat' dir='ltr'>futurum</span> <span class='ocrx_word' id='word_1_152' title='bbox 865 1658 983 1698; x_wconf 81' lang='lat' dir='ltr'>spectet</span> <span class='ocrx_word' id='word_1_153' title='bbox 1002 1658 1032 1687; x_wconf 87' lang='lat' dir='ltr'>et</span> <span class='ocrx_word' id='word_1_154' title='bbox 1049 1654 1212 1697; x_wconf 82' lang='lat' dir='ltr'>pertineat.</span> 
     </span>
    </p>

    <p class='ocr_par' dir='ltr' id='par_1_5' title="bbox 477 1707 1219 2273">
     <span class='ocr_line' id='line_1_35' title="bbox 519 1707 1212 1751; baseline -0.001 -11"><span class='ocrx_word' id='word_1_155' title='bbox 519 1708 533 1751; x_wconf 67' lang='lat' dir='ltr'>g</span> <span class='ocrx_word' id='word_1_156' title='bbox 550 1707 579 1740; x_wconf 80' lang='lat'>3.</span> <span class='ocrx_word' id='word_1_157' title='bbox 596 1708 725 1751; x_wconf 86' lang='lat' dir='ltr'>Insuper</span> <span class='ocrx_word' id='word_1_158' title='bbox 742 1707 1045 1740; x_wconf 80' lang='lat' dir='ltr'>administrationem</span> <span class='ocrx_word' id='word_1_159' title='bbox 1072 1707 1212 1740; x_wconf 90' lang='lat' dir='ltr'>omnium</span> 
     </span>
     <span class='ocr_line' id='line_1_36' title="bbox 477 1760 1213 1804; baseline 0 -11"><span class='ocrx_word' id='word_1_160' title='bbox 477 1766 506 1793; x_wconf 88' lang='lat' dir='ltr'>et</span> <span class='ocrx_word' id='word_1_161' title='bbox 516 1761 712 1804; x_wconf 87' lang='lat' dir='ltr'>singulorum</span> <span class='ocrx_word' id='word_1_162' title='bbox 723 1761 890 1801; x_wconf 84' lang='lat' dir='ltr'>bonorum,</span> <span class='ocrx_word' id='word_1_163' title='bbox 905 1760 1083 1793; x_wconf 86' lang='lat' dir='ltr'>reddituum</span> <span class='ocrx_word' id='word_1_164' title='bbox 1102 1765 1131 1793; x_wconf 86' lang='lat' dir='ltr'>et</span> <span class='ocrx_word' id='word_1_165' title='bbox 1144 1771 1213 1804; x_wconf 85' lang='lat' dir='ltr'>pro-</span> 
     </span>
     <span class='ocr_line' id='line_1_37' title="bbox 477 1813 1214 1858; baseline -0.003 -11"><span class='ocrx_word' id='word_1_166' title='bbox 477 1819 636 1857; x_wconf 88' lang='lat' dir='ltr'>ventuum,</span> <span class='ocrx_word' id='word_1_167' title='bbox 650 1819 712 1847; x_wconf 86' lang='lat' dir='ltr'>tam</span> <span class='ocrx_word' id='word_1_168' title='bbox 726 1825 743 1846; x_wconf 87' lang='lat' dir='ltr'>a</span> <span class='ocrx_word' id='word_1_169' title='bbox 763 1815 920 1858; x_wconf 84' lang='lat' dir='ltr'>quondam</span> <span class='ocrx_word' id='word_1_170' title='bbox 938 1813 1104 1847; x_wconf 84' lang='lat' dir='ltr'>Francisco</span> <span class='ocrx_word' id='word_1_171' title='bbox 1122 1814 1214 1848; x_wconf 88' lang='lat' dir='ltr'>Cimi-</span> 
     </span>
     <span class='ocr_line' id='line_1_38' title="bbox 477 1867 1216 1911; baseline 0 -11"><span class='ocrx_word' id='word_1_172' title='bbox 477 1867 530 1900; x_wconf 92' lang='lat' dir='ltr'>nio</span> <span class='ocrx_word' id='word_1_173' title='bbox 554 1867 671 1901; x_wconf 87' lang='lat' dir='ltr'>barone</span> <span class='ocrx_word' id='word_1_174' title='bbox 692 1867 729 1900; x_wconf 90' lang='lat' dir='ltr'>de</span> <span class='ocrx_word' id='word_1_175' title='bbox 752 1868 878 1901; x_wconf 88' lang='lat' dir='ltr'>Cacurri</span> <span class='ocrx_word' id='word_1_176' title='bbox 898 1878 990 1911; x_wconf 81' lang='lat' dir='ltr'>quam</span> <span class='ocrx_word' id='word_1_177' title='bbox 1013 1867 1051 1900; x_wconf 90' lang='lat' dir='ltr'>ab</span> <span class='ocrx_word' id='word_1_178' title='bbox 1075 1867 1142 1901; x_wconf 85' lang='lat' dir='ltr'>aliis</span> <span class='ocrx_word' id='word_1_179' title='bbox 1171 1878 1216 1900; x_wconf 91' lang='lat' dir='ltr'>re-</span> 
     </span>
     <span class='ocr_line' id='line_1_39' title="bbox 479 1920 1215 1963; baseline 0 -11"><span class='ocrx_word' id='word_1_180' title='bbox 479 1921 635 1963; x_wconf 79' lang='lat' dir='ltr'>lictorum,</span> <span class='ocrx_word' id='word_1_181' title='bbox 661 1921 817 1960; x_wconf 89' lang='lat' dir='ltr'>datorum,</span> <span class='ocrx_word' id='word_1_182' title='bbox 842 1931 895 1953; x_wconf 89' lang='lat' dir='ltr'>seu</span> <span class='ocrx_word' id='word_1_183' title='bbox 920 1921 1117 1962; x_wconf 87' lang='lat' dir='ltr'>donatorum,</span> <span class='ocrx_word' id='word_1_184' title='bbox 1136 1926 1165 1953; x_wconf 84' lang='lat' dir='ltr'>et</span> <span class='ocrx_word' id='word_1_185' title='bbox 1185 1920 1215 1952; x_wconf 93' lang='lat' dir='ltr'>in</span> 
     </span>
     <span class='ocr_line' id='line_1_40' title="bbox 479 1974 1217 2017; baseline 0 -11"><span class='ocrx_word' id='word_1_186' title='bbox 479 1978 651 2017; x_wconf 90' lang='lat' dir='ltr'>posterum,</span> <span class='ocrx_word' id='word_1_187' title='bbox 669 1974 811 2007; x_wconf 85' lang='lat' dir='ltr'>videlicet</span> <span class='ocrx_word' id='word_1_188' title='bbox 831 1974 1092 2017; x_wconf 82' lang='lat' dir='ltr'>promissionibus</span> <span class='ocrx_word' id='word_1_189' title='bbox 1109 1974 1217 2007; x_wconf 90' lang='lat' dir='ltr'>sacien-</span> 
     </span>
     <span class='ocr_line' id='line_1_41' title="bbox 481 2026 1219 2071; baseline 0.003 -12"><span class='ocrx_word' id='word_1_190' title='bbox 481 2026 554 2068; x_wconf 68' lang='lat' dir='ltr'>dis2,</span> <span class='ocrx_word' id='word_1_191' title='bbox 573 2037 666 2060; x_wconf 88' lang='lat' dir='ltr'>curae</span> <span class='ocrx_word' id='word_1_192' title='bbox 684 2032 714 2059; x_wconf 90' lang='lat' dir='ltr'>et</span> <span class='ocrx_word' id='word_1_193' title='bbox 737 2027 916 2069; x_wconf 79' lang='lat' dir='ltr'>diligentiae</span> <span class='ocrx_word' id='word_1_194' title='bbox 934 2027 1033 2061; x_wconf 89' lang='lat' dir='ltr'>dictae</span> <span class='ocrx_word' id='word_1_195' title='bbox 1050 2038 1219 2071; x_wconf 81' lang='lat' dir='ltr'>congrega-</span> 
     </span>
     <span class='ocr_line' id='line_1_42' title="bbox 488 2081 1219 2126; baseline -0.003 -13"><span class='ocrx_word' id='word_1_196' title='bbox 488 2081 580 2114; x_wconf 86' lang='lat' dir='ltr'>tionis</span> <span class='ocrx_word' id='word_1_197' title='bbox 611 2081 815 2114; x_wconf 83' lang='lat' dir='ltr'>cardinalium</span> <span class='ocrx_word' id='word_1_198' title='bbox 839 2108 846 2121; x_wconf 86' lang='lat'>,</span> <span class='ocrx_word' id='word_1_199' title='bbox 877 2082 988 2115; x_wconf 90' lang='lat' dir='ltr'>amotis</span> <span class='ocrx_word' id='word_1_200' title='bbox 1019 2082 1154 2126; x_wconf 64' lang='lat' dir='ltr'>syndicis</span> <span class='ocrx_word' id='word_1_201' title='bbox 1190 2087 1219 2114; x_wconf 58' lang='lat' dir='ltr'>et.</span> 
     </span>
     <span class='ocr_line' id='line_1_43' title="bbox 486 2134 1217 2178; baseline 0.001 -12"><span class='ocrx_word' id='word_1_202' title='bbox 486 2134 744 2177; x_wconf 86' lang='lat' dir='ltr'>procuratoribus</span> <span class='ocrx_word' id='word_1_203' title='bbox 781 2134 1031 2178; x_wconf 85' lang='lat' dir='ltr'>quibuscumque</span> <span class='ocrx_word' id='word_1_204' title='bbox 1067 2135 1217 2178; x_wconf 85' lang='lat' dir='ltr'>praedicti</span> 
     </span>
     <span class='ocr_line' id='line_1_44' title="bbox 484 2185 1218 2231; baseline 0.001 -13"><span class='ocrx_word' id='word_1_205' title='bbox 484 2185 625 2228; x_wconf 77' lang='lat' dir='ltr'>Ordinis,</span> <span class='ocrx_word' id='word_1_206' title='bbox 651 2186 816 2221; x_wconf 84' lang='lat' dir='ltr'>autoritate</span> <span class='ocrx_word' id='word_1_207' title='bbox 841 2192 870 2219; x_wconf 89' lang='lat' dir='ltr'>et</span> <span class='ocrx_word' id='word_1_208' title='bbox 899 2192 1008 2220; x_wconf 88' lang='lat' dir='ltr'>tenore</span> <span class='ocrx_word' id='word_1_209' title='bbox 1031 2188 1218 2231; x_wconf 76' lang='lat' dir='ltr'>praedictis,</span> 
     </span>
     <span class='ocr_line' id='line_1_45' title="bbox 484 2240 718 2273; baseline -0.004 0"><span class='ocrx_word' id='word_1_210' title='bbox 484 2240 718 2273; x_wconf 85' lang='lat' dir='ltr'>committimus.</span> 
     </span>
    </p>
   </div>
   <div class='ocr_carea' id='block_1_5' title="bbox 528 2293 1222 2338">
    <p class='ocr_par' dir='ltr' id='par_1_6' title="bbox 528 2293 1222 2338">
     <span class='ocr_line' id='line_1_46' title="bbox 528 2293 1222 2338; baseline 0.001 -12"><span class='ocrx_word' id='word_1_211' title='bbox 528 2294 542 2337; x_wconf 62' lang='lat' dir='ltr'>g</span> <span class='ocrx_word' id='word_1_212' title='bbox 559 2293 589 2326; x_wconf 72' lang='lat'>4.</span> <span class='ocrx_word' id='word_1_213' title='bbox 603 2293 777 2334; x_wconf 87' lang='lat' dir='ltr'>Praeterea,</span> <span class='ocrx_word' id='word_1_214' title='bbox 792 2293 934 2337; x_wconf 84' lang='lat' dir='ltr'>quamvis</span> <span class='ocrx_word' id='word_1_215' title='bbox 949 2299 1118 2327; x_wconf 83' lang='lat' dir='ltr'>conventus</span> <span class='ocrx_word' id='word_1_216' title='bbox 1134 2305 1222 2338; x_wconf 81' lang='lat' dir='ltr'>prae-</span> 
     </span>
    </p>
   </div>
   <div class='ocr_carea' id='block_1_6' title="bbox 484 2346 1221 2494">
    <p class='ocr_par' dir='ltr' id='par_1_7' title="bbox 484 2346 1221 2494">
     <span class='ocr_line' id='line_1_47' title="bbox 484 2346 1221 2390; baseline 0.001 -11"><span class='ocrx_word' id='word_1_217' title='bbox 484 2347 584 2380; x_wconf 88' lang='lat' dir='ltr'>dictus</span> <span class='ocrx_word' id='word_1_218' title='bbox 609 2347 647 2380; x_wconf 90' lang='lat' dir='ltr'>sit</span> <span class='ocrx_word' id='word_1_219' title='bbox 671 2353 701 2380; x_wconf 90' lang='lat' dir='ltr'>et</span> <span class='ocrx_word' id='word_1_220' title='bbox 725 2357 791 2380; x_wconf 86' lang='lat' dir='ltr'>esse</span> <span class='ocrx_word' id='word_1_221' title='bbox 819 2346 946 2386; x_wconf 88' lang='lat' dir='ltr'>debeat,</span> <span class='ocrx_word' id='word_1_222' title='bbox 971 2351 1005 2380; x_wconf 90' lang='lat' dir='ltr'>ut</span> <span class='ocrx_word' id='word_1_223' title='bbox 1033 2357 1135 2390; x_wconf 85' lang='lat' dir='ltr'>supra,</span> <span class='ocrx_word' id='word_1_224' title='bbox 1150 2358 1221 2390; x_wconf 85' lang='lat' dir='ltr'>pro-</span> 
     </span>
     <span class='ocr_line' id='line_1_48' title="bbox 485 2399 1220 2441; baseline -0.001 -9"><span class='ocrx_word' id='word_1_225' title='bbox 485 2399 602 2433; x_wconf 84' lang='lat' dir='ltr'>vinciae</span> <span class='ocrx_word' id='word_1_226' title='bbox 628 2401 807 2441; x_wconf 82' lang='lat' dir='ltr'>Romanae,</span> <span class='ocrx_word' id='word_1_227' title='bbox 836 2400 980 2432; x_wconf 86' lang='lat' dir='ltr'>volumus</span> <span class='ocrx_word' id='word_1_228' title='bbox 1007 2399 1220 2440; x_wconf 88' lang='lat' dir='ltr'>nihilominus,</span> 
     </span>
     <span class='ocr_line' id='line_1_49' title="bbox 485 2453 1221 2494; baseline -0.001 -8"><span class='ocrx_word' id='word_1_229' title='bbox 485 2458 518 2486; x_wconf 92' lang='lat' dir='ltr'>ut</span> <span class='ocrx_word' id='word_1_230' title='bbox 542 2453 572 2486; x_wconf 93' lang='lat' dir='ltr'>in</span> <span class='ocrx_word' id='word_1_231' title='bbox 597 2453 660 2494; x_wconf 90' lang='lat' dir='ltr'>illo,</span> <span class='ocrx_word' id='word_1_232' title='bbox 685 2458 719 2487; x_wconf 88' lang='lat' dir='ltr'>ut</span> <span class='ocrx_word' id='word_1_233' title='bbox 743 2459 813 2487; x_wconf 87' lang='lat' dir='ltr'>ante</span> <span class='ocrx_word' id='word_1_234' title='bbox 837 2453 953 2487; x_wconf 88' lang='lat' dir='ltr'>dictum</span> <span class='ocrx_word' id='word_1_235' title='bbox 980 2456 1036 2493; x_wconf 90' lang='lat' dir='ltr'>est,</span> <span class='ocrx_word' id='word_1_236' title='bbox 1061 2453 1221 2486; x_wconf 90' lang='lat' dir='ltr'>seminari-</span> 
     </span>
    </p>
   </div>
   <div class='ocr_carea' id='block_1_7' title="bbox 486 2533 1220 2658">
    <p class='ocr_par' dir='ltr' id='par_1_8' title="bbox 486 2533 1220 2658">
     <span class='ocr_line' id='line_1_50' title="bbox 522 2533 1165 2568; baseline 0 -9"><span class='ocrx_word' id='word_1_237' title='bbox 522 2534 532 2559; x_wconf 84' lang='grc'>1</span> <span class='ocrx_word' id='word_1_238' title='bbox 557 2533 656 2560; x_wconf 80' lang='lat' dir='ltr'>Forsan</span> <span class='ocrx_word' id='word_1_239' title='bbox 676 2533 868 2561; x_wconf 53' lang='lat' dir='ltr'>seminar-iscis</span> <span class='ocrx_word' id='word_1_240' title='bbox 888 2535 927 2567; x_wconf 79' lang='lat' dir='ltr'>(n.</span> <span class='ocrx_word' id='word_1_241' title='bbox 942 2533 990 2568; x_wconf 90' lang='lat' dir='ltr'>T.).</span> <span class='ocrx_word' id='word_1_242' title='bbox 1159 2559 1165 2564; x_wconf 79' lang='grc'><strong>,</strong></span> 
     </span>
     <span class='ocr_line' id='line_1_51' title="bbox 521 2577 1220 2611; baseline 0 -7"><span class='ocrx_word' id='word_1_243' title='bbox 521 2578 535 2603; x_wconf 70' lang='lat'>2</span> <span class='ocrx_word' id='word_1_244' title='bbox 553 2577 639 2604; x_wconf 82' lang='lat' dir='ltr'>Lectio</span> <span class='ocrx_word' id='word_1_245' title='bbox 661 2577 790 2604; x_wconf 63' lang='lat' dir='ltr'>desei-tiva</span> <span class='ocrx_word' id='word_1_246' title='bbox 811 2582 837 2605; x_wconf 86' lang='lat' dir='ltr'>et</span> <span class='ocrx_word' id='word_1_247' title='bbox 859 2580 947 2604; x_wconf 83' lang='lat' dir='ltr'>errata</span> <span class='ocrx_word' id='word_1_248' title='bbox 963 2585 1021 2604; x_wconf 87' lang='lat' dir='ltr'>esse</span> <span class='ocrx_word' id='word_1_249' title='bbox 1039 2577 1159 2611; x_wconf 55' lang='lat' dir='ltr'>videtum</span> <span class='ocrx_word' id='word_1_250' title='bbox 1182 2578 1220 2604; x_wconf 73' lang='lat' dir='ltr'>vel</span> 
     </span>
     <span class='ocr_line' id='line_1_52' title="bbox 486 2622 1220 2658; baseline -0.003 -8"><span class='ocrx_word' id='word_1_251' title='bbox 486 2623 631 2658; x_wconf 79' lang='lat' dir='ltr'>legendum</span> <span class='ocrx_word' id='word_1_252' title='bbox 643 2625 667 2650; x_wconf 82' lang='lat' dir='ltr'>e!</span> <span class='ocrx_word' id='word_1_253' title='bbox 685 2623 711 2649; x_wconf 83' lang='lat' dir='ltr'>in</span> <span class='ocrx_word' id='word_1_254' title='bbox 725 2626 909 2657; x_wconf 70' lang='lat' dir='ltr'>posterum...</span> <span class='ocrx_word' id='word_1_255' title='bbox 921 2623 1124 2650; x_wconf 74' lang='lat' dir='ltr'>donandorum</span> <span class='ocrx_word' id='word_1_256' title='bbox 1135 2622 1220 2657; x_wconf 59' lang='lat' dir='ltr'>(axin).</span> 
     </span>
    </p>
   </div>
   <div class='ocr_carea' id='block_1_8' title="bbox 1219 340 1241 2445">
    <p class='ocr_par' dir='ltr' id='par_1_9' title="bbox 1219 340 1241 2445">
     <span class='ocr_line' id='line_1_53' title="bbox 1219 340 1241 2445; baseline 0 0"><span class='ocrx_word' id='word_1_257' title='bbox 1219 340 1241 2445; x_wconf 95' lang='lat' dir='ltr'> </span> 
     </span>
    </p>
   </div>
   <div class='ocr_carea' id='block_1_9' title="bbox 1038 220 1403 248">
    <p class='ocr_par' dir='ltr' id='par_1_10' title="bbox 1038 220 1403 248">
     <span class='ocr_line' id='line_1_54' title="bbox 1038 220 1403 248; baseline -0.011 0"><span class='ocrx_word' id='word_1_258' title='bbox 1038 223 1222 248; x_wconf 55' lang='lat' dir='ltr'>animantum</span> <span class='ocrx_word' id='word_1_259' title='bbox 1249 220 1403 245; x_wconf 78' lang='lat' dir='ltr'>ROMANUM</span> 
     </span>
    </p>
   </div>
   <div class='ocr_carea' id='block_1_10' title="bbox 1235 263 1993 2658">
    <p class='ocr_par' dir='ltr' id='par_1_11' title="bbox 1235 263 1986 1592">
     <span class='ocr_line' id='line_1_55' title="bbox 1235 263 1973 310; baseline -0.008 -8"><span class='ocrx_word' id='word_1_260' title='bbox 1235 276 1299 302; x_wconf 88' lang='lat' dir='ltr'>stac</span> <span class='ocrx_word' id='word_1_261' title='bbox 1324 275 1498 310; x_wconf 87' lang='lat' dir='ltr'>eorumque</span> <span class='ocrx_word' id='word_1_262' title='bbox 1532 265 1667 298; x_wconf 89' lang='lat' dir='ltr'>lectores</span> <span class='ocrx_word' id='word_1_263' title='bbox 1692 269 1722 297; x_wconf 88' lang='lat' dir='ltr'>et</span> <span class='ocrx_word' id='word_1_264' title='bbox 1746 263 1886 307; x_wconf 82' lang='lat' dir='ltr'>magistri</span> <span class='ocrx_word' id='word_1_265' title='bbox 1909 264 1973 296; x_wconf 76' lang='lat' dir='ltr'>una</span> 
     </span>
     <span class='ocr_line' id='line_1_56' title="bbox 1236 317 1973 362; baseline -0.005 -8"><span class='ocrx_word' id='word_1_266' title='bbox 1236 332 1306 355; x_wconf 89' lang='lat' dir='ltr'>cum</span> <span class='ocrx_word' id='word_1_267' title='bbox 1331 319 1481 353; x_wconf 83' lang='lat' dir='ltr'>fratribus</span> <span class='ocrx_word' id='word_1_268' title='bbox 1506 317 1647 352; x_wconf 86' lang='lat' dir='ltr'>eiusdem</span> <span class='ocrx_word' id='word_1_269' title='bbox 1671 317 1852 362; x_wconf 88' lang='lat' dir='ltr'>provinciae</span> <span class='ocrx_word' id='word_1_270' title='bbox 1875 317 1973 350; x_wconf 90' lang='lat' dir='ltr'>libere</span> 
     </span>
     <span class='ocr_line' id='line_1_57' title="bbox 1236 370 1975 415; baseline -0.007 -7"><span class='ocrx_word' id='word_1_271' title='bbox 1236 375 1417 409; x_wconf 84' lang='lat' dir='ltr'>cohabitare</span> <span class='ocrx_word' id='word_1_272' title='bbox 1442 379 1471 407; x_wconf 90' lang='lat' dir='ltr'>et</span> <span class='ocrx_word' id='word_1_273' title='bbox 1496 372 1662 406; x_wconf 80' lang='lat' dir='ltr'>convivere</span> <span class='ocrx_word' id='word_1_274' title='bbox 1681 372 1816 412; x_wconf 86' lang='lat' dir='ltr'>valcant;</span> <span class='ocrx_word' id='word_1_275' title='bbox 1841 381 1899 415; x_wconf 87' lang='lat' dir='ltr'>pro</span> <span class='ocrx_word' id='word_1_276' title='bbox 1923 370 1975 403; x_wconf 91' lang='lat' dir='ltr'>ali-</span> 
     </span>
     <span class='ocr_line' id='line_1_58' title="bbox 1237 424 1975 470; baseline -0.005 -9"><span class='ocrx_word' id='word_1_277' title='bbox 1237 429 1350 461; x_wconf 81' lang='lat' dir='ltr'>mentis</span> <span class='ocrx_word' id='word_1_278' title='bbox 1375 438 1466 470; x_wconf 91' lang='lat' dir='ltr'>vero,</span> <span class='ocrx_word' id='word_1_279' title='bbox 1492 427 1758 467; x_wconf 82' lang='lat' dir='ltr'>substentatione,</span> <span class='ocrx_word' id='word_1_280' title='bbox 1782 425 1904 466; x_wconf 85' lang='lat' dir='ltr'>vestitu,</span> <span class='ocrx_word' id='word_1_281' title='bbox 1931 424 1975 457; x_wconf 84' lang='lat' dir='ltr'>sa-</span> 
     </span>
     <span class='ocr_line' id='line_1_59' title="bbox 1238 477 1977 525; baseline -0.005 -11"><span class='ocrx_word' id='word_1_282' title='bbox 1238 482 1365 523; x_wconf 88' lang='lat' dir='ltr'>mulatu,</span> <span class='ocrx_word' id='word_1_283' title='bbox 1391 481 1522 525; x_wconf 85' lang='lat' dir='ltr'>aliisque</span> <span class='ocrx_word' id='word_1_284' title='bbox 1546 479 1730 514; x_wconf 86' lang='lat' dir='ltr'>necessariis</span> <span class='ocrx_word' id='word_1_285' title='bbox 1765 477 1977 512; x_wconf 85' lang='lat' dir='ltr'>seminarista-</span> 
     </span>
     <span class='ocr_line' id='line_1_60' title="bbox 1238 533 1977 578; baseline -0.004 -11"><span class='ocrx_word' id='word_1_286' title='bbox 1238 546 1319 575; x_wconf 89' lang='lat' dir='ltr'>rum,</span> <span class='ocrx_word' id='word_1_287' title='bbox 1337 545 1510 578; x_wconf 88' lang='lat' dir='ltr'>corumque</span> <span class='ocrx_word' id='word_1_288' title='bbox 1529 535 1693 575; x_wconf 87' lang='lat' dir='ltr'>lectorum,</span> <span class='ocrx_word' id='word_1_289' title='bbox 1713 533 1872 566; x_wconf 85' lang='lat' dir='ltr'>solvantur</span> <span class='ocrx_word' id='word_1_290' title='bbox 1889 541 1977 576; x_wconf 87' lang='lat' dir='ltr'>prac-</span> 
     </span>
     <span class='ocr_line' id='line_1_61' title="bbox 1238 586 1979 630; baseline -0.005 -9"><span class='ocrx_word' id='word_1_291' title='bbox 1238 588 1322 622; x_wconf 89' lang='lat' dir='ltr'>dicto</span> <span class='ocrx_word' id='word_1_292' title='bbox 1340 587 1518 629; x_wconf 85' lang='lat' dir='ltr'>conventui,</span> <span class='ocrx_word' id='word_1_293' title='bbox 1532 598 1585 620; x_wconf 92' lang='lat' dir='ltr'>seu</span> <span class='ocrx_word' id='word_1_294' title='bbox 1600 587 1666 620; x_wconf 90' lang='lat' dir='ltr'>eius</span> <span class='ocrx_word' id='word_1_295' title='bbox 1678 586 1789 630; x_wconf 87' lang='lat' dir='ltr'>priori,</span> <span class='ocrx_word' id='word_1_296' title='bbox 1802 591 1854 618; x_wconf 88' lang='lat' dir='ltr'>aut</span> <span class='ocrx_word' id='word_1_297' title='bbox 1867 595 1979 629; x_wconf 91' lang='lat' dir='ltr'>procu-</span> 
     </span>
     <span class='ocr_line' id='line_1_62' title="bbox 1240 638 1977 685; baseline -0.005 -11"><span class='ocrx_word' id='word_1_298' title='bbox 1240 642 1348 682; x_wconf 87' lang='lat' dir='ltr'>ratori,</span> <span class='ocrx_word' id='word_1_299' title='bbox 1366 652 1421 685; x_wconf 86' lang='lat' dir='ltr'>pcr</span> <span class='ocrx_word' id='word_1_300' title='bbox 1446 640 1699 684; x_wconf 84' lang='lat' dir='ltr'>congregationis</span> <span class='ocrx_word' id='word_1_301' title='bbox 1724 638 1977 683; x_wconf 87' lang='lat' dir='ltr'>supradictorum</span> 
     </span>
     <span class='ocr_line' id='line_1_63' title="bbox 1240 690 1978 735; baseline -0.007 -7"><span class='ocrx_word' id='word_1_302' title='bbox 1240 695 1445 728; x_wconf 84' lang='lat' dir='ltr'>cardinalium</span> <span class='ocrx_word' id='word_1_303' title='bbox 1469 694 1638 735; x_wconf 83' lang='lat' dir='ltr'>ministros,</span> <span class='ocrx_word' id='word_1_304' title='bbox 1656 704 1693 726; x_wconf 83' lang='lat' dir='ltr'>ex</span> <span class='ocrx_word' id='word_1_305' title='bbox 1712 692 1885 726; x_wconf 87' lang='lat' dir='ltr'>redditibus</span> <span class='ocrx_word' id='word_1_306' title='bbox 1903 690 1978 724; x_wconf 88' lang='lat' dir='ltr'>dicti</span> 
     </span>
     <span class='ocr_line' id='line_1_64' title="bbox 1240 746 1979 792; baseline -0.007 -11"><span class='ocrx_word' id='word_1_307' title='bbox 1240 749 1419 789; x_wconf 83' lang='lat' dir='ltr'>seminarii,</span> <span class='ocrx_word' id='word_1_308' title='bbox 1444 748 1490 780; x_wconf 83' lang='lat' dir='ltr'>vel</span> <span class='ocrx_word' id='word_1_309' title='bbox 1522 746 1784 792; x_wconf 87' lang='lat' dir='ltr'>promissionibus</span> <span class='ocrx_word' id='word_1_310' title='bbox 1816 749 1850 779; x_wconf 93' lang='lat' dir='ltr'>ut</span> <span class='ocrx_word' id='word_1_311' title='bbox 1883 753 1979 788; x_wconf 83' lang='lat' dir='ltr'>supra</span> 
     </span>
     <span class='ocr_line' id='line_1_65' title="bbox 1240 798 1981 845; baseline -0.007 -10"><span class='ocrx_word' id='word_1_312' title='bbox 1240 802 1368 842; x_wconf 88' lang='lat' dir='ltr'>relictis,</span> <span class='ocrx_word' id='word_1_313' title='bbox 1386 812 1439 834; x_wconf 87' lang='lat' dir='ltr'>scu</span> <span class='ocrx_word' id='word_1_314' title='bbox 1462 802 1490 834; x_wconf 90' lang='lat' dir='ltr'>in</span> <span class='ocrx_word' id='word_1_315' title='bbox 1511 807 1671 845; x_wconf 89' lang='lat' dir='ltr'>posterum</span> <span class='ocrx_word' id='word_1_316' title='bbox 1693 798 1981 843; x_wconf 77' lang='lat' dir='ltr'>reiinquendis,an-</span> 
     </span>
     <span class='ocr_line' id='line_1_66' title="bbox 1241 850 1981 899; baseline -0.007 -11"><span class='ocrx_word' id='word_1_317' title='bbox 1241 866 1302 889; x_wconf 90' lang='lat' dir='ltr'>nua</span> <span class='ocrx_word' id='word_1_318' title='bbox 1323 861 1410 889; x_wconf 89' lang='lat' dir='ltr'>scuta</span> <span class='ocrx_word' id='word_1_319' title='bbox 1430 855 1637 899; x_wconf 89' lang='lat' dir='ltr'>quadraginta</span> <span class='ocrx_word' id='word_1_320' title='bbox 1656 864 1714 898; x_wconf 87' lang='lat' dir='ltr'>pro</span> <span class='ocrx_word' id='word_1_321' title='bbox 1735 853 1875 897; x_wconf 84' lang='lat' dir='ltr'>quolibet</span> <span class='ocrx_word' id='word_1_322' title='bbox 1892 850 1981 884; x_wconf 87' lang='lat' dir='ltr'>semi-</span> 
     </span>
     <span class='ocr_line' id='line_1_67' title="bbox 1241 906 1981 951; baseline -0.005 -10"><span class='ocrx_word' id='word_1_323' title='bbox 1241 910 1357 943; x_wconf 88' lang='lat' dir='ltr'>narista</span> <span class='ocrx_word' id='word_1_324' title='bbox 1394 909 1441 941; x_wconf 87' lang='lat' dir='ltr'>vel</span> <span class='ocrx_word' id='word_1_325' title='bbox 1466 909 1584 942; x_wconf 86' lang='lat' dir='ltr'>lectore</span> <span class='ocrx_word' id='word_1_326' title='bbox 1607 919 1666 951; x_wconf 87' lang='lat' dir='ltr'>pro</span> <span class='ocrx_word' id='word_1_327' title='bbox 1691 913 1833 950; x_wconf 84' lang='lat' dir='ltr'>tempore</span> <span class='ocrx_word' id='word_1_328' title='bbox 1860 911 1890 938; x_wconf 87' lang='lat' dir='ltr'>et</span> <span class='ocrx_word' id='word_1_329' title='bbox 1914 906 1981 938; x_wconf 69' lang='lat' dir='ltr'>rata</span> 
     </span>
     <span class='ocr_line' id='line_1_68' title="bbox 1242 958 1979 1006; baseline -0.005 -11"><span class='ocrx_word' id='word_1_330' title='bbox 1242 962 1395 1006; x_wconf 83' lang='lat' dir='ltr'>temporis</span> <span class='ocrx_word' id='word_1_331' title='bbox 1420 972 1482 1006; x_wconf 87' lang='lat' dir='ltr'>quo</span> <span class='ocrx_word' id='word_1_332' title='bbox 1517 961 1649 1004; x_wconf 75' lang='lat' dir='ltr'>quilibet</span> <span class='ocrx_word' id='word_1_333' title='bbox 1682 961 1782 993; x_wconf 86' lang='lat' dir='ltr'>lector</span> <span class='ocrx_word' id='word_1_334' title='bbox 1817 965 1847 992; x_wconf 88' lang='lat' dir='ltr'>et</span> <span class='ocrx_word' id='word_1_335' title='bbox 1881 958 1979 992; x_wconf 87' lang='lat' dir='ltr'>semi-</span> 
     </span>
     <span class='ocr_line' id='line_1_69' title="bbox 1242 1013 1982 1050; baseline -0.005 -2"><span class='ocrx_word' id='word_1_336' title='bbox 1242 1016 1358 1050; x_wconf 72' lang='lat' dir='ltr'>nat-ista</span> <span class='ocrx_word' id='word_1_337' title='bbox 1387 1016 1426 1048; x_wconf 86' lang='lat' dir='ltr'>ibi</span> <span class='ocrx_word' id='word_1_338' title='bbox 1452 1014 1605 1048; x_wconf 87' lang='lat' dir='ltr'>resederit</span> <span class='ocrx_word' id='word_1_339' title='bbox 1627 1025 1663 1047; x_wconf 91' lang='lat' dir='ltr'>ac</span> <span class='ocrx_word' id='word_1_340' title='bbox 1693 1013 1920 1047; x_wconf 85' lang='lat' dir='ltr'>cohabitaverit</span> <span class='ocrx_word' id='word_1_341' title='bbox 1951 1017 1982 1045; x_wconf 89' lang='lat' dir='ltr'>et</span> 
     </span>
     <span class='ocr_line' id='line_1_70' title="bbox 1243 1066 1982 1110; baseline -0.007 -8"><span class='ocrx_word' id='word_1_342' title='bbox 1243 1068 1435 1110; x_wconf 76' lang='lat' dir='ltr'>convixerit,</span> <span class='ocrx_word' id='word_1_343' title='bbox 1464 1067 1700 1101; x_wconf 75' lang='lat' dir='ltr'>remanentibus</span> <span class='ocrx_word' id='word_1_344' title='bbox 1736 1066 1774 1099; x_wconf 87' lang='lat' dir='ltr'>ad</span> <span class='ocrx_word' id='word_1_345' title='bbox 1810 1070 1982 1099; x_wconf 86' lang='lat' dir='ltr'>conventus</span> 
     </span>
     <span class='ocr_line' id='line_1_71' title="bbox 1244 1118 1983 1166; baseline -0.005 -11"><span class='ocrx_word' id='word_1_346' title='bbox 1244 1122 1445 1155; x_wconf 89' lang='lat' dir='ltr'>commodum</span> <span class='ocrx_word' id='word_1_347' title='bbox 1463 1121 1670 1166; x_wconf 61' lang='lat' dir='ltr'>eleemosynis</span> <span class='ocrx_word' id='word_1_348' title='bbox 1691 1131 1745 1154; x_wconf 86' lang='lat' dir='ltr'>seu</span> <span class='ocrx_word' id='word_1_349' title='bbox 1763 1118 1983 1153; x_wconf 88' lang='lat' dir='ltr'>emolumentis</span> 
     </span>
     <span class='ocr_line' id='line_1_72' title="bbox 1243 1172 1983 1219; baseline -0.003 -13"><span class='ocrx_word' id='word_1_350' title='bbox 1243 1186 1300 1219; x_wconf 85' lang='lat' dir='ltr'>pro</span> <span class='ocrx_word' id='word_1_351' title='bbox 1326 1175 1445 1215; x_wconf 89' lang='lat' dir='ltr'>missis,</span> <span class='ocrx_word' id='word_1_352' title='bbox 1466 1186 1483 1207; x_wconf 89' lang='lat' dir='ltr'>a</span> <span class='ocrx_word' id='word_1_353' title='bbox 1506 1174 1675 1219; x_wconf 88' lang='lat' dir='ltr'>praedictis</span> <span class='ocrx_word' id='word_1_354' title='bbox 1699 1172 1915 1214; x_wconf 88' lang='lat' dir='ltr'>seminaristis,</span> <span class='ocrx_word' id='word_1_355' title='bbox 1938 1172 1983 1205; x_wconf 91' lang='lat' dir='ltr'>le-</span> 
     </span>
     <span class='ocr_line' id='line_1_73' title="bbox 1245 1226 1984 1271; baseline -0.004 -10"><span class='ocrx_word' id='word_1_356' title='bbox 1245 1229 1384 1262; x_wconf 71' lang='lat' dir='ltr'>ctoribus</span> <span class='ocrx_word' id='word_1_357' title='bbox 1404 1233 1433 1261; x_wconf 87' lang='lat' dir='ltr'>ct</span> <span class='ocrx_word' id='word_1_358' title='bbox 1454 1228 1613 1271; x_wconf 79' lang='lat' dir='ltr'>magistris</span> <span class='ocrx_word' id='word_1_359' title='bbox 1634 1226 1840 1269; x_wconf 75' lang='lat' dir='ltr'>celebrandis,</span> <span class='ocrx_word' id='word_1_360' title='bbox 1854 1235 1984 1270; x_wconf 88' lang='lat' dir='ltr'>quomo-</span> 
     </span>
     <span class='ocr_line' id='line_1_74' title="bbox 1244 1280 1984 1323; baseline -0.004 -8"><span class='ocrx_word' id='word_1_361' title='bbox 1244 1282 1362 1316; x_wconf 89' lang='lat' dir='ltr'>dolibet</span> <span class='ocrx_word' id='word_1_362' title='bbox 1397 1281 1645 1321; x_wconf 70' lang='lat' dir='ltr'>resultantibus,</span> <span class='ocrx_word' id='word_1_363' title='bbox 1677 1286 1727 1323; x_wconf 88' lang='lat' dir='ltr'>at,</span> <span class='ocrx_word' id='word_1_364' title='bbox 1753 1280 1777 1313; x_wconf 91' lang='lat' dir='ltr'>si</span> <span class='ocrx_word' id='word_1_365' title='bbox 1802 1280 1902 1313; x_wconf 85' lang='lat' dir='ltr'>lector</span> <span class='ocrx_word' id='word_1_366' title='bbox 1925 1289 1984 1322; x_wconf 88' lang='lat' dir='ltr'>pro</span> 
     </span>
     <span class='ocr_line' id='line_1_75' title="bbox 1245 1332 1982 1378; baseline -0.005 -10"><span class='ocrx_word' id='word_1_367' title='bbox 1245 1336 1348 1368; x_wconf 87' lang='lat' dir='ltr'>studio</span> <span class='ocrx_word' id='word_1_368' title='bbox 1372 1335 1552 1378; x_wconf 88' lang='lat' dir='ltr'>linguarum</span> <span class='ocrx_word' id='word_1_369' title='bbox 1578 1334 1671 1367; x_wconf 86' lang='lat' dir='ltr'>suerit</span> <span class='ocrx_word' id='word_1_370' title='bbox 1695 1333 1845 1367; x_wconf 88' lang='lat' dir='ltr'>secularis</span> <span class='ocrx_word' id='word_1_371' title='bbox 1861 1332 1908 1365; x_wconf 89' lang='lat' dir='ltr'>vel</span> <span class='ocrx_word' id='word_1_372' title='bbox 1929 1343 1982 1364; x_wconf 89' lang='lat' dir='ltr'>re-</span> 
     </span>
     <span class='ocr_line' id='line_1_76' title="bbox 1246 1385 1985 1431; baseline -0.005 -10"><span class='ocrx_word' id='word_1_373' title='bbox 1246 1389 1377 1431; x_wconf 85' lang='lat' dir='ltr'>ligiosus</span> <span class='ocrx_word' id='word_1_374' title='bbox 1410 1388 1538 1420; x_wconf 88' lang='lat' dir='ltr'>alterius</span> <span class='ocrx_word' id='word_1_375' title='bbox 1570 1387 1716 1428; x_wconf 87' lang='lat' dir='ltr'>Ordinis,</span> <span class='ocrx_word' id='word_1_376' title='bbox 1742 1391 1924 1430; x_wconf 87' lang='lat' dir='ltr'>competens</span> <span class='ocrx_word' id='word_1_377' title='bbox 1957 1385 1985 1418; x_wconf 89' lang='lat' dir='ltr'>ei</span> 
     </span>
     <span class='ocr_line' id='line_1_77' title="bbox 1246 1438 1986 1486; baseline -0.005 -12"><span class='ocrx_word' id='word_1_378' title='bbox 1246 1441 1435 1486; x_wconf 85' lang='lat' dir='ltr'>stipendium</span> <span class='ocrx_word' id='word_1_379' title='bbox 1462 1452 1497 1474; x_wconf 80' lang='lat' dir='ltr'>ex</span> <span class='ocrx_word' id='word_1_380' title='bbox 1523 1441 1595 1474; x_wconf 89' lang='lat' dir='ltr'>dicti</span> <span class='ocrx_word' id='word_1_381' title='bbox 1629 1440 1787 1473; x_wconf 87' lang='lat' dir='ltr'>seminarii</span> <span class='ocrx_word' id='word_1_382' title='bbox 1813 1438 1986 1472; x_wconf 89' lang='lat' dir='ltr'>redditibus</span> 
     </span>
     <span class='ocr_line' id='line_1_78' title="bbox 1246 1492 1986 1537; baseline -0.005 -9"><span class='ocrx_word' id='word_1_383' title='bbox 1246 1495 1385 1528; x_wconf 89' lang='lat' dir='ltr'>eiusdem</span> <span class='ocrx_word' id='word_1_384' title='bbox 1420 1494 1673 1537; x_wconf 83' lang='lat' dir='ltr'>congregationis</span> <span class='ocrx_word' id='word_1_385' title='bbox 1698 1492 1903 1526; x_wconf 87' lang='lat' dir='ltr'>cardinalium</span> <span class='ocrx_word' id='word_1_386' title='bbox 1936 1501 1986 1524; x_wconf 88' lang='lat' dir='ltr'>ar-</span> 
     </span>
     <span class='ocr_line' id='line_1_79' title="bbox 1247 1549 1551 1592; baseline -0.007 -10"><span class='ocrx_word' id='word_1_387' title='bbox 1247 1549 1340 1582; x_wconf 86' lang='lat' dir='ltr'>bitrio</span> <span class='ocrx_word' id='word_1_388' title='bbox 1365 1549 1551 1592; x_wconf 80' lang='lat' dir='ltr'>assignetur.</span> 
     </span>
    </p>

    <p class='ocr_par' dir='ltr' id='par_1_12' title="bbox 1247 1599 1993 2498">
     <span class='ocr_line' id='line_1_80' title="bbox 1292 1599 1986 1646; baseline -0.006 -10"><span class='ocrx_word' id='word_1_389' title='bbox 1292 1603 1354 1646; x_wconf 63' lang='lat'>§5</span> <span class='ocrx_word' id='word_1_390' title='bbox 1380 1603 1519 1646; x_wconf 82' lang='lat' dir='ltr'>Denique</span> <span class='ocrx_word' id='word_1_391' title='bbox 1545 1602 1729 1643; x_wconf 87' lang='lat' dir='ltr'>statuimus,</span> <span class='ocrx_word' id='word_1_392' title='bbox 1754 1605 1787 1634; x_wconf 89' lang='lat' dir='ltr'>ut</span> <span class='ocrx_word' id='word_1_393' title='bbox 1809 1611 1868 1645; x_wconf 90' lang='lat' dir='ltr'>pro</span> <span class='ocrx_word' id='word_1_394' title='bbox 1893 1599 1986 1633; x_wconf 87' lang='lat' dir='ltr'>semi-</span> 
     </span>
     <span class='ocr_line' id='line_1_81' title="bbox 1247 1653 1987 1698; baseline -0.005 -9"><span class='ocrx_word' id='word_1_395' title='bbox 1247 1657 1374 1689; x_wconf 89' lang='lat' dir='ltr'>naristis</span> <span class='ocrx_word' id='word_1_396' title='bbox 1423 1655 1603 1689; x_wconf 85' lang='lat' dir='ltr'>huiusmodi</span> <span class='ocrx_word' id='word_1_397' title='bbox 1646 1655 1802 1698; x_wconf 88' lang='lat' dir='ltr'>eligantur</span> <span class='ocrx_word' id='word_1_398' title='bbox 1848 1653 1987 1686; x_wconf 87' lang='lat' dir='ltr'>eiusdem</span> 
     </span>
     <span class='ocr_line' id='line_1_82' title="bbox 1248 1705 1987 1751; baseline -0.007 -8"><span class='ocrx_word' id='word_1_399' title='bbox 1248 1710 1372 1744; x_wconf 89' lang='lat' dir='ltr'>Ordinis</span> <span class='ocrx_word' id='word_1_400' title='bbox 1397 1709 1574 1742; x_wconf 85' lang='lat' dir='ltr'>sacerdotes</span> <span class='ocrx_word' id='word_1_401' title='bbox 1599 1719 1635 1741; x_wconf 79' lang='lat' dir='ltr'>ex</span> <span class='ocrx_word' id='word_1_402' title='bbox 1660 1707 1798 1751; x_wconf 87' lang='lat' dir='ltr'>qualibet</span> <span class='ocrx_word' id='word_1_403' title='bbox 1822 1705 1987 1751; x_wconf 70' lang='lat' dir='ltr'>provincia</span> 
     </span>
     <span class='ocr_line' id='line_1_83' title="bbox 1248 1759 1987 1805; baseline -0.005 -10"><span class='ocrx_word' id='word_1_404' title='bbox 1248 1763 1339 1796; x_wconf 84' lang='lat' dir='ltr'>bonis</span> <span class='ocrx_word' id='word_1_405' title='bbox 1364 1762 1515 1803; x_wconf 72' lang='lat' dir='ltr'>moribus,</span> <span class='ocrx_word' id='word_1_406' title='bbox 1548 1762 1679 1805; x_wconf 89' lang='lat' dir='ltr'>pictate,</span> <span class='ocrx_word' id='word_1_407' title='bbox 1704 1761 1786 1801; x_wconf 87' lang='lat' dir='ltr'>zelo,</span> <span class='ocrx_word' id='word_1_408' title='bbox 1812 1759 1987 1803; x_wconf 74' lang='lat' dir='ltr'>prudentia,</span> 
     </span>
     <span class='ocr_line' id='line_1_84' title="bbox 1249 1813 1990 1858; baseline -0.007 -9"><span class='ocrx_word' id='word_1_409' title='bbox 1249 1815 1402 1856; x_wconf 77' lang='lat' dir='ltr'>doctrina,</span> <span class='ocrx_word' id='word_1_410' title='bbox 1420 1814 1551 1858; x_wconf 83' lang='lat' dir='ltr'>aliisque</span> <span class='ocrx_word' id='word_1_411' title='bbox 1576 1813 1750 1854; x_wconf 85' lang='lat' dir='ltr'>virtutibus,</span> <span class='ocrx_word' id='word_1_412' title='bbox 1775 1822 1896 1845; x_wconf 85' lang='lat' dir='ltr'>necnon</span> <span class='ocrx_word' id='word_1_413' title='bbox 1920 1822 1990 1845; x_wconf 87' lang='lat' dir='ltr'>cor-</span> 
     </span>
     <span class='ocr_line' id='line_1_85' title="bbox 1248 1865 1990 1912; baseline -0.001 -14"><span class='ocrx_word' id='word_1_414' title='bbox 1248 1868 1336 1912; x_wconf 86' lang='lat' dir='ltr'>poris</span> <span class='ocrx_word' id='word_1_415' title='bbox 1350 1868 1481 1900; x_wconf 83' lang='lat' dir='ltr'>sanitate</span> <span class='ocrx_word' id='word_1_416' title='bbox 1501 1866 1644 1910; x_wconf 89' lang='lat' dir='ltr'>praediti,</span> <span class='ocrx_word' id='word_1_417' title='bbox 1658 1866 1709 1909; x_wconf 86' lang='lat' dir='ltr'>qui</span> <span class='ocrx_word' id='word_1_418' title='bbox 1728 1865 1865 1898; x_wconf 89' lang='lat' dir='ltr'>studium</span> <span class='ocrx_word' id='word_1_419' title='bbox 1883 1874 1990 1898; x_wconf 86' lang='lat' dir='ltr'>sacrae</span> 
     </span>
     <span class='ocr_line' id='line_1_86' title="bbox 1252 1919 1989 1965; baseline -0.005 -11"><span class='ocrx_word' id='word_1_420' title='bbox 1252 1921 1427 1965; x_wconf 84' lang='lat' dir='ltr'>theologiae</span> <span class='ocrx_word' id='word_1_421' title='bbox 1438 1920 1674 1964; x_wconf 87' lang='lat' dir='ltr'>compleverint,</span> <span class='ocrx_word' id='word_1_422' title='bbox 1687 1924 1799 1963; x_wconf 86' lang='lat' dir='ltr'>etpost</span> <span class='ocrx_word' id='word_1_423' title='bbox 1813 1919 1989 1962; x_wconf 86' lang='lat' dir='ltr'>ingressum</span> 
     </span>
     <span class='ocr_line' id='line_1_87' title="bbox 1252 1971 1990 2008; baseline -0.003 -1"><span class='ocrx_word' id='word_1_424' title='bbox 1252 1975 1331 2008; x_wconf 79' lang='lat' dir='ltr'>infra</span> <span class='ocrx_word' id='word_1_425' title='bbox 1350 1985 1401 2007; x_wconf 77' lang='lat' dir='ltr'>sex</span> <span class='ocrx_word' id='word_1_426' title='bbox 1428 1984 1553 2007; x_wconf 84' lang='lat' dir='ltr'>menses</span> <span class='ocrx_word' id='word_1_427' title='bbox 1571 1973 1781 2006; x_wconf 89' lang='lat' dir='ltr'>iuramentum</span> <span class='ocrx_word' id='word_1_428' title='bbox 1800 1972 1830 2004; x_wconf 94' lang='lat' dir='ltr'>in</span> <span class='ocrx_word' id='word_1_429' title='bbox 1846 1971 1990 2005; x_wconf 86' lang='lat' dir='ltr'>manibus</span> 
     </span>
     <span class='ocr_line' id='line_1_88' title="bbox 1252 2026 1991 2070; baseline -0.007 -8"><span class='ocrx_word' id='word_1_430' title='bbox 1252 2030 1356 2062; x_wconf 89' lang='lat' dir='ltr'>dilecti</span> <span class='ocrx_word' id='word_1_431' title='bbox 1375 2029 1430 2062; x_wconf 80' lang='lat' dir='ltr'>filii</span> <span class='ocrx_word' id='word_1_432' title='bbox 1455 2028 1554 2062; x_wconf 88' lang='lat' dir='ltr'>nostri</span> <span class='ocrx_word' id='word_1_433' title='bbox 1572 2027 1601 2060; x_wconf 86' lang='lat' dir='ltr'>S.</span> <span class='ocrx_word' id='word_1_434' title='bbox 1618 2028 1652 2060; x_wconf 88' lang='lat' dir='ltr'>R.</span> <span class='ocrx_word' id='word_1_435' title='bbox 1671 2027 1703 2060; x_wconf 91' lang='lat' dir='ltr'>E.</span> <span class='ocrx_word' id='word_1_436' title='bbox 1723 2026 1888 2060; x_wconf 87' lang='lat' dir='ltr'>cardinalis</span> <span class='ocrx_word' id='word_1_437' title='bbox 1904 2035 1991 2070; x_wconf 89' lang='lat' dir='ltr'>prae-</span> 
     </span>
     <span class='ocr_line' id='line_1_89' title="bbox 1253 2079 1990 2126; baseline -0.005 -11"><span class='ocrx_word' id='word_1_438' title='bbox 1253 2083 1322 2116; x_wconf 88' lang='lat' dir='ltr'>sccti</span> <span class='ocrx_word' id='word_1_439' title='bbox 1341 2081 1592 2126; x_wconf 80' lang='lat' dir='ltr'>congregationis</span> <span class='ocrx_word' id='word_1_440' title='bbox 1610 2081 1765 2114; x_wconf 88' lang='lat' dir='ltr'>dictorum</span> <span class='ocrx_word' id='word_1_441' title='bbox 1784 2079 1990 2113; x_wconf 86' lang='lat' dir='ltr'>cardinalium</span> 
     </span>
     <span class='ocr_line' id='line_1_90' title="bbox 1254 2132 1992 2177; baseline -0.005 -8"><span class='ocrx_word' id='word_1_442' title='bbox 1254 2141 1283 2169; x_wconf 88' lang='lat' dir='ltr'>ct</span> <span class='ocrx_word' id='word_1_443' title='bbox 1307 2146 1413 2169; x_wconf 87' lang='lat' dir='ltr'>coram</span> <span class='ocrx_word' id='word_1_444' title='bbox 1439 2135 1493 2168; x_wconf 90' lang='lat' dir='ltr'>illo</span> <span class='ocrx_word' id='word_1_445' title='bbox 1518 2134 1646 2168; x_wconf 89' lang='lat' dir='ltr'>omnino</span> <span class='ocrx_word' id='word_1_446' title='bbox 1671 2134 1821 2176; x_wconf 86' lang='lat' dir='ltr'>emittant,</span> <span class='ocrx_word' id='word_1_447' title='bbox 1847 2132 1932 2177; x_wconf 87' lang='lat' dir='ltr'>quod</span> <span class='ocrx_word' id='word_1_448' title='bbox 1957 2132 1992 2165; x_wconf 84' lang='lat' dir='ltr'>fi-</span> 
     </span>
     <span class='ocr_line' id='line_1_91' title="bbox 1253 2185 1992 2231; baseline -0.004 -11"><span class='ocrx_word' id='word_1_449' title='bbox 1253 2189 1325 2221; x_wconf 90' lang='lat' dir='ltr'>nitis</span> <span class='ocrx_word' id='word_1_450' title='bbox 1350 2187 1460 2221; x_wconf 90' lang='lat' dir='ltr'>studiis</span> <span class='ocrx_word' id='word_1_451' title='bbox 1489 2193 1522 2220; x_wconf 93' lang='lat' dir='ltr'>ut</span> <span class='ocrx_word' id='word_1_452' title='bbox 1539 2197 1633 2231; x_wconf 79' lang='lat' dir='ltr'>supra</span> <span class='ocrx_word' id='word_1_453' title='bbox 1657 2185 1943 2220; x_wconf 84' lang='lat' dir='ltr'>controversiarum</span> <span class='ocrx_word' id='word_1_454' title='bbox 1962 2189 1992 2218; x_wconf 84' lang='lat' dir='ltr'>ct</span> 
     </span>
     <span class='ocr_line' id='line_1_92' title="bbox 1254 2238 1989 2285; baseline -0.005 -11"><span class='ocrx_word' id='word_1_455' title='bbox 1254 2243 1435 2285; x_wconf 83' lang='lat' dir='ltr'>linguarum</span> <span class='ocrx_word' id='word_1_456' title='bbox 1468 2241 1505 2274; x_wconf 89' lang='lat' dir='ltr'>ad</span> <span class='ocrx_word' id='word_1_457' title='bbox 1535 2251 1628 2274; x_wconf 88' lang='lat' dir='ltr'>omne</span> <span class='ocrx_word' id='word_1_458' title='bbox 1657 2238 1909 2283; x_wconf 79' lang='lat' dir='ltr'>congregationis</span> <span class='ocrx_word' id='word_1_459' title='bbox 1932 2247 1989 2271; x_wconf 87' lang='lat' dir='ltr'>eo-</span> 
     </span>
     <span class='ocr_line' id='line_1_93' title="bbox 1254 2291 1992 2328; baseline -0.005 0"><span class='ocrx_word' id='word_1_460' title='bbox 1254 2296 1396 2328; x_wconf 87' lang='lat' dir='ltr'>rumdem</span> <span class='ocrx_word' id='word_1_461' title='bbox 1423 2295 1628 2328; x_wconf 86' lang='lat' dir='ltr'>cardinalium</span> <span class='ocrx_word' id='word_1_462' title='bbox 1655 2293 1832 2327; x_wconf 87' lang='lat' dir='ltr'>mandatum</span> <span class='ocrx_word' id='word_1_463' title='bbox 1853 2292 1891 2325; x_wconf 83' lang='lat' dir='ltr'>ad</span> <span class='ocrx_word' id='word_1_464' title='bbox 1916 2291 1992 2324; x_wconf 86' lang='lat' dir='ltr'>mis-</span> 
     </span>
     <span class='ocr_line' id='line_1_94' title="bbox 1254 2345 1993 2393; baseline -0.005 -12"><span class='ocrx_word' id='word_1_465' title='bbox 1254 2349 1357 2381; x_wconf 83' lang='lat' dir='ltr'>siones</span> <span class='ocrx_word' id='word_1_466' title='bbox 1380 2353 1527 2393; x_wconf 83' lang='lat' dir='ltr'>prompte</span> <span class='ocrx_word' id='word_1_467' title='bbox 1552 2348 1641 2380; x_wconf 87' lang='lat' dir='ltr'>ibunt</span> <span class='ocrx_word' id='word_1_468' title='bbox 1666 2351 1695 2381; x_wconf 90' lang='lat' dir='ltr'>et</span> <span class='ocrx_word' id='word_1_469' title='bbox 1718 2347 1790 2379; x_wconf 85' lang='lat' dir='ltr'>inde</span> <span class='ocrx_word' id='word_1_470' title='bbox 1813 2355 1876 2380; x_wconf 91' lang='lat' dir='ltr'>non</span> <span class='ocrx_word' id='word_1_471' title='bbox 1896 2345 1993 2378; x_wconf 87' lang='lat' dir='ltr'>disee-</span> 
     </span>
     <span class='ocr_line' id='line_1_95' title="bbox 1254 2399 1992 2445; baseline -0.003 -12"><span class='ocrx_word' id='word_1_472' title='bbox 1254 2401 1327 2434; x_wconf 87' lang='lat' dir='ltr'>dent</span> <span class='ocrx_word' id='word_1_473' title='bbox 1351 2402 1470 2445; x_wconf 85' lang='lat' dir='ltr'>absque</span> <span class='ocrx_word' id='word_1_474' title='bbox 1495 2401 1633 2434; x_wconf 80' lang='lat' dir='ltr'>eiusdem</span> <span class='ocrx_word' id='word_1_475' title='bbox 1659 2399 1915 2444; x_wconf 82' lang='lat' dir='ltr'>congregationis</span> <span class='ocrx_word' id='word_1_476' title='bbox 1940 2409 1992 2431; x_wconf 90' lang='lat' dir='ltr'>ex-</span> 
     </span>
     <span class='ocr_line' id='line_1_96' title="bbox 1255 2455 1519 2498; baseline 0.008 -12"><span class='ocrx_word' id='word_1_477' title='bbox 1255 2456 1362 2498; x_wconf 80' lang='lat' dir='ltr'>pressa</span> <span class='ocrx_word' id='word_1_478' title='bbox 1385 2455 1519 2488; x_wconf 76' lang='lat' dir='ltr'>licentia.</span> 
     </span>
    </p>

    <p class='ocr_par' dir='ltr' id='par_1_13' title="bbox 1256 2505 1993 2658">
     <span class='ocr_line' id='line_1_97' title="bbox 1299 2505 1993 2552; baseline -0.001 -13"><span class='ocrx_word' id='word_1_479' title='bbox 1299 2508 1313 2550; x_wconf 62' lang='lat' dir='ltr'>g</span> <span class='ocrx_word' id='word_1_480' title='bbox 1327 2506 1355 2539; x_wconf 73' lang='lat'>(3.</span> <span class='ocrx_word' id='word_1_481' title='bbox 1371 2508 1579 2540; x_wconf 89' lang='lat' dir='ltr'>Decernentes</span> <span class='ocrx_word' id='word_1_482' title='bbox 1591 2512 1772 2552; x_wconf 87' lang='lat' dir='ltr'>praesentes</span> <span class='ocrx_word' id='word_1_483' title='bbox 1785 2507 1904 2540; x_wconf 88' lang='lat' dir='ltr'>litteras</span> <span class='ocrx_word' id='word_1_484' title='bbox 1918 2510 1948 2538; x_wconf 87' lang='lat' dir='ltr'>et</span> <span class='ocrx_word' id='word_1_485' title='bbox 1961 2505 1993 2538; x_wconf 93' lang='lat' dir='ltr'>in</span> 
     </span>
     <span class='ocr_line' id='line_1_98' title="bbox 1256 2560 1992 2606; baseline 0.003 -14"><span class='ocrx_word' id='word_1_486' title='bbox 1256 2561 1298 2593; x_wconf 76' lang='lat' dir='ltr'>cis</span> <span class='ocrx_word' id='word_1_487' title='bbox 1328 2565 1471 2595; x_wconf 84' lang='lat' dir='ltr'>contenta</span> <span class='ocrx_word' id='word_1_488' title='bbox 1501 2571 1736 2606; x_wconf 81' lang='lat' dir='ltr'>quaecumque,</span> <span class='ocrx_word' id='word_1_489' title='bbox 1761 2560 1853 2593; x_wconf 88' lang='lat' dir='ltr'>etiam</span> <span class='ocrx_word' id='word_1_490' title='bbox 1886 2570 1922 2593; x_wconf 77' lang='lat' dir='ltr'>ex</span> <span class='ocrx_word' id='word_1_491' title='bbox 1954 2570 1992 2594; x_wconf 91' lang='lat' dir='ltr'>eo</span> 
     </span>
     <span class='ocr_line' id='line_1_99' title="bbox 1256 2613 1989 2658; baseline 0.005 -15"><span class='ocrx_word' id='word_1_492' title='bbox 1256 2614 1338 2657; x_wconf 87' lang='lat' dir='ltr'>quod</span> <span class='ocrx_word' id='word_1_493' title='bbox 1367 2614 1557 2658; x_wconf 84' lang='lat' dir='ltr'>quicumque</span> <span class='ocrx_word' id='word_1_494' title='bbox 1587 2615 1678 2648; x_wconf 88' lang='lat' dir='ltr'>etiam</span> <span class='ocrx_word' id='word_1_495' title='bbox 1708 2613 1832 2658; x_wconf 85' lang='lat' dir='ltr'>speciali</span> <span class='ocrx_word' id='word_1_496' title='bbox 1858 2623 1989 2657; x_wconf 81' lang='lat' dir='ltr'>expres-</span> 
     </span>
    </p>
   </div>
   <div class='ocr_carea' id='block_1_11' title="bbox 1987 215 2239 247">
    <p class='ocr_par' dir='ltr' id='par_1_14' title="bbox 1987 215 2239 247">
     <span class='ocr_line' id='line_1_100' title="bbox 1987 215 2239 247; baseline 0.004 -5"><span class='ocrx_word' id='word_1_497' title='bbox 1987 215 2034 242; x_wconf 79' lang='lat' dir='ltr'>An.</span> <span class='ocrx_word' id='word_1_498' title='bbox 2052 215 2081 242; x_wconf 84' lang='lat' dir='ltr'>C.</span> <span class='ocrx_word' id='word_1_499' title='bbox 2102 215 2168 244; x_wconf 73' lang='lat'>¹655</span> <span class='ocrx_word' id='word_1_500' title='bbox 2197 242 2201 247; x_wconf 89' lang='grc'><em>,</em></span> <span class='ocrx_word' id='word_1_501' title='bbox 2238 224 2239 227; x_wconf 69' lang='grc'>’</span> 
     </span>
    </p>
   </div>
   <div class='ocr_carea' id='block_1_12' title="bbox 2192 121 2263 1689">
    <p class='ocr_par' dir='ltr' id='par_1_15' title="bbox 2192 121 2263 1689">
     <span class='ocr_line' id='line_1_101' title="bbox 2192 121 2263 1689; baseline 0 0"><span class='ocrx_word' id='word_1_502' title='bbox 2192 121 2263 1689; x_wconf 95' lang='lat' dir='ltr'> </span> 
     </span>
    </p>
   </div>
   <div class='ocr_carea' id='block_1_13' title="bbox 2241 1584 2248 1714">
    <p class='ocr_par' dir='ltr' id='par_1_16' title="bbox 2241 1584 2248 1714">
     <span class='ocr_line' id='line_1_102' title="bbox 2244 1584 2248 1592; baseline 0 0"><span class='ocrx_word' id='word_1_503' title='bbox 2244 1584 2248 1592; x_wconf 66' lang='lat' dir='ltr'>i</span> 
     </span>
     <span class='ocr_line' id='line_1_103' title="bbox 2241 1690 2243 1703; baseline 0 0"><span class='ocrx_word' id='word_1_504' title='bbox 2241 1690 2243 1703; x_wconf 80' lang='lat' dir='ltr'>l</span> 
     </span>
     <span class='ocr_line' id='line_1_104' title="bbox 2242 1705 2243 1714; baseline 0 0"><span class='ocrx_word' id='word_1_505' title='bbox 2242 1705 2243 1714; x_wconf 75' lang='lat' dir='ltr'>i</span> 
     </span>
    </p>
   </div>
   <div class='ocr_carea' id='block_1_14' title="bbox 2219 1737 2229 1790">
    <p class='ocr_par' dir='ltr' id='par_1_17' title="bbox 2219 1737 2229 1790">
     <span class='ocr_line' id='line_1_105' title="bbox 2219 1737 2229 1790; textangle 90"><span class='ocrx_word' id='word_1_506' title='bbox 2219 1737 2229 1790; x_wconf 66' lang='grc' dir='ltr'>-ο</span> 
     </span>
    </p>
   </div>
   <div class='ocr_carea' id='block_1_15' title="bbox 2217 1814 2235 2234">
    <p class='ocr_par' dir='ltr' id='par_1_18' title="bbox 2217 1814 2235 2234">
     <span class='ocr_line' id='line_1_106' title="bbox 2217 1814 2235 2234; textangle 90"><span class='ocrx_word' id='word_1_507' title='bbox 2217 2123 2234 2234; x_wconf 57' lang='grc' dir='ltr'>’”’·Ί“ὁ”“““</span> <span class='ocrx_word' id='word_1_508' title='bbox 2217 2059 2233 2110; x_wconf 52' lang='grc'><em>7.·’9</em></span> <span class='ocrx_word' id='word_1_509' title='bbox 2223 2039 2226 2050; x_wconf 91' lang='grc'><em>“</em></span> <span class='ocrx_word' id='word_1_510' title='bbox 2219 1905 2235 2024; x_wconf 47' lang='grc' dir='ltr'>Μέμ</span> <span class='ocrx_word' id='word_1_511' title='bbox 2219 1814 2233 1894; x_wconf 50' lang='lat' dir='ltr'>&#39;sest-v</span> 
     </span>
    </p>
   </div>
   <div class='ocr_carea' id='block_1_16' title="bbox 2006 2511 2190 2559">
    <p class='ocr_par' dir='ltr' id='par_1_19' title="bbox 2006 2511 2190 2559">
     <span class='ocr_line' id='line_1_107' title="bbox 2019 2511 2190 2532; baseline -0.012 0"><span class='ocrx_word' id='word_1_512' title='bbox 2019 2511 2145 2532; x_wconf 75' lang='lat' dir='ltr'>Praesentes</span> <span class='ocrx_word' id='word_1_513' title='bbox 2153 2515 2190 2531; x_wconf 81' lang='lat' dir='ltr'>va·</span> 
     </span>
     <span class='ocr_line' id='line_1_108' title="bbox 2006 2536 2176 2559; baseline -0.006 0"><span class='ocrx_word' id='word_1_514' title='bbox 2006 2537 2063 2559; x_wconf 75' lang='lat' dir='ltr'>ltdas</span> <span class='ocrx_word' id='word_1_515' title='bbox 2072 2536 2176 2559; x_wconf 72' lang='lat' dir='ltr'>declarat.</span> 
     </span>
    </p>
   </div>
   <div class='ocr_carea' id='block_1_17' title="bbox 2216 2238 2243 2533">
    <p class='ocr_par' dir='ltr' id='par_1_20' title="bbox 2216 2238 2243 2533">
     <span class='ocr_line' id='line_1_109' title="bbox 2216 2238 2243 2533; textangle 90"><span class='ocrx_word' id='word_1_516' title='bbox 2220 2523 2243 2533; x_wconf 61' lang='lat' dir='ltr'><strong><em>j</em></strong></span> <span class='ocrx_word' id='word_1_517' title='bbox 2216 2357 2234 2504; x_wconf 43' lang='lat' dir='ltr'>&#39;fit-“1⁴⁶0</span> <span class='ocrx_word' id='word_1_518' title='bbox 2216 2306 2243 2348; x_wconf 30' lang='grc' dir='ltr'>δέ*</span> <span class='ocrx_word' id='word_1_519' title='bbox 2218 2262 2236 2299; x_wconf 62' lang='lat' dir='ltr'>rr-</span> <span class='ocrx_word' id='word_1_520' title='bbox 2220 2238 2233 2254; x_wconf 58' lang='lat' dir='ltr'>su</span> 
     </span>
    </p>
   </div>
  </div>
 </body>
</html>
