2185 3188
49 159 100 192 An.
117 159 146 185 C.
166 157 232 185 ¹656

66 1168 189 1190 paulinum

10 1816 13 1823 ι
71 1804 218 1832 'transumpto-

12 1859 14 1861 Ι
39 1836 82 1853 mm
95 1831 153 1853 fides.

836 155 1019 179 ALExAann
1045 156 1087 179 VII
1109 156 1155 179 ΓΡ.

242 204 409 237 missorum
436 205 603 246 concessis,
629 203 821 237 confirmatis
842 208 872 235 ct
891 202 980 236 inno-

242 256 328 296 vatis;
353 256 469 300 quibus
489 257 636 290 omnibus
653 262 683 290 et
699 256 841 300 singulis,
859 256 978 288 etiamsi

240 319 299 353 pro
316 309 482 342 sufficienti
507 309 634 343 illorum
649 309 853 352 derogatione
867 308 905 341 de
919 309 979 342 illis

240 372 416 406 eorumque
437 362 508 396 totis
531 362 694 395 tenoribus
720 362 882 405 specialis,
907 372 977 406 spe-

239 414 339 456 cifica,
357 425 504 459 expressa
529 420 558 448 et
583 415 751 455 individua,
772 425 807 447 ac
827 415 865 447 de
883 415 979 448 verbo

238 467 275 501 ad
301 467 443 509 verbum,
467 479 531 502 non
554 474 657 501 autem
683 479 739 512 per
757 468 912 500 clausulas
929 478 978 510 ge-

238 521 360 554 nerales
396 521 478 554 idem
512 522 738 566 importantes‚
774 521 891 554 mentio
923 531 977 554 seu

238 574 365 618 quaevis
390 574 450 608 alia
474 575 637 618 expressio
654 574 795 607 facienda
808 579 860 606 aut
874 574 977 617 aliqua

237 626 298 660 alia
310 627 465 671 exquisita
478 627 578 660 forma
592 627 701 660 adhoc
718 626 871 660 servanda
887 627 977 668 soret,

238 679 364 713 illorum
389 680 531 713 omnium
556 685 587 713 et
612 679 809 722 singulorum
835 684 976 721 tenores,

238 732 355 766 formas
379 738 409 766 et
432 733 624 773 occasiones,
648 743 683 766 ac
704 733 763 765 alia
788 733 880 766 etiam
906 743 976 776 spe-

237 785 306 818 ciali
331 785 533 830 expressione
550 786 654 829 digna,
674 785 893 830 praesentibus
918 797 977 829 pro

235 838 327 882 plene
351 842 381 872 et
405 839 597 872 sufficienter
621 838 786 883 expressis,
807 838 932 872 insertis
948 843 978 873 ct

236 891 366 924 servatis
391 891 564 936 respective
590 891 753 932 habentes,
771 891 832 924 illis
849 892 925 924 alias
945 892 976 924 in

235 953 293 977 suo
307 943 423 978 robore
436 944 661 988 permansuris,
675 943 713 976 ad
729 944 974 988 praemissorum

236 995 380 1030 effectum
406 997 586 1041 specialiter
610 1002 640 1030 et
664 1007 810 1041 expresse
835 996 972 1040 deroga-

235 1060 315 1092 mus,
340 1059 376 1083 ac
400 1049 586 1093 derogatum
612 1060 679 1083 esse
704 1050 866 1090 volumus;
891 1055 974 1083 cete-

234 1102 341 1146 risque
365 1103 532 1136 contrariis
556 1103 819 1147 quibuscumque.

279 1156 296 1200 ἓ
318 1155 370 1189 12.
396 1156 435 1189 Ut
459 1159 562 1190 autem
588 1156 715 1189 eaedem
737 1156 976 1200 praesenteslit-

236 1212 319 1244 terae
343 1210 489 1244 omnibus
515 1210 718 1251 innotescant,
740 1217 769 1244 et
791 1221 884 1244 nemo
903 1211 972 1243 illa-

234 1274 305 1297 rum
331 1263 541 1307 ignorantiam
556 1265 692 1308 allegare
709 1265 815 1306 valeat,
830 1266 975 1300 volumus

233 1321 268 1349 ut
291 1315 371 1358 illae,
396 1327 451 1350 seu
476 1327 585 1350 earum
607 1318 797 1361 exemplum,
815 1318 853 1351 ad
872 1319 975 1353 valvas

233 1369 380 1403 basilicae
404 1370 557 1414 Principis
581 1371 817 1415 Apostolorum,
839 1383 874 1405 ac
888 1373 973 1406 data-

233 1423 300 1456 riae
323 1429 449 1456 nostrae
481 1429 511 1457 et
542 1424 747 1457 cancellariae
778 1426 973 1469 praedictae,

233 1486 356 1510 necnon
380 1477 412 1509 in
437 1477 505 1510 acie
527 1477 633 1521 Campi
664 1478 776 1511 Florae
801 1478 839 1511 dc
864 1479 973 1512 eadem

234 1529 317 1563 Urbe
340 1541 397 1575 per
421 1531 559 1574 aliquem
585 1541 618 1564 ex
646 1532 830 1565 cursoribus
848 1533 973 1574 nostris,

233 1589 329 1628 prout
353 1584 451 1617 moris
464 1590 520 1625 est,
538 1585 740 1629 publicentur
754 1591 783 1618 ct
796 1586 973 1629 affigantur,

232 1648 322 1682 quae,
347 1638 391 1672 sic
415 1638 593 1683 publicatae
618 1644 647 1672 et
671 1640 791 1680 affixae,
816 1650 927 1674 omnes
944 1646 974 1674 et

232 1691 373 1735 singulos
397 1693 528 1736 perinde
553 1693 699 1735 afficiant,
723 1704 759 1726 ac
780 1694 803 1726 si
823 1694 883 1726 illis
903 1705 973 1738 pcr-

232 1745 381 1779 sonaliter
403 1745 563 1780 intimatae
587 1746 738 1787 fuissent;

275 1797 366 1842 513.
402 1799 554 1843 Quodque
589 1800 714 1833 illarum
752 1801 971 1845 transumptis,

231 1851 325 1884 etiam
361 1852 540 1896 impressis,
577 1864 672 1887 manu
707 1853 820 1888 notarii
851 1854 970 1898 publici

231 1905 429 1951 subscriptis,
446 1912 476 1940 et
493 1907 596 1950 sigillo
618 1908 751 1941 alicuius
767 1918 922 1952 personae
940 1908 970 1940 in

230 1958 443 1993 ecclesiastica
457 1959 608 2003 dignitate
630 1961 814 1994 constitutae
832 1961 970 2002 munitis,

231 2011 339 2045 eadem
360 2023 490 2056 prorsus
507 2013 584 2046 fides
602 2013 633 2046 in
650 2013 766 2047 iudicio
779 2019 808 2047 et
826 2019 915 2046 extra
935 2014 970 2046 il-

233 2064 286 2098 lud
315 2065 517 2107 adhibeatur,
546 2077 626 2110 quae
659 2067 733 2111 ipsis
753 2067 970 2111 praesentibus

232 2118 457 2160 adhiberetur,
506 2120 530 2152 si
577 2120 679 2153 forent
725 2120 883 2154 exhibitae
923 2122 969 2154 vel

231 2176 384 2205 ostensae.

272 2224 384 2258 Datum
409 2225 537 2268 Romae,
562 2226 645 2270 apud
668 2227 696 2260 S.
727 2227 855 2261 Mariam
873 2228 969 2262 Maio-

229 2288 307 2319 rem,
336 2278 394 2312 sub
421 2279 537 2312 annulo
562 2279 739 2323 Piscatoris,
770 2280 821 2314 die
849 2291 870 2315 11
897 2281 969 2314 maii

228 2341 356 2372 unccvr,
372 2332 574 2376 pontificatus
590 2333 690 2366 nostri
709 2344 791 2367 anno
805 2344 836 2368 11.

265 2393 323 2421 Dat.
340 2394 384 2421 die
398 2395 436 2422 21
454 2394 518 2421 maii
536 2395 614 2428 1656,
631 2396 728 2430 pontif.
746 2403 817 2423 anno
833 2403 861 2423 u.

266 2484 276 2509 1
296 2482 362 2510 Male
377 2483 441 2510 edit.
460 2482 537 2510 Main.
555 2482 620 2518 legit
635 2483 667 2510 ad
683 2492 770 2519 marg.
786 2485 804 2512 5
818 2485 858 2520 (R.
874 2485 922 2520 Τ.).

333 2608 409 2637 uult.
424 2609 508 2637 Rom.
522 2624 553 2628 —-
574 2608 634 2636 Vol.
652 2608 727 2636 XVI.
891 2609 921 2636 21

1665 146 1717 178 tat

1357 205 1400 237 Cl.

1015 273 1225 315 Confirmatio
1249 273 1377 314 decreti,
1397 274 1483 318 quod
1506 274 1655 317 reliyz'osi
1677 284 1753 307 con-

1055 327 1256 369 yreyationis
1269 327 1512 370 Hispaniarum
1526 328 1669 369 fratrum
1689 328 1715 360 A
1724 338 1755 359 a·

1056 379 1327 422 yuslinianorwn
1347 380 1625 412 Dis-calceatorum
1648 381 1755 423 Refor-

1057 436 1230 472 matorum,
1248 432 1357 475 primo
1372 437 1398 464 e!
1416 433 1552 465 secundo
1565 434 1755 477 consanyut'-

1056 485 1173 517 nitatis
1189 484 1346 528 ⁴aradibus
1364 485 1499 517 invicem
1517 486 1692 527 coniuncti,
1711 497 1755 518 co-

1056 538 1128 571 dem
1160 543 1296 582 tempore
1326 549 1431 571 vocem
1457 539 1569 572 habere
1593 545 1754 583 nequeant

1057 591 1093 624 in
1117 591 1271 634 capitulo,
1299 595 1353 624 etc.
1369 590 1388 623 ¹.

1206 669 1374 697 Alexander
1394 670 1474 703 Papa
1494 670 1559 704 vn,

1131 714 1166 740 ad
1183 716 1358 747 perpetuam
1377 713 1422 740 rei
1442 713 1627 740 memoriam.

1056 784 1119 825 Ea,
1152 794 1232 827 quae
1264 794 1323 828 pro
1354 784 1576 827 religiosorum
1606 784 1752 817 ordinum

1010 847 1286 882 quorumcumque
1311 837 1342 870 in
1361 837 1500 871 Ecclesia
1526 838 1579 871 Dei
1608 838 1645 870 ad
1670 838 1753 871 illius

1010 889 1134 922 laudem
1171 895 1201 922 et
1241 890 1374 933 gloriam
1414 890 1545 934 provide
1584 896 1753 934 sancteque

1010 940 1226 975 institutorum
1252 942 1333 975 felici
1350 942 1525 976 directione
1544 953 1580 975 ac
1597 942 1753 986 gubernio

1009 994 1048 1027 ab
1072 1005 1184 1028 eorum
1210 995 1428 1040 superioribus
1461 995 1492 1027 in
1522 995 1666 1040 capitulis
1699 1006 1753 1038 ge-

1009 1048 1170 1081 neralibus
1194 1049 1273 1082 sacta
1297 1054 1327 1082 et
1352 1049 1494 1082 ordinata
1508 1049 1604 1082 fuisse
1617 1059 1753 1083 noscun-

1010 1107 1071 1143 tur,
1088 1107 1122 1135 ut
1143 1102 1235 1135 firma
1249 1108 1279 1135 et
1300 1102 1435 1136 illibata²
1455 1103 1632 1147 persistant,
1656 1103 1752 1136 liben-

1010 1160 1066 1197 ter,
1085 1166 1156 1188 cum
1174 1155 1264 1189 nobis
1285 1156 1413 1200 petitur,
1433 1156 1623 1200 apostolicae
1640 1157 1751 1189 confir-

1010 1209 1156 1242 mationis
1177 1210 1292 1243 robore
1322 1211 1568 1251 communimus,
1594 1216 1688 1254 prout
1720 1211 1751 1244 in

1010 1262 1142 1296 Domino
1166 1263 1381 1307 conspicimus
1399 1263 1569 1297 salubriter
1594 1264 1749 1308 expedire.

1052 1316 1067 1359 ξ
1091 1316 1120 1349 t.
1142 1317 1218 1350 Cum
1244 1317 1359 1361 itaque,
1378 1317 1458 1350 sicut
1476 1317 1580 1350 dilecti
1606 1318 1662 1350 filii
1687 1318 1750 1350 sra-

1010 1377 1071 1403 tres
1088 1370 1213 1404 Ordinis
1230 1372 1440 1405 Eremitarum
1466 1372 1562 1405 sancti
1584 1372 1750 1415 Augustini

1008 1424 1272 1458 Discalceatorum
1290 1426 1543 1459 Resormatorum
1558 1432 1751 1470 nuncupato-

1008 1488 1078 1510 rum
1115 1478 1371 1521 congregationis
1407 1478 1629 1523 Hispaniarum
1660 1479 1750 1512 nobis

1007 1540 1108 1574 nuper
1124 1531 1236 1575 exponi
1254 1532 1405 1572 fecerunt,
1427 1531 1458 1564 in
1475 1542 1585 1565 eorum
1604 1536 1633 1566 et
1649 1532 1749 1566 dictae

1007 1585 1262 1628 congregationis
1287 1585 1425 1629 capitulo
1449 1585 1588 1628 generali
1609 1585 1647 1618 de
1668 1596 1749 1619 {inno

1007 1648 1123 1672 MDCLIV
1148 1639 1306 1672 celebrato
1336 1644 1485 1672 statutum
1523 1638 1749 1683 decretumque

1006 1692 1110 1732 suerit,
1124 1691 1208 1735 quod
1221 1691 1295 1724 dicti
1311 1691 1437 1725 Ordinis
1451 1697 1480 1724 et
1494 1692 1749 1735 congregationis

1006 1745 1185 1778 huiusmodi
1212 1746 1407 1789 professores
1427 1746 1531 1790 primo
1556 1749 1585 1779 ct
1609 1745 1747 1779 secundo

1005 1799 1285 1842 consanguinitatis
1299 1798 1451 1842 gradibus
1464 1799 1597 1832 invicem
1616 1799 1744 1832 coniun-

1005 1851 1045 1885 cti
1070 1862 1179 1885 vocem
1199 1852 1310 1885 codem
1338 1856 1478 1896 tempore
1504 1853 1533 1885 in
1559 1852 1677 1885 eisdem
1697 1863 1747 1884 ca-

1004 1905 1112 1949 pitulis
1137 1905 1256 1939 habere
1278 1906 1407 1938 minime
1427 1906 1557 1950 possint,
1583 1905 1745 1938 decretum

1004 1969 1079 1993 vero
1103 1959 1284 1993 huiusmodi
1299 1970 1357 2003 pro
1372 1959 1483 1993 maiori
1501 1959 1585 1992 illius
1599 1959 1747 1992 firmitate

1004 2018 1034 2046 et
1057 2012 1260 2046 subsistentia
1285 2012 1380 2045 iidem
1405 2017 1596 2056 exponentes
1621 2018 1747 2056 aposto-

1004 2065 1081 2099 licae
1118 2066 1369 2099 confirmationis
1402 2065 1518 2099 robore
1556 2065 1747 2098 communiri

1003 2129 1207 2163 summopere
1231 2118 1428 2158 desiderent;
1462 2118 1554 2151 nobis
1579 2124 1747 2162 propterea

1003 2172 1166 2205 humiliter
1201 2172 1373 2216 supplicari
1411 2172 1552 2205 fecerunt
1589 2177 1622 2204 ut
1652 2182 1747 2214 super

1004 2226 1187 2270 praemissis
1204 2231 1383 2270 opportune
1408 2225 1576 2271 providere
1599 2225 1637 2258 de
1663 2225 1746 2258 beni-

1003 2279 1121 2323 gnitate
1138 2280 1313 2324 apostolica
1337 2279 1553 2322 dignaremur.

1048 2334 1062 2377 g
1093 2333 1122 2366 02.
1160 2333 1222 2366 Nos
1256 2333 1372 2375 igitur,
1400 2332 1527 2366 eosdem
1553 2338 1745 2376 exponentes
1789 2337 1945 2375 Cvnmumfde-

1761 2367 1840 2384 crrluiu
1887 2371 1894 2383 t
1909 2371 1915 2383 r

1003 2387 1192 2432 specialibus
1215 2387 1375 2421 favoribus
1401 2393 1430 2421 et
1461 2387 1570 2430 gratiis
1595 2387 1744 2431 prosequi
1762 2372 1944 2415 s¹³¹f⁰⁵=t1¹ss¹¹>¹⁷si

1037 2468 1049 2494 1
1068 2467 1105 2494 Ex
1121 2466 1229 2501 Regest.
1246 2467 1271 2492 iu
1288 2466 1391 2493 Secret.
1410 2465 1488 2493 Brev.

1035 2512 1052 2537 2
1068 2511 1191 2538 Absurde
1207 2510 1272 2538 edit.
1290 2510 1368 2537 Μαίη.
1387 2511 1449 2546 legit
1464 2510 1512 2538 illi
1527 2512 1605 2545 facta
1621 2518 1669 2545 pro
1686 2511 1744 2538 illi-

1001 2556 1069 2584 bata
1085 2558 1121 2590 (a.
1137 2554 1186 2590 T.).

1771 156 1819 181 An.
1837 156 1863 181 (j.
1889 155 1955 182 1656

1796 800 1915 821 Exordium.

1794 1329 1936 1355 Supplicatujv.
