<?xml version="1.0" encoding="UTF-8"?>
<!DOCTYPE html PUBLIC "-//W3C//DTD XHTML 1.0 Transitional//EN"
    "http://www.w3.org/TR/xhtml1/DTD/xhtml1-transitional.dtd">
<html xmlns="http://www.w3.org/1999/xhtml" xml:lang="en" lang="en">
 <head>
  <title>
</title>
<meta http-equiv="Content-Type" content="text/html;charset=utf-8" />
  <meta name='ocr-system' content='tesseract 3.04.00' />
  <meta name='ocr-capabilities' content='ocr_page ocr_carea ocr_par ocr_line ocrx_word'/>
</head>
<body>
  <div class='ocr_page' id='page_1' title='image "./bullarumdiplomat16cath_0392.png"; bbox 0 0 2243 3205; ppageno 0'>
   <div class='ocr_carea' id='block_1_1' title="bbox 314 223 615 261">
    <p class='ocr_par' dir='ltr' id='par_1_1' title="bbox 314 223 615 261">
     <span class='ocr_line' id='line_1_1' title="bbox 314 223 615 261; baseline -0.01 -1"><span class='ocrx_word' id='word_1_1' title='bbox 314 234 369 260; x_wconf 73' lang='lat' dir='ltr'>An.</span> <span class='ocrx_word' id='word_1_2' title='bbox 390 234 415 260; x_wconf 86' lang='lat' dir='ltr'>c.</span> <span class='ocrx_word' id='word_1_3' title='bbox 439 233 506 261; x_wconf 83' lang='lat'>1658</span> <span class='ocrx_word' id='word_1_4' title='bbox 551 223 615 257; x_wconf 77' lang='lat'>358</span> 
     </span>
    </p>
   </div>
   <div class='ocr_carea' id='block_1_2' title="bbox 341 1195 502 1221">
    <p class='ocr_par' dir='ltr' id='par_1_2' title="bbox 341 1195 502 1221">
     <span class='ocr_line' id='line_1_2' title="bbox 341 1195 502 1221; baseline -0.012 -5"><span class='ocrx_word' id='word_1_5' title='bbox 341 1195 361 1216; x_wconf 90' lang='lat' dir='ltr'>ln</span> <span class='ocrx_word' id='word_1_6' title='bbox 371 1196 457 1221; x_wconf 73' lang='lat' dir='ltr'>singulis</span> <span class='ocrx_word' id='word_1_7' title='bbox 468 1202 502 1215; x_wconf 76' lang='lat' dir='ltr'>ra-</span> 
     </span>
    </p>
   </div>
   <div class='ocr_carea' id='block_1_3' title="bbox 318 1223 503 1348">
    <p class='ocr_par' dir='ltr' id='par_1_3' title="bbox 318 1223 503 1348">
     <span class='ocr_line' id='line_1_3' title="bbox 318 1223 503 1348; baseline 0 1857"><span class='ocrx_word' id='word_1_8' title='bbox 318 1223 503 1348; x_wconf 95' lang='lat' dir='ltr'> </span> 
     </span>
    </p>
   </div>
   <div class='ocr_carea' id='block_1_4' title="bbox 512 232 1271 1226">
    <p class='ocr_par' dir='ltr' id='par_1_4' title="bbox 512 232 1271 1173">
     <span class='ocr_line' id='line_1_4' title="bbox 1091 232 1268 257; baseline -0.006 0"><span class='ocrx_word' id='word_1_9' title='bbox 1091 232 1268 257; x_wconf 71' lang='lat' dir='ltr'>BULLAan</span> 
     </span>
     <span class='ocr_line' id='line_1_5' title="bbox 512 280 1269 324; baseline 0 -12"><span class='ocrx_word' id='word_1_10' title='bbox 512 281 630 313; x_wconf 79' lang='lat' dir='ltr'>dolibet</span> <span class='ocrx_word' id='word_1_11' title='bbox 657 280 834 321; x_wconf 82' lang='lat' dir='ltr'>concessis,</span> <span class='ocrx_word' id='word_1_12' title='bbox 859 280 1039 324; x_wconf 87' lang='lat' dir='ltr'>approbatis</span> <span class='ocrx_word' id='word_1_13' title='bbox 1064 286 1093 313; x_wconf 88' lang='lat' dir='ltr'>et</span> <span class='ocrx_word' id='word_1_14' title='bbox 1129 281 1269 313; x_wconf 74' lang='lat' dir='ltr'>innova-&#39;</span> 
     </span>
     <span class='ocr_line' id='line_1_6' title="bbox 513 333 1249 376; baseline -0.003 -10"><span class='ocrx_word' id='word_1_15' title='bbox 513 334 567 373; x_wconf 74' lang='lat' dir='ltr'>tis3</span> <span class='ocrx_word' id='word_1_16' title='bbox 596 333 710 376; x_wconf 77' lang='lat' dir='ltr'>quibus</span> <span class='ocrx_word' id='word_1_17' title='bbox 730 333 877 365; x_wconf 89' lang='lat' dir='ltr'>omnibus</span> <span class='ocrx_word' id='word_1_18' title='bbox 909 338 938 365; x_wconf 83' lang='lat' dir='ltr'>et</span> <span class='ocrx_word' id='word_1_19' title='bbox 962 333 1113 376; x_wconf 77' lang='lat' dir='ltr'>singulis,</span> <span class='ocrx_word' id='word_1_20' title='bbox 1132 333 1249 365; x_wconf 84' lang='lat' dir='ltr'>etiamsi</span> 
     </span>
     <span class='ocr_line' id='line_1_7' title="bbox 513 386 1270 430; baseline -0.003 -11"><span class='ocrx_word' id='word_1_21' title='bbox 513 397 570 430; x_wconf 90' lang='lat' dir='ltr'>pro</span> <span class='ocrx_word' id='word_1_22' title='bbox 596 386 720 419; x_wconf 87' lang='lat' dir='ltr'>illorum</span> <span class='ocrx_word' id='word_1_23' title='bbox 747 386 912 420; x_wconf 77' lang='lat' dir='ltr'>sufficienti</span> <span class='ocrx_word' id='word_1_24' title='bbox 938 386 1142 430; x_wconf 74' lang='lat' dir='ltr'>derogatione</span> <span class='ocrx_word' id='word_1_25' title='bbox 1163 386 1200 419; x_wconf 90' lang='lat' dir='ltr'>de</span> <span class='ocrx_word' id='word_1_26' title='bbox 1221 386 1270 417; x_wconf 64' lang='lat' dir='ltr'>il-v</span> 
     </span>
     <span class='ocr_line' id='line_1_8' title="bbox 514 439 1251 484; baseline -0.001 -13"><span class='ocrx_word' id='word_1_27' title='bbox 514 440 550 471; x_wconf 90' lang='lat' dir='ltr'>lis</span> <span class='ocrx_word' id='word_1_28' title='bbox 575 449 748 483; x_wconf 84' lang='lat' dir='ltr'>eorumque</span> <span class='ocrx_word' id='word_1_29' title='bbox 785 439 857 472; x_wconf 84' lang='lat' dir='ltr'>totis</span> <span class='ocrx_word' id='word_1_30' title='bbox 894 440 1054 473; x_wconf 85' lang='lat' dir='ltr'>tenoribus</span> <span class='ocrx_word' id='word_1_31' title='bbox 1088 439 1251 484; x_wconf 84' lang='lat' dir='ltr'>specialis,</span> 
     </span>
     <span class='ocr_line' id='line_1_9' title="bbox 513 492 1252 536; baseline 0.001 -12"><span class='ocrx_word' id='word_1_32' title='bbox 513 493 682 536; x_wconf 79' lang='lat' dir='ltr'>specifica,</span> <span class='ocrx_word' id='word_1_33' title='bbox 708 503 853 536; x_wconf 82' lang='lat' dir='ltr'>expressa</span> <span class='ocrx_word' id='word_1_34' title='bbox 886 498 915 526; x_wconf 86' lang='lat' dir='ltr'>et</span> <span class='ocrx_word' id='word_1_35' title='bbox 949 493 1129 534; x_wconf 75' lang='lat' dir='ltr'>individua,</span> <span class='ocrx_word' id='word_1_36' title='bbox 1155 503 1190 525; x_wconf 85' lang='lat' dir='ltr'>ac</span> <span class='ocrx_word' id='word_1_37' title='bbox 1215 492 1252 525; x_wconf 87' lang='lat' dir='ltr'>de</span> 
     </span>
     <span class='ocr_line' id='line_1_10' title="bbox 515 545 1271 599; baseline 0 -22"><span class='ocrx_word' id='word_1_38' title='bbox 515 546 611 579; x_wconf 71' lang='lat' dir='ltr'>verbo</span> <span class='ocrx_word' id='word_1_39' title='bbox 637 545 675 578; x_wconf 87' lang='lat' dir='ltr'>ad</span> <span class='ocrx_word' id='word_1_40' title='bbox 700 546 846 586; x_wconf 78' lang='lat' dir='ltr'>verbum,</span> <span class='ocrx_word' id='word_1_41' title='bbox 871 556 932 579; x_wconf 91' lang='lat' dir='ltr'>non</span> <span class='ocrx_word' id='word_1_42' title='bbox 958 552 1061 579; x_wconf 90' lang='lat' dir='ltr'>autem</span> <span class='ocrx_word' id='word_1_43' title='bbox 1088 557 1144 589; x_wconf 88' lang='lat' dir='ltr'>per</span> <span class='ocrx_word' id='word_1_44' title='bbox 1169 546 1271 599; x_wconf 47' lang='lat' dir='ltr'>clau-3</span> 
     </span>
     <span class='ocr_line' id='line_1_11' title="bbox 514 599 1271 643; baseline -0.001 -12"><span class='ocrx_word' id='word_1_45' title='bbox 514 599 597 631; x_wconf 83' lang='lat' dir='ltr'>sulas</span> <span class='ocrx_word' id='word_1_46' title='bbox 614 600 776 642; x_wconf 74' lang='lat' dir='ltr'>generales</span> <span class='ocrx_word' id='word_1_47' title='bbox 794 599 875 632; x_wconf 87' lang='lat' dir='ltr'>idem</span> <span class='ocrx_word' id='word_1_48' title='bbox 902 600 1118 643; x_wconf 82' lang='lat' dir='ltr'>importantes‚</span> <span class='ocrx_word' id='word_1_49' title='bbox 1138 599 1254 631; x_wconf 85' lang='lat' dir='ltr'>mentio</span> <span class='ocrx_word' id='word_1_50' title='bbox 1269 600 1271 610; x_wconf 64' lang='lat'>¹</span> 
     </span>
     <span class='ocr_line' id='line_1_12' title="bbox 515 651 1254 696; baseline -0.003 -13"><span class='ocrx_word' id='word_1_51' title='bbox 515 661 569 684; x_wconf 85' lang='lat' dir='ltr'>seu</span> <span class='ocrx_word' id='word_1_52' title='bbox 594 652 722 695; x_wconf 75' lang='lat' dir='ltr'>quaevis</span> <span class='ocrx_word' id='word_1_53' title='bbox 746 652 806 684; x_wconf 89' lang='lat' dir='ltr'>alia</span> <span class='ocrx_word' id='word_1_54' title='bbox 831 653 990 696; x_wconf 71' lang='lat' dir='ltr'>expressio</span> <span class='ocrx_word' id='word_1_55' title='bbox 1027 651 1170 684; x_wconf 83' lang='lat' dir='ltr'>habenda</span> <span class='ocrx_word' id='word_1_56' title='bbox 1202 655 1254 683; x_wconf 83' lang='lat' dir='ltr'>aut</span> 
     </span>
     <span class='ocr_line' id='line_1_13' title="bbox 515 704 1256 748; baseline -0.001 -12"><span class='ocrx_word' id='word_1_57' title='bbox 515 704 618 747; x_wconf 85' lang='lat' dir='ltr'>aliqua</span> <span class='ocrx_word' id='word_1_58' title='bbox 642 705 701 737; x_wconf 89' lang='lat' dir='ltr'>alia</span> <span class='ocrx_word' id='word_1_59' title='bbox 726 705 878 748; x_wconf 78' lang='lat' dir='ltr'>exquisita</span> <span class='ocrx_word' id='word_1_60' title='bbox 904 706 1005 738; x_wconf 82' lang='lat' dir='ltr'>forma</span> <span class='ocrx_word' id='word_1_61' title='bbox 1036 705 1074 737; x_wconf 88' lang='lat' dir='ltr'>ad</span> <span class='ocrx_word' id='word_1_62' title='bbox 1110 705 1169 737; x_wconf 88' lang='lat' dir='ltr'>boc</span> <span class='ocrx_word' id='word_1_63' title='bbox 1195 713 1256 735; x_wconf 87' lang='lat' dir='ltr'>ser-</span> 
     </span>
     <span class='ocr_line' id='line_1_14' title="bbox 516 757 1255 797; baseline 0 -9"><span class='ocrx_word' id='word_1_64' title='bbox 516 757 614 790; x_wconf 83' lang='lat' dir='ltr'>vanda</span> <span class='ocrx_word' id='word_1_65' title='bbox 641 758 728 797; x_wconf 82' lang='lat' dir='ltr'>soret,</span> <span class='ocrx_word' id='word_1_66' title='bbox 754 758 879 791; x_wconf 89' lang='lat' dir='ltr'>illorum</span> <span class='ocrx_word' id='word_1_67' title='bbox 906 763 1050 797; x_wconf 77' lang='lat' dir='ltr'>tenores,</span> <span class='ocrx_word' id='word_1_68' title='bbox 1084 758 1201 789; x_wconf 88' lang='lat' dir='ltr'>formas</span> <span class='ocrx_word' id='word_1_69' title='bbox 1226 761 1255 789; x_wconf 87' lang='lat' dir='ltr'>et</span> 
     </span>
     <span class='ocr_line' id='line_1_15' title="bbox 516 810 1256 854; baseline -0.003 -11"><span class='ocrx_word' id='word_1_70' title='bbox 516 811 696 843; x_wconf 80' lang='lat' dir='ltr'>occasiones</span> <span class='ocrx_word' id='word_1_71' title='bbox 714 811 933 854; x_wconf 83' lang='lat' dir='ltr'>praesentibus</span> <span class='ocrx_word' id='word_1_72' title='bbox 949 821 1008 854; x_wconf 86' lang='lat' dir='ltr'>pro</span> <span class='ocrx_word' id='word_1_73' title='bbox 1022 811 1112 854; x_wconf 89' lang='lat' dir='ltr'>plene</span> <span class='ocrx_word' id='word_1_74' title='bbox 1125 814 1155 843; x_wconf 86' lang='lat' dir='ltr'>et</span> <span class='ocrx_word' id='word_1_75' title='bbox 1175 810 1256 842; x_wconf 79' lang='lat' dir='ltr'>susti—</span> 
     </span>
     <span class='ocr_line' id='line_1_16' title="bbox 516 863 1257 907; baseline -0.001 -11"><span class='ocrx_word' id='word_1_76' title='bbox 516 865 635 896; x_wconf 78' lang='lat' dir='ltr'>cienter</span> <span class='ocrx_word' id='word_1_77' title='bbox 663 864 818 907; x_wconf 70' lang='lat' dir='ltr'><strong>expressis</strong></span> <span class='ocrx_word' id='word_1_78' title='bbox 847 864 975 897; x_wconf 76' lang='lat' dir='ltr'>servatis</span> <span class='ocrx_word' id='word_1_79' title='bbox 1000 868 1030 896; x_wconf 89' lang='lat' dir='ltr'>et</span> <span class='ocrx_word' id='word_1_80' title='bbox 1062 863 1187 895; x_wconf 81' lang='lat' dir='ltr'>insertis</span> <span class='ocrx_word' id='word_1_81' title='bbox 1211 873 1257 895; x_wconf 87' lang='lat' dir='ltr'>rc-</span> 
     </span>
     <span class='ocr_line' id='line_1_17' title="bbox 516 916 1256 960; baseline -0.001 -11"><span class='ocrx_word' id='word_1_82' title='bbox 516 918 652 960; x_wconf 76' lang='lat' dir='ltr'>spectivo</span> <span class='ocrx_word' id='word_1_83' title='bbox 670 918 830 958; x_wconf 83' lang='lat' dir='ltr'>babentes,</span> <span class='ocrx_word' id='word_1_84' title='bbox 849 917 908 949; x_wconf 86' lang='lat' dir='ltr'>illis</span> <span class='ocrx_word' id='word_1_85' title='bbox 926 918 1001 949; x_wconf 76' lang='lat' dir='ltr'>alias</span> <span class='ocrx_word' id='word_1_86' title='bbox 1020 917 1048 949; x_wconf 89' lang='lat' dir='ltr'>in</span> <span class='ocrx_word' id='word_1_87' title='bbox 1067 927 1123 949; x_wconf 93' lang='lat' dir='ltr'>suo</span> <span class='ocrx_word' id='word_1_88' title='bbox 1141 916 1256 949; x_wconf 84' lang='lat' dir='ltr'>robore</span> 
     </span>
     <span class='ocr_line' id='line_1_18' title="bbox 516 970 1255 1014; baseline -0.001 -12"><span class='ocrx_word' id='word_1_89' title='bbox 516 971 754 1014; x_wconf 82' lang='lat' dir='ltr'>permansuris,</span> <span class='ocrx_word' id='word_1_90' title='bbox 772 971 809 1002; x_wconf 87' lang='lat' dir='ltr'>ad</span> <span class='ocrx_word' id='word_1_91' title='bbox 831 971 1077 1013; x_wconf 85' lang='lat' dir='ltr'>praemissorum</span> <span class='ocrx_word' id='word_1_92' title='bbox 1099 970 1255 1010; x_wconf 78' lang='lat' dir='ltr'>effectum,</span> 
     </span>
     <span class='ocr_line' id='line_1_19' title="bbox 516 1024 1256 1067; baseline -0.001 -11"><span class='ocrx_word' id='word_1_93' title='bbox 516 1024 574 1056; x_wconf 86' lang='lat' dir='ltr'>bac</span> <span class='ocrx_word' id='word_1_94' title='bbox 589 1025 654 1056; x_wconf 80' lang='lat' dir='ltr'>viee</span> <span class='ocrx_word' id='word_1_95' title='bbox 671 1024 842 1063; x_wconf 74' lang='lat' dir='ltr'>dumtaxat,</span> <span class='ocrx_word' id='word_1_96' title='bbox 860 1024 1036 1067; x_wconf 77' lang='lat' dir='ltr'>specialiter</span> <span class='ocrx_word' id='word_1_97' title='bbox 1054 1029 1084 1056; x_wconf 86' lang='lat' dir='ltr'>et.</span> <span class='ocrx_word' id='word_1_98' title='bbox 1108 1033 1256 1067; x_wconf 74' lang='lat' dir='ltr'>expresse</span> 
     </span>
     <span class='ocr_line' id='line_1_20' title="bbox 516 1077 1257 1120; baseline -0.001 -11"><span class='ocrx_word' id='word_1_99' title='bbox 516 1077 715 1120; x_wconf 78' lang='lat' dir='ltr'>derogamus,</span> <span class='ocrx_word' id='word_1_100' title='bbox 733 1077 906 1120; x_wconf 87' lang='lat' dir='ltr'>ceterisque</span> <span class='ocrx_word' id='word_1_101' title='bbox 939 1077 1105 1110; x_wconf 86' lang='lat' dir='ltr'>contrariis</span> <span class='ocrx_word' id='word_1_102' title='bbox 1130 1077 1257 1119; x_wconf 86' lang='lat' dir='ltr'>quibus-</span> 
     </span>
     <span class='ocr_line' id='line_1_21' title="bbox 517 1140 660 1173; baseline 0.007 -12"><span class='ocrx_word' id='word_1_103' title='bbox 517 1140 660 1173; x_wconf 78' lang='lat' dir='ltr'>eumque.</span> 
     </span>
    </p>

    <p class='ocr_par' dir='ltr' id='par_1_5' title="bbox 562 1182 1255 1226">
     <span class='ocr_line' id='line_1_22' title="bbox 562 1182 1255 1226; baseline -0.001 -11"><span class='ocrx_word' id='word_1_104' title='bbox 562 1184 576 1226; x_wconf 62' lang='grc' dir='ltr'><strong>ἓ</strong></span> <span class='ocrx_word' id='word_1_105' title='bbox 601 1183 629 1215; x_wconf 74' lang='lat'>5.</span> <span class='ocrx_word' id='word_1_106' title='bbox 648 1183 685 1216; x_wconf 90' lang='lat' dir='ltr'>Ut</span> <span class='ocrx_word' id='word_1_107' title='bbox 706 1187 808 1215; x_wconf 81' lang='lat' dir='ltr'>autem</span> <span class='ocrx_word' id='word_1_108' title='bbox 824 1183 1070 1226; x_wconf 85' lang='lat' dir='ltr'>praemissorum</span> <span class='ocrx_word' id='word_1_109' title='bbox 1088 1183 1198 1216; x_wconf 88' lang='lat' dir='ltr'>notitia</span> <span class='ocrx_word' id='word_1_110' title='bbox 1219 1182 1255 1214; x_wconf 91' lang='lat' dir='ltr'>ad</span> 
     </span>
    </p>
   </div>
   <div class='ocr_carea' id='block_1_5' title="bbox 468 1235 1256 1280">
    <p class='ocr_par' dir='ltr' id='par_1_6' title="bbox 468 1235 1256 1280">
     <span class='ocr_line' id='line_1_23' title="bbox 468 1235 1256 1280; baseline -0.001 -12"><span class='ocrx_word' id='word_1_111' title='bbox 468 1257 502 1278; x_wconf 12' lang='grc' dir='ltr'>γὼ</span> <span class='ocrx_word' id='word_1_112' title='bbox 517 1247 626 1269; x_wconf 89' lang='lat' dir='ltr'>omnes</span> <span class='ocrx_word' id='word_1_113' title='bbox 662 1236 762 1268; x_wconf 86' lang='lat' dir='ltr'>dietae</span> <span class='ocrx_word' id='word_1_114' title='bbox 794 1237 1049 1280; x_wconf 72' lang='lat' dir='ltr'>congregationis</span> <span class='ocrx_word' id='word_1_115' title='bbox 1084 1235 1256 1269; x_wconf 81' lang='lat' dir='ltr'>monachos</span> 
     </span>
    </p>
   </div>
   <div class='ocr_carea' id='block_1_6' title="bbox 400 1282 1257 1333">
    <p class='ocr_par' dir='ltr' id='par_1_7' title="bbox 400 1282 1257 1333">
     <span class='ocr_line' id='line_1_24' title="bbox 400 1282 1257 1333; baseline 0 -12"><span class='ocrx_word' id='word_1_116' title='bbox 400 1309 410 1321; x_wconf 67' lang='lat' dir='ltr'>e</span> <span class='ocrx_word' id='word_1_117' title='bbox 457 1282 502 1322; x_wconf 63' lang='grc' dir='ltr'>.”.’.ζ</span> <span class='ocrx_word' id='word_1_118' title='bbox 518 1290 638 1322; x_wconf 76' lang='lat' dir='ltr'>facilius</span> <span class='ocrx_word' id='word_1_119' title='bbox 664 1290 817 1329; x_wconf 70' lang='lat' dir='ltr'>deveniat,</span> <span class='ocrx_word' id='word_1_120' title='bbox 842 1291 987 1323; x_wconf 72' lang='lat' dir='ltr'>volumus</span> <span class='ocrx_word' id='word_1_121' title='bbox 1013 1291 1094 1333; x_wconf 78' lang='lat' dir='ltr'>ipsas</span> <span class='ocrx_word' id='word_1_122' title='bbox 1114 1300 1257 1333; x_wconf 82' lang='lat' dir='ltr'>praesen-</span> 
     </span>
    </p>
   </div>
   <div class='ocr_carea' id='block_1_7' title="bbox 516 1343 1258 2291">
    <p class='ocr_par' dir='ltr' id='par_1_8' title="bbox 516 1343 1258 2121">
     <span class='ocr_line' id='line_1_25' title="bbox 518 1343 1256 1387; baseline -0.001 -12"><span class='ocrx_word' id='word_1_123' title='bbox 518 1348 562 1375; x_wconf 79' lang='lat' dir='ltr'>tes</span> <span class='ocrx_word' id='word_1_124' title='bbox 587 1343 704 1375; x_wconf 87' lang='lat' dir='ltr'>litteras</span> <span class='ocrx_word' id='word_1_125' title='bbox 730 1344 760 1375; x_wconf 91' lang='lat' dir='ltr'>in</span> <span class='ocrx_word' id='word_1_126' title='bbox 786 1343 917 1385; x_wconf 76' lang='lat' dir='ltr'>singulis</span> <span class='ocrx_word' id='word_1_127' title='bbox 935 1343 1078 1387; x_wconf 86' lang='lat' dir='ltr'>capitulis</span> <span class='ocrx_word' id='word_1_128' title='bbox 1103 1343 1256 1385; x_wconf 51' lang='lat' dir='ltr'>generali‘</span> 
     </span>
     <span class='ocr_line' id='line_1_26' title="bbox 516 1396 1256 1439; baseline 0 -12"><span class='ocrx_word' id='word_1_129' title='bbox 516 1396 574 1429; x_wconf 82' lang='lat' dir='ltr'>bus</span> <span class='ocrx_word' id='word_1_130' title='bbox 599 1397 738 1429; x_wconf 83' lang='lat' dir='ltr'>eiusdem</span> <span class='ocrx_word' id='word_1_131' title='bbox 770 1396 1024 1439; x_wconf 66' lang='lat' dir='ltr'>congregationis</span> <span class='ocrx_word' id='word_1_132' title='bbox 1038 1396 1161 1439; x_wconf 87' lang='lat' dir='ltr'>publico</span> <span class='ocrx_word' id='word_1_133' title='bbox 1185 1396 1256 1438; x_wconf 77' lang='lat' dir='ltr'>legi,</span> 
     </span>
     <span class='ocr_line' id='line_1_27' title="bbox 518 1449 1258 1492; baseline -0.001 -10"><span class='ocrx_word' id='word_1_134' title='bbox 518 1456 544 1482; x_wconf 80' lang='lat' dir='ltr'>et</span> <span class='ocrx_word' id='word_1_135' title='bbox 571 1450 615 1482; x_wconf 88' lang='lat' dir='ltr'>sic</span> <span class='ocrx_word' id='word_1_136' title='bbox 637 1451 731 1482; x_wconf 72' lang='lat' dir='ltr'>lectas</span> <span class='ocrx_word' id='word_1_137' title='bbox 756 1460 865 1483; x_wconf 88' lang='lat' dir='ltr'>omnes</span> <span class='ocrx_word' id='word_1_138' title='bbox 886 1455 914 1481; x_wconf 85' lang='lat' dir='ltr'>et</span> <span class='ocrx_word' id='word_1_139' title='bbox 940 1450 1092 1492; x_wconf 76' lang='lat' dir='ltr'>singulos,</span> <span class='ocrx_word' id='word_1_140' title='bbox 1117 1449 1153 1481; x_wconf 88' lang='lat' dir='ltr'>ad</span> <span class='ocrx_word' id='word_1_141' title='bbox 1179 1459 1258 1492; x_wconf 85' lang='lat' dir='ltr'>quos</span> 
     </span>
     <span class='ocr_line' id='line_1_28' title="bbox 516 1502 1255 1546; baseline -0.003 -11"><span class='ocrx_word' id='word_1_142' title='bbox 516 1508 635 1546; x_wconf 78' lang='lat' dir='ltr'>spectat</span> <span class='ocrx_word' id='word_1_143' title='bbox 668 1508 697 1535; x_wconf 85' lang='lat' dir='ltr'>et</span> <span class='ocrx_word' id='word_1_144' title='bbox 729 1504 898 1546; x_wconf 81' lang='lat' dir='ltr'>spectabit,</span> <span class='ocrx_word' id='word_1_145' title='bbox 923 1503 1053 1546; x_wconf 77' lang='lat' dir='ltr'>perinde</span> <span class='ocrx_word' id='word_1_146' title='bbox 1078 1502 1203 1535; x_wconf 82' lang='lat' dir='ltr'>afficere</span> <span class='ocrx_word' id='word_1_147' title='bbox 1229 1507 1255 1534; x_wconf 87' lang='lat' dir='ltr'>et</span> 
     </span>
     <span class='ocr_line' id='line_1_29' title="bbox 516 1555 1258 1599; baseline -0.003 -11"><span class='ocrx_word' id='word_1_148' title='bbox 516 1561 648 1595; x_wconf 77' lang='lat' dir='ltr'>arctare,</span> <span class='ocrx_word' id='word_1_149' title='bbox 667 1567 701 1588; x_wconf 79' lang='lat' dir='ltr'>ac</span> <span class='ocrx_word' id='word_1_150' title='bbox 723 1557 747 1588; x_wconf 88' lang='lat' dir='ltr'>si</span> <span class='ocrx_word' id='word_1_151' title='bbox 765 1556 935 1599; x_wconf 81' lang='lat' dir='ltr'>uuicuique</span> <span class='ocrx_word' id='word_1_152' title='bbox 959 1555 1169 1599; x_wconf 76' lang='lat' dir='ltr'>personaliter</span> <span class='ocrx_word' id='word_1_153' title='bbox 1191 1555 1258 1587; x_wconf 90' lang='lat' dir='ltr'>inti-</span> 
     </span>
     <span class='ocr_line' id='line_1_30' title="bbox 516 1608 1254 1652; baseline 0 -12"><span class='ocrx_word' id='word_1_154' title='bbox 516 1613 617 1642; x_wconf 85' lang='lat' dir='ltr'>matae</span> <span class='ocrx_word' id='word_1_155' title='bbox 636 1609 775 1649; x_wconf 79' lang='lat' dir='ltr'>fuissent,</span> <span class='ocrx_word' id='word_1_156' title='bbox 790 1614 885 1652; x_wconf 84' lang='lat' dir='ltr'>utque</span> <span class='ocrx_word' id='word_1_157' title='bbox 904 1608 1085 1641; x_wconf 86' lang='lat' dir='ltr'>earumdem</span> <span class='ocrx_word' id='word_1_158' title='bbox 1104 1617 1254 1651; x_wconf 84' lang='lat' dir='ltr'>praesen-</span> 
     </span>
     <span class='ocr_line' id='line_1_31' title="bbox 517 1662 1256 1705; baseline -0.001 -11"><span class='ocrx_word' id='word_1_159' title='bbox 517 1662 593 1694; x_wconf 85' lang='lat' dir='ltr'>tium</span> <span class='ocrx_word' id='word_1_160' title='bbox 619 1663 831 1705; x_wconf 85' lang='lat' dir='ltr'>transumptis,</span> <span class='ocrx_word' id='word_1_161' title='bbox 855 1662 948 1694; x_wconf 85' lang='lat' dir='ltr'>etiam</span> <span class='ocrx_word' id='word_1_162' title='bbox 976 1662 1146 1705; x_wconf 74' lang='lat' dir='ltr'>impressis,</span> <span class='ocrx_word' id='word_1_163' title='bbox 1165 1671 1256 1694; x_wconf 90' lang='lat' dir='ltr'>manu</span> 
     </span>
     <span class='ocr_line' id='line_1_32' title="bbox 517 1715 1258 1758; baseline 0 -11"><span class='ocrx_word' id='word_1_164' title='bbox 517 1716 640 1748; x_wconf 79' lang='lat' dir='ltr'>scribae</span> <span class='ocrx_word' id='word_1_165' title='bbox 670 1715 797 1758; x_wconf 87' lang='lat' dir='ltr'>capituli</span> <span class='ocrx_word' id='word_1_166' title='bbox 827 1716 983 1758; x_wconf 73' lang='lat' dir='ltr'>generalis</span> <span class='ocrx_word' id='word_1_167' title='bbox 1002 1715 1258 1758; x_wconf 74' lang='lat' dir='ltr'>congregationis</span> 
     </span>
     <span class='ocr_line' id='line_1_33' title="bbox 516 1768 1257 1812; baseline 0 -11"><span class='ocrx_word' id='word_1_168' title='bbox 516 1768 696 1801; x_wconf 84' lang='lat' dir='ltr'>huiusmodi</span> <span class='ocrx_word' id='word_1_169' title='bbox 711 1769 757 1801; x_wconf 75' lang='lat' dir='ltr'>vel</span> <span class='ocrx_word' id='word_1_170' title='bbox 776 1769 906 1801; x_wconf 86' lang='lat' dir='ltr'>alicuius</span> <span class='ocrx_word' id='word_1_171' title='bbox 923 1769 1035 1801; x_wconf 86' lang='lat' dir='ltr'>notarii</span> <span class='ocrx_word' id='word_1_172' title='bbox 1049 1769 1166 1812; x_wconf 80' lang='lat' dir='ltr'>publici</span> <span class='ocrx_word' id='word_1_173' title='bbox 1186 1768 1257 1801; x_wconf 87' lang='lat' dir='ltr'>sub-</span> 
     </span>
     <span class='ocr_line' id='line_1_34' title="bbox 517 1821 1258 1865; baseline -0.001 -11"><span class='ocrx_word' id='word_1_174' title='bbox 517 1822 654 1865; x_wconf 88' lang='lat' dir='ltr'>scriptis,</span> <span class='ocrx_word' id='word_1_175' title='bbox 676 1827 705 1854; x_wconf 88' lang='lat' dir='ltr'>et</span> <span class='ocrx_word' id='word_1_176' title='bbox 725 1822 828 1864; x_wconf 79' lang='lat' dir='ltr'>sigillo</span> <span class='ocrx_word' id='word_1_177' title='bbox 845 1821 966 1855; x_wconf 87' lang='lat' dir='ltr'>abbatis</span> <span class='ocrx_word' id='word_1_178' title='bbox 981 1822 1136 1865; x_wconf 77' lang='lat' dir='ltr'>generalis</span> <span class='ocrx_word' id='word_1_179' title='bbox 1162 1821 1258 1865; x_wconf 89' lang='lat' dir='ltr'>ipsius</span> 
     </span>
     <span class='ocr_line' id='line_1_35' title="bbox 518 1875 1257 1919; baseline 0 -11"><span class='ocrx_word' id='word_1_180' title='bbox 518 1875 772 1919; x_wconf 78' lang='lat' dir='ltr'>congregationis</span> <span class='ocrx_word' id='word_1_181' title='bbox 802 1876 848 1908; x_wconf 74' lang='lat' dir='ltr'>vel</span> <span class='ocrx_word' id='word_1_182' title='bbox 885 1876 1014 1908; x_wconf 85' lang='lat' dir='ltr'>alterius</span> <span class='ocrx_word' id='word_1_183' title='bbox 1042 1885 1195 1919; x_wconf 80' lang='lat' dir='ltr'>personae</span> <span class='ocrx_word' id='word_1_184' title='bbox 1227 1876 1257 1907; x_wconf 91' lang='lat' dir='ltr'>in</span> 
     </span>
     <span class='ocr_line' id='line_1_36' title="bbox 517 1928 1256 1971; baseline -0.003 -9"><span class='ocrx_word' id='word_1_185' title='bbox 517 1929 727 1962; x_wconf 71' lang='lat' dir='ltr'>ecclesiastiea</span> <span class='ocrx_word' id='word_1_186' title='bbox 764 1929 914 1971; x_wconf 80' lang='lat' dir='ltr'>dignitate</span> <span class='ocrx_word' id='word_1_187' title='bbox 954 1929 1113 1970; x_wconf 87' lang='lat' dir='ltr'>munitis,</span> <span class='ocrx_word' id='word_1_188' title='bbox 1150 1928 1256 1961; x_wconf 87' lang='lat' dir='ltr'>eadem</span> 
     </span>
     <span class='ocr_line' id='line_1_37' title="bbox 518 1981 1257 2025; baseline 0 -11"><span class='ocrx_word' id='word_1_189' title='bbox 518 1992 649 2025; x_wconf 89' lang='lat' dir='ltr'>prorsus</span> <span class='ocrx_word' id='word_1_190' title='bbox 674 1982 750 2014; x_wconf 84' lang='lat' dir='ltr'>sides</span> <span class='ocrx_word' id='word_1_191' title='bbox 766 1982 795 2013; x_wconf 94' lang='lat' dir='ltr'>in</span> <span class='ocrx_word' id='word_1_192' title='bbox 824 1982 938 2014; x_wconf 81' lang='lat' dir='ltr'>iudicio</span> <span class='ocrx_word' id='word_1_193' title='bbox 956 1987 986 2014; x_wconf 88' lang='lat' dir='ltr'>et</span> <span class='ocrx_word' id='word_1_194' title='bbox 1003 1987 1090 2014; x_wconf 75' lang='lat' dir='ltr'>extra</span> <span class='ocrx_word' id='word_1_195' title='bbox 1107 1981 1257 2014; x_wconf 86' lang='lat' dir='ltr'>adhibea-</span> 
     </span>
     <span class='ocr_line' id='line_1_38' title="bbox 519 2035 1257 2079; baseline 0.001 -13"><span class='ocrx_word' id='word_1_196' title='bbox 519 2041 590 2074; x_wconf 82' lang='lat' dir='ltr'>tur,</span> <span class='ocrx_word' id='word_1_197' title='bbox 623 2045 703 2079; x_wconf 86' lang='lat' dir='ltr'>quae</span> <span class='ocrx_word' id='word_1_198' title='bbox 735 2035 952 2078; x_wconf 88' lang='lat' dir='ltr'>praesentibus</span> <span class='ocrx_word' id='word_1_199' title='bbox 977 2035 1198 2075; x_wconf 70' lang='lat' dir='ltr'>adhiberetur,</span> <span class='ocrx_word' id='word_1_200' title='bbox 1233 2035 1257 2067; x_wconf 89' lang='lat' dir='ltr'>si</span> 
     </span>
     <span class='ocr_line' id='line_1_39' title="bbox 520 2088 1058 2121; baseline 0.002 -1"><span class='ocrx_word' id='word_1_201' title='bbox 520 2089 622 2120; x_wconf 87' lang='lat' dir='ltr'>l&#39;orent</span> <span class='ocrx_word' id='word_1_202' title='bbox 645 2088 801 2120; x_wconf 78' lang='lat' dir='ltr'>exhibitae</span> <span class='ocrx_word' id='word_1_203' title='bbox 830 2089 877 2121; x_wconf 71' lang='lat' dir='ltr'>vel</span> <span class='ocrx_word' id='word_1_204' title='bbox 907 2094 1058 2121; x_wconf 83' lang='lat' dir='ltr'>ostensae.</span> 
     </span>
    </p>

    <p class='ocr_par' dir='ltr' id='par_1_9' title="bbox 520 2141 1256 2291">
     <span class='ocr_line' id='line_1_40' title="bbox 562 2141 1253 2185; baseline 0.003 -12"><span class='ocrx_word' id='word_1_205' title='bbox 562 2141 672 2173; x_wconf 84' lang='lat' dir='ltr'>Datum</span> <span class='ocrx_word' id='word_1_206' title='bbox 696 2142 823 2181; x_wconf 79' lang='lat' dir='ltr'>Romae,</span> <span class='ocrx_word' id='word_1_207' title='bbox 841 2142 922 2185; x_wconf 88' lang='lat' dir='ltr'>apud</span> <span class='ocrx_word' id='word_1_208' title='bbox 949 2142 977 2175; x_wconf 89' lang='lat' dir='ltr'>S.</span> <span class='ocrx_word' id='word_1_209' title='bbox 1000 2142 1127 2174; x_wconf 84' lang='lat' dir='ltr'>Mariam</span> <span class='ocrx_word' id='word_1_210' title='bbox 1157 2143 1253 2175; x_wconf 85' lang='lat' dir='ltr'>Maio--</span> 
     </span>
     <span class='ocr_line' id='line_1_41' title="bbox 520 2194 1256 2235; baseline 0.001 -9"><span class='ocrx_word' id='word_1_211' title='bbox 520 2204 596 2235; x_wconf 85' lang='lat' dir='ltr'>rem,</span> <span class='ocrx_word' id='word_1_212' title='bbox 611 2194 669 2227; x_wconf 82' lang='lat' dir='ltr'>sub</span> <span class='ocrx_word' id='word_1_213' title='bbox 696 2195 812 2227; x_wconf 89' lang='lat' dir='ltr'>annulo</span> <span class='ocrx_word' id='word_1_214' title='bbox 830 2195 1006 2235; x_wconf 70' lang='lat' dir='ltr'>piscatoris,</span> <span class='ocrx_word' id='word_1_215' title='bbox 1018 2195 1068 2227; x_wconf 85' lang='lat' dir='ltr'>dic</span> <span class='ocrx_word' id='word_1_216' title='bbox 1082 2205 1167 2228; x_wconf 78' lang='lat' dir='ltr'>xxvn</span> <span class='ocrx_word' id='word_1_217' title='bbox 1182 2195 1256 2227; x_wconf 91' lang='lat' dir='ltr'>iunii</span> 
     </span>
     <span class='ocr_line' id='line_1_42' title="bbox 521 2248 1168 2291; baseline 0.003 -12"><span class='ocrx_word' id='word_1_218' title='bbox 521 2256 671 2285; x_wconf 77' lang='lat' dir='ltr'>MDCLVHI,</span> <span class='ocrx_word' id='word_1_219' title='bbox 694 2248 893 2291; x_wconf 79' lang='lat' dir='ltr'>pontificatus</span> <span class='ocrx_word' id='word_1_220' title='bbox 909 2248 1008 2280; x_wconf 89' lang='lat' dir='ltr'>nostri</span> <span class='ocrx_word' id='word_1_221' title='bbox 1023 2258 1104 2281; x_wconf 87' lang='lat' dir='ltr'>anno</span> <span class='ocrx_word' id='word_1_222' title='bbox 1127 2258 1168 2281; x_wconf 79' lang='lat' dir='ltr'>lv.</span> 
     </span>
    </p>
   </div>
   <div class='ocr_carea' id='block_1_8' title="bbox 1270 293 1280 2345">
    <p class='ocr_par' dir='ltr' id='par_1_10' title="bbox 1270 293 1280 2345">
     <span class='ocr_line' id='line_1_43' title="bbox 1270 293 1280 2345; baseline 0 0"><span class='ocrx_word' id='word_1_223' title='bbox 1270 293 1280 2345; x_wconf 95' lang='lat' dir='ltr'> </span> 
     </span>
    </p>
   </div>
   <div class='ocr_carea' id='block_1_9' title="bbox 558 2309 1177 2345">
    <p class='ocr_par' dir='ltr' id='par_1_11' title="bbox 558 2309 1177 2345">
     <span class='ocr_line' id='line_1_44' title="bbox 558 2309 1177 2345; baseline 0.003 -10"><span class='ocrx_word' id='word_1_224' title='bbox 558 2309 612 2336; x_wconf 76' lang='lat' dir='ltr'>Dat.</span> <span class='ocrx_word' id='word_1_225' title='bbox 637 2310 679 2335; x_wconf 72' lang='lat' dir='ltr'>ilie</span> <span class='ocrx_word' id='word_1_226' title='bbox 698 2310 730 2336; x_wconf 69' lang='lat'>27</span> <span class='ocrx_word' id='word_1_227' title='bbox 751 2310 817 2337; x_wconf 84' lang='lat' dir='ltr'>iunii</span> <span class='ocrx_word' id='word_1_228' title='bbox 841 2309 916 2344; x_wconf 77' lang='lat'>1658,</span> <span class='ocrx_word' id='word_1_229' title='bbox 939 2310 1034 2345; x_wconf 84' lang='lat' dir='ltr'>pontif.</span> <span class='ocrx_word' id='word_1_230' title='bbox 1057 2318 1126 2338; x_wconf 85' lang='lat' dir='ltr'>anno</span> <span class='ocrx_word' id='word_1_231' title='bbox 1143 2317 1177 2337; x_wconf 69' lang='grc' dir='ltr'>Π.</span> 
     </span>
    </p>
   </div>
   <div class='ocr_carea' id='block_1_10' title="bbox 849 2479 930 2514">
    <p class='ocr_par' dir='ltr' id='par_1_12' title="bbox 849 2479 930 2514">
     <span class='ocr_line' id='line_1_45' title="bbox 849 2479 930 2514; baseline -0.025 0"><span class='ocrx_word' id='word_1_232' title='bbox 849 2479 930 2514; x_wconf 73' lang='lat' dir='ltr'>CCII.</span> 
     </span>
    </p>
   </div>
   <div class='ocr_carea' id='block_1_11' title="bbox 524 2568 1259 2665">
    <p class='ocr_par' dir='ltr' id='par_1_13' title="bbox 524 2568 1259 2665">
     <span class='ocr_line' id='line_1_46' title="bbox 524 2568 1258 2612; baseline -0.001 -12"><span class='ocrx_word' id='word_1_233' title='bbox 524 2568 614 2607; x_wconf 68' lang='lat' dir='ltr'>Quod</span> <span class='ocrx_word' id='word_1_234' title='bbox 640 2569 675 2601; x_wconf 77' lang='lat' dir='ltr'>in</span> <span class='ocrx_word' id='word_1_235' title='bbox 693 2569 869 2612; x_wconf 67' lang='lat' dir='ltr'>movincz&#39;is</span> <span class='ocrx_word' id='word_1_236' title='bbox 885 2569 1096 2602; x_wconf 74' lang='lat' dir='ltr'>cismontanis</span> <span class='ocrx_word' id='word_1_237' title='bbox 1115 2570 1258 2611; x_wconf 76' lang='lat' dir='ltr'>fratrum</span> 
     </span>
     <span class='ocr_line' id='line_1_47' title="bbox 565 2621 1259 2665; baseline 0.003 -13"><span class='ocrx_word' id='word_1_238' title='bbox 565 2621 604 2653; x_wconf 66' lang='lat' dir='ltr'>cle</span> <span class='ocrx_word' id='word_1_239' title='bbox 629 2621 837 2655; x_wconf 52' lang='lat' dir='ltr'>Obseruantia</span> <span class='ocrx_word' id='word_1_240' title='bbox 855 2632 890 2654; x_wconf 76' lang='lat' dir='ltr'>ac</span> <span class='ocrx_word' id='word_1_241' title='bbox 908 2622 1170 2665; x_wconf 67' lang='lat' dir='ltr'>Reformatorem</span> <span class='ocrx_word' id='word_1_242' title='bbox 1187 2631 1259 2654; x_wconf 80' lang='lat' dir='ltr'>san-</span> 
     </span>
    </p>
   </div>
   <div class='ocr_carea' id='block_1_12' title="bbox 1292 231 2025 470">
    <p class='ocr_par' dir='ltr' id='par_1_14' title="bbox 1292 231 2025 470">
     <span class='ocr_line' id='line_1_48' title="bbox 1292 231 1446 256; baseline -0.006 0"><span class='ocrx_word' id='word_1_243' title='bbox 1292 231 1446 256; x_wconf 58' lang='lat' dir='ltr'>nouantur</span> 
     </span>
     <span class='ocr_line' id='line_1_49' title="bbox 1329 276 2023 320; baseline -0.004 -8"><span class='ocrx_word' id='word_1_244' title='bbox 1329 279 1372 312; x_wconf 78' lang='lat' dir='ltr'>cti</span> <span class='ocrx_word' id='word_1_245' title='bbox 1396 278 1564 312; x_wconf 73' lang='lat' dir='ltr'>Francisct</span> <span class='ocrx_word' id='word_1_246' title='bbox 1595 287 1655 310; x_wconf 75' lang='lat' dir='ltr'>non</span> <span class='ocrx_word' id='word_1_247' title='bbox 1689 277 1855 320; x_wconf 56' lang='lat' dir='ltr'>elevantur</span> <span class='ocrx_word' id='word_1_248' title='bbox 1879 276 2023 320; x_wconf 77' lang='lat' dir='ltr'>amplius</span> 
     </span>
     <span class='ocr_line' id='line_1_50' title="bbox 1331 329 2025 372; baseline -0.001 -9"><span class='ocrx_word' id='word_1_249' title='bbox 1331 331 1452 364; x_wconf 51' lang='lat' dir='ltr'>¹vocales</span> <span class='ocrx_word' id='word_1_250' title='bbox 1477 341 1531 363; x_wconf 79' lang='lat' dir='ltr'>seu</span> <span class='ocrx_word' id='word_1_251' title='bbox 1556 330 1722 363; x_wconf 76' lang='lat' dir='ltr'>discretiat</span> <span class='ocrx_word' id='word_1_252' title='bbox 1742 329 1874 372; x_wconf 69' lang='lat' dir='ltr'>familiai</span> <span class='ocrx_word' id='word_1_253' title='bbox 1898 340 2025 362; x_wconf 78' lang='lat' dir='ltr'>conven-</span> 
     </span>
     <span class='ocr_line' id='line_1_51' title="bbox 1332 382 2022 426; baseline -0.003 -9"><span class='ocrx_word' id='word_1_254' title='bbox 1332 389 1423 417; x_wconf 75' lang='lat' dir='ltr'>tuum</span> <span class='ocrx_word' id='word_1_255' title='bbox 1455 383 1608 417; x_wconf 67' lang='lat' dir='ltr'>omittendi</span> <span class='ocrx_word' id='word_1_256' title='bbox 1642 383 1684 415; x_wconf 79' lang='lat' dir='ltr'>acl</span> <span class='ocrx_word' id='word_1_257' title='bbox 1712 382 1858 426; x_wconf 76' lang='lat' dir='ltr'>capitula</span> <span class='ocrx_word' id='word_1_258' title='bbox 1885 383 2022 426; x_wconf 76' lang='lat' dir='ltr'>provin-</span> 
     </span>
     <span class='ocr_line' id='line_1_52' title="bbox 1331 437 1463 470; baseline -0.008 0"><span class='ocrx_word' id='word_1_259' title='bbox 1331 437 1463 470; x_wconf 47' lang='lat' dir='ltr'>ciatiaff.</span> 
     </span>
    </p>
   </div>
   <div class='ocr_carea' id='block_1_13' title="bbox 1429 525 1883 598">
    <p class='ocr_par' dir='ltr' id='par_1_15' title="bbox 1429 525 1883 598">
     <span class='ocr_line' id='line_1_53' title="bbox 1481 525 1832 560; baseline -0.003 -7"><span class='ocrx_word' id='word_1_260' title='bbox 1481 527 1645 553; x_wconf 82' lang='lat' dir='ltr'>Alexander</span> <span class='ocrx_word' id='word_1_261' title='bbox 1666 527 1744 560; x_wconf 84' lang='lat' dir='ltr'>Papa</span> <span class='ocrx_word' id='word_1_262' title='bbox 1763 525 1832 557; x_wconf 85' lang='lat' dir='ltr'>vn,</span> 
     </span>
     <span class='ocr_line' id='line_1_54' title="bbox 1429 570 1883 598; baseline -0.002 -1"><span class='ocrx_word' id='word_1_263' title='bbox 1429 571 1465 598; x_wconf 83' lang='lat' dir='ltr'>ad</span> <span class='ocrx_word' id='word_1_264' title='bbox 1485 571 1618 597; x_wconf 80' lang='lat' dir='ltr'>futuram</span> <span class='ocrx_word' id='word_1_265' title='bbox 1637 571 1682 598; x_wconf 85' lang='lat' dir='ltr'>rei</span> <span class='ocrx_word' id='word_1_266' title='bbox 1702 570 1883 597; x_wconf 83' lang='lat' dir='ltr'>memoriam.</span> 
     </span>
    </p>
   </div>
   <div class='ocr_carea' id='block_1_14' title="bbox 1289 649 2033 1759">
    <p class='ocr_par' dir='ltr' id='par_1_16' title="bbox 1289 649 2030 1056">
     <span class='ocr_line' id='line_1_55' title="bbox 1333 649 2027 693; baseline -0.001 -11"><span class='ocrx_word' id='word_1_267' title='bbox 1333 650 1528 683; x_wconf 74' lang='lat' dir='ltr'>Saerosaneti</span> <span class='ocrx_word' id='word_1_268' title='bbox 1554 650 1746 693; x_wconf 83' lang='lat' dir='ltr'>apostolatus</span> <span class='ocrx_word' id='word_1_269' title='bbox 1770 649 1862 682; x_wconf 88' lang='lat' dir='ltr'>nobis</span> <span class='ocrx_word' id='word_1_270' title='bbox 1879 649 2027 682; x_wconf 86' lang='lat' dir='ltr'>divinitus</span> 
     </span>
     <span class='ocr_line' id='line_1_56' title="bbox 1290 702 2028 747; baseline 0 -12"><span class='ocrx_word' id='word_1_271' title='bbox 1290 703 1450 735; x_wconf 87' lang='lat' dir='ltr'>commissi</span> <span class='ocrx_word' id='word_1_272' title='bbox 1476 703 1555 736; x_wconf 89' lang='lat' dir='ltr'>ratio</span> <span class='ocrx_word' id='word_1_273' title='bbox 1580 703 1738 747; x_wconf 86' lang='lat' dir='ltr'>postulat,</span> <span class='ocrx_word' id='word_1_274' title='bbox 1763 708 1796 736; x_wconf 87' lang='lat' dir='ltr'>ut</span> <span class='ocrx_word' id='word_1_275' title='bbox 1827 702 1864 735; x_wconf 90' lang='lat' dir='ltr'>ad</span> <span class='ocrx_word' id='word_1_276' title='bbox 1889 713 1945 743; x_wconf 87' lang='lat' dir='ltr'>ea,</span> <span class='ocrx_word' id='word_1_277' title='bbox 1970 712 2028 746; x_wconf 86' lang='lat' dir='ltr'>per</span> 
     </span>
     <span class='ocr_line' id='line_1_57' title="bbox 1289 756 2028 800; baseline -0.001 -11"><span class='ocrx_word' id='word_1_278' title='bbox 1289 767 1369 800; x_wconf 83' lang='lat' dir='ltr'>quae</span> <span class='ocrx_word' id='word_1_279' title='bbox 1394 757 1628 790; x_wconf 74' lang='lat' dir='ltr'>controversiae</span> <span class='ocrx_word' id='word_1_280' title='bbox 1654 757 1734 790; x_wconf 84' lang='lat' dir='ltr'>inter</span> <span class='ocrx_word' id='word_1_281' title='bbox 1750 757 1914 800; x_wconf 82' lang='lat' dir='ltr'>religiosos</span> <span class='ocrx_word' id='word_1_282' title='bbox 1931 756 2028 797; x_wconf 87' lang='lat' dir='ltr'>viros,</span> 
     </span>
     <span class='ocr_line' id='line_1_58' title="bbox 1290 810 2028 853; baseline 0.001 -12"><span class='ocrx_word' id='word_1_283' title='bbox 1290 810 1353 853; x_wconf 86' lang='lat' dir='ltr'>qui,</span> <span class='ocrx_word' id='word_1_284' title='bbox 1378 810 1564 853; x_wconf 85' lang='lat' dir='ltr'>contemptis</span> <span class='ocrx_word' id='word_1_285' title='bbox 1585 810 1680 843; x_wconf 88' lang='lat' dir='ltr'>seculi</span> <span class='ocrx_word' id='word_1_286' title='bbox 1700 810 1866 852; x_wconf 76' lang='lat' dir='ltr'>illecebris,</span> <span class='ocrx_word' id='word_1_287' title='bbox 1885 814 1956 843; x_wconf 85' lang='lat' dir='ltr'>vota</span> <span class='ocrx_word' id='word_1_288' title='bbox 1974 819 2028 842; x_wconf 88' lang='lat' dir='ltr'>sua</span> 
     </span>
     <span class='ocr_line' id='line_1_59' title="bbox 1290 862 2030 907; baseline 0 -11"><span class='ocrx_word' id='word_1_289' title='bbox 1290 863 1348 896; x_wconf 86' lang='lat' dir='ltr'>sub</span> <span class='ocrx_word' id='word_1_290' title='bbox 1374 864 1518 896; x_wconf 81' lang='lat' dir='ltr'>arctioris</span> <span class='ocrx_word' id='word_1_291' title='bbox 1543 864 1621 896; x_wconf 67' lang='lat' dir='ltr'>vitae</span> <span class='ocrx_word' id='word_1_292' title='bbox 1642 864 1751 907; x_wconf 72' lang='lat' dir='ltr'>regula</span> <span class='ocrx_word' id='word_1_293' title='bbox 1777 863 1935 896; x_wconf 86' lang='lat' dir='ltr'>Altissimo</span> <span class='ocrx_word' id='word_1_294' title='bbox 1959 862 2030 896; x_wconf 85' lang='lat' dir='ltr'>red-</span> 
     </span>
     <span class='ocr_line' id='line_1_60' title="bbox 1291 916 2029 960; baseline 0.003 -13"><span class='ocrx_word' id='word_1_295' title='bbox 1291 916 1365 949; x_wconf 85' lang='lat' dir='ltr'>dere</span> <span class='ocrx_word' id='word_1_296' title='bbox 1390 916 1505 959; x_wconf 71' lang='lat' dir='ltr'>iugiter</span> <span class='ocrx_word' id='word_1_297' title='bbox 1530 920 1694 959; x_wconf 71' lang='lat' dir='ltr'>satagunt,</span> <span class='ocrx_word' id='word_1_298' title='bbox 1720 922 1847 949; x_wconf 80' lang='lat' dir='ltr'>exortae</span> <span class='ocrx_word' id='word_1_299' title='bbox 1877 920 2029 960; x_wconf 82' lang='lat' dir='ltr'>perpetuo</span> 
     </span>
     <span class='ocr_line' id='line_1_61' title="bbox 1291 969 2028 1014; baseline 0 -12"><span class='ocrx_word' id='word_1_300' title='bbox 1291 970 1473 1013; x_wconf 71' lang='lat' dir='ltr'>sopiantur,</span> <span class='ocrx_word' id='word_1_301' title='bbox 1500 970 1651 1013; x_wconf 75' lang='lat' dir='ltr'>peculiari</span> <span class='ocrx_word' id='word_1_302' title='bbox 1688 975 1835 1014; x_wconf 82' lang='lat' dir='ltr'>paternae</span> <span class='ocrx_word' id='word_1_303' title='bbox 1869 969 2028 1004; x_wconf 81' lang='lat' dir='ltr'>charitatis</span> 
     </span>
     <span class='ocr_line' id='line_1_62' title="bbox 1290 1023 1778 1056; baseline 0.002 -1"><span class='ocrx_word' id='word_1_304' title='bbox 1290 1028 1416 1055; x_wconf 84' lang='lat' dir='ltr'>nostrae</span> <span class='ocrx_word' id='word_1_305' title='bbox 1442 1023 1544 1055; x_wconf 85' lang='lat' dir='ltr'>studio</span> <span class='ocrx_word' id='word_1_306' title='bbox 1570 1023 1778 1056; x_wconf 82' lang='lat' dir='ltr'>intendamus.</span> 
     </span>
    </p>

    <p class='ocr_par' dir='ltr' id='par_1_17' title="bbox 1290 1076 2033 1759">
     <span class='ocr_line' id='line_1_63' title="bbox 1335 1076 2028 1119; baseline 0 -11"><span class='ocrx_word' id='word_1_307' title='bbox 1335 1077 1349 1119; x_wconf 61' lang='lat' dir='ltr'>g</span> <span class='ocrx_word' id='word_1_308' title='bbox 1374 1076 1403 1108; x_wconf 49' lang='lat' dir='ltr'>sl.</span> <span class='ocrx_word' id='word_1_309' title='bbox 1430 1077 1553 1119; x_wconf 79' lang='lat' dir='ltr'>Itaque,</span> <span class='ocrx_word' id='word_1_310' title='bbox 1579 1076 1616 1108; x_wconf 86' lang='lat' dir='ltr'>dc</span> <span class='ocrx_word' id='word_1_311' title='bbox 1641 1076 1868 1109; x_wconf 72' lang='lat' dir='ltr'>venerabilium</span> <span class='ocrx_word' id='word_1_312' title='bbox 1895 1076 2028 1109; x_wconf 80' lang='lat' dir='ltr'>fratrum</span> 
     </span>
     <span class='ocr_line' id='line_1_64' title="bbox 1290 1129 2029 1172; baseline 0.001 -11"><span class='ocrx_word' id='word_1_313' title='bbox 1290 1133 1469 1163; x_wconf 83' lang='lat' dir='ltr'>nostrorum</span> <span class='ocrx_word' id='word_1_314' title='bbox 1497 1129 1525 1161; x_wconf 94' lang='lat' dir='ltr'>S.</span> <span class='ocrx_word' id='word_1_315' title='bbox 1544 1130 1577 1162; x_wconf 78' lang='lat' dir='ltr'>R.</span> <span class='ocrx_word' id='word_1_316' title='bbox 1596 1129 1628 1161; x_wconf 89' lang='lat' dir='ltr'>E.</span> <span class='ocrx_word' id='word_1_317' title='bbox 1659 1129 1867 1162; x_wconf 88' lang='lat' dir='ltr'>cardinalium</span> <span class='ocrx_word' id='word_1_318' title='bbox 1893 1129 2029 1172; x_wconf 85' lang='lat' dir='ltr'>negotiis</span> 
     </span>
     <span class='ocr_line' id='line_1_65' title="bbox 1291 1182 2029 1226; baseline 0.003 -13"><span class='ocrx_word' id='word_1_319' title='bbox 1291 1183 1572 1215; x_wconf 70' lang='lat' dir='ltr'>consultationibus</span> <span class='ocrx_word' id='word_1_320' title='bbox 1597 1183 1817 1226; x_wconf 82' lang='lat' dir='ltr'>episcoporum</span> <span class='ocrx_word' id='word_1_321' title='bbox 1850 1186 1879 1216; x_wconf 82' lang='lat' dir='ltr'>et</span> <span class='ocrx_word' id='word_1_322' title='bbox 1904 1182 2029 1226; x_wconf 80' lang='lat' dir='ltr'>regula-</span> 
     </span>
     <span class='ocr_line' id='line_1_66' title="bbox 1292 1235 2029 1279; baseline 0.001 -12"><span class='ocrx_word' id='word_1_323' title='bbox 1292 1236 1372 1268; x_wconf 85' lang='lat' dir='ltr'>rium</span> <span class='ocrx_word' id='word_1_324' title='bbox 1398 1236 1652 1279; x_wconf 79' lang='lat' dir='ltr'>praepositorum</span> <span class='ocrx_word' id='word_1_325' title='bbox 1680 1236 1833 1272; x_wconf 82' lang='lat' dir='ltr'>consilio,</span> <span class='ocrx_word' id='word_1_326' title='bbox 1867 1235 1940 1268; x_wconf 80' lang='lat' dir='ltr'>visis</span> <span class='ocrx_word' id='word_1_327' title='bbox 1971 1245 2029 1279; x_wconf 88' lang='lat' dir='ltr'>per</span> 
     </span>
     <span class='ocr_line' id='line_1_67' title="bbox 1292 1288 2030 1332; baseline 0.003 -13"><span class='ocrx_word' id='word_1_328' title='bbox 1292 1289 1418 1321; x_wconf 81' lang='lat' dir='ltr'>eosdem</span> <span class='ocrx_word' id='word_1_329' title='bbox 1435 1288 1608 1321; x_wconf 75' lang='lat' dir='ltr'>cardinales</span> <span class='ocrx_word' id='word_1_330' title='bbox 1623 1288 1816 1332; x_wconf 80' lang='lat' dir='ltr'>supplicibus</span> <span class='ocrx_word' id='word_1_331' title='bbox 1830 1288 1943 1321; x_wconf 85' lang='lat' dir='ltr'>libellis</span> <span class='ocrx_word' id='word_1_332' title='bbox 1960 1298 2030 1332; x_wconf 86' lang='lat' dir='ltr'>por-</span> 
     </span>
     <span class='ocr_line' id='line_1_68' title="bbox 1291 1342 2030 1385; baseline -0.001 -10"><span class='ocrx_word' id='word_1_333' title='bbox 1291 1343 1384 1375; x_wconf 83' lang='lat' dir='ltr'>rectis</span> <span class='ocrx_word' id='word_1_334' title='bbox 1402 1342 1529 1375; x_wconf 89' lang='lat' dir='ltr'>nomine</span> <span class='ocrx_word' id='word_1_335' title='bbox 1546 1343 1756 1385; x_wconf 88' lang='lat' dir='ltr'>plurimorum</span> <span class='ocrx_word' id='word_1_336' title='bbox 1780 1342 1911 1375; x_wconf 82' lang='lat' dir='ltr'>fratrum</span> <span class='ocrx_word' id='word_1_337' title='bbox 1936 1342 2030 1374; x_wconf 85' lang='lat' dir='ltr'>Mino-</span> 
     </span>
     <span class='ocr_line' id='line_1_69' title="bbox 1292 1394 2031 1435; baseline 0 -8"><span class='ocrx_word' id='word_1_338' title='bbox 1292 1406 1372 1433; x_wconf 81' lang='lat' dir='ltr'>rum,</span> <span class='ocrx_word' id='word_1_339' title='bbox 1392 1399 1455 1429; x_wconf 89' lang='lat' dir='ltr'>tum</span> <span class='ocrx_word' id='word_1_340' title='bbox 1470 1395 1507 1427; x_wconf 85' lang='lat' dir='ltr'>de</span> <span class='ocrx_word' id='word_1_341' title='bbox 1525 1395 1740 1435; x_wconf 68' lang='lat' dir='ltr'>Observantia,</span> <span class='ocrx_word' id='word_1_342' title='bbox 1758 1400 1823 1427; x_wconf 88' lang='lat' dir='ltr'>tum</span> <span class='ocrx_word' id='word_1_343' title='bbox 1842 1394 2031 1428; x_wconf 83' lang='lat' dir='ltr'>Reformato-</span> 
     </span>
     <span class='ocr_line' id='line_1_70' title="bbox 1292 1447 2031 1491; baseline 0 -11"><span class='ocrx_word' id='word_1_344' title='bbox 1292 1459 1361 1481; x_wconf 89' lang='lat' dir='ltr'>rum</span> <span class='ocrx_word' id='word_1_345' title='bbox 1388 1453 1641 1491; x_wconf 84' lang='lat' dir='ltr'>nuncupatorum</span> <span class='ocrx_word' id='word_1_346' title='bbox 1665 1447 1875 1480; x_wconf 82' lang='lat' dir='ltr'>cismontanae</span> <span class='ocrx_word' id='word_1_347' title='bbox 1896 1447 2031 1480; x_wconf 82' lang='lat' dir='ltr'>familiae</span> 
     </span>
     <span class='ocr_line' id='line_1_71' title="bbox 1292 1500 2031 1544; baseline -0.001 -11"><span class='ocrx_word' id='word_1_348' title='bbox 1292 1501 1416 1534; x_wconf 83' lang='lat' dir='ltr'>Ordinis</span> <span class='ocrx_word' id='word_1_349' title='bbox 1442 1501 1540 1533; x_wconf 86' lang='lat' dir='ltr'>saneti</span> <span class='ocrx_word' id='word_1_350' title='bbox 1566 1501 1739 1539; x_wconf 86' lang='lat' dir='ltr'>Francisci‚</span> <span class='ocrx_word' id='word_1_351' title='bbox 1766 1500 1946 1533; x_wconf 86' lang='lat' dir='ltr'>instantium</span> <span class='ocrx_word' id='word_1_352' title='bbox 1972 1510 2031 1544; x_wconf 88' lang='lat' dir='ltr'>pro</span> 
     </span>
     <span class='ocr_line' id='line_1_72' title="bbox 1293 1554 2031 1597; baseline -0.001 -10"><span class='ocrx_word' id='word_1_353' title='bbox 1293 1555 1490 1588; x_wconf 76' lang='lat' dir='ltr'>restitutione</span> <span class='ocrx_word' id='word_1_354' title='bbox 1504 1559 1641 1589; x_wconf 78' lang='lat' dir='ltr'>assertae</span> <span class='ocrx_word' id='word_1_355' title='bbox 1651 1554 1885 1588; x_wconf 83' lang='lat' dir='ltr'>consuetudinis</span> <span class='ocrx_word' id='word_1_356' title='bbox 1896 1554 2031 1597; x_wconf 83' lang='lat' dir='ltr'>eligendi</span> 
     </span>
     <span class='ocr_line' id='line_1_73' title="bbox 1293 1607 2032 1642; baseline -0.001 -1"><span class='ocrx_word' id='word_1_357' title='bbox 1293 1608 1415 1641; x_wconf 85' lang='lat' dir='ltr'>vocales</span> <span class='ocrx_word' id='word_1_358' title='bbox 1440 1618 1492 1640; x_wconf 91' lang='lat' dir='ltr'>seu</span> <span class='ocrx_word' id='word_1_359' title='bbox 1518 1608 1672 1642; x_wconf 88' lang='lat' dir='ltr'>discretos</span> <span class='ocrx_word' id='word_1_360' title='bbox 1696 1618 1713 1641; x_wconf 86' lang='lat' dir='ltr'>a</span> <span class='ocrx_word' id='word_1_361' title='bbox 1738 1607 1943 1641; x_wconf 83' lang='lat' dir='ltr'>conventibus</span> <span class='ocrx_word' id='word_1_362' title='bbox 1963 1607 2032 1640; x_wconf 89' lang='lat' dir='ltr'>mit-</span> 
     </span>
     <span class='ocr_line' id='line_1_74' title="bbox 1294 1660 2033 1705; baseline -0.001 -11"><span class='ocrx_word' id='word_1_363' title='bbox 1294 1661 1402 1694; x_wconf 87' lang='lat' dir='ltr'>tendos</span> <span class='ocrx_word' id='word_1_364' title='bbox 1428 1661 1465 1694; x_wconf 90' lang='lat' dir='ltr'>ad</span> <span class='ocrx_word' id='word_1_365' title='bbox 1491 1661 1627 1705; x_wconf 88' lang='lat' dir='ltr'>capitula</span> <span class='ocrx_word' id='word_1_366' title='bbox 1659 1661 1878 1705; x_wconf 75' lang='lat' dir='ltr'>provincialia,</span> <span class='ocrx_word' id='word_1_367' title='bbox 1909 1660 2033 1694; x_wconf 86' lang='lat' dir='ltr'>auditis-</span> 
     </span>
     <span class='ocr_line' id='line_1_75' title="bbox 1294 1715 2033 1759; baseline 0 -12"><span class='ocrx_word' id='word_1_368' title='bbox 1294 1725 1354 1758; x_wconf 80' lang='lat' dir='ltr'>que</span> <span class='ocrx_word' id='word_1_369' title='bbox 1379 1716 1503 1759; x_wconf 85' lang='lat' dir='ltr'>saepius</span> <span class='ocrx_word' id='word_1_370' title='bbox 1528 1716 1559 1748; x_wconf 92' lang='lat' dir='ltr'>in</span> <span class='ocrx_word' id='word_1_371' title='bbox 1580 1715 1762 1758; x_wconf 87' lang='lat' dir='ltr'>particulari</span> <span class='ocrx_word' id='word_1_372' title='bbox 1787 1715 1944 1748; x_wconf 89' lang='lat' dir='ltr'>dictorum</span> <span class='ocrx_word' id='word_1_373' title='bbox 1969 1724 2033 1748; x_wconf 89' lang='lat' dir='ltr'>car-</span> 
     </span>
    </p>
   </div>
   <div class='ocr_carea' id='block_1_15' title="bbox 2030 222 2213 259">
    <p class='ocr_par' dir='ltr' id='par_1_18' title="bbox 2030 222 2213 259">
     <span class='ocr_line' id='line_1_76' title="bbox 2030 222 2213 259; baseline 0.022 -4"><span class='ocrx_word' id='word_1_374' title='bbox 2030 227 2081 255; x_wconf 83' lang='lat' dir='ltr'>An.</span> <span class='ocrx_word' id='word_1_375' title='bbox 2103 227 2133 256; x_wconf 78' lang='lat' dir='ltr'>G.</span> <span class='ocrx_word' id='word_1_376' title='bbox 2142 222 2213 259; x_wconf 69' lang='lat'><strong>&#39;1658</strong></span> 
     </span>
    </p>
   </div>
   <div class='ocr_carea' id='block_1_16' title="bbox 2069 659 2204 682">
    <p class='ocr_par' dir='ltr' id='par_1_19' title="bbox 2069 659 2204 682">
     <span class='ocr_line' id='line_1_77' title="bbox 2069 659 2204 682; baseline 0.015 -2"><span class='ocrx_word' id='word_1_377' title='bbox 2069 659 2204 682; x_wconf 77' lang='lat' dir='ltr'>Prooemium.</span> 
     </span>
    </p>
   </div>
   <div class='ocr_carea' id='block_1_17' title="bbox 2044 1082 2222 1236">
    <p class='ocr_par' dir='ltr' id='par_1_20' title="bbox 2044 1082 2222 1236">
     <span class='ocr_line' id='line_1_78' title="bbox 2071 1082 2222 1105; baseline 0.013 -2"><span class='ocrx_word' id='word_1_378' title='bbox 2071 1082 2171 1104; x_wconf 77' lang='lat' dir='ltr'>Prohibet</span> <span class='ocrx_word' id='word_1_379' title='bbox 2185 1083 2222 1105; x_wconf 72' lang='lat' dir='ltr'>eln-</span> 
     </span>
     <span class='ocr_line' id='line_1_79' title="bbox 2044 1111 2222 1130; baseline 0 0"><span class='ocrx_word' id='word_1_380' title='bbox 2044 1111 2134 1130; x_wconf 79' lang='lat' dir='ltr'>cuonem</span> <span class='ocrx_word' id='word_1_381' title='bbox 2163 1115 2222 1130; x_wconf 68' lang='lat' dir='ltr'>vocn-</span> 
     </span>
     <span class='ocr_line' id='line_1_80' title="bbox 2044 1135 2222 1162; baseline 0.006 -6"><span class='ocrx_word' id='word_1_382' title='bbox 2044 1136 2093 1156; x_wconf 86' lang='lat' dir='ltr'>lium</span> <span class='ocrx_word' id='word_1_383' title='bbox 2108 1136 2129 1156; x_wconf 86' lang='lat' dir='ltr'>in</span> <span class='ocrx_word' id='word_1_384' title='bbox 2143 1135 2222 1162; x_wconf 74' lang='lat' dir='ltr'>provin·</span> 
     </span>
     <span class='ocr_line' id='line_1_81' title="bbox 2044 1160 2222 1184; baseline 0.011 -2"><span class='ocrx_word' id='word_1_385' title='bbox 2044 1164 2083 1183; x_wconf 83' lang='lat' dir='ltr'>ciis</span> <span class='ocrx_word' id='word_1_386' title='bbox 2093 1160 2222 1184; x_wconf 67' lang='lat' dir='ltr'>cismontanis</span> 
     </span>
     <span class='ocr_line' id='line_1_82' title="bbox 2045 1189 2221 1210; baseline 0.006 -1"><span class='ocrx_word' id='word_1_387' title='bbox 2045 1189 2131 1209; x_wconf 72' lang='lat' dir='ltr'>fratrum</span> <span class='ocrx_word' id='word_1_388' title='bbox 2144 1189 2169 1209; x_wconf 84' lang='lat' dir='ltr'>de</span> <span class='ocrx_word' id='word_1_389' title='bbox 2183 1189 2221 1210; x_wconf 77' lang='lat' dir='ltr'>Ob-</span> 
     </span>
     <span class='ocr_line' id='line_1_83' title="bbox 2044 1215 2210 1236; baseline 0 0"><span class='ocrx_word' id='word_1_390' title='bbox 2044 1215 2151 1236; x_wconf 71' lang='lat' dir='ltr'>servantiii</span> <span class='ocrx_word' id='word_1_391' title='bbox 2162 1215 2210 1236; x_wconf 70' lang='lat' dir='ltr'>neri.</span> 
     </span>
    </p>
   </div>
   <div class='ocr_carea' id='block_1_18' title="bbox 1293 1767 2034 1810">
    <p class='ocr_par' dir='ltr' id='par_1_21' title="bbox 1293 1767 2034 1810">
     <span class='ocr_line' id='line_1_84' title="bbox 1293 1767 2034 1810; baseline -0.001 -10"><span class='ocrx_word' id='word_1_392' title='bbox 1293 1768 1443 1801; x_wconf 88' lang='lat' dir='ltr'>dinalium</span> <span class='ocrx_word' id='word_1_393' title='bbox 1470 1768 1714 1810; x_wconf 78' lang='lat' dir='ltr'>congregatione</span> <span class='ocrx_word' id='word_1_394' title='bbox 1732 1767 1852 1800; x_wconf 86' lang='lat' dir='ltr'>dilectis</span> <span class='ocrx_word' id='word_1_395' title='bbox 1877 1767 1949 1800; x_wconf 84' lang='lat' dir='ltr'>siliis</span> <span class='ocrx_word' id='word_1_396' title='bbox 1975 1767 2034 1800; x_wconf 77' lang='lat' dir='ltr'>sra-</span> 
     </span>
    </p>
   </div>
   <div class='ocr_carea' id='block_1_19' title="bbox 1292 1821 2034 2397">
    <p class='ocr_par' dir='ltr' id='par_1_22' title="bbox 1292 1821 2034 2397">
     <span class='ocr_line' id='line_1_85' title="bbox 1293 1821 2031 1864; baseline 0 -11"><span class='ocrx_word' id='word_1_397' title='bbox 1293 1821 1393 1854; x_wconf 88' lang='lat' dir='ltr'>tribus</span> <span class='ocrx_word' id='word_1_398' title='bbox 1419 1821 1644 1855; x_wconf 87' lang='lat' dir='ltr'>commissariis</span> <span class='ocrx_word' id='word_1_399' title='bbox 1679 1821 1817 1864; x_wconf 82' lang='lat' dir='ltr'>generali</span> <span class='ocrx_word' id='word_1_400' title='bbox 1851 1826 1881 1853; x_wconf 91' lang='lat' dir='ltr'>et</span> <span class='ocrx_word' id='word_1_401' title='bbox 1905 1821 2031 1862; x_wconf 84' lang='lat' dir='ltr'>curiae,</span> 
     </span>
     <span class='ocr_line' id='line_1_86' title="bbox 1292 1874 2034 1917; baseline -0.001 -10"><span class='ocrx_word' id='word_1_402' title='bbox 1292 1884 1414 1908; x_wconf 90' lang='lat' dir='ltr'>necnon</span> <span class='ocrx_word' id='word_1_403' title='bbox 1446 1879 1651 1917; x_wconf 84' lang='lat' dir='ltr'>procuratore</span> <span class='ocrx_word' id='word_1_404' title='bbox 1677 1874 1815 1916; x_wconf 80' lang='lat' dir='ltr'>generali</span> <span class='ocrx_word' id='word_1_405' title='bbox 1842 1874 2034 1907; x_wconf 79' lang='lat' dir='ltr'>Reformato-</span> 
     </span>
     <span class='ocr_line' id='line_1_87' title="bbox 1293 1927 2031 1970; baseline -0.001 -10"><span class='ocrx_word' id='word_1_406' title='bbox 1293 1938 1361 1960; x_wconf 90' lang='lat' dir='ltr'>rum</span> <span class='ocrx_word' id='word_1_407' title='bbox 1388 1927 1512 1961; x_wconf 87' lang='lat' dir='ltr'>Ordinis</span> <span class='ocrx_word' id='word_1_408' title='bbox 1537 1927 1703 1970; x_wconf 87' lang='lat' dir='ltr'>praedicti,</span> <span class='ocrx_word' id='word_1_409' title='bbox 1730 1927 1933 1970; x_wconf 88' lang='lat' dir='ltr'>partibusque</span> <span class='ocrx_word' id='word_1_410' title='bbox 1957 1927 2031 1959; x_wconf 87' lang='lat' dir='ltr'>hinc</span> 
     </span>
     <span class='ocr_line' id='line_1_88' title="bbox 1293 1980 2033 2024; baseline -0.001 -11"><span class='ocrx_word' id='word_1_411' title='bbox 1293 1981 1364 2013; x_wconf 91' lang='lat' dir='ltr'>inde</span> <span class='ocrx_word' id='word_1_412' title='bbox 1391 1986 1451 2013; x_wconf 88' lang='lat' dir='ltr'>tam</span> <span class='ocrx_word' id='word_1_413' title='bbox 1479 1981 1576 2013; x_wconf 75' lang='lat' dir='ltr'>verbo</span> <span class='ocrx_word' id='word_1_414' title='bbox 1601 1990 1694 2023; x_wconf 85' lang='lat' dir='ltr'>quam</span> <span class='ocrx_word' id='word_1_415' title='bbox 1721 1980 1837 2024; x_wconf 84' lang='lat' dir='ltr'>scripto</span> <span class='ocrx_word' id='word_1_416' title='bbox 1866 1980 2033 2013; x_wconf 80' lang='lat' dir='ltr'>informan-</span> 
     </span>
     <span class='ocr_line' id='line_1_89' title="bbox 1294 2034 2031 2077; baseline -0.001 -10"><span class='ocrx_word' id='word_1_417' title='bbox 1294 2035 1385 2075; x_wconf 84' lang='lat' dir='ltr'>tibus,</span> <span class='ocrx_word' id='word_1_418' title='bbox 1407 2045 1477 2067; x_wconf 86' lang='lat' dir='ltr'>cum</span> <span class='ocrx_word' id='word_1_419' title='bbox 1511 2034 1658 2067; x_wconf 88' lang='lat' dir='ltr'>omnibus</span> <span class='ocrx_word' id='word_1_420' title='bbox 1683 2043 1741 2077; x_wconf 89' lang='lat' dir='ltr'>pro</span> <span class='ocrx_word' id='word_1_421' title='bbox 1765 2036 1899 2077; x_wconf 77' lang='lat' dir='ltr'>utraque</span> <span class='ocrx_word' id='word_1_422' title='bbox 1923 2044 2031 2066; x_wconf 88' lang='lat' dir='ltr'>earum</span> 
     </span>
     <span class='ocr_line' id='line_1_90' title="bbox 1292 2086 2033 2130; baseline 0 -11"><span class='ocrx_word' id='word_1_423' title='bbox 1292 2087 1444 2128; x_wconf 85' lang='lat' dir='ltr'>deductis,</span> <span class='ocrx_word' id='word_1_424' title='bbox 1469 2098 1504 2120; x_wconf 87' lang='lat' dir='ltr'>ac</span> <span class='ocrx_word' id='word_1_425' title='bbox 1534 2086 1734 2130; x_wconf 80' lang='lat' dir='ltr'>postmodum</span> <span class='ocrx_word' id='word_1_426' title='bbox 1760 2091 1825 2120; x_wconf 89' lang='lat' dir='ltr'>toto</span> <span class='ocrx_word' id='word_1_427' title='bbox 1849 2087 1978 2130; x_wconf 81' lang='lat' dir='ltr'>negotio</span> <span class='ocrx_word' id='word_1_428' title='bbox 2002 2087 2033 2119; x_wconf 93' lang='lat' dir='ltr'>in</span> 
     </span>
     <span class='ocr_line' id='line_1_91' title="bbox 1292 2140 2033 2185; baseline 0.001 -12"><span class='ocrx_word' id='word_1_429' title='bbox 1292 2142 1383 2185; x_wconf 75' lang='lat' dir='ltr'>plena</span> <span class='ocrx_word' id='word_1_430' title='bbox 1408 2141 1642 2184; x_wconf 88' lang='lat' dir='ltr'>praedictorum</span> <span class='ocrx_word' id='word_1_431' title='bbox 1668 2140 1872 2174; x_wconf 83' lang='lat' dir='ltr'>cardinalium</span> <span class='ocrx_word' id='word_1_432' title='bbox 1905 2150 2033 2183; x_wconf 81' lang='lat' dir='ltr'>congre-</span> 
     </span>
     <span class='ocr_line' id='line_1_92' title="bbox 1292 2193 2032 2237; baseline 0 -11"><span class='ocrx_word' id='word_1_433' title='bbox 1292 2194 1433 2236; x_wconf 79' lang='lat' dir='ltr'>gatione,</span> <span class='ocrx_word' id='word_1_434' title='bbox 1459 2193 1571 2227; x_wconf 84' lang='lat' dir='ltr'>dilecto</span> <span class='ocrx_word' id='word_1_435' title='bbox 1596 2193 1661 2226; x_wconf 82' lang='lat' dir='ltr'>filio</span> <span class='ocrx_word' id='word_1_436' title='bbox 1680 2198 1789 2227; x_wconf 87' lang='lat' dir='ltr'>nostro</span> <span class='ocrx_word' id='word_1_437' title='bbox 1814 2193 1928 2226; x_wconf 86' lang='lat' dir='ltr'>Ioanne</span> <span class='ocrx_word' id='word_1_438' title='bbox 1953 2193 2032 2237; x_wconf 85' lang='lat' dir='ltr'>Bap-</span> 
     </span>
     <span class='ocr_line' id='line_1_93' title="bbox 1294 2246 2031 2281; baseline -0.001 -1"><span class='ocrx_word' id='word_1_439' title='bbox 1294 2248 1363 2280; x_wconf 88' lang='lat' dir='ltr'>tista</span> <span class='ocrx_word' id='word_1_440' title='bbox 1395 2247 1472 2281; x_wconf 87' lang='lat' dir='ltr'>tituli</span> <span class='ocrx_word' id='word_1_441' title='bbox 1504 2247 1532 2279; x_wconf 89' lang='lat' dir='ltr'>S.</span> <span class='ocrx_word' id='word_1_442' title='bbox 1559 2246 1641 2280; x_wconf 83' lang='lat' dir='ltr'>Petri</span> <span class='ocrx_word' id='word_1_443' title='bbox 1667 2246 1705 2279; x_wconf 88' lang='lat' dir='ltr'>ad</span> <span class='ocrx_word' id='word_1_444' title='bbox 1730 2247 1859 2279; x_wconf 80' lang='lat' dir='ltr'>Vincula</span> <span class='ocrx_word' id='word_1_445' title='bbox 1892 2246 2031 2280; x_wconf 86' lang='lat' dir='ltr'>eiusdem</span> 
     </span>
     <span class='ocr_line' id='line_1_94' title="bbox 1292 2299 2031 2344; baseline -0.001 -11"><span class='ocrx_word' id='word_1_446' title='bbox 1292 2301 1321 2334; x_wconf 89' lang='lat' dir='ltr'>S.</span> <span class='ocrx_word' id='word_1_447' title='bbox 1348 2301 1382 2332; x_wconf 77' lang='lat' dir='ltr'>R.</span> <span class='ocrx_word' id='word_1_448' title='bbox 1412 2300 1445 2333; x_wconf 87' lang='lat' dir='ltr'>E.</span> <span class='ocrx_word' id='word_1_449' title='bbox 1481 2300 1667 2344; x_wconf 71' lang='lat' dir='ltr'>presbytero</span> <span class='ocrx_word' id='word_1_450' title='bbox 1703 2299 1861 2332; x_wconf 83' lang='lat' dir='ltr'>cardinale</span> <span class='ocrx_word' id='word_1_451' title='bbox 1897 2299 2031 2332; x_wconf 88' lang='lat' dir='ltr'>Pallotto</span> 
     </span>
     <span class='ocr_line' id='line_1_95' title="bbox 1292 2352 2031 2397; baseline -0.001 -11"><span class='ocrx_word' id='word_1_452' title='bbox 1292 2357 1471 2397; x_wconf 87' lang='lat' dir='ltr'>nuncupato</span> <span class='ocrx_word' id='word_1_453' title='bbox 1496 2353 1660 2395; x_wconf 77' lang='lat' dir='ltr'>referente,</span> <span class='ocrx_word' id='word_1_454' title='bbox 1679 2352 1846 2395; x_wconf 80' lang='lat' dir='ltr'>diligenter</span> <span class='ocrx_word' id='word_1_455' title='bbox 1864 2356 1893 2385; x_wconf 88' lang='lat' dir='ltr'>et</span> <span class='ocrx_word' id='word_1_456' title='bbox 1910 2356 2031 2386; x_wconf 89' lang='lat' dir='ltr'>mature</span> 
     </span>
    </p>
   </div>
   <div class='ocr_carea' id='block_1_20' title="bbox 1293 2449 2032 2664">
    <p class='ocr_par' dir='ltr' id='par_1_23' title="bbox 1293 2449 2032 2664">
     <span class='ocr_line' id='line_1_96' title="bbox 1330 2449 2032 2485; baseline -0.003 -7"><span class='ocrx_word' id='word_1_457' title='bbox 1330 2453 1339 2478; x_wconf 88' lang='lat'>1</span> <span class='ocrx_word' id='word_1_458' title='bbox 1364 2452 1403 2478; x_wconf 90' lang='lat' dir='ltr'>De</span> <span class='ocrx_word' id='word_1_459' title='bbox 1423 2450 1473 2477; x_wconf 86' lang='lat' dir='ltr'>hac</span> <span class='ocrx_word' id='word_1_460' title='bbox 1494 2450 1605 2477; x_wconf 79' lang='lat' dir='ltr'>materia</span> <span class='ocrx_word' id='word_1_461' title='bbox 1627 2449 1695 2481; x_wconf 86' lang='lat' dir='ltr'>vide,</span> <span class='ocrx_word' id='word_1_462' title='bbox 1712 2457 1781 2485; x_wconf 82' lang='lat' dir='ltr'>quae</span> <span class='ocrx_word' id='word_1_463' title='bbox 1801 2450 1891 2476; x_wconf 78' lang='lat' dir='ltr'>notavi</span> <span class='ocrx_word' id='word_1_464' title='bbox 1911 2449 1942 2476; x_wconf 82' lang='lat' dir='ltr'>ad</span> <span class='ocrx_word' id='word_1_465' title='bbox 1964 2449 2032 2476; x_wconf 89' lang='lat' dir='ltr'>Con-</span> 
     </span>
     <span class='ocr_line' id='line_1_97' title="bbox 1293 2494 2031 2530; baseline -0.003 -8"><span class='ocrx_word' id='word_1_466' title='bbox 1293 2496 1348 2522; x_wconf 81' lang='lat' dir='ltr'>stit.</span> <span class='ocrx_word' id='word_1_467' title='bbox 1370 2502 1449 2522; x_wconf 77' lang='lat' dir='ltr'>CLxlu</span> <span class='ocrx_word' id='word_1_468' title='bbox 1465 2495 1514 2530; x_wconf 77' lang='lat' dir='ltr'>(al.</span> <span class='ocrx_word' id='word_1_469' title='bbox 1532 2496 1573 2520; x_wconf 58' lang='lat' dir='ltr'>CL}</span> <span class='ocrx_word' id='word_1_470' title='bbox 1592 2494 1690 2521; x_wconf 81' lang='lat' dir='ltr'>Urbani</span> <span class='ocrx_word' id='word_1_471' title='bbox 1712 2494 1783 2526; x_wconf 74' lang='lat' dir='ltr'>Vltt,</span> <span class='ocrx_word' id='word_1_472' title='bbox 1798 2494 2031 2526; x_wconf 72' lang='lat' dir='ltr'>Sacrosanctum,</span> 
     </span>
     <span class='ocr_line' id='line_1_98' title="bbox 1294 2538 2031 2574; baseline -0.003 -8"><span class='ocrx_word' id='word_1_473' title='bbox 1294 2543 1358 2566; x_wconf 79' lang='lat' dir='ltr'>tom.</span> <span class='ocrx_word' id='word_1_474' title='bbox 1380 2545 1436 2573; x_wconf 82' lang='lat' dir='ltr'>xm,</span> <span class='ocrx_word' id='word_1_475' title='bbox 1456 2547 1517 2574; x_wconf 81' lang='lat' dir='ltr'>pag.</span> <span class='ocrx_word' id='word_1_476' title='bbox 1535 2539 1597 2573; x_wconf 83' lang='lat'>373,</span> <span class='ocrx_word' id='word_1_477' title='bbox 1612 2538 1683 2565; x_wconf 84' lang='lat' dir='ltr'>circa</span> <span class='ocrx_word' id='word_1_478' title='bbox 1698 2538 1900 2572; x_wconf 81' lang='lat' dir='ltr'>abrogationem</span> <span class='ocrx_word' id='word_1_479' title='bbox 1920 2545 2031 2564; x_wconf 87' lang='lat' dir='ltr'>conces-</span> 
     </span>
     <span class='ocr_line' id='line_1_99' title="bbox 1293 2581 2031 2611; baseline 0 -1"><span class='ocrx_word' id='word_1_480' title='bbox 1293 2584 1397 2611; x_wconf 87' lang='lat' dir='ltr'>sionum</span> <span class='ocrx_word' id='word_1_481' title='bbox 1419 2582 1639 2610; x_wconf 82' lang='lat' dir='ltr'>contrariantium</span> <span class='ocrx_word' id='word_1_482' title='bbox 1667 2582 1772 2610; x_wconf 85' lang='lat' dir='ltr'>statutis</span> <span class='ocrx_word' id='word_1_483' title='bbox 1799 2581 1906 2610; x_wconf 88' lang='lat' dir='ltr'>Ordinis</span> <span class='ocrx_word' id='word_1_484' title='bbox 1925 2585 1951 2609; x_wconf 82' lang='lat' dir='ltr'>et</span> <span class='ocrx_word' id='word_1_485' title='bbox 1972 2581 2031 2610; x_wconf 79' lang='lat' dir='ltr'>eius</span> 
     </span>
     <span class='ocr_line' id='line_1_100' title="bbox 1293 2628 1412 2664; baseline -0.017 -8"><span class='ocrx_word' id='word_1_486' title='bbox 1293 2628 1412 2664; x_wconf 82' lang='lat' dir='ltr'>regulae.</span> 
     </span>
    </p>
   </div>
  </div>
 </body>
</html>
