2263 3215
274 214 320 238 An,
344 212 371 238 C.
394 213 461 239 4656
506 204 570 236 ⁶2:3st

473 261 617 294 dominos
652 260 925 304 archiepiscopum
957 261 1209 295 Mecliliniensem

473 320 565 356 atque
605 314 768 357 episcopos
805 314 1020 357 suffraganeos
1056 315 1211 348 instruere

474 371 614 409 possentg
631 366 681 409 qui
697 366 819 408 deinde,
835 367 1063 400 consultatione
1082 368 1162 400 inter
1179 378 1210 400 se

475 419 598 459 babila,
626 419 792 452 sententias
824 431 895 453 suas
926 431 1019 464 super
1044 421 1211 464 praedietis

472 472 708 506 dillicultatilms
732 472 769 505 ad
796 484 915 506 sacram
934 474 1209 517 congregationem

473 525 594 558 mittere
613 530 756 569 posseut;
782 526 997 570 posteaquam¹
1018 533 1077 559 tam
1095 527 1209 571 praesa·

473 586 520 611 tus
546 580 679 613 vicarius
697 581 895 624 apostolicus,
916 581 1132 614 assistentibus
1153 580 1209 613 sibi

471 632 627 676 aliquibus
652 644 686 665 ex
714 634 796 668 dicto
822 635 917 674 clere,
943 645 1036 677 quam
1065 644 1209 666 reveren-

471 686 618 718 dissimus
650 692 738 730 pater
769 687 968 721 Florentinus
994 687 1031 719 de
1057 688 1209 720 Montnio-

471 740 593 779 rancis,
626 740 826 783 provincialis
863 741 1025 775 Societatis
1051 741 1119 773 Iesu
1155 751 1211 784 per

472 792 605 826 Flandro
631 794 798 836 Belgicam,
818 793 956 826 eiusdem
979 794 1141 827 Societatis
1160 804 1210 826 uo-

470 845 573 886 mine,
599 846 742 890 pluribus
774 846 886 879 diebus
922 858 1027 880 coram
1064 846 1210 890 praefatis

473 900 711 944 archiepiscopo
728 900 941 933 llleclilinieusi
968 905 996 933 et
1015 899 1209 944 coepiscopis

471 964 566 996 super
590 953 823 986 difficultatibus
849 954 877 986 in
904 954 962 986 hoc
987 954 1104 998 oppido
1131 954 1208 986 llru-

471 1007 597 1039 xellensi
616 1007 766 1050 egissent3
793 1007 916 1039 tandem
942 1007 1072 1040 eaedem
1094 1013 1207 1051 partes,

468 1060 504 1092 ad
532 1060 682 1093 maiorem
713 1061 766 1093 Dei
803 1060 936 1103 gloriam
953 1087 960 1100 ‚
986 1060 1110 1093 liortatu
1137 1061 1208 1093 illu-

469 1114 612 1146 strissimi
639 1119 668 1146 et
688 1113 943 1146 reverendissimi
962 1113 1080 1146 domini
1103 1114 1207 1147 nuncii

468 1167 629 1210 apostolici
651 1178 707 1211 per
725 1167 876 1210 Belgium,
895 1172 923 1199 et
943 1167 1208 1200 intercedentibus

468 1221 614 1263 praefatis
628 1221 864 1264 archiepiscopo
879 1220 1090 1253 Meeliliniensi
1104 1226 1133 1253 et
1150 1220 1208 1253 suf-

468 1274 634 1317 fraganeis,
649 1274 706 1306 sub
721 1274 915 1317 beneplacito
927 1273 1145 1307 Sanctissimae
1159 1274 1208 1306 Se-

468 1327 525 1369 dis,
544 1327 776 1360 concordarunt
801 1327 829 1359 in
856 1327 1004 1360 articulos
1025 1333 1205 1370 sequentes:

514 1381 546 1413 ln
571 1381 692 1423 primis,
708 1380 812 1423 quoad
838 1380 972 1420 initium,
995 1391 1048 1413 seu
1067 1381 1081 1423 g
1102 1391 1110 1413 1
1129 1381 1207 1413 eius-

468 1434 538 1466 dem
553 1434 669 1467 decreti
683 1434 910 1477 incipientem⁴²z
925 1434 1017 1467 Circa
1030 1434 1206 1477 reyulares,

468 1495 536 1530 etc.⁷
555 1494 585 1520 et
602 1488 616 1531 ἓ
634 1498 696 1528 xlv,
714 1487 786 1531 qui⁸
811 1487 934 1531 incipit:
958 1487 1050 1527 Quod
1074 1488 1102 1520 si
1121 1488 1207 1520 nihi-

470 1542 611 1574 lominus
624 1541 801 1584 contiueat,
822 1545 891 1581 etc„
913 1546 1018 1584 patres
1033 1540 1206 1581 Societatis,

468 1595 520 1638 qui
546 1594 693 1638 deinceps
719 1594 749 1627 in
773 1594 915 1638 partibus
942 1594 1058 1628 vicario
1082 1598 1206 1638 aposto-

468 1648 529 1681 lico
554 1648 731 1682 commissis
756 1647 821 1681 vice
848 1653 1009 1691 pastorum
1035 1659 1106 1680 cum
1133 1647 1205 1681 reli-

468 1702 537 1744 quis
561 1701 777 1735 sacerdotibus
811 1701 1005 1734 secularibus
1034 1701 1139 1734 volent
1164 1702 1207 1733 la-

468 1756 603 1796 borare,
629 1766 691 1789 non
724 1759 842 1789 tantum
877 1756 906 1787 in
938 1755 1207 1789 administratione

468 1814 748 1848 sacramentorum,
766 1808 819 1841 sed
844 1809 936 1841 etiam
958 1809 988 1840 in
1007 1809 1145 1852 reliquis,
1164 1809 1207 1841 vi-

468 1863 552 1895 cario
573 1862 754 1906 apostolico,
781 1866 939 1905 tamquam
965 1862 1142 1906 specialiter
1158 1862 1207 1895 de-

468 1916 570 1958 legato
584 1915 670 1948 Sedis
685 1915 893 1959 Apostolicae,
915 1915 944 1947 in
962 1915 1064 1958 prima
1091 1915 1206 1948 instan-

469 1969 509 2002 tia
535 1969 708 2010 suberunt,
733 1969 796 2001 sive
821 1974 942 2001 actores
967 1968 1048 2008 sint,
1074 1968 1137 2001 sive
1162 1969 1206 2002 rei

468 2023 498 2054 in
525 2024 618 2055 eausa
642 2021 860 2066 appellationis
886 2022 1001 2055 nuncio
1024 2023 1205 2066 apostolico.

511 2076 598 2109 Circa
624 2076 638 2119 ἓ
662 2086 683 2108 11
715 2076 787 2108 dicti
820 2075 959 2115 decreti,
993 2076 1044 2119 qui
1076 2076 1205 2120 incipit:

467 2129 651 2173 Inprimis
680 2128 825 2162 vicarius
860 2129 953 2169 illos,
992 2134 1048 2161 ete.
1082 2135 1206 2164 cautum

467 2188 523 2222 est,
548 2182 651 2226 quoad
683 2187 867 2225 potestatem
902 2182 1125 2215 solemnizandi
1158 2194 1205 2216 sa-

468 2242 662 2269 cramentum
690 2235 892 2276 matrimonii,
915 2236 999 2280 quod
1024 2241 1113 2280 pater
1137 2249 1207 2281 pro-

468 2290 607 2322 vincialis
632 2289 755 2322 curabit
781 2293 813 2323 ut
838 2289 884 2322 sui
906 2290 1090 2333 parcissime
1119 2296 1206 2324 utan-

468 2350 518 2376 tur
544 2344 601 2376 ista
626 2344 780 2384 facultate⁷
800 2349 829 2375 ct
855 2343 967 2376 efficiet
988 2344 1036 2378 ut⁴
1063 2355 1206 2378 reveren-

467 2397 524 2430 dus
544 2402 632 2440 pater
657 2397 812 2439 generalis
837 2396 919 2429 idem
944 2403 1089 2440 praestet.

504 2488 514 2511 1
537 2486 630 2521 Aptius
649 2486 739 2513 forsan
760 2486 902 2521 legendum
921 2489 1077 2521 posteaque
1097 2489 1134 2517 (R.
1155 2487 1203 2517 tu).

501 2531 517 2557 *2
538 2530 607 2557 Edit.
624 2530 702 2556 Main.
721 2531 783 2565 legit
798 2531 953 2565 'incipiente
968 2532 1004 2565 (tt.
1018 2532 1066 2565 T.).

501 2576 517 2601 3
537 2575 650 2609 Semper
670 2575 767 2609 legitur
787 2576 838 2610 qui
857 2584 905 2611 pro
925 2584 998 2610 quae
1017 2577 1057 2610 (R.
1076 2578 1122 2609 T.).

502 2621 516 2646 t
538 2620 697 2646 l‘artieulam
721 2623 749 2646 ut
770 2629 817 2647 nos
838 2620 961 2647 addimus
980 2622 1020 2655 (n.
1043 2621 1089 2654 T.).

1057 214 1234 238 BULLARIUM
1259 215 1412 239 ROMANUM

1289 263 1481 296 Conventum
1507 266 1549 294 est
1578 262 1670 293 etiam
1700 261 1783 304 quod
1809 266 1913 305 patres
1933 262 1985 296 So-

1245 315 1364 348 cietatis
1400 325 1459 347 non
1493 314 1756 346 administrabunt
1791 320 1984 348 sacramenta

1247 368 1414 412 pastoralia
1440 367 1598 408 [tat-terni,
1633 371 1762 411 propter
1794 368 1983 401 contrariam

1246 421 1504 454 consuetudinem
1531 420 1613 453 illius
1639 421 1707 453 loci.

1299 475 1440 507 Declarat
1476 484 1602 517 quoque
1639 479 1727 517 pater
1764 473 1984 517 provincialis,

1246 527 1329 569 quod
1356 526 1494 569 religiosi
1521 527 1683 559 Societatis
1704 527 1772 559 lesu
1792 526 1897 569 injltac
1915 527 1985 559 mis-

1246 581 1332 614 sione
1364 580 1531 613 existentes
1557 581 1744 614 tenebuntur
1770 580 1984 614 indifferenter

1246 634 1412 666 subrenire
1437 634 1572 676 aegrotis
1597 634 1754 674 omnibus,
1780 634 1871 666 etiam
1897 634 1983 666 labo-

1247 686 1387 719 rantibus
1411 687 1529 719 morbis
1551 687 1750 730 contagiosis,
1768 686 1804 719 ad
1823 687 1920 719 instar
1937 697 1985 720 se·

1246 741 1398 772 cularium
1421 740 1629 773 sacerdotum.

1289 792 1375 831 Quod
1398 792 1506 826 attinet
1522 792 1559 825 ad
1574 793 1822 835 designationem
1841 793 1982 825 locorum

1246 845 1401 879 missionis
1426 846 1535 878 factam
1563 845 1592 878 in
1619 846 1682 889 §111
1708 845 1781 878 dicti
1807 845 1923 878 decreti
1942 846 1984 878 in-

1245 898 1407 942 cipiente¹1
1434 899 1647 932 Auuotautur
1671 903 1786 939 autem,
1808 904 1877 939 etc,
1895 903 1983 942 pater

1244 952 1444 995 provincialis
1461 952 1627 985 Societatis
1641 952 1707 985 lesu
1726 952 1873 992 declarat,
1898 951 1981 996 quod

1246 1016 1305 1038 non
1331 1010 1434 1039 utetur
1469 1006 1614 1039 facultate
1651 1005 1709 1038 sibi
1745 1007 1894 1038 concessa
1925 1015 1983 1049 per

1243 1058 1356 1091 dictam
1373 1059 1649 1102 congregationem
1663 1058 1867 1092 cardinalium
1879 1058 1983 1102 quoad

1245 1112 1424 1145 missionem
1450 1112 1524 1145 socii
1553 1114 1582 1144 in
1607 1112 1730 1156 oppidis
1755 1112 1879 1154 Gouda,
1908 1112 1981 1146 Rot-

1243 1165 1394 1205 terdamo,
1420 1166 1592 1205 Mem-aria,
1618 1166 1803 1209 Ziitpbania,
1829 1166 1983 1200 Bolswer-

1242 1218 1315 1259 dia,
1341 1229 1441 1262 neque
1467 1219 1496 1250 in
1521 1219 1589 1251 aliis
1622 1219 1697 1251 locis
1727 1229 1788 1252 non
1814 1219 1982 1251 nominatis

1243 1271 1272 1303 in
1309 1271 1435 1305 decreto
1471 1283 1577 1304 sacrae
1614 1271 1887 1315 congregationis,
1922 1272 1981 1304 nisi

1241 1325 1417 1357 consultum
1455 1325 1570 1359 iudicet
1594 1324 1874 1358 reverendissimus
1902 1325 1982 1358 vica-

1242 1378 1317 1420 rius,
1343 1379 1395 1422 qui
1422 1379 1445 1411 si
1472 1389 1532 1412 non
1559 1378 1787 1411 rationabiliter
1811 1378 1871 1411 hoc
1891 1389 1981 1412 recu-

1242 1436 1342 1472 saret,
1369 1433 1551 1466 consuletur
1577 1432 1805 1465 illustrissimus
1836 1431 1982 1465 dominus

1242 1486 1384 1526 nuncius,
1399 1486 1463 1529 qui,
1478 1485 1642 1518 sufficienti
1659 1485 1879 1519 informatione
1894 1495 1982 1529 prae-

1244 1539 1313 1579 via,
1339 1543 1453 1571 statuet
1477 1538 1559 1582 quod
1590 1539 1648 1571 sibi
1675 1538 1832 1571 videbitur
1864 1539 1894 1571 in
1922 1539 1982 1572 Do·

1243 1592 1338 1626 mino.

1285 1646 1373 1679 Circa
1398 1647 1412 1690 ξ
1436 1657 1467 1679 1v
1492 1646 1565 1680 dicti
1597 1646 1736 1688 decreti,
1771 1647 1824 1690 qui
1850 1646 1980 1691 incipit:

1244 1699 1515 1744 Quandocumque
1542 1701 1745 1744 superiores,
1774 1705 1846 1741 etc.‚
1874 1700 1981 1734 licebit

1242 1753 1399 1796 superiori
1431 1754 1590 1787 missionis
1622 1754 1805 1794 Societatis,
1838 1753 1904 1787 sine
1935 1764 1980 1787 re-

1242 1818 1335 1840 cursu
1361 1807 1397 1840 ad
1424 1808 1586 1849 vicarium,
1614 1808 1642 1839 in
1668 1807 1763 1850 loeis,
1791 1807 1843 1841 ubi
1869 1808 1980 1841 unicus

1242 1871 1257 1893 e.
1277 1861 1430 1894 Societatc
1456 1861 1615 1902 residebit,
1641 1872 1678 1895 eo
1702 1867 1907 1905 aegrotante,
1931 1861 1980 1895 vel

1240 1913 1277 1946 ad
1297 1920 1419 1957 tempus
1433 1914 1594 1958 impedito,
1608 1920 1661 1947 aut
1674 1915 1811 1956 absente,
1825 1925 1860 1948 ex
1875 1914 1980 1948 unico*²

1241 1968 1310 2000 loco
1336 1968 1493 2001 missionis
1516 1968 1611 2000 alium
1644 1969 1855 2010 substituere,
1881 1969 1980 2003 donec

1240 2031 1335 2064 aeger
1357 2021 1401 2054 vel
1423 2021 1535 2055 absens
1560 2021 1597 2054 ad
1623 2021 1815 2055 functionem
1842 2022 1979 2056 redierit.

1285 2074 1328 2107 Ad
1356 2075 1370 2118 ἓ
1394 2085 1424 2108 x1
1449 2075 1576 2115 decreti,
1594 2075 1646 2119 qui
1673 2075 1797 2119 incipit:
1819 2076 1980 2110 Tenebun-

1243 2133 1295 2161 tur
1326 2129 1447 2169 eliam,
1476 2135 1553 2169 etc,
1579 2129 1804 2162 concordatum
1822 2135 1877 2172 est,
1895 2129 1979 2173 quod

1241 2182 1369 2215 nomina
1383 2192 1503 2223 corum,
1519 2192 1598 2225 quos
1615 2187 1722 2225 patres
1732 2181 1742 2198 ³
1755 2182 1917 2216 Societatis
1930 2183 1981 2216 ba-

1242 2235 1421 2278 ptizabunt,
1450 2237 1511 2267 una
1538 2245 1608 2267 cum
1635 2234 1816 2269 nominibus
1841 2236 1980 2279 pati-ino-

1241 2299 1310 2322 rum
1337 2299 1372 2321 ac
1396 2294 1571 2331 parentum,
1588 2289 1765 2332 quotannis,
1783 2293 1836 2321 aut
1855 2289 1979 2332 saepius

1240 2342 1264 2375 si
1291 2341 1448 2374 videbitur
1472 2341 1631 2385 expedire,
1649 2342 1771 2375 tradent
1796 2342 1834 2382 ei,
1857 2341 1910 2385 qui
1927 2352 1980 2375 or-

1239 2396 1392 2429 dinariam
1406 2396 1595 2440 pastoralem
1607 2406 1714 2428 euram
1729 2395 1818 2438 gerit3
1834 2396 1978 2429 similiter

1278 2487 1284 2511 1
1309 2485 1378 2512 Male
1401 2485 1465 2512 edit.
1486 2484 1564 2512 Μαίη.
1587 2485 1650 2520 legit
1668 2486 1837 2520 incipientis
1857 2486 1894 2521 (a.
1915 2486 1964 2520 ¹12).

1273 2531 1289 2556 ⁹2
1302 2530 1403 2556 Forsan
1418 2538 1473 2557 uuo
1490 2530 1531 2556 vel
1546 2530 1643 2564 aliquo
1664 2538 1712 2565 pro
1727 2530 1812 2557 unico
1833 2529 1978 2565 legendum

1237 2575 1378 2646 (Risi-gibt.
1402 2619 1478 2646 Μαίη.
1497 2619 1559 2654 legit
1576 2622 1662 2653 paler
1676 2620 1713 2653 (R.
1728 2620 1774 2651 T.)-

1996 212 2048 239 An.
2064 212 2094 240 C.
2114 212 2181 242 1⁰56
