2263 3215
2243 0 2263 101 ἕ

1038 227 1215 254 BULLARIUM
1241 225 1394 251 ROMANUM

1225 274 1317 307 nobis
1345 282 1446 315 nuper
1470 269 1561 311 fecit,
1589 272 1646 304 etc.
1673 269 1768 315 (Vide
1797 269 1966 305 residuam

1226 331 1261 359 ue
1285 326 1410 368 snpra).
1436 325 1547 356 Datum
1572 323 1708 363 Romae,
1733 324 1814 367 apud
1843 324 1872 357 S.
1897 325 1964 358 Ma—

1226 379 1305 412 riam
1326 377 1487 417 Maiorem,
1507 376 1565 409 sub
1582 376 1699 409 annulo
1719 377 1896 420 piscatoris,
1916 377 1967 410 die

1227 442 1278 465 xxi
1295 430 1370 463 iunii
1389 439 1506 470 MDCLv,
1519 428 1720 473 pontificatus
1736 429 1836 463 nostri
1853 439 1936 464 anno
1946 440 1966 463 1.

258 237 442 266 An.c.1s55
487 228 528 261 10

454 285 622 323 dumtaxat,
638 281 811 326 specialiter
836 283 865 312 et
893 287 1041 322 expresse
1063 277 1209 321 deroga,

455 349 534 377 inus;
559 337 730 378 ceterisque
748 332 913 367 contrariis
933 332 1209 375 quilmscuuiquc.'

500 391 515 434 ξ
539 390 568 422 4,
594 390 752 427 Ceterum,
778 387 916 419 volentes
941 383 1127 427 providere,
1155 391 1192 413 ne

458 452 611 487 pauperes
629 439 831 473 ecclesiastici
857 437 913 470 ad¹
928 435 1192 469 contributionem

1979 221 2030 250 An.
2048 221 2077 251 C.
2094 223 2166 255 ¹655

307 406 441 430 Excipiunuu·
2261 391 2263 398 i

258 434 283 454 ab
293 433 441 454 hariolutiuiin

259 466 363 485 pauperes
375 459 441 479 eccle·

261 489 348 507 suamet.

276 1039 363 1060 Emona
374 1044 410 1064 prr
418 1043 450 1057 ec·

269 1067 399 1086 simnia-os
415 1070 451 1084 «e-

270 1095 354 1117 pulatos
373 1092 451 1112 sacien-

313 1409 333 1428 ln
348 1410 445 1428 contrave

274 1436 354 1455 niente-1
383 1441 455 1455 ceum-

457 494 635 528 liuiusinodi
656 497 834 535 graventur,
862 496 889 523 lc
914 490 1079 522 hortamur
1100 492 1194 519 atten-

461 556 498 588 te,
521 558 555 580 ac
581 548 611 579 in
636 547 749 578 virtute
774 550 898 577 sanctae
923 541 1118 576 obedientiae
1138 539 1193 572 tibi

460 601 652 639 mandamus,
666 604 818 642 quatenus
836 605 990 641 pauperes
1007 591 1194 627 ecclesiasti-

460 664 531 695 cos,
556 653 608 696 qui
634 652 662 684 in
687 650 860 684 redditibus
885 648 994 681 annuis
1029 646 1106 678 nihil
1142 649 1195 677 aut

459 717 590 750 parum,
616 705 707 738 etiam
737 713 834 746 usque
860 702 897 734 ad
923 701 1060 733 valorem
1086 698 1195 731 decem

461 760 622 793 unciarum
648 762 734 790 scuta
754 755 863 798 viginti
888 754 1027 797 quinque
1051 755 1196 784 monetae

462 813 543 845 illius
569 811 658 854 regni
678 808 933 843 constituentium
966 805 1115 839 inclusive
1141 805 1196 837 ha-

462 867 544 906 bent,
569 865 606 897 ad
631 863 894 897 contributionem
919 859 1111 904 praedictam
1141 868 1198 901 per

462 929 686 963 quoscumque,
700 917 806 961 quavis
824 914 1008 948 auctoritate
1022 913 1198 955 fungentes,

464 973 533 1016 cogi
551 977 602 1004 aut
622 970 767 1014 compelli
787 969 873 1002 nullo
890 967 984 1000 modo
1002 965 1175 1010 permittas.

509 1029 523 1068 g
541 1025 568 1057 5.
586 1025 734 1057 Volumus
748 1027 861 1061 autem,
875 1020 959 1065 quod
972 1018 1090 1052 exactio
1104 1028 1200 1062 pecu-

466 1079 589 1112 niarum
619 1075 797 1110 huiusmodi
829 1075 867 1107 ab
899 1072 1118 1107 ecclesiasticis
1143 1081 1200 1115 per

466 1141 615 1176 personas
647 1129 870 1163 ecclesiasticas
901 1138 918 1160 a
949 1126 1032 1160 dicto
1057 1125 1200 1168 Philippo

467 1196 540 1228 rege
564 1195 619 1217 seu
647 1193 781 1227 prorege
808 1181 968 1226 praedicto
996 1178 1201 1212 nominandas

467 1243 498 1271 et
519 1248 575 1281 per
600 1242 629 1269 tc
653 1235 845 1279 deputandas
870 1234 938 1267 fieri
963 1232 1083 1271 debeat,
1108 1231 1199 1264 invo-

468 1296 537 1324 cato
558 1290 648 1323 etiam
674 1289 712 1321 ad
736 1289 806 1329 hoc,
824 1288 849 1321 si
866 1297 946 1331 opus
965 1286 1068 1327 suerit,
1085 1284 1201 1317 auxilio

469 1344 588 1377 brachii
606 1343 753 1376 secularis
770 1341 868 1386 (quod
887 1342 912 1374 si
937 1350 1025 1373 secus
1050 1340 1081 1372 in
1098 1339 1203 1382 aliquo

470 1396 714 1441 praemissorum
738 1396 853 1428 sactum
878 1394 981 1434 suerit,
999 1393 1052 1436 qui
1077 1397 1203 1425 contra-

470 1450 621 1491 renerint,
642 1449 672 1481 in
686 1459 802 1492 poenas
819 1453 848 1480 ct
864 1457 1010 1480 censuras
1034 1446 1204 1485 incurrant,

470 1503 599 1547 perinde
617 1513 651 1535 ac
669 1503 692 1535 si
710 1505 886 1545 praesentes
903 1501 1024 1533 litterae
1040 1510 1102 1532 nou
1120 1509 1204 1531 enia-

461 1557 619 1599 'nassent);
634 1555 779 1599 quodque
793 1555 885 1587 etiam
899 1553 1111 1597 praesentium
1126 1558 1207 1585 tran-

472 1610 613 1653 sumptis,
639 1609 731 1642 etiam
757 1608 931 1652 impressis,
958 1618 1051 1640 nianu
1075 1606 1206 1640 alicuius

472 1662 584 1695 notarii
602 1662 718 1705 publici
736 1661 929 1704 subscriptis,
947 1659 995 1693 et²
1008 1670 1159 1704 personae
1176 1660 1207 1692 in

473 1715 621 1757 dignitate
645 1714 854 1747 ecclesiastica
872 1714 1056 1747 constitutae
1070 1712 1207 1753 munitis,

474 1768 581 1800 eadem
606 1778 736 1811 prorsus
760 1768 837 1800 sides
868 1768 899 1799 in
929 1767 1044 1799 iudicio
1068 1772 1098 1799 et
1121 1772 1209 1800 extra

475 1821 504 1853 in
518 1821 662 1853 omnibus
680 1825 709 1853 et
726 1831 780 1864 per
797 1820 902 1853 omnia
917 1820 1111 1860 adhibeatur,
1128 1830 1209 1864 quae

476 1873 552 1916 ipsis
576 1873 792 1916 praesentibus
817 1873 1034 1915 adhiberetur,
1059 1873 1083 1905 si
1108 1873 1211 1906 forent

477 1925 633 1958 exhibitae
657 1926 704 1957 rel
729 1931 880 1958 ostensae.

522 1979 630 2011 Datum
646 1979 771 2019 Rornae,
787 1979 867 2022 apud
885 1979 913 2011 S.
933 1980 1067 2021 Petrum,
1086 1979 1143 2012 sub
1159 1989 1211 2012 an-

480 2032 553 2064 nulo
579 2032 763 2072 piscatoris,
795 2032 844 2065 dic
878 2042 939 2065 xxv
971 2033 1044 2065 maii
1084 2043 1210 2076 mncnv,

480 2085 677 2129 pontificatus
701 2086 798 2117 nostri
823 2096 903 2118 anno
928 2097 947 2119 1.

517 2146 573 2173 Dat.
592 2146 635 2173 die
650 2147 684 2174 25
698 2146 759 2174 maii
775 2147 851 2180 1655,
868 2148 962 2183 pontif.
979 2156 1048 2176 anno
1063 2155 1081 2176 1.

504 2244 701 2278 Domitii-um
726 2245 930 2278 ordinarium
949 2247 1043 2290 resmi
1059 2248 1192 2282 Siciliae

570 2298 652 2330 anni
672 2307 774 2331 MDCLV
788 2298 798 2314 ³
812 2309 873 2342 pro
890 2309 961 2342 reye
978 2301 1144 2334 catholico.

528 2386 700 2419 Venerabili
725 2387 811 2419 fratri
838 2388 1072 2434 archiepiscopo
1093 2391 1211 2424 Panor-

486 2439 613 2479 mitano,
637 2441 808 2474 Alexander
832 2442 914 2485 Papa
936 2443 994 2483 Vll,
1015 2449 1071 2477 etc.
1096 2445 1214 2489 Exponi

522 2538 532 2562 1
553 2536 649 2562 Forsan
665 2538 808 2571 legendum
826 2539 857 2565 ob
874 2548 920 2574 pro
935 2540 973 2566 ad
992 2542 1029 2574 (R.
1045 2542 1093 2576 T.).

521 2580 536 2606 2
557 2580 635 2606 lle-»st
655 2589 701 2607 vox
721 2582 814 2615 sigillo
829 2588 866 2615 (n.
881 2584 929 2617 T.).

521 2624 538 2651 3
557 2624 656 2652 Forsan
675 2626 817 2661 legendum
838 2627 908 2656 1656
925 2631 962 2663 (n.
977 2629 1025 2664 T.).

1250 519 1445 554 Donalivum
1469 518 1679 552 ordinarium
1695 518 1790 562 requi
1811 517 1947 552 Siciliae

1294 572 1377 605 anni
1400 571 1532 607 MDCL1v¹
1555 582 1615 616 pro
1637 581 1711 615 reye
1735 570 1902 605 catholico.

1273 643 1449 676 Venerabili
1479 643 1568 676 fratri
1586 642 1826 686 archiepiscopo
1852 642 1969 676 Panor-

1230 697 1357 739 mitano,
1382 696 1558 729 Alexander
1582 696 1665 740 Papa
1688 695 1751 735 Vll,
1767 699 1826 727 etc.
1850 695 1971 738 Exponi

1229 749 1320 783 nobis
1347 759 1449 793 nuper
1476 749 1566 789 fecit,
1594 754 1664 790 etc„
1695 748 1749 792 (ul
1774 747 1886 792 supra)
1912 748 1971 782 sub

1231 803 1338 836 datum
1360 803 1488 843 Romae,
1509 802 1592 846 apud
1616 802 1645 835 S.
1665 801 1794 835 Mariam
1811 801 1971 843 Maiorem,

1232 857 1289 889 sub
1325 856 1441 889 annulo
1474 855 1664 897 Piscatoris‚
1697 855 1747 888 die
1779 864 1870 888 xxvn
1904 854 1972 888 iulii

1234 919 1349 950 mecm,
1374 919 1455 942 anno
1480 908 1523 943 1²³.

1233 999 1434 1034 Doncaivum
1468 997 1676 1032 ordinarium
1712 998 1809 1042 requi
1839 997 1975 1031 Siciliae

1279 1053 1360 1086 anni
1378 1062 1518 1086 MDCLvui
1542 1062 1600 1096 pro
1623 1062 1695 1095 reqe
1716 1051 1883 1093 catholico,
1901 1061 1975 1084 cum

1279 1106 1488 1139 absolutione,

1280 1177 1457 1210 Venerabili
1477 1177 1566 1210 fratri
1596 1177 1833 1221 archiepiscopo
1864 1176 1976 1210 Montis

1236 1232 1371 1275 Regalis,
1392 1231 1565 1264 Alexander
1589 1231 1672 1275 Papa
1691 1231 1753 1272 VII,
1774 1235 1831 1264 etc.
1855 1230 1976 1274 Exponi

1236 1285 1327 1319 nobis
1350 1295 1452 1329 nuper
1477 1285 1549 1318 fecit
1563 1311 1571 1326 ‚
1605 1289 1663 1318 etc.
1691 1285 1738 1329 (ut
1760 1284 1896 1329 supra),
1919 1283 1977 1317 sub

1238 1340 1346 1373 datum
1360 1339 1410 1372 die
1428 1349 1459 1372 v1
1476 1338 1654 1372 decembris
1673 1348 1826 1380 uncnvm,
1839 1349 1921 1373 anno
1934 1348 1977 1372 ιν.

1239 1421 1439 1455 Donatiuum
1474 1419 1684 1453 ordinarium
1715 1419 1812 1463 regni
1844 1420 1980 1454 Siciliae

1280 1484 1340 1518 pro
1364 1484 1437 1517 reqe
1461 1473 1618 1506 catholico
1633 1500 1641 1514 ‚
1674 1483 1747 1506 cum
1771 1472 1976 1514 conditione,

1283 1526 1369 1572 quod
1382 1526 1465 1559 duae
1476 1530 1649 1570 perpetuae
1659 1526 1829 1570 pensiones
1838 1536 1979 1569 annuae,

1283 1592 1350 1615 una
1360 1581 1423 1614 cluo
1432 1580 1579 1614 millium
1589 1580 1796 1614 ducentorum
1813 1591 1910 1625 super
1925 1581 1982 1615 Ca*

1286 1635 1461 1677 lhaniensi,
1478 1638 1507 1668 et
1523 1634 1627 1667 altera
1652 1634 1799 1667 millium
1815 1634 1980 1678 octinqen-

1287 1693 1393 1721 torum
1404 1692 1569 1721 scutorum
1583 1691 1728 1720 monetae
1737 1687 1873 1721 Siciliae
1883 1697 1982 1732 super

1285 1741 1484 1774 Mazariensi
1495 1741 1612 1774 mensis
1624 1740 1869 1784 episcopalibus,
1881 1739 1924 1773 ad
1936 1741 1982 1784 fa-

1286 1804 1392 1827 vorem
1410 1793 1514 1837 operis
1532 1794 1584 1837 pii
1600 1794 1637 1826 in
1653 1793 1791 1826 basilica
1807 1793 1837 1827 S.
1854 1793 1982 1827 Mariae

1287 1847 1424 1881 Maioris
1447 1847 1485 1880 de
1511 1847 1590 1881 Urbe
1614 1858 1635 1880 a
1658 1847 1742 1880 dicto
1759 1857 1831 1890 φερε
1849 1846 1983 1891 fundati

1287 1904 1484 1941 reservatae,
1511 1900 1720 1944 excipiantur
1742 1900 1780 1934 ab
1808 1910 1902 1933 onere
1925 1900 1984 1935 hu-

1289 1954 1429 1988 iusmodi
1453 1954 1610 1987 donativi.

1290 2026 1470 2059 Venerabili
1493 2025 1582 2058 fratri
1607 2025 1846 2069 archiepiscopo
1871 2025 1984 2059 Panor-

1246 2079 1375 2121 mitano,
1393 2079 1565 2112 Alexander
1591 2079 1674 2123 Papa
1693 2079 1754 2112 Vll.
1774 2079 1904 2124 Exponi
1926 2089 1984 2113 no-

1247 2133 1318 2174 bis,
1344 2138 1420 2173 etc.‚
1445 2132 1502 2165 sub
1532 2132 1639 2166 datum
1664 2132 1714 2165 die
1738 2142 1769 2166 ιν
1794 2132 1983 2177 septembris

1247 2195 1386 2226 uncaxu,
1410 2195 1491 2219 anno
1516 2195 1582 2218 v111.

1268 2257 1467 2291 Donalivum
1484 2257 1693 2290 ordinarium
1716 2257 1812 2301 requi
1828 2257 1964 2292 Siciliae

1438 2321 1499 2354 pro
1522 2321 1595 2354 reqe
1618 2310 1786 2344 catholico.

1293 2381 1469 2415 Venerabili
1493 2380 1582 2414 fratri
1602 2381 1840 2426 archiepiscopo
1871 2381 1986 2415 Panor-
2002 2391 2022 2414 ο

1250 2436 1376 2476 mitano,
1394 2435 1569 2469 Alexander
1586 2435 1668 2479 Papa
1681 2436 1742 2468 Vll.
1759 2435 1899 2479 Exponi,
1915 2439 1984 2478 etc.‚

1249 2489 1306 2522 sub
1325 2489 1430 2522 datum
1444 2488 1493 2522 die
1507 2498 1563 2522 v111
1579 2489 1686 2532 aprilis
1701 2498 1839 2529 MDCLXV,
1857 2497 1938 2522 anno
1955 2499 1984 2521 x.

1285 2589 1296 2615 1
1319 2587 1428 2615 Videtur
1447 2587 1591 2622 legendum
1612 2587 1680 2615 1656
1699 2586 1741 2614 vel
1761 2586 1884 2622 165701.
1899 2586 1948 2622 Τ.).

1283 2633 1300 2661 2
1318 2631 1348 2659 Ni
1367 2631 1512 2670 legendum
1531 2633 1609 2667 1656,
1629 2640 1674 2661 an.
1689 2638 1707 2660 u
1726 2631 1765 2668 (a.
1781 2631 1830 2667 aa).

2249 293 2263 452 l

2249 453 2263 1067 l
