2243 3205
30 242 76 268 An.
95 237 122 265 C.
140 236 206 264 1657

54 403 164 430 Expositio.

80 2529 205 2558 supplicatio

820 232 1005 256 ALEXANDER
1032 231 1074 255 vu
1098 231 1146 255 PP.

413 282 580 310 Alexander
600 282 679 316 Papa
699 281 760 315 vu,

365 327 401 353 ad
420 326 553 353 futuram
569 325 613 353 rei
632 325 813 353 memoriam.

264 389 302 433 {¹1
312 415 317 421 .
327 389 435 432 Nuper
449 398 507 432 pro
522 393 610 431 parte
621 388 807 421 dilectorum
822 386 960 419 liliorum

220 441 353 474 fratrum
380 441 521 473 omnium
547 440 782 484 provincIarum
809 439 837 472 in
865 448 962 481 regno

221 493 371 527 Franciae
404 493 643 526 constitutarum
672 493 797 527 Ordinis
828 493 961 525 fratrum

222 547 376 580 Minorum
401 547 499 580 sancti
517 546 675 579 Francisci
701 547 738 579 de
760 546 963 579 Observantia

222 605 477 644 nuncupatorum
498 600 590 633 nobis
607 599 784 643 expositum
799 599 866 639 fuit,
881 598 964 641 quod

223 653 309 694 alias,
324 658 490 697 postquam
505 663 522 685 a
536 653 633 686 felicis
648 651 876 685 recordationis
889 652 966 685 Gre-

224 707 315 751 gorio
335 707 386 740 XV
403 706 648 750 praedecessore
671 711 781 739 nostro
807 715 966 737 emanave-

225 765 273 793 rat
285 759 466 794 constitutio
480 759 635 804 specialis,
651 769 711 803 pro
728 758 900 803 provinciis
917 757 967 791 Hi-

226 812 406 857 spaniarum
432 817 462 845 et
485 812 645 846 Indiarum
669 811 795 846 Ordinis
814 811 967 855 praedicti

226 865 396 909 dumtaxat,
422 875 531 899 ornnes
549 871 655 910 patres
679 864 882 909 provinciae,
909 874 964 897 ex·-

227 924 318 963 cepto
342 918 586 963 exprovinciali‚
610 919 648 952 ab
674 918 819 961 ingressu
851 917 964 950 defini-

227 972 300 1005 torii
340 972 530 1014 excludens,
569 971 754 1005 recolendae
795 970 969 1003 memoriae

229 1025 373 1059 Urbanus
396 1025 481 1068 Papa
511 1025 595 1066 VIII,
627 1024 719 1058 etiam
745 1023 969 1068 praedecessor

228 1082 346 1117 noster,
357 1076 612 1110 constitutionem
627 1075 809 1109 huiusmodi
821 1074 858 1107 ad
874 1079 969 1108 totam

228 1129 380 1163 familiam
398 1130 663 1163 ultramontanam
682 1129 756 1162 dicti
773 1128 896 1162 Ordinis
914 1138 971 1171 per

230 1195 300 1218 suas
325 1185 356 1217 in
380 1184 473 1217 simili
499 1183 599 1217 forma
625 1182 732 1216 Brevis
753 1181 910 1226 expeditas
926 1181 971 1213 lit-

231 1245 313 1272 teras
338 1237 492 1278 cxtendit,
516 1248 552 1271 ac
573 1237 604 1270 in
629 1236 842 1270 definitorium
878 1237 970 1269 etiam

231 1297 354 1337 patrem
391 1291 573 1335 provinciae
606 1289 815 1334 antiquiorem
850 1289 972 1322 admitti

231 1345 398 1387 ordinavit⁷
417 1345 510 1388 idque
525 1345 659 1377 instante
680 1343 818 1387 capitulo
833 1343 972 1386 generali

233 1399 398 1434 memorati
430 1398 555 1432 Ordinis
579 1398 616 1431 de
642 1408 724 1431 anno
758 1407 917 1430 nocxxmx
943 1397 974 1429 in

233 1455 315 1500 alma
340 1453 423 1487 Urbe
449 1452 618 1492 celebrato,
636 1451 686 1485 cui
704 1451 827 1484 vocales
848 1450 973 1494 praedi-

234 1512 354 1541 ctarum
380 1505 613 1550 provinciarum
646 1505 734 1548 regni
760 1504 910 1537 Franciae
935 1504 974 1537 ob

234 1570 414 1605 expressam
439 1559 684 1603 prohibitionem
711 1558 755 1591 eis
780 1569 796 1590 a
816 1564 887 1591 tunc
912 1558 974 1591 exi-

235 1619 334 1648 stente
373 1614 567 1647 Francorum
605 1624 678 1656 rege
715 1611 976 1645 christianissimo

236 1669 345 1702 factam
371 1677 434 1700 non
460 1666 680 1706 interfuerunt,
706 1670 799 1709 prout
815 1675 870 1698 nec
893 1665 975 1709 capi-

237 1724 300 1756 tulo
325 1721 463 1765 generali
489 1720 630 1753 ciusdem
656 1720 780 1754 Ordinis
801 1719 977 1752 successive

236 1776 274 1809 de
299 1785 380 1808 anno
405 1784 530 1808 MDCXLV
555 1774 653 1807 Toleti
679 1773 796 1813 habit03
823 1772 904 1805 unde
928 1772 978 1805 ad-

237 1840 345 1863 versus
356 1828 529 1873 praemissa
546 1828 730 1867 reclamare,
742 1826 978 1871 maximumque

237 1882 466 1928 praeiudicium
492 1886 521 1914 et
545 1881 768 1914 detrimentum
792 1891 850 1924 per
867 1884 979 1913 exten-

239 1938 357 1971 sionem
387 1935 567 1969 buiusmodi
600 1934 782 1968 memoratis
812 1933 981 1978 provinciis

240 1991 327 2035 regni
354 1990 525 2029 Franciae‚
551 1989 581 2021 in
607 1989 742 2032 quibus,
772 1993 805 2021 ut
830 1987 981 2031 praedicti

240 2049 430 2089 exponentes
466 2047 631 2083 asserunt,
663 2042 701 2074 ab
737 2042 981 2074 immemorabili

240 2104 383 2142 ternpore
409 2107 528 2138 omnes7
554 2096 606 2140 qui
632 2106 687 2140 per
705 2094 873 2129 triennium
896 2095 984 2127 mini-

242 2151 297 2185 stri
329 2149 531 2195 provincialis
563 2159 694 2182 munere
720 2148 816 2181 suncti
842 2148 983 2188 suerunt,

243 2215 318 2239 voce
342 2204 441 2237 activa
473 2203 504 2236 in
536 2202 714 2236 definitorio
747 2202 886 2246 ipsarum
912 2212 985 2245 pro-

244 2259 415 2292 vinciarum
433 2261 587 2301 perpetuo
602 2257 760 2297 fruuntur,
774 2255 984 2297 omnibusque

244 2310 542 2355 congregationibus
556 2314 585 2342 et
598 2308 742 2352 capitulis
760 2313 918 2351 tamquam
933 2307 985 2339 de-

243 2364 385 2398 finitores
397 2363 540 2407 perpetui
555 2362 719 2402 intersunt,
738 2360 868 2394 illatum¹
886 2365 986 2393 osten-

244 2418 319 2450 dere
344 2421 473 2450 eatenus
496 2426 557 2449 non
584 2415 757 2448 valuerunt.

290 2472 305 2515 ἓ
328 2471 358 2504 02.
376 2471 451 2504 Cum
470 2475 585 2511 autem,
604 2469 683 2502 sicut
704 2469 811 2502 cadem
831 2467 985 2512 expositio

1641 217 1704 251 303

996 278 1134 323 generali
1161 277 1233 311 dicti
1258 277 1382 311 Ordinis
1407 277 1438 310 in
1463 276 1572 310 eadem
1590 275 1674 309 Urbe
1698 275 1737 308 de

997 342 1077 365 anno
1094 341 1190 365 tincti
1203 331 1362 363 celebrato
1376 341 1432 374 per
1446 330 1568 363 vocales
1582 328 1736 362 dictarum

997 384 1230 429 provinciarum
1256 383 1343 426 regni
1370 383 1517 416 Franciae
1544 382 1738 426 praeiudicio

978 465 980 477 ,
998 443 1028 471 et
1044 438 1234 471 detrimento
1258 436 1450 477 huiusmodi⁷
1475 446 1531 479 per
1552 440 1664 468 statuta
1685 446 1738 478 ge-

998 491 1116 524 neralia
1140 490 1265 523 Ordinis
1289 488 1440 533 praedicti
1467 493 1539 521 tunc
1563 488 1653 529 edita,
1673 493 1702 521 et
1723 499 1739 520 a

1000 549 1072 576 tunc
1097 542 1298 575 existentium
1317 546 1440 574 sanctae
1462 541 1620 573 Romanae
1638 540 1740 573 Eccle-

1000 597 1062 630 siae
1087 595 1292 629 cardinalium
1319 593 1452 637 negotiis
1466 599 1494 626 et
1509 593 1741 626 consultationi-

1001 650 1058 682 bus
1083 650 1305 693 episcoporum
1330 653 1357 680 et
1384 645 1578 690 regularium
1604 656 1740 689 praepo-

1000 703 1132 736 sitorum
1175 700 1421 744 congregatione
1461 698 1657 740 confirmata,
1682 699 1738 731 de-

1001 761 1121 789 cretum
1158 754 1273 795 fuerit,
1303 759 1337 787 ut
1364 753 1403 786 ab
1433 751 1634 792 extensione,
1663 751 1743 784 sicut

1001 809 1231 853 praemittitur,
1257 807 1295 840 ab
1320 806 1430 840 eodem
1456 805 1583 838 Urbano
1612 804 1744 848 praede-

1002 873 1127 896 cessore
1158 863 1238 896 sacta
1269 861 1492 905 exciperentur
1521 858 1593 892 dicti
1619 857 1744 892 Ordinis

1002 917 1200 961 provinciae,
1226 925 1306 959 quae
1339 915 1424 957 leges
1457 912 1664 956 municipales
1694 922 1745 944 au-

1003 970 1148 1004 ctoritate
1172 968 1344 1013 apostolica
1369 967 1509 1000 firmatas
1537 965 1586 998 vel
1618 974 1746 998 consue-

1004 1023 1127 1056 tudines
1145 1020 1414 1054 immemorabiles
1436 1019 1467 1052 in
1484 1018 1677 1052 contrarium
1695 1017 1747 1051 oh-

1005 1076 1137 1110 tinentes
1162 1074 1328 1114 habebant;
1353 1073 1445 1107 nobis
1465 1077 1634 1116 propterea
1653 1071 1746 1104 iidem

1006 1134 1197 1173 exponentes
1222 1127 1384 1161 humiliter
1406 1125 1579 1169 supplicari
1596 1125 1748 1165 fecerunt,

1007 1186 1039 1216 ut
1064 1182 1122 1214 sibi
1138 1182 1169 1213 in
1184 1180 1365 1224 praemissis
1390 1184 1567 1223 opportune
1581 1177 1749 1222 providere

1007 1242 1032 1269 et
1060 1242 1093 1268 ut
1119 1236 1198 1268 infra
1224 1234 1388 1278 indulgere
1407 1234 1444 1267 de
1465 1233 1658 1276 benignitate
1678 1242 1749 1276 apo-

1007 1291 1117 1323 stolIca
1142 1290 1358 1333 dignaremur.

1053 1345 1067 1387 g
1090 1343 1119 1377 3.
1147 1345 1208 1376 Nos
1234 1342 1340 1386 igitur7
1359 1340 1526 1385 specialem
1554 1340 1628 1384 ipsis
1653 1350 1749 1384 expo-

1009 1397 1155 1431 nentibus
1180 1397 1312 1440 gratiam
1338 1396 1439 1428 facere
1468 1395 1618 1435 volentes,
1644 1400 1673 1427 et
1698 1405 1750 1428 eo-

1010 1462 1080 1486 rum
1107 1451 1282 1493 singulares
1306 1460 1456 1494 personas
1481 1459 1497 1481 a
1522 1448 1683 1492 quibusvis
1703 1459 1752 1481 ex-

1009 1503 1321 1544 communicationis,
1353 1502 1567 1546 suspensionis
1595 1506 1624 1534 et
1649 1502 1749 1535 inter-

1010 1559 1108 1598 dicti,
1144 1558 1275 1601 aliisque
1314 1556 1533 1590 ecclesiasticis
1568 1556 1752 1598 sententiis,

1012 1612 1153 1646 censuris
1178 1617 1207 1644 et
1232 1611 1352 1655 poenis,
1377 1621 1393 1643 a
1419 1610 1487 1643 iure
1505 1610 1551 1642 vel
1570 1610 1608 1642 ab
1626 1610 1754 1642 homine

1011 1666 1120 1710 quavis
1138 1665 1301 1698 occasione
1322 1665 1367 1697 rel
1389 1665 1483 1696 causa
1497 1664 1577 1705 latis,
1595 1663 1619 1696 si
1640 1664 1755 1707 quibus

1013 1719 1249 1765 quomodolibet
1276 1718 1441 1751 innodatae
1467 1717 1612 1757 existunt,
1630 1717 1666 1749 ad
1685 1717 1755 1750 effe-

1013 1780 1097 1808 ctum
1130 1772 1341 1817 praesentium
1373 1771 1534 1803 dumtaxat
1562 1781 1757 1814 consequen-

1014 1828 1099 1867 dum,
1117 1827 1230 1859 harum
1243 1826 1323 1858 serie
1342 1825 1538 1858 absolventes
1555 1828 1585 1858 et
1599 1824 1757 1857 absolutas

1016 1883 1081 1914 sore
1096 1885 1269 1919 censentes,
1281 1878 1461 1911 huiusmodi
1476 1877 1758 1921 supplicationibus

1016 1934 1165 1974 inclinati,
1186 1933 1223 1965 de
1241 1932 1466 1965 venerabilium
1489 1932 1620 1964 fratrum
1637 1936 1760 1964 nostro-

1017 1999 1087 2021 rum
1113 1987 1251 2020 eiusdem
1278 1991 1402 2019 sanctae
1423 1986 1580 2018 Romanae
1603 1985 1759 2018 Ecclesiae

1017 2041 1223 2075 cardinalium
1249 2040 1383 2082 negotiis
1416 2045 1445 2072 et
1478 2038 1761 2072 consultationibus

1018 2096 1240 2140 episcoporum
1252 2099 1281 2126 et
1296 2093 1489 2136 regularium
1506 2093 1759 2136 praepositorum

1019 2149 1161 2189 consilio,
1178 2148 1352 2193 praedictas
1367 2147 1485 2180 Urbani
1507 2146 1761 2190 praedecessoris

1019 2204 1137 2236 litteras
1150 2212 1212 2235 non
1228 2200 1499 2244 comprehendere
1514 2199 1692 2243 provincias
1704 2200 1761 2232 sra-

1020 2261 1102 2288 trum
1118 2255 1273 2287 Minorum
1295 2253 1392 2286 sancti
1411 2253 1567 2286 Francisci
1591 2253 1628 2285 de
1650 2252 1763 2285 Obser-

1021 2308 1121 2340 vantia
1141 2306 1230 2349 regni
1251 2306 1377 2346 Galliae,
1396 2317 1433 2339 eo
1452 2306 1524 2349 quia
1542 2306 1611 2338 illae
1630 2305 1764 2338 habeant

1021 2361 1050 2393 in
1062 2359 1254 2393 contrarium
1267 2360 1352 2402 leges
1364 2359 1569 2402 municipales
1579 2358 1764 2390 auctoritate

1020 2414 1192 2459 apostolica
1228 2414 1367 2446 firmatas
1403 2424 1458 2446 seu
1497 2412 1764 2445 immemorabiles

1021 2467 1274 2507 consuetudines,
1291 2471 1506 2510 acpropterca
1531 2466 1561 2497 in
1586 2465 1677 2499 dictis
1692 2476 1764 2509 pro-

246 2523 464 2567 subiungebat⁷
490 2523 631 2567 exposito
648 2522 780 2556 subinde
802 2522 832 2554 in
850 2522 985 2566 capitulo
1022 2520 1131 2554 vinciis
1156 2530 1265 2553 omnes
1290 2523 1393 2563 patres
1418 2518 1599 2562 provinciae
1624 2518 1764 2561 gaudere

283 2599 293 2623 1
312 2595 433 2624 Pessime
450 2594 514 2623 edit.
531 2595 614 2622 Main.
632 2594 695 2629 legit
712 2594 831 2622 illarum
852 2601 899 2629 pro
919 2593 986 2621 illa-

247 2643 309 2669 tum
327 2642 364 2676 (a.
381 2642 429 2674 T.).

1022 2575 1137 2609 debere
1164 2584 1237 2607 voce
1262 2573 1361 2606 activa
1387 2573 1417 2605 in
1443 2572 1589 2606 omnibus
1618 2571 1764 2616 capitulis

1023 2634 1053 2664 et
1077 2627 1376 2672 congregationibus
1392 2625 1639 2671 provincialibus
1658 2636 1764 2670 quem-

1751 230 1768 252 Ᾱ
1774 238 1786 251 ι’.

1820 225 1838 252 C
1869 226 1933 252 1157

1793 1352 1871 1372 Urbani
1893 1351 1949 1371 litte-

1767 1385 1800 1399 ra:
1820 1379 1894 1398 fratres
1912 1377 1951 1398 Or-

1766 1406 1821 1425 «tuns
1848 1404 1950 1425 Min-uum

1768 1433 1792 1451 ile
1810 1431 1951 1452 observantia

1768 1465 1825 1484 regui
1869 1458 1952 1478 Galliae

1768 1491 1807 1505 unu
1815 1485 1952 1510 cumprehen-

1768 1514 1818 1532 deis
1834 1511 1937 1532 declarat.
