2243 3205
33 168 78 195 An.
93 166 120 192 C.
142 164 208 191 1658

59 387 164 408 contraria
179 390 210 405 re·

36 414 84 435 uicit.

74 2195 207 2216 prooemium.

818 161 1001 186 ALEXANDER
1027 161 1071 184 vu
1095 161 1142 185 PP.

224 212 249 244 si
273 221 361 244 secus
394 221 487 256 super
514 211 564 244 his
592 222 608 244 a
639 221 818 256 quoquam,
855 209 963 254 quavis

224 264 417 306 auctoritate,
436 264 570 298 scienter
592 265 637 298 vel
662 265 854 308 ignoranter,
868 262 963 297 conti-

225 316 305 360 gerit
329 318 481 351 attentari.

269 371 283 414 ἓ
314 371 342 404 5.
368 372 436 404 Non
474 371 670 405 obstantibus
699 376 873 405 memorato
905 376 981 402 usu¹

223 429 467 468 procuratorum
482 424 733 458 conventualium
748 428 778 457 et
795 423 862 455 aliis
878 433 963 467 prae-

225 476 338 517 missis,
363 487 398 510 ac
431 477 706 511 constitutionibus
738 482 767 510 et
796 473 982 510 ordinatio-t

224 529 316 562 nibus
333 530 524 574 apostolicis,
553 541 684 572 necnon,
713 534 865 574 quatenus
887 538 965 572 opus

226 583 275 623 sit,
299 583 576 627 Congregationis‚
601 584 730 628 eiusque
755 586 983 616 conventuum*

226 636 417 679 huiusmodi,
442 637 534 670 etiam
568 638 743 670 iuramento
762 664 769 677 ,
801 636 966 669 confirma-

227 690 310 724 tione
335 691 517 735 apostolica‚
536 691 580 723 vel
608 691 716 735 quavis
740 690 888 723 firmitate
908 689 985 721 alia:

228 743 406 786 roboratis,
441 745 562 778 statutis
601 750 630 778 et
669 743 985 784 consuetudinibus,⁴

227 797 400 841 privilegiis
437 808 583 842 quoque,
619 797 746 831 indultis
792 802 822 829 et
856 795 967 829 litteris

229 851 408 895 apostolicis
437 852 468 884 in
500 852 695 885 contrarium
720 850 966 896 praemissorum

231 904 469 947 quomodolibet
505 905 680 946 concessis,
716 903 907 938 confirmatis
941 907 970 936 et

229 957 399 998 innovatis;
426 957 541 1002 quibus
577 958 723 991 omnibus
754 963 782 990 et
818 956 968 1000 singulis,

229 1010 353 1044 illorum
380 1017 504 1044 tenores
534 1012 753 1056 praesentibus
788 1021 846 1055 pro
878 1011 969 1054 plene

231 1068 261 1096 et
285 1063 476 1098 sufficienter
504 1064 661 1109 expressis
688 1075 722 1098 ac
748 1065 786 1097 de
810 1063 907 1096 verbo
932 1062 969 1095 ad

232 1117 363 1151 verbum
399 1118 522 1152 insertis
553 1119 722 1159 habentes,
751 1118 812 1151 illis
836 1117 911 1149 alias
939 1116 970 1148 in

230 1181 286 1204 suo
312 1171 425 1204 robore
450 1172 687 1215 permansuris,
712 1171 750 1204 ad
774 1169 967 1215 praemisso-

230 1235 301 1258 rum
320 1224 474 1265 effectum,
498 1225 557 1258 hac
576 1224 643 1258 vice
666 1224 834 1265 dumtaxat,
856 1223 972 1267 specia-

230 1278 301 1311 liter
325 1283 355 1311 et
382 1288 529 1322 expresse
559 1278 768 1321 derogamusg
798 1277 988 1321 ceterisque

231 1331 396 1366 contrariis
419 1332 677 1376 quibuscumque.

275 1386 386 1418 Datum
413 1386 444 1418 in
465 1387 543 1419 Arce
568 1386 764 1430 Gandulphi,
790 1385 972 1419 Albanensis

233 1439 395 1480 dioecesis,
424 1439 481 1472 sub
518 1439 634 1471 annulo
666 1438 844 1479 piscatoris,
871 1438 919 1471 die
952 1449 970 1471 x

233 1493 370 1528 octobris
394 1503 546 1534 noemin,
571 1493 770 1537 pontificatus
795 1492 893 1525 nostri
919 1502 972 1524 an-

233 1558 274 1581 no
295 1558 336 1581 1v.

269 1609 326 1638 Dat.
345 1609 388 1637 die
408 1610 438 1637 lO
462 1609 582 1637 octobris
602 1609 678 1643 1658,
696 1609 793 1644 pontif.
813 1616 884 1636 anuo
902 1615 936 1635 iv.

551 1752 658 1785 CCXII.

238 1834 446 1876 Confirmatio
471 1832 692 1876 quarumdam
719 1831 976 1866 Ordinationmn

278 1899 337 1932 pro
370 1888 539 1932 provinciii
571 1887 689 1919 Matris
718 1886 777 1919 Dei
810 1886 843 1918 in
869 1885 976 1918 Imlz'is

283 1941 505 1975 Orientalibus
531 1940 664 1973 Ordinis
691 1940 854 1973 Minorum
872 1939 977 1971 suncti

280 1994 449 2027 Francisci
473 1994 511 2026 de
537 1992 778 2027 observantia&

431 2075 594 2101 Alexander
619 2073 697 2106 Papa
717 2074 780 2105 vn,

380 2119 416 2145 ad
432 2119 565 2145 futuram
580 2118 625 2144 rei
646 2118 828 2145 memoriam.

283 2189 478 2222 Inscrutabili
505 2188 627 2221 divinae
652 2188 867 2232 providentiae
893 2193 996 2231 arca-t

237 2253 288 2284 no,
315 2242 434 2276 meritis
460 2242 530 2275 licet
555 2242 737 2285 imparibus,
763 2242 800 2274 ad
822 2241 996 2292 Ecclesiae}

239 2296 411 2331 catholicae
436 2306 493 2339 per
518 2301 618 2329 totum
644 2296 754 2328 orbem
780 2295 910 2327 diffusae
929 2305 997 2341 rc-1

239 2351 346 2394 gimen
370 2350 481 2389 vocati,
506 2350 543 2382 ad
569 2360 613 2389 ea,
640 2360 697 2392 per
721 2359 801 2392 quae
819 2343 997 2391 religioso-l

239 2414 310 2436 run]
343 2403 482 2436 virorum
522 2403 550 2435 in
588 2402 772 2434 humilitatis·
807 2401 918 2445 spiritu
950 2407 997 2443 et,

241 2457 383 2491 arctioris
409 2457 488 2489 vitae
514 2456 710 2489 observantia
734 2455 891 2489 Altissiuio
910 2461 979 2489 vota

278 2573 289 2598 1
312 2570 348 2597 Ex
371 2571 476 2606 Regest.
498 2570 524 2597 in
544 2570 644 2598 Secret.
669 2569 744 2597 Brev.

1641 151 1699 184 391

997 219 1052 242 sua
1070 208 1202 242 reddere
1223 210 1337 253 iugiter
1358 210 1565 253 satagentium
1594 209 1690 254 quieti
1709 213 1738 243 et

997 262 1075 295 felici
1103 261 1266 295 directioni
1287 263 1471 305 consulitur,
1488 263 1622 296 libenter
1641 262 1738 296 inten-

998 315 1121 355 dimus,
1155 315 1268 358 illaque
1303 326 1525 360 nonnunquam
1564 315 1738 360 apostolico

999 369 1172 402 munimine
1196 369 1406 409 roboramus,
1432 376 1525 413 prout
1552 370 1581 401 in
1606 368 1738 403 Domino

999 421 1209 465 conspicimus
1235 422 1403 454 salubriter
1428 422 1582 465 expedire.

1043 476 1058 519 ἓ
1087 476 1111 508 l.
1136 475 1256 519 Exponi
1283 475 1436 519 siquidem
1462 476 1552 509 nobis
1577 486 1677 519 nuper
1701 475 1740 508 se-

1000 534 1110 562 cerunt
1135 528 1238 561 dilecti
1261 528 1315 561 filii
1341 529 1532 573 Hyacinthus
1551 529 1587 561 de
1606 529 1668 561 Deo
1687 529 1740 561 mi-

999 582 1096 615 nister
1112 582 1313 626 provincialis
1344 586 1371 616 et
1404 587 1501 614 totum
1528 581 1740 615 definitor-ium

1001 635 1182 679 provinciae
1203 636 1307 668 Matris
1328 635 1381 669 Dei
1400 635 1429 668 in
1455 635 1549 668 lndiis
1575 635 1739 668 Orientali-

1002 689 1058 722 bus
1073 688 1197 722 Ordinis
1211 689 1342 722 fratrum
1361 688 1516 722 Minorum
1536 688 1631 721 sancti
1650 688 1742 721 Fran-

1002 742 1076 776 cisci
1094 742 1131 775 de
1157 742 1358 776 Observantia
1377 745 1639 786 nuncupatorum,
1657 741 1740 785 quod

1003 796 1070 839 ipsi,
1092 798 1129 830 'ut
1153 806 1308 840 prospero
1330 796 1468 828 eiusdem
1487 795 1668 839 provinciae
1693 805 1742 827 re·

1003 850 1113 893 gimini
1131 856 1160 883 et
1177 850 1331 893 regularis
1348 849 1564 883 observantiae
1583 859 1744 882 conserva·

1004 903 1079 936 tioni
1104 908 1280 947 opportune
1304 903 1537 948 prospiciatur,
1564 902 1743 946 multaeque

985 981 986 1003 ἶ
1005 955 1183 989 vexationes
1200 957 1351 990 fratribus
1368 956 1548 1000 provinciae
1562 955 1743 988 huiusmodi

1004 1021 1061 1054 per
1081 1010 1316 1043 commissarios
1337 1010 1500 1053 generales
1515 1009 1622 1042 inferri
1635 1009 1745 1042 solitae

1004 1068 1147 1104 cessent,
1172 1063 1346 1107 plurimum
1385 1062 1515 1108 cupiunt
1550 1063 1745 1096 auctoritatis

1004 1120 1129 1150 nostrae
1162 1116 1338 1160 patrocinio
1363 1115 1551 1150 communiri
1577 1115 1746 1148 ordinatio-

1004 1181 1059 1203 nes
1084 1175 1114 1203 et
1138 1170 1273 1213 capitula
1299 1170 1416 1204 tenoris
1441 1169 1494 1213 qui
1519 1169 1680 1212 sequitur,
1706 1168 1746 1201 vi-

1005 1224 1117 1257 delieet
1134 1235 1138 1256 :

1050 1288 1068 1310 1.
1095 1277 1183 1317 Quod
1213 1283 1318 1321 patres
1344 1276 1551 1310 commissarii
1584 1276 1747 1319 generales

1006 1331 1181 1364 nullatenus
1196 1342 1275 1375 quae
1289 1331 1326 1363 ad
1344 1330 1538 1363 ordmarium
1566 1329 1747 1373 provinciae

1006 1385 1149 1428 regimen
1174 1388 1313 1428 spectant
1340 1384 1398 1417 sibi
1430 1394 1584 1427 usurpare
1609 1382 1747 1426 possint,

1007 1440 1091 1483 quod
1116 1450 1173 1473 nec
1198 1440 1229 1472 in
1254 1440 1384 1483 aliquo,
1409 1439 1468 1472 nisi
1500 1449 1556 1482 per
1588 1448 1693 1471 veram
1719 1443 1749 1471 et

1008 1495 1121 1526 iustam
1146 1493 1402 1537 appellationem,
1421 1493 1449 1525 in
1471 1492 1606 1525 secunda
1631 1491 1747 1524 instan-

1009 1549 1049 1581 tia
1067 1559 1099 1581 se
1117 1548 1343 1587 intromittant,
1362 1558 1418 1580 nec
1437 1546 1520 1578 illam
1543 1546 1683 1590 accipere
1702 1546 1749 1578 vcl

1009 1612 1200 1644 cognoscere
1225 1601 1368 1641 valeant,
1394 1600 1470 1644 quin
1503 1599 1591 1643 prius
1616 1609 1632 1631 a
1657 1599 1749 1642 pleno

1009 1654 1189 1688 (lesinitorio
1218 1653 1400 1697 provinciae
1429 1657 1553 1686 nostrae
1573 1652 1749 1696 provincia-

1010 1708 1069 1740 lem
1096 1707 1191 1740 nimia
1216 1706 1388 1750 procedere
1410 1706 1553 1749 passione
1580 1704 1749 1738 iudicatum

1011 1760 1067 1799 sit,
1085 1760 1158 1803 quia
1175 1760 1233 1792 levi
1249 1761 1342 1792 causa
1356 1764 1386 1792 et
1404 1759 1441 1791 ad
1458 1758 1580 1792 libitum
1599 1757 1750 1801 praedicti

1010 1819 1114 1857 patres
1139 1812 1345 1846 commissarii
1382 1812 1544 1855 generales
1569 1810 1750 1855 appellatio-

1011 1878 1065 1901 nes
1089 1867 1255 1911 aceipiunt,
1273 1871 1303 1899 et
1327 1866 1413 1898 nullo
1439 1870 1560 1898 servato
1586 1864 1695 1898 ordine
1711 1864 1752 1896 iu-

1011 1922 1054 1955 ris
1075 1920 1142 1954 res¹
1167 1920 1291 1964 penitus
1312 1920 1484 1952 absolvunt.

1057 1985 1087 2007 11.
1113 1974 1201 2014 Quod
1228 1974 1257 2006 in
1284 1974 1350 2017 ipsa
1376 1972 1584 2016 appellatione
1610 1972 1753 2005 commis-

1013 2028 1086 2061 sarii
1112 2027 1274 2071 generales
1295 2027 1332 2059 ad
1351 2026 1517 2060 voluntatis
1538 2025 1685 2069 placitum
1708 2025 1753 2058 iu-

994 2082 1098 2114 {dices
1132 2081 1295 2114 nominare
1333 2085 1505 2124 nequeant,
1536 2079 1588 2112 sed
1615 2079 1644 2111 in
1669 2079 1752 2111 cinni

1015 2147 1047 2167 re
1073 2134 1239 2167 iudicanda
1264 2140 1291 2167 et
1318 2134 1348 2166 in
1374 2134 1476 2166 dubiis
1502 2133 1648 2165 omnibus
1669 2132 1755 2175 quid-

1013 2188 1088 2231 quid
1103 2188 1195 2220 fuerit
1217 2187 1405 2220 conveniens
1424 2198 1439 2219 a
1461 2186 1638 2220 delinitorio
1657 2185 1754 2218 deter-

1015 2242 1161 2274 minetur.

1060 2305 1101 2327 111.
1127 2294 1214 2333 Quod
1241 2294 1263 2326 si
1299 2294 1507 2326 commissarii
1533 2293 1712 2336 generales,
1738 2303 1754 2325 a

1015 2347 1197 2390 provinciali
1224 2347 1420 2390 praemoniti,
1446 2347 1601 2390 completo
1627 2346 1753 2390 provin-

1016 2400 1101 2432 cialis
1128 2399 1263 2432 triennio
1292 2401 1464 2444 capitulum
1497 2410 1552 2433 seu
1585 2409 1753 2442 congrega-

1016 2454 1132 2487 tionem
1158 2453 1318 2486 celebrare
1344 2458 1374 2486 ct
1404 2454 1434 2486 in
1460 2453 1519 2486 illis
1545 2453 1689 2485 assistere
1720 2464 1754 2486 ac

1052 2570 1061 2593 1
1086 2567 1199 2594 Videtur
1216 2575 1275 2595 reos
1293 2576 1340 2603 pro
1358 2576 1401 2594 res
1418 2576 1476 2595 esse
1493 2567 1634 2604 legendum
1648 2569 1686 2604 (R.
1706 2570 1753 2603 r.).

1752 161 1799 187 An.
1815 160 1842 187 C.
1867 160 1933 187 1658

1780 491 1896 517 Etpastum.

1789 1288 1884 1314 tjapitula
1900 1292 1945 1314 pro·

1763 1321 1774 1341 p
1785 1317 1840 1335 1s1ta.
