<?xml version="1.0" encoding="UTF-8"?>
<!DOCTYPE html PUBLIC "-//W3C//DTD XHTML 1.0 Transitional//EN"
    "http://www.w3.org/TR/xhtml1/DTD/xhtml1-transitional.dtd">
<html xmlns="http://www.w3.org/1999/xhtml" xml:lang="en" lang="en">
 <head>
  <title>
</title>
<meta http-equiv="Content-Type" content="text/html;charset=utf-8" />
  <meta name='ocr-system' content='tesseract 3.04.00' />
  <meta name='ocr-capabilities' content='ocr_page ocr_carea ocr_par ocr_line ocrx_word'/>
</head>
<body>
  <div class='ocr_page' id='page_1' title='image "./bullarumdiplomat16cath_0597.png"; bbox 0 0 2243 3205; ppageno 0'>
   <div class='ocr_carea' id='block_1_1' title="bbox 85 167 266 195">
    <p class='ocr_par' dir='ltr' id='par_1_1' title="bbox 85 167 266 195">
     <span class='ocr_line' id='line_1_1' title="bbox 85 167 266 195; baseline 0 -1"><span class='ocrx_word' id='word_1_1' title='bbox 85 168 134 194; x_wconf 72' lang='grc' dir='ltr'>Αἠ.</span> <span class='ocrx_word' id='word_1_2' title='bbox 150 168 179 194; x_wconf 90' lang='lat' dir='ltr'>C.</span> <span class='ocrx_word' id='word_1_3' title='bbox 199 167 266 195; x_wconf 72' lang='lat'>1660</span> 
     </span>
    </p>
   </div>
   <div class='ocr_carea' id='block_1_2' title="bbox 882 169 1207 194">
    <p class='ocr_par' dir='ltr' id='par_1_2' title="bbox 882 169 1207 194">
     <span class='ocr_line' id='line_1_2' title="bbox 882 169 1207 194; baseline -0.003 0"><span class='ocrx_word' id='word_1_4' title='bbox 882 169 1065 194; x_wconf 74' lang='lat' dir='ltr'>ALExANDER</span> <span class='ocrx_word' id='word_1_5' title='bbox 1090 169 1134 193; x_wconf 80' lang='lat' dir='ltr'>vn</span> <span class='ocrx_word' id='word_1_6' title='bbox 1159 169 1207 193; x_wconf 76' lang='lat' dir='ltr'>PP.</span> 
     </span>
    </p>
   </div>
   <div class='ocr_carea' id='block_1_3' title="bbox 276 215 1027 2562">
    <p class='ocr_par' dir='ltr' id='par_1_3' title="bbox 276 215 1020 410">
     <span class='ocr_line' id='line_1_3' title="bbox 278 215 1019 262; baseline 0.004 -14"><span class='ocrx_word' id='word_1_7' title='bbox 278 215 341 248; x_wconf 89' lang='lat' dir='ltr'>cise</span> <span class='ocrx_word' id='word_1_8' title='bbox 364 217 560 249; x_wconf 87' lang='lat' dir='ltr'>necessarius</span> <span class='ocrx_word' id='word_1_9' title='bbox 577 218 626 259; x_wconf 88' lang='lat' dir='ltr'>sit,</span> <span class='ocrx_word' id='word_1_10' title='bbox 644 223 683 260; x_wconf 87' lang='lat' dir='ltr'>ct,</span> <span class='ocrx_word' id='word_1_11' title='bbox 702 219 753 251; x_wconf 93' lang='lat' dir='ltr'>ubi</span> <span class='ocrx_word' id='word_1_12' title='bbox 779 229 835 262; x_wconf 87' lang='lat' dir='ltr'>per</span> <span class='ocrx_word' id='word_1_13' title='bbox 853 218 1019 261; x_wconf 81' lang='lat' dir='ltr'>religiosos</span> 
     </span>
     <span class='ocr_line' id='line_1_4' title="bbox 277 268 1020 315; baseline 0.005 -15"><span class='ocrx_word' id='word_1_14' title='bbox 277 268 373 302; x_wconf 86' lang='lat' dir='ltr'>laicos</span> <span class='ocrx_word' id='word_1_15' title='bbox 394 270 580 303; x_wconf 91' lang='lat' dir='ltr'>commissos</span> <span class='ocrx_word' id='word_1_16' title='bbox 597 271 758 304; x_wconf 89' lang='lat' dir='ltr'>servitium</span> <span class='ocrx_word' id='word_1_17' title='bbox 788 272 940 315; x_wconf 85' lang='lat' dir='ltr'>praestari</span> <span class='ocrx_word' id='word_1_18' title='bbox 963 282 1020 315; x_wconf 93' lang='lat' dir='ltr'>po-</span> 
     </span>
     <span class='ocr_line' id='line_1_5' title="bbox 278 323 1015 363; baseline 0.004 -9"><span class='ocrx_word' id='word_1_19' title='bbox 278 327 361 363; x_wconf 87' lang='lat' dir='ltr'>test,</span> <span class='ocrx_word' id='word_1_20' title='bbox 387 323 493 357; x_wconf 88' lang='lat' dir='ltr'>famuli</span> <span class='ocrx_word' id='word_1_21' title='bbox 532 325 689 358; x_wconf 87' lang='lat' dir='ltr'>seculares</span> <span class='ocrx_word' id='word_1_22' title='bbox 722 326 900 358; x_wconf 81' lang='lat' dir='ltr'>nullatenus</span> <span class='ocrx_word' id='word_1_23' title='bbox 924 325 1015 358; x_wconf 86' lang='lat' dir='ltr'>adhi-</span> 
     </span>
     <span class='ocr_line' id='line_1_6' title="bbox 276 375 420 410; baseline 0.014 -2"><span class='ocrx_word' id='word_1_24' title='bbox 276 375 420 410; x_wconf 77' lang='lat' dir='ltr'><strong>beantur.</strong></span> 
     </span>
    </p>

    <p class='ocr_par' dir='ltr' id='par_1_4' title="bbox 276 430 1022 1064">
     <span class='ocr_line' id='line_1_7' title="bbox 324 430 1020 477; baseline 0.004 -15"><span class='ocrx_word' id='word_1_25' title='bbox 324 430 438 464; x_wconf 84' lang='lat' dir='ltr'>Unicus</span> <span class='ocrx_word' id='word_1_26' title='bbox 462 431 628 475; x_wconf 89' lang='lat' dir='ltr'>deputatus</span> <span class='ocrx_word' id='word_1_27' title='bbox 650 432 787 466; x_wconf 87' lang='lat' dir='ltr'>famulus</span> <span class='ocrx_word' id='word_1_28' title='bbox 812 434 943 477; x_wconf 79' lang='lat' dir='ltr'>singulis</span> <span class='ocrx_word' id='word_1_29' title='bbox 969 433 1020 466; x_wconf 63' lang='lat' dir='ltr'>ab&lt;</span> 
     </span>
     <span class='ocr_line' id='line_1_8' title="bbox 278 482 1019 530; baseline 0.007 -15"><span class='ocrx_word' id='word_1_30' title='bbox 278 482 403 516; x_wconf 87' lang='lat' dir='ltr'>batibus</span> <span class='ocrx_word' id='word_1_31' title='bbox 423 484 566 527; x_wconf 86' lang='lat' dir='ltr'>sufficiat,</span> <span class='ocrx_word' id='word_1_32' title='bbox 592 491 621 518; x_wconf 89' lang='lat' dir='ltr'>et</span> <span class='ocrx_word' id='word_1_33' title='bbox 645 486 772 519; x_wconf 79' lang='lat' dir='ltr'>abbates</span> <span class='ocrx_word' id='word_1_34' title='bbox 787 487 847 530; x_wconf 91' lang='lat' dir='ltr'>ipsi</span> <span class='ocrx_word' id='word_1_35' title='bbox 869 489 928 520; x_wconf 79' lang='lat' dir='ltr'>una</span> <span class='ocrx_word' id='word_1_36' title='bbox 946 498 1019 520; x_wconf 89' lang='lat' dir='ltr'>cum</span> 
     </span>
     <span class='ocr_line' id='line_1_9' title="bbox 278 536 1019 581; baseline 0.007 -12"><span class='ocrx_word' id='word_1_37' title='bbox 278 537 390 570; x_wconf 89' lang='lat' dir='ltr'>ceteris</span> <span class='ocrx_word' id='word_1_38' title='bbox 417 536 581 571; x_wconf 84' lang='lat' dir='ltr'>monacbis</span> <span class='ocrx_word' id='word_1_39' title='bbox 599 539 629 571; x_wconf 89' lang='lat' dir='ltr'>in</span> <span class='ocrx_word' id='word_1_40' title='bbox 650 539 818 573; x_wconf 87' lang='lat' dir='ltr'>refectorio</span> <span class='ocrx_word' id='word_1_41' title='bbox 844 540 1019 581; x_wconf 79' lang='lat' dir='ltr'>comedant,</span> 
     </span>
     <span class='ocr_line' id='line_1_10' title="bbox 277 590 1020 635; baseline 0.003 -12"><span class='ocrx_word' id='word_1_42' title='bbox 277 600 335 623; x_wconf 89' lang='lat' dir='ltr'>nec</span> <span class='ocrx_word' id='word_1_43' title='bbox 359 590 513 635; x_wconf 87' lang='lat' dir='ltr'>privatam</span> <span class='ocrx_word' id='word_1_44' title='bbox 545 602 684 624; x_wconf 88' lang='lat' dir='ltr'>mensam</span> <span class='ocrx_word' id='word_1_45' title='bbox 709 593 740 625; x_wconf 89' lang='lat' dir='ltr'>in</span> <span class='ocrx_word' id='word_1_46' title='bbox 765 594 938 635; x_wconf 83' lang='lat' dir='ltr'>cubicuto;</span> <span class='ocrx_word' id='word_1_47' title='bbox 960 593 1020 626; x_wconf 90' lang='lat' dir='ltr'>nisi</span> 
     </span>
     <span class='ocr_line' id='line_1_11' title="bbox 278 644 1020 691; baseline 0.005 -15"><span class='ocrx_word' id='word_1_48' title='bbox 278 647 370 677; x_wconf 80' lang='lat' dir='ltr'>causa</span> <span class='ocrx_word' id='word_1_49' title='bbox 407 644 598 678; x_wconf 84' lang='lat' dir='ltr'>infirmitatis</span> <span class='ocrx_word' id='word_1_50' title='bbox 634 646 681 678; x_wconf 79' lang='lat' dir='ltr'>vel</span> <span class='ocrx_word' id='word_1_51' title='bbox 718 647 850 680; x_wconf 89' lang='lat' dir='ltr'>alicuius</span> <span class='ocrx_word' id='word_1_52' title='bbox 886 647 1020 691; x_wconf 86' lang='lat' dir='ltr'>hospitis</span> 
     </span>
     <span class='ocr_line' id='line_1_12' title="bbox 278 698 1021 744; baseline 0.005 -14"><span class='ocrx_word' id='word_1_53' title='bbox 278 698 453 742; x_wconf 84' lang='lat' dir='ltr'>excipiendi</span> <span class='ocrx_word' id='word_1_54' title='bbox 475 699 586 742; x_wconf 79' lang='lat' dir='ltr'>gratia,</span> <span class='ocrx_word' id='word_1_55' title='bbox 608 698 753 742; x_wconf 84' lang='lat' dir='ltr'>habeant,</span> <span class='ocrx_word' id='word_1_56' title='bbox 775 700 867 744; x_wconf 90' lang='lat' dir='ltr'>idque</span> <span class='ocrx_word' id='word_1_57' title='bbox 893 711 966 734; x_wconf 88' lang='lat' dir='ltr'>raro</span> <span class='ocrx_word' id='word_1_58' title='bbox 992 706 1021 734; x_wconf 88' lang='lat' dir='ltr'>et</span> 
     </span>
     <span class='ocr_line' id='line_1_13' title="bbox 278 751 1021 798; baseline 0.003 -13"><span class='ocrx_word' id='word_1_59' title='bbox 278 751 318 785; x_wconf 91' lang='lat' dir='ltr'>ob</span> <span class='ocrx_word' id='word_1_60' title='bbox 350 753 560 785; x_wconf 88' lang='lat' dir='ltr'>necessariam</span> <span class='ocrx_word' id='word_1_61' title='bbox 578 776 580 778; x_wconf 93' lang='lat'>-</span> <span class='ocrx_word' id='word_1_62' title='bbox 596 763 721 786; x_wconf 87' lang='lat' dir='ltr'>causam</span> <span class='ocrx_word' id='word_1_63' title='bbox 757 759 901 795; x_wconf 76' lang='lat' dir='ltr'>tantum,</span> <span class='ocrx_word' id='word_1_64' title='bbox 937 755 1021 798; x_wconf 88' lang='lat' dir='ltr'>quod</span> 
     </span>
     <span class='ocr_line' id='line_1_14' title="bbox 278 806 1020 849; baseline 0.004 -11"><span class='ocrx_word' id='word_1_65' title='bbox 278 806 377 839; x_wconf 90' lang='lat' dir='ltr'>multo</span> <span class='ocrx_word' id='word_1_66' title='bbox 402 806 503 849; x_wconf 79' lang='lat' dir='ltr'>magis</span> <span class='ocrx_word' id='word_1_67' title='bbox 527 817 544 838; x_wconf 86' lang='lat' dir='ltr'>a</span> <span class='ocrx_word' id='word_1_68' title='bbox 569 806 748 839; x_wconf 89' lang='lat' dir='ltr'>titularibus</span> <span class='ocrx_word' id='word_1_69' title='bbox 773 807 938 841; x_wconf 76' lang='lat' dir='ltr'>abbatibus</span> <span class='ocrx_word' id='word_1_70' title='bbox 963 808 1020 841; x_wconf 91' lang='lat' dir='ltr'>ob-</span> 
     </span>
     <span class='ocr_line' id='line_1_15' title="bbox 277 859 1021 904; baseline 0.003 -13"><span class='ocrx_word' id='word_1_71' title='bbox 277 859 466 892; x_wconf 83' lang='lat' dir='ltr'>servandum</span> <span class='ocrx_word' id='word_1_72' title='bbox 492 859 561 901; x_wconf 85' lang='lat' dir='ltr'>erit,</span> <span class='ocrx_word' id='word_1_73' title='bbox 586 860 639 904; x_wconf 90' lang='lat' dir='ltr'>qui</span> <span class='ocrx_word' id='word_1_74' title='bbox 666 860 817 893; x_wconf 80' lang='lat' dir='ltr'>famulum</span> <span class='ocrx_word' id='word_1_75' title='bbox 840 861 934 893; x_wconf 88' lang='lat' dir='ltr'>etiam</span> <span class='ocrx_word' id='word_1_76' title='bbox 960 861 1021 894; x_wconf 86' lang='lat' dir='ltr'>sibi</span> 
     </span>
     <span class='ocr_line' id='line_1_16' title="bbox 276 913 1022 956; baseline 0.003 -12"><span class='ocrx_word' id='word_1_77' title='bbox 276 913 467 956; x_wconf 81' lang='lat' dir='ltr'>assignatum</span> <span class='ocrx_word' id='word_1_78' title='bbox 505 913 548 945; x_wconf 90' lang='lat' dir='ltr'>ita</span> <span class='ocrx_word' id='word_1_79' title='bbox 581 913 761 947; x_wconf 85' lang='lat' dir='ltr'>necessario</span> <span class='ocrx_word' id='word_1_80' title='bbox 795 919 913 946; x_wconf 89' lang='lat' dir='ltr'>tantum</span> <span class='ocrx_word' id='word_1_81' title='bbox 947 914 1022 948; x_wconf 89' lang='lat' dir='ltr'>deti-</span> 
     </span>
     <span class='ocr_line' id='line_1_17' title="bbox 276 966 1021 1010; baseline 0.004 -13"><span class='ocrx_word' id='word_1_82' title='bbox 276 971 370 998; x_wconf 89' lang='lat' dir='ltr'>neant</span> <span class='ocrx_word' id='word_1_83' title='bbox 394 971 582 1009; x_wconf 85' lang='lat' dir='ltr'>occupatum</span> <span class='ocrx_word' id='word_1_84' title='bbox 602 966 742 1007; x_wconf 84' lang='lat' dir='ltr'>servitio,</span> <span class='ocrx_word' id='word_1_85' title='bbox 758 971 790 999; x_wconf 89' lang='lat' dir='ltr'>ut</span> <span class='ocrx_word' id='word_1_86' title='bbox 810 966 878 998; x_wconf 82' lang='lat' dir='ltr'>aliis</span> <span class='ocrx_word' id='word_1_87' title='bbox 896 977 1021 1010; x_wconf 84' lang='lat' dir='ltr'>quoque</span> 
     </span>
     <span class='ocr_line' id='line_1_18' title="bbox 277 1020 886 1064; baseline 0.002 -13"><span class='ocrx_word' id='word_1_88' title='bbox 277 1020 457 1053; x_wconf 88' lang='lat' dir='ltr'>monasterii</span> <span class='ocrx_word' id='word_1_89' title='bbox 483 1020 617 1054; x_wconf 85' lang='lat' dir='ltr'>servitiis</span> <span class='ocrx_word' id='word_1_90' title='bbox 643 1030 753 1053; x_wconf 80' lang='lat' dir='ltr'>vacare</span> <span class='ocrx_word' id='word_1_91' title='bbox 777 1020 886 1064; x_wconf 90' lang='lat' dir='ltr'>possit.</span> 
     </span>
    </p>

    <p class='ocr_par' dir='ltr' id='par_1_5' title="bbox 277 1073 1022 1214">
     <span class='ocr_line' id='line_1_19' title="bbox 322 1073 1022 1118; baseline 0 -12"><span class='ocrx_word' id='word_1_92' title='bbox 322 1073 382 1106; x_wconf 89' lang='lat' dir='ltr'>Pro</span> <span class='ocrx_word' id='word_1_93' title='bbox 404 1073 551 1107; x_wconf 86' lang='lat' dir='ltr'>vestiario</span> <span class='ocrx_word' id='word_1_94' title='bbox 569 1073 696 1106; x_wconf 77' lang='lat' dir='ltr'>abbates</span> <span class='ocrx_word' id='word_1_95' title='bbox 712 1073 841 1118; x_wconf 92' lang='lat' dir='ltr'>duplum</span> <span class='ocrx_word' id='word_1_96' title='bbox 861 1074 1022 1106; x_wconf 81' lang='lat' dir='ltr'>dumtaxat</span> 
     </span>
     <span class='ocr_line' id='line_1_20' title="bbox 277 1127 1022 1172; baseline 0.001 -13"><span class='ocrx_word' id='word_1_97' title='bbox 277 1127 344 1160; x_wconf 88' lang='lat' dir='ltr'>eius</span> <span class='ocrx_word' id='word_1_98' title='bbox 377 1127 461 1171; x_wconf 89' lang='lat' dir='ltr'>quod</span> <span class='ocrx_word' id='word_1_99' title='bbox 492 1128 621 1171; x_wconf 85' lang='lat' dir='ltr'>reliquis</span> <span class='ocrx_word' id='word_1_100' title='bbox 647 1133 825 1172; x_wconf 71' lang='lat' dir='ltr'>praestatur</span> <span class='ocrx_word' id='word_1_101' title='bbox 859 1127 1022 1161; x_wconf 89' lang='lat' dir='ltr'>monachis</span> 
     </span>
     <span class='ocr_line' id='line_1_21' title="bbox 277 1181 448 1214; baseline 0.006 -1"><span class='ocrx_word' id='word_1_102' title='bbox 277 1181 448 1214; x_wconf 73' lang='lat' dir='ltr'>obtineant.</span> 
     </span>
    </p>

    <p class='ocr_par' dir='ltr' id='par_1_6' title="bbox 277 1234 1022 1588">
     <span class='ocr_line' id='line_1_22' title="bbox 323 1234 1022 1278; baseline 0.001 -12"><span class='ocrx_word' id='word_1_103' title='bbox 323 1234 458 1267; x_wconf 76' lang='lat' dir='ltr'>Abbates</span> <span class='ocrx_word' id='word_1_104' title='bbox 484 1245 558 1268; x_wconf 84' lang='lat' dir='ltr'>vero</span> <span class='ocrx_word' id='word_1_105' title='bbox 583 1234 742 1275; x_wconf 88' lang='lat' dir='ltr'>titulares,</span> <span class='ocrx_word' id='word_1_106' title='bbox 762 1234 815 1278; x_wconf 91' lang='lat' dir='ltr'>qui</span> <span class='ocrx_word' id='word_1_107' title='bbox 847 1234 924 1267; x_wconf 74' lang='lat' dir='ltr'>alias</span> <span class='ocrx_word' id='word_1_108' title='bbox 955 1244 1022 1267; x_wconf 91' lang='lat' dir='ltr'>mo-</span> 
     </span>
     <span class='ocr_line' id='line_1_23' title="bbox 277 1287 1021 1331; baseline 0 -12"><span class='ocrx_word' id='word_1_109' title='bbox 277 1288 405 1320; x_wconf 88' lang='lat' dir='ltr'>nasterii</span> <span class='ocrx_word' id='word_1_110' title='bbox 431 1288 573 1331; x_wconf 84' lang='lat' dir='ltr'>regimen</span> <span class='ocrx_word' id='word_1_111' title='bbox 604 1298 764 1331; x_wconf 88' lang='lat' dir='ltr'>nunquam</span> <span class='ocrx_word' id='word_1_112' title='bbox 795 1287 1021 1328; x_wconf 90' lang='lat' dir='ltr'>obtinuerunt,</span> 
     </span>
     <span class='ocr_line' id='line_1_24' title="bbox 278 1340 1021 1385; baseline -0.001 -11"><span class='ocrx_word' id='word_1_113' title='bbox 278 1340 331 1374; x_wconf 88' lang='lat' dir='ltr'>sed</span> <span class='ocrx_word' id='word_1_114' title='bbox 356 1351 394 1385; x_wconf 60' lang='lat' dir='ltr'>ex</span> <span class='ocrx_word' id='word_1_115' title='bbox 416 1341 581 1385; x_wconf 82' lang='lat' dir='ltr'>privilegio</span> <span class='ocrx_word' id='word_1_116' title='bbox 607 1341 734 1375; x_wconf 85' lang='lat' dir='ltr'>abbates</span> <span class='ocrx_word' id='word_1_117' title='bbox 759 1341 917 1382; x_wconf 89' lang='lat' dir='ltr'>dicuntur,</span> <span class='ocrx_word' id='word_1_118' title='bbox 939 1341 1021 1374; x_wconf 88' lang='lat' dir='ltr'>idem</span> 
     </span>
     <span class='ocr_line' id='line_1_25' title="bbox 277 1394 1021 1438; baseline -0.001 -11"><span class='ocrx_word' id='word_1_119' title='bbox 277 1394 401 1438; x_wconf 85' lang='lat' dir='ltr'>penitus</span> <span class='ocrx_word' id='word_1_120' title='bbox 426 1395 510 1438; x_wconf 88' lang='lat' dir='ltr'>quod</span> <span class='ocrx_word' id='word_1_121' title='bbox 536 1395 681 1428; x_wconf 88' lang='lat' dir='ltr'>monachi</span> <span class='ocrx_word' id='word_1_122' title='bbox 708 1395 778 1438; x_wconf 88' lang='lat' dir='ltr'>ipsi,</span> <span class='ocrx_word' id='word_1_123' title='bbox 795 1405 858 1427; x_wconf 91' lang='lat' dir='ltr'>non</span> <span class='ocrx_word' id='word_1_124' title='bbox 876 1395 1021 1427; x_wconf 89' lang='lat' dir='ltr'>obstante</span> 
     </span>
     <span class='ocr_line' id='line_1_26' title="bbox 277 1448 1022 1492; baseline 0 -12"><span class='ocrx_word' id='word_1_125' title='bbox 277 1458 480 1492; x_wconf 86' lang='lat' dir='ltr'>quocumque</span> <span class='ocrx_word' id='word_1_126' title='bbox 512 1459 570 1481; x_wconf 90' lang='lat' dir='ltr'>usu</span> <span class='ocrx_word' id='word_1_127' title='bbox 606 1452 658 1482; x_wconf 87' lang='lat' dir='ltr'>aut</span> <span class='ocrx_word' id='word_1_128' title='bbox 694 1448 921 1481; x_wconf 87' lang='lat' dir='ltr'>consuetudine</span> <span class='ocrx_word' id='word_1_129' title='bbox 958 1448 1022 1481; x_wconf 83' lang='lat' dir='ltr'>sive</span> 
     </span>
     <span class='ocr_line' id='line_1_27' title="bbox 278 1501 1021 1546; baseline 0.001 -13"><span class='ocrx_word' id='word_1_130' title='bbox 278 1501 400 1535; x_wconf 88' lang='lat' dir='ltr'>indulto</span> <span class='ocrx_word' id='word_1_131' title='bbox 424 1513 524 1546; x_wconf 88' lang='lat' dir='ltr'>usque</span> <span class='ocrx_word' id='word_1_132' title='bbox 548 1502 579 1535; x_wconf 92' lang='lat' dir='ltr'>in</span> <span class='ocrx_word' id='word_1_133' title='bbox 595 1507 793 1546; x_wconf 81' lang='lat' dir='ltr'>praesentem</span> <span class='ocrx_word' id='word_1_134' title='bbox 815 1501 866 1534; x_wconf 90' lang='lat' dir='ltr'>die</span> <span class='ocrx_word' id='word_1_135' title='bbox 888 1507 1021 1542; x_wconf 78' lang='lat' dir='ltr'>servato,</span> 
     </span>
     <span class='ocr_line' id='line_1_28' title="bbox 278 1555 427 1588; baseline 0 0"><span class='ocrx_word' id='word_1_136' title='bbox 278 1555 427 1588; x_wconf 87' lang='lat' dir='ltr'>habeant.</span> 
     </span>
    </p>

    <p class='ocr_par' dir='ltr' id='par_1_7' title="bbox 278 1609 1023 2027">
     <span class='ocr_line' id='line_1_29' title="bbox 322 1609 1023 1654; baseline 0 -13"><span class='ocrx_word' id='word_1_137' title='bbox 322 1609 432 1642; x_wconf 83' lang='lat' dir='ltr'>Itidem</span> <span class='ocrx_word' id='word_1_138' title='bbox 450 1609 642 1654; x_wconf 80' lang='lat' dir='ltr'>quicumque</span> <span class='ocrx_word' id='word_1_139' title='bbox 657 1610 799 1643; x_wconf 88' lang='lat' dir='ltr'>titulares</span> <span class='ocrx_word' id='word_1_140' title='bbox 816 1609 944 1642; x_wconf 87' lang='lat' dir='ltr'>abbates</span> <span class='ocrx_word' id='word_1_141' title='bbox 957 1609 1023 1642; x_wconf 92' lang='lat' dir='ltr'>nul-</span> 
     </span>
     <span class='ocr_line' id='line_1_30' title="bbox 278 1662 1022 1704; baseline 0 -9"><span class='ocrx_word' id='word_1_142' title='bbox 278 1662 399 1696; x_wconf 81' lang='lat' dir='ltr'>latenus</span> <span class='ocrx_word' id='word_1_143' title='bbox 424 1674 442 1696; x_wconf 89' lang='lat' dir='ltr'>a</span> <span class='ocrx_word' id='word_1_144' title='bbox 466 1663 683 1697; x_wconf 89' lang='lat' dir='ltr'>iurisdictione</span> <span class='ocrx_word' id='word_1_145' title='bbox 700 1663 822 1696; x_wconf 86' lang='lat' dir='ltr'>abbatis</span> <span class='ocrx_word' id='word_1_146' title='bbox 842 1663 920 1704; x_wconf 90' lang='lat' dir='ltr'>loci,</span> <span class='ocrx_word' id='word_1_147' title='bbox 947 1663 1022 1703; x_wconf 77' lang='lat' dir='ltr'>sive,</span> 
     </span>
     <span class='ocr_line' id='line_1_31' title="bbox 279 1716 1022 1761; baseline -0.001 -12"><span class='ocrx_word' id='word_1_148' title='bbox 279 1726 316 1750; x_wconf 88' lang='lat' dir='ltr'>eo</span> <span class='ocrx_word' id='word_1_149' title='bbox 340 1716 489 1757; x_wconf 86' lang='lat' dir='ltr'>absente,</span> <span class='ocrx_word' id='word_1_150' title='bbox 523 1716 589 1750; x_wconf 90' lang='lat' dir='ltr'>eius</span> <span class='ocrx_word' id='word_1_151' title='bbox 622 1717 796 1761; x_wconf 87' lang='lat' dir='ltr'>superioris</span> <span class='ocrx_word' id='word_1_152' title='bbox 829 1717 882 1760; x_wconf 89' lang='lat' dir='ltr'>qui</span> <span class='ocrx_word' id='word_1_153' title='bbox 916 1726 1022 1749; x_wconf 89' lang='lat' dir='ltr'>mona-</span> 
     </span>
     <span class='ocr_line' id='line_1_32' title="bbox 279 1769 1021 1814; baseline -0.001 -12"><span class='ocrx_word' id='word_1_154' title='bbox 279 1769 374 1803; x_wconf 87' lang='lat' dir='ltr'>sterio</span> <span class='ocrx_word' id='word_1_155' title='bbox 399 1770 559 1814; x_wconf 87' lang='lat' dir='ltr'>praeerit,</span> <span class='ocrx_word' id='word_1_156' title='bbox 584 1770 723 1814; x_wconf 87' lang='lat' dir='ltr'>exempti</span> <span class='ocrx_word' id='word_1_157' title='bbox 749 1780 817 1803; x_wconf 89' lang='lat' dir='ltr'>esse</span> <span class='ocrx_word' id='word_1_158' title='bbox 842 1769 1021 1812; x_wconf 80' lang='lat' dir='ltr'>intelligan-</span> 
     </span>
     <span class='ocr_line' id='line_1_33' title="bbox 278 1823 1021 1868; baseline -0.001 -12"><span class='ocrx_word' id='word_1_159' title='bbox 278 1829 339 1866; x_wconf 88' lang='lat' dir='ltr'>tur,</span> <span class='ocrx_word' id='word_1_160' title='bbox 365 1823 531 1856; x_wconf 80' lang='lat' dir='ltr'>reservatis</span> <span class='ocrx_word' id='word_1_161' title='bbox 551 1824 692 1868; x_wconf 86' lang='lat' dir='ltr'>alioquin</span> <span class='ocrx_word' id='word_1_162' title='bbox 705 1834 817 1857; x_wconf 86' lang='lat' dir='ltr'>eorum</span> <span class='ocrx_word' id='word_1_163' title='bbox 831 1823 1021 1863; x_wconf 87' lang='lat' dir='ltr'>honorariis,</span> 
     </span>
     <span class='ocr_line' id='line_1_34' title="bbox 278 1877 1022 1921; baseline 0 -12"><span class='ocrx_word' id='word_1_164' title='bbox 278 1877 559 1921; x_wconf 67' lang='lat' dir='ltr'>praeeminemus,</span> <span class='ocrx_word' id='word_1_165' title='bbox 583 1888 619 1911; x_wconf 90' lang='lat' dir='ltr'>ac</span> <span class='ocrx_word' id='word_1_166' title='bbox 654 1877 754 1911; x_wconf 88' lang='lat' dir='ltr'>solitis</span> <span class='ocrx_word' id='word_1_167' title='bbox 791 1877 1022 1921; x_wconf 80' lang='lat' dir='ltr'>praerogativis</span> 
     </span>
     <span class='ocr_line' id='line_1_35' title="bbox 279 1929 1022 1975; baseline -0.001 -12"><span class='ocrx_word' id='word_1_168' title='bbox 279 1932 463 1974; x_wconf 85' lang='lat' dir='ltr'>ceteroquin</span> <span class='ocrx_word' id='word_1_169' title='bbox 497 1941 554 1975; x_wconf 90' lang='lat' dir='ltr'>per</span> <span class='ocrx_word' id='word_1_170' title='bbox 578 1931 656 1964; x_wconf 88' lang='lat' dir='ltr'>haec</span> <span class='ocrx_word' id='word_1_171' title='bbox 680 1931 807 1964; x_wconf 88' lang='lat' dir='ltr'>decreta</span> <span class='ocrx_word' id='word_1_172' title='bbox 831 1931 879 1963; x_wconf 80' lang='lat' dir='ltr'>vel</span> <span class='ocrx_word' id='word_1_173' title='bbox 905 1930 995 1963; x_wconf 87' lang='lat' dir='ltr'>aliter</span> <span class='ocrx_word' id='word_1_174' title='bbox 1013 1929 1022 1946; x_wconf 82' lang='lat'>¹</span> 
     </span>
     <span class='ocr_line' id='line_1_36' title="bbox 279 1983 448 2027; baseline 0.006 -11"><span class='ocrx_word' id='word_1_175' title='bbox 279 1983 448 2027; x_wconf 79' lang='lat' dir='ltr'>abrogatis.</span> 
     </span>
    </p>

    <p class='ocr_par' dir='ltr' id='par_1_8' title="bbox 279 2037 1025 2337">
     <span class='ocr_line' id='line_1_37' title="bbox 323 2037 1022 2081; baseline 0.001 -11"><span class='ocrx_word' id='word_1_176' title='bbox 323 2038 357 2070; x_wconf 92' lang='lat' dir='ltr'>In</span> <span class='ocrx_word' id='word_1_177' title='bbox 390 2037 587 2071; x_wconf 89' lang='lat' dir='ltr'>monasteriis</span> <span class='ocrx_word' id='word_1_178' title='bbox 623 2048 696 2072; x_wconf 86' lang='lat' dir='ltr'>aere</span> <span class='ocrx_word' id='word_1_179' title='bbox 728 2038 830 2072; x_wconf 88' lang='lat' dir='ltr'>alieno</span> <span class='ocrx_word' id='word_1_180' title='bbox 863 2038 1022 2081; x_wconf 78' lang='lat' dir='ltr'>gravatis,</span> 
     </span>
     <span class='ocr_line' id='line_1_38' title="bbox 279 2090 1022 2136; baseline 0.001 -13"><span class='ocrx_word' id='word_1_181' title='bbox 279 2096 409 2135; x_wconf 87' lang='lat' dir='ltr'>excepto</span> <span class='ocrx_word' id='word_1_182' title='bbox 435 2091 540 2135; x_wconf 87' lang='lat' dir='ltr'>aliquo</span> <span class='ocrx_word' id='word_1_183' title='bbox 564 2090 596 2124; x_wconf 92' lang='lat' dir='ltr'>in</span> <span class='ocrx_word' id='word_1_184' title='bbox 621 2091 703 2124; x_wconf 82' lang='lat' dir='ltr'>dieta</span> <span class='ocrx_word' id='word_1_185' title='bbox 729 2092 770 2124; x_wconf 90' lang='lat' dir='ltr'>ob</span> <span class='ocrx_word' id='word_1_186' title='bbox 802 2091 938 2136; x_wconf 81' lang='lat' dir='ltr'>aliquam</span> <span class='ocrx_word' id='word_1_187' title='bbox 968 2101 1022 2124; x_wconf 90' lang='lat' dir='ltr'>ne-</span> 
     </span>
     <span class='ocr_line' id='line_1_39' title="bbox 280 2144 1024 2185; baseline 0.001 -9"><span class='ocrx_word' id='word_1_188' title='bbox 280 2144 447 2177; x_wconf 86' lang='lat' dir='ltr'>cessariam</span> <span class='ocrx_word' id='word_1_189' title='bbox 474 2153 600 2177; x_wconf 87' lang='lat' dir='ltr'>causam</span> <span class='ocrx_word' id='word_1_190' title='bbox 624 2144 824 2185; x_wconf 85' lang='lat' dir='ltr'>declarando,</span> <span class='ocrx_word' id='word_1_191' title='bbox 850 2144 947 2177; x_wconf 88' lang='lat' dir='ltr'>rheda</span> <span class='ocrx_word' id='word_1_192' title='bbox 966 2144 1024 2177; x_wconf 88' lang='lat' dir='ltr'>nii-</span> 
     </span>
     <span class='ocr_line' id='line_1_40' title="bbox 280 2197 1023 2238; baseline 0 -8"><span class='ocrx_word' id='word_1_193' title='bbox 280 2197 366 2230; x_wconf 88' lang='lat' dir='ltr'>nime</span> <span class='ocrx_word' id='word_1_194' title='bbox 389 2197 563 2238; x_wconf 84' lang='lat' dir='ltr'>habeatur,</span> <span class='ocrx_word' id='word_1_195' title='bbox 589 2198 643 2230; x_wconf 89' lang='lat' dir='ltr'>sed</span> <span class='ocrx_word' id='word_1_196' title='bbox 668 2198 692 2230; x_wconf 92' lang='lat' dir='ltr'>is</span> <span class='ocrx_word' id='word_1_197' title='bbox 718 2202 837 2230; x_wconf 89' lang='lat' dir='ltr'>tantum</span> <span class='ocrx_word' id='word_1_198' title='bbox 871 2208 1023 2230; x_wconf 88' lang='lat' dir='ltr'>numerus</span> 
     </span>
     <span class='ocr_line' id='line_1_41' title="bbox 281 2250 1025 2294; baseline 0 -11"><span class='ocrx_word' id='word_1_199' title='bbox 281 2261 447 2294; x_wconf 89' lang='lat' dir='ltr'>equorum,</span> <span class='ocrx_word' id='word_1_200' title='bbox 464 2250 516 2294; x_wconf 89' lang='lat' dir='ltr'>qui</span> <span class='ocrx_word' id='word_1_201' title='bbox 542 2250 580 2283; x_wconf 87' lang='lat' dir='ltr'>ad</span> <span class='ocrx_word' id='word_1_202' title='bbox 601 2261 667 2283; x_wconf 90' lang='lat' dir='ltr'>rem</span> <span class='ocrx_word' id='word_1_203' title='bbox 687 2251 835 2283; x_wconf 84' lang='lat' dir='ltr'>rusticam</span> <span class='ocrx_word' id='word_1_204' title='bbox 852 2260 1025 2294; x_wconf 86' lang='lat' dir='ltr'>procuran-</span> 
     </span>
     <span class='ocr_line' id='line_1_42' title="bbox 282 2303 802 2337; baseline -0.002 -1"><span class='ocrx_word' id='word_1_205' title='bbox 282 2303 353 2336; x_wconf 89' lang='lat' dir='ltr'>dam</span> <span class='ocrx_word' id='word_1_206' title='bbox 380 2304 509 2337; x_wconf 90' lang='lat' dir='ltr'>omnino</span> <span class='ocrx_word' id='word_1_207' title='bbox 534 2303 729 2337; x_wconf 85' lang='lat' dir='ltr'>necessarius</span> <span class='ocrx_word' id='word_1_208' title='bbox 754 2304 802 2336; x_wconf 87' lang='lat' dir='ltr'>sit.</span> 
     </span>
    </p>

    <p class='ocr_par' dir='ltr' id='par_1_9' title="bbox 282 2357 1027 2562">
     <span class='ocr_line' id='line_1_43' title="bbox 325 2357 1024 2401; baseline 0 -12"><span class='ocrx_word' id='word_1_209' title='bbox 325 2357 462 2390; x_wconf 85' lang='lat' dir='ltr'>Abbates</span> <span class='ocrx_word' id='word_1_210' title='bbox 476 2362 506 2390; x_wconf 90' lang='lat' dir='ltr'>et</span> <span class='ocrx_word' id='word_1_211' title='bbox 520 2357 631 2401; x_wconf 81' lang='lat' dir='ltr'>reliqui</span> <span class='ocrx_word' id='word_1_212' title='bbox 647 2357 826 2401; x_wconf 87' lang='lat' dir='ltr'>superiores</span> <span class='ocrx_word' id='word_1_213' title='bbox 840 2357 1024 2401; x_wconf 83' lang='lat' dir='ltr'>quorumvis</span> 
     </span>
     <span class='ocr_line' id='line_1_44' title="bbox 283 2410 1024 2444; baseline 0.003 -2"><span class='ocrx_word' id='word_1_214' title='bbox 283 2410 550 2443; x_wconf 83' lang='lat' dir='ltr'>monasteriorum</span> <span class='ocrx_word' id='word_1_215' title='bbox 587 2410 710 2443; x_wconf 88' lang='lat' dir='ltr'>nonnisi</span> <span class='ocrx_word' id='word_1_216' title='bbox 744 2411 953 2444; x_wconf 85' lang='lat' dir='ltr'>necessariam</span> <span class='ocrx_word' id='word_1_217' title='bbox 984 2411 1024 2444; x_wconf 92' lang='lat' dir='ltr'>ob</span> 
     </span>
     <span class='ocr_line' id='line_1_45' title="bbox 282 2464 1027 2498; baseline 0.001 -2"><span class='ocrx_word' id='word_1_218' title='bbox 282 2474 408 2497; x_wconf 88' lang='lat' dir='ltr'>causam</span> <span class='ocrx_word' id='word_1_219' title='bbox 441 2464 579 2497; x_wconf 84' lang='lat' dir='ltr'>officium</span> <span class='ocrx_word' id='word_1_220' title='bbox 605 2474 695 2497; x_wconf 87' lang='lat' dir='ltr'>suum</span> <span class='ocrx_word' id='word_1_221' title='bbox 717 2469 959 2497; x_wconf 87' lang='lat' dir='ltr'>concernentcm</span> <span class='ocrx_word' id='word_1_222' title='bbox 982 2465 1027 2498; x_wconf 90' lang='lat' dir='ltr'>iti—</span> 
     </span>
     <span class='ocr_line' id='line_1_46' title="bbox 283 2517 1026 2562; baseline 0 -11"><span class='ocrx_word' id='word_1_223' title='bbox 283 2522 402 2551; x_wconf 89' lang='lat' dir='ltr'>nerent.</span> <span class='ocrx_word' id='word_1_224' title='bbox 422 2517 458 2549; x_wconf 74' lang='lat' dir='ltr'>Et</span> <span class='ocrx_word' id='word_1_225' title='bbox 476 2523 630 2560; x_wconf 84' lang='lat' dir='ltr'>quatenus</span> <span class='ocrx_word' id='word_1_226' title='bbox 647 2517 752 2561; x_wconf 85' lang='lat' dir='ltr'>aliquo</span> <span class='ocrx_word' id='word_1_227' title='bbox 771 2518 901 2562; x_wconf 90' lang='lat' dir='ltr'>proprio</span> <span class='ocrx_word' id='word_1_228' title='bbox 919 2528 1026 2562; x_wconf 87' lang='lat' dir='ltr'>respe-</span> 
     </span>
    </p>
   </div>
   <div class='ocr_carea' id='block_1_4' title="bbox 322 2580 881 2616">
    <p class='ocr_par' dir='ltr' id='par_1_10' title="bbox 322 2580 881 2616">
     <span class='ocr_line' id='line_1_47' title="bbox 322 2580 881 2616; baseline -0.002 -8"><span class='ocrx_word' id='word_1_229' title='bbox 322 2582 329 2607; x_wconf 89' lang='grc'>1</span> <span class='ocrx_word' id='word_1_230' title='bbox 356 2580 456 2608; x_wconf 80' lang='lat' dir='ltr'>Forsan</span> <span class='ocrx_word' id='word_1_231' title='bbox 472 2580 548 2608; x_wconf 87' lang='lat' dir='ltr'>deest</span> <span class='ocrx_word' id='word_1_232' title='bbox 564 2581 697 2616; x_wconf 82' lang='lat' dir='ltr'>particula</span> <span class='ocrx_word' id='word_1_233' title='bbox 713 2590 769 2607; x_wconf 77' lang='lat' dir='ltr'>non</span> <span class='ocrx_word' id='word_1_234' title='bbox 785 2582 821 2615; x_wconf 76' lang='lat' dir='ltr'>(n.</span> <span class='ocrx_word' id='word_1_235' title='bbox 835 2581 881 2615; x_wconf 60' lang='lat' dir='ltr'>&#39;nl</span> 
     </span>
    </p>
   </div>
   <div class='ocr_carea' id='block_1_5' title="bbox 1035 221 1043 1375">
    <p class='ocr_par' dir='ltr' id='par_1_11' title="bbox 1035 221 1043 1375">
     <span class='ocr_line' id='line_1_48' title="bbox 1035 221 1043 1375; baseline 0 0"><span class='ocrx_word' id='word_1_236' title='bbox 1035 221 1043 1375; x_wconf 95' lang='lat' dir='ltr'> </span> 
     </span>
    </p>
   </div>
   <div class='ocr_carea' id='block_1_6' title="bbox 1038 1530 1043 2515">
    <p class='ocr_par' dir='ltr' id='par_1_12' title="bbox 1038 1530 1043 2515">
     <span class='ocr_line' id='line_1_49' title="bbox 1038 1530 1043 2515; baseline 0 0"><span class='ocrx_word' id='word_1_237' title='bbox 1038 1530 1043 2515; x_wconf 95' lang='lat' dir='ltr'> </span> 
     </span>
    </p>
   </div>
   <div class='ocr_carea' id='block_1_7' title="bbox 1055 218 1803 2563">
    <p class='ocr_par' dir='ltr' id='par_1_13' title="bbox 1055 218 1799 573">
     <span class='ocr_line' id='line_1_50' title="bbox 1056 218 1799 262; baseline 0.001 -13"><span class='ocrx_word' id='word_1_238' title='bbox 1056 223 1107 250; x_wconf 84' lang='lat' dir='ltr'>ctu</span> <span class='ocrx_word' id='word_1_239' title='bbox 1133 218 1163 250; x_wconf 91' lang='lat' dir='ltr'>id</span> <span class='ocrx_word' id='word_1_240' title='bbox 1187 223 1301 260; x_wconf 82' lang='lat' dir='ltr'>agant,</span> <span class='ocrx_word' id='word_1_241' title='bbox 1327 219 1508 252; x_wconf 87' lang='lat' dir='ltr'>monasterii</span> <span class='ocrx_word' id='word_1_242' title='bbox 1534 219 1712 262; x_wconf 81' lang='lat' dir='ltr'>sumptibus</span> <span class='ocrx_word' id='word_1_243' title='bbox 1736 229 1799 251; x_wconf 90' lang='lat' dir='ltr'>non</span> 
     </span>
     <span class='ocr_line' id='line_1_51' title="bbox 1056 271 1798 317; baseline 0.001 -15"><span class='ocrx_word' id='word_1_244' title='bbox 1056 272 1126 311; x_wconf 75' lang='lat' dir='ltr'>siat,</span> <span class='ocrx_word' id='word_1_245' title='bbox 1155 271 1238 314; x_wconf 88' lang='lat' dir='ltr'>quod</span> <span class='ocrx_word' id='word_1_246' title='bbox 1264 272 1302 304; x_wconf 83' lang='lat' dir='ltr'>ab</span> <span class='ocrx_word' id='word_1_247' title='bbox 1328 272 1530 305; x_wconf 79' lang='lat' dir='ltr'>inferioribus</span> <span class='ocrx_word' id='word_1_248' title='bbox 1554 283 1680 317; x_wconf 83' lang='lat' dir='ltr'>quoque</span> <span class='ocrx_word' id='word_1_249' title='bbox 1706 272 1798 304; x_wconf 88' lang='lat' dir='ltr'>mini-</span> 
     </span>
     <span class='ocr_line' id='line_1_52' title="bbox 1056 325 1799 359; baseline 0.001 -3"><span class='ocrx_word' id='word_1_250' title='bbox 1056 325 1129 356; x_wconf 88' lang='lat' dir='ltr'>stris</span> <span class='ocrx_word' id='word_1_251' title='bbox 1149 335 1185 357; x_wconf 86' lang='lat' dir='ltr'>ae</span> <span class='ocrx_word' id='word_1_252' title='bbox 1206 326 1318 358; x_wconf 86' lang='lat' dir='ltr'>ceteris</span> <span class='ocrx_word' id='word_1_253' title='bbox 1343 326 1489 359; x_wconf 89' lang='lat' dir='ltr'>omnibus</span> <span class='ocrx_word' id='word_1_254' title='bbox 1507 326 1669 359; x_wconf 87' lang='lat' dir='ltr'>monachis</span> <span class='ocrx_word' id='word_1_255' title='bbox 1695 326 1799 358; x_wconf 83' lang='lat' dir='ltr'>obser-</span> 
     </span>
     <span class='ocr_line' id='line_1_53' title="bbox 1058 379 1798 423; baseline 0 -12"><span class='ocrx_word' id='word_1_256' title='bbox 1058 384 1155 421; x_wconf 70' lang='lat' dir='ltr'>vetur,</span> <span class='ocrx_word' id='word_1_257' title='bbox 1176 379 1229 422; x_wconf 89' lang='lat' dir='ltr'>qui</span> <span class='ocrx_word' id='word_1_258' title='bbox 1251 380 1294 422; x_wconf 85' lang='lat' dir='ltr'>(et</span> <span class='ocrx_word' id='word_1_259' title='bbox 1309 381 1495 423; x_wconf 86' lang='lat' dir='ltr'>praesertim</span> <span class='ocrx_word' id='word_1_260' title='bbox 1521 385 1619 413; x_wconf 86' lang='lat' dir='ltr'>aetate</span> <span class='ocrx_word' id='word_1_261' title='bbox 1645 380 1798 421; x_wconf 63' lang='lat' dir='ltr'>iuniores)</span> 
     </span>
     <span class='ocr_line' id='line_1_54' title="bbox 1056 432 1799 475; baseline -0.001 -11"><span class='ocrx_word' id='word_1_262' title='bbox 1056 432 1092 464; x_wconf 91' lang='lat' dir='ltr'>ad</span> <span class='ocrx_word' id='word_1_263' title='bbox 1129 432 1320 465; x_wconf 86' lang='lat' dir='ltr'>monasteria</span> <span class='ocrx_word' id='word_1_264' title='bbox 1352 433 1444 475; x_wconf 74' lang='lat' dir='ltr'>longe</span> <span class='ocrx_word' id='word_1_265' title='bbox 1477 433 1642 475; x_wconf 75' lang='lat' dir='ltr'>distantia,</span> <span class='ocrx_word' id='word_1_266' title='bbox 1675 433 1799 465; x_wconf 80' lang='lat' dir='ltr'>nonnisi</span> 
     </span>
     <span class='ocr_line' id='line_1_55' title="bbox 1055 487 1799 530; baseline -0.001 -11"><span class='ocrx_word' id='word_1_267' title='bbox 1055 487 1181 530; x_wconf 75' lang='lat' dir='ltr'>praevia</span> <span class='ocrx_word' id='word_1_268' title='bbox 1214 489 1336 520; x_wconf 78' lang='lat' dir='ltr'>matura</span> <span class='ocrx_word' id='word_1_269' title='bbox 1368 487 1641 529; x_wconf 83' lang='lat' dir='ltr'>consideratione,</span> <span class='ocrx_word' id='word_1_270' title='bbox 1667 488 1799 521; x_wconf 78' lang='lat' dir='ltr'>transse-</span> 
     </span>
     <span class='ocr_line' id='line_1_56' title="bbox 1057 545 1177 573; baseline 0.008 -1"><span class='ocrx_word' id='word_1_271' title='bbox 1057 545 1177 573; x_wconf 82' lang='lat' dir='ltr'>rantur.</span> 
     </span>
    </p>

    <p class='ocr_par' dir='ltr' id='par_1_14' title="bbox 1056 593 1800 852">
     <span class='ocr_line' id='line_1_57' title="bbox 1100 593 1799 637; baseline 0.001 -12"><span class='ocrx_word' id='word_1_272' title='bbox 1100 593 1188 626; x_wconf 81' lang='lat' dir='ltr'>Circa</span> <span class='ocrx_word' id='word_1_273' title='bbox 1213 593 1458 637; x_wconf 84' lang='lat' dir='ltr'>hospitalitatem</span> <span class='ocrx_word' id='word_1_274' title='bbox 1481 604 1555 637; x_wconf 79' lang='lat' dir='ltr'>erga</span> <span class='ocrx_word' id='word_1_275' title='bbox 1580 604 1730 637; x_wconf 84' lang='lat' dir='ltr'>personas</span> <span class='ocrx_word' id='word_1_276' title='bbox 1750 604 1799 626; x_wconf 80' lang='lat' dir='ltr'>ex-</span> 
     </span>
     <span class='ocr_line' id='line_1_58' title="bbox 1056 647 1800 691; baseline 0 -12"><span class='ocrx_word' id='word_1_277' title='bbox 1056 652 1180 680; x_wconf 87' lang='lat' dir='ltr'>traneas</span> <span class='ocrx_word' id='word_1_278' title='bbox 1205 647 1426 687; x_wconf 80' lang='lat' dir='ltr'>exercendam,</span> <span class='ocrx_word' id='word_1_279' title='bbox 1451 648 1611 680; x_wconf 87' lang='lat' dir='ltr'>decretum</span> <span class='ocrx_word' id='word_1_280' title='bbox 1638 659 1695 691; x_wconf 88' lang='lat' dir='ltr'>per</span> <span class='ocrx_word' id='word_1_281' title='bbox 1720 658 1800 680; x_wconf 86' lang='lat' dir='ltr'>eam-</span> 
     </span>
     <span class='ocr_line' id='line_1_59' title="bbox 1056 701 1800 743; baseline 0.001 -10"><span class='ocrx_word' id='word_1_282' title='bbox 1056 701 1126 735; x_wconf 88' lang='lat' dir='ltr'>dem</span> <span class='ocrx_word' id='word_1_283' title='bbox 1147 711 1266 734; x_wconf 88' lang='lat' dir='ltr'>sacram</span> <span class='ocrx_word' id='word_1_284' title='bbox 1287 701 1563 743; x_wconf 71' lang='lat' dir='ltr'>congregationem</span> <span class='ocrx_word' id='word_1_285' title='bbox 1583 702 1639 734; x_wconf 84' lang='lat' dir='ltr'>suh</span> <span class='ocrx_word' id='word_1_286' title='bbox 1658 702 1707 734; x_wconf 86' lang='lat' dir='ltr'>die</span> <span class='ocrx_word' id='word_1_287' title='bbox 1721 712 1800 734; x_wconf 71' lang='lat' dir='ltr'>xviii</span> 
     </span>
     <span class='ocr_line' id='line_1_60' title="bbox 1057 753 1798 795; baseline 0.001 -9"><span class='ocrx_word' id='word_1_288' title='bbox 1057 753 1187 786; x_wconf 83' lang='lat' dir='ltr'>ianuarii</span> <span class='ocrx_word' id='word_1_289' title='bbox 1221 764 1337 788; x_wconf 75' lang='lat' dir='ltr'>MDCLxI</span> <span class='ocrx_word' id='word_1_290' title='bbox 1362 754 1503 795; x_wconf 83' lang='lat' dir='ltr'>editum,</span> <span class='ocrx_word' id='word_1_291' title='bbox 1529 760 1557 787; x_wconf 84' lang='lat' dir='ltr'>et</span> <span class='ocrx_word' id='word_1_292' title='bbox 1582 765 1597 787; x_wconf 91' lang='lat' dir='ltr'>a</span> <span class='ocrx_word' id='word_1_293' title='bbox 1623 755 1673 787; x_wconf 70' lang='lat' dir='ltr'>SS.</span> <span class='ocrx_word' id='word_1_294' title='bbox 1699 755 1731 786; x_wconf 78' lang='lat' dir='ltr'>D.</span> <span class='ocrx_word' id='word_1_295' title='bbox 1765 756 1798 787; x_wconf 92' lang='lat' dir='ltr'>N.</span> 
     </span>
     <span class='ocr_line' id='line_1_61' title="bbox 1056 808 1609 852; baseline 0.002 -13"><span class='ocrx_word' id='word_1_296' title='bbox 1056 808 1278 852; x_wconf 88' lang='lat' dir='ltr'>approbatum,</span> <span class='ocrx_word' id='word_1_297' title='bbox 1304 808 1432 841; x_wconf 87' lang='lat' dir='ltr'>omnino</span> <span class='ocrx_word' id='word_1_298' title='bbox 1458 814 1609 841; x_wconf 79' lang='lat' dir='ltr'>servetur.</span> 
     </span>
    </p>

    <p class='ocr_par' dir='ltr' id='par_1_15' title="bbox 1056 861 1801 1385">
     <span class='ocr_line' id='line_1_62' title="bbox 1101 861 1799 904; baseline 0 -12"><span class='ocrx_word' id='word_1_299' title='bbox 1101 861 1247 904; x_wconf 85' lang='lat' dir='ltr'>Hospites</span> <span class='ocrx_word' id='word_1_300' title='bbox 1271 871 1346 894; x_wconf 87' lang='lat' dir='ltr'>vcro</span> <span class='ocrx_word' id='word_1_301' title='bbox 1365 861 1520 901; x_wconf 83' lang='lat' dir='ltr'>monachi,</span> <span class='ocrx_word' id='word_1_302' title='bbox 1541 861 1632 893; x_wconf 84' lang='lat' dir='ltr'>ctiam</span> <span class='ocrx_word' id='word_1_303' title='bbox 1659 861 1799 898; x_wconf 71' lang='lat' dir='ltr'>abbates,</span> 
     </span>
     <span class='ocr_line' id='line_1_63' title="bbox 1059 914 1799 958; baseline 0.003 -13"><span class='ocrx_word' id='word_1_304' title='bbox 1059 914 1110 947; x_wconf 91' lang='lat' dir='ltr'>diu</span> <span class='ocrx_word' id='word_1_305' title='bbox 1136 920 1295 958; x_wconf 88' lang='lat' dir='ltr'>tamquam</span> <span class='ocrx_word' id='word_1_306' title='bbox 1322 914 1458 947; x_wconf 70' lang='lat' dir='ltr'>advenae</span> <span class='ocrx_word' id='word_1_307' title='bbox 1484 915 1583 957; x_wconf 74' lang='lat' dir='ltr'>magis</span> <span class='ocrx_word' id='word_1_308' title='bbox 1612 915 1744 947; x_wconf 68' lang='lat' dir='ltr'>delicato</span> <span class='ocrx_word' id='word_1_309' title='bbox 1765 926 1799 947; x_wconf 77' lang='lat' dir='ltr'>ac</span> 
     </span>
     <span class='ocr_line' id='line_1_64' title="bbox 1058 968 1801 1011; baseline 0.001 -11"><span class='ocrx_word' id='word_1_310' title='bbox 1058 968 1261 1011; x_wconf 89' lang='lat' dir='ltr'>dispendioso</span> <span class='ocrx_word' id='word_1_311' title='bbox 1279 968 1359 1002; x_wconf 85' lang='lat' dir='ltr'>victu</span> <span class='ocrx_word' id='word_1_312' title='bbox 1374 978 1436 1000; x_wconf 88' lang='lat' dir='ltr'>non</span> <span class='ocrx_word' id='word_1_313' title='bbox 1451 974 1634 1005; x_wconf 83' lang='lat' dir='ltr'>tractentur,</span> <span class='ocrx_word' id='word_1_314' title='bbox 1650 969 1713 1006; x_wconf 81' lang='lat' dir='ltr'>sed,</span> <span class='ocrx_word' id='word_1_315' title='bbox 1731 975 1801 1011; x_wconf 80' lang='lat' dir='ltr'>post</span> 
     </span>
     <span class='ocr_line' id='line_1_65' title="bbox 1057 1021 1799 1058; baseline 0 -5"><span class='ocrx_word' id='word_1_316' title='bbox 1057 1021 1138 1053; x_wconf 89' lang='lat' dir='ltr'>diem</span> <span class='ocrx_word' id='word_1_317' title='bbox 1165 1031 1262 1053; x_wconf 91' lang='lat' dir='ltr'>unum</span> <span class='ocrx_word' id='word_1_318' title='bbox 1288 1021 1326 1053; x_wconf 90' lang='lat' dir='ltr'>ab</span> <span class='ocrx_word' id='word_1_319' title='bbox 1351 1031 1461 1053; x_wconf 84' lang='lat' dir='ltr'>eorum</span> <span class='ocrx_word' id='word_1_320' title='bbox 1496 1022 1650 1058; x_wconf 68' lang='lat' dir='ltr'>adventu,</span> <span class='ocrx_word' id='word_1_321' title='bbox 1684 1022 1744 1053; x_wconf 79' lang='lat' dir='ltr'>illis</span> <span class='ocrx_word' id='word_1_322' title='bbox 1770 1023 1799 1053; x_wconf 90' lang='lat' dir='ltr'>in</span> 
     </span>
     <span class='ocr_line' id='line_1_66' title="bbox 1058 1075 1799 1118; baseline 0.001 -12"><span class='ocrx_word' id='word_1_323' title='bbox 1058 1075 1225 1107; x_wconf 74' lang='lat' dir='ltr'>refectorio</span> <span class='ocrx_word' id='word_1_324' title='bbox 1250 1075 1426 1107; x_wconf 88' lang='lat' dir='ltr'>communis</span> <span class='ocrx_word' id='word_1_325' title='bbox 1457 1085 1563 1107; x_wconf 85' lang='lat' dir='ltr'>mensa</span> <span class='ocrx_word' id='word_1_326' title='bbox 1588 1080 1739 1118; x_wconf 67' lang='lat' dir='ltr'>paretur,</span> <span class='ocrx_word' id='word_1_327' title='bbox 1770 1075 1799 1106; x_wconf 88' lang='lat' dir='ltr'>in</span> 
     </span>
     <span class='ocr_line' id='line_1_67' title="bbox 1056 1127 1798 1171; baseline 0.001 -12"><span class='ocrx_word' id='word_1_328' title='bbox 1056 1138 1117 1170; x_wconf 86' lang='lat' dir='ltr'>qua</span> <span class='ocrx_word' id='word_1_329' title='bbox 1143 1132 1246 1161; x_wconf 85' lang='lat' dir='ltr'>tamen</span> <span class='ocrx_word' id='word_1_330' title='bbox 1272 1127 1381 1160; x_wconf 88' lang='lat' dir='ltr'>iisdem</span> <span class='ocrx_word' id='word_1_331' title='bbox 1413 1128 1539 1171; x_wconf 88' lang='lat' dir='ltr'>aliquod</span> <span class='ocrx_word' id='word_1_332' title='bbox 1565 1139 1696 1171; x_wconf 75' lang='lat' dir='ltr'>parrum</span> <span class='ocrx_word' id='word_1_333' title='bbox 1722 1129 1798 1160; x_wconf 82' lang='lat' dir='ltr'>edu-</span> 
     </span>
     <span class='ocr_line' id='line_1_68' title="bbox 1057 1181 1799 1225; baseline 0.001 -12"><span class='ocrx_word' id='word_1_334' title='bbox 1057 1181 1134 1213; x_wconf 88' lang='lat' dir='ltr'>lium</span> <span class='ocrx_word' id='word_1_335' title='bbox 1154 1182 1291 1215; x_wconf 75' lang='lat' dir='ltr'>t‘raterna</span> <span class='ocrx_word' id='word_1_336' title='bbox 1307 1182 1459 1214; x_wconf 86' lang='lat' dir='ltr'>charitate</span> <span class='ocrx_word' id='word_1_337' title='bbox 1479 1192 1554 1225; x_wconf 87' lang='lat' dir='ltr'>prae</span> <span class='ocrx_word' id='word_1_338' title='bbox 1575 1182 1643 1214; x_wconf 88' lang='lat' dir='ltr'>aliis</span> <span class='ocrx_word' id='word_1_339' title='bbox 1657 1182 1799 1215; x_wconf 80' lang='lat' dir='ltr'>exhiberi</span> 
     </span>
     <span class='ocr_line' id='line_1_69' title="bbox 1056 1235 1800 1279; baseline 0 -11"><span class='ocrx_word' id='word_1_340' title='bbox 1056 1236 1404 1279; x_wconf 78' lang='lat' dir='ltr'>pote1·it;·secularibus</span> <span class='ocrx_word' id='word_1_341' title='bbox 1429 1246 1503 1268; x_wconf 74' lang='lat' dir='ltr'>vero</span> <span class='ocrx_word' id='word_1_342' title='bbox 1526 1235 1669 1279; x_wconf 76' lang='lat' dir='ltr'>prandia,</span> <span class='ocrx_word' id='word_1_343' title='bbox 1687 1246 1800 1269; x_wconf 84' lang='lat' dir='ltr'>coenas</span> 
     </span>
     <span class='ocr_line' id='line_1_70' title="bbox 1057 1288 1800 1328; baseline 0 -8"><span class='ocrx_word' id='word_1_344' title='bbox 1057 1293 1086 1321; x_wconf 91' lang='lat' dir='ltr'>et</span> <span class='ocrx_word' id='word_1_345' title='bbox 1104 1288 1179 1321; x_wconf 91' lang='lat' dir='ltr'>alias</span> <span class='ocrx_word' id='word_1_346' title='bbox 1205 1289 1460 1328; x_wconf 84' lang='lat' dir='ltr'>comessationes,</span> <span class='ocrx_word' id='word_1_347' title='bbox 1481 1289 1685 1322; x_wconf 84' lang='lat' dir='ltr'>recreationis</span> <span class='ocrx_word' id='word_1_348' title='bbox 1710 1290 1800 1321; x_wconf 87' lang='lat' dir='ltr'>titulo</span> 
     </span>
     <span class='ocr_line' id='line_1_71' title="bbox 1056 1342 1798 1385; baseline 0.001 -12"><span class='ocrx_word' id='word_1_349' title='bbox 1056 1347 1263 1385; x_wconf 87' lang='lat' dir='ltr'>nuncupatas,</span> <span class='ocrx_word' id='word_1_350' title='bbox 1281 1342 1355 1374; x_wconf 89' lang='lat' dir='ltr'>dare</span> <span class='ocrx_word' id='word_1_351' title='bbox 1375 1342 1503 1374; x_wconf 89' lang='lat' dir='ltr'>omnino</span> <span class='ocrx_word' id='word_1_352' title='bbox 1528 1342 1724 1385; x_wconf 86' lang='lat' dir='ltr'>prohibitum</span> <span class='ocrx_word' id='word_1_353' title='bbox 1751 1343 1798 1374; x_wconf 87' lang='lat' dir='ltr'>sit.</span> 
     </span>
    </p>

    <p class='ocr_par' dir='ltr' id='par_1_16' title="bbox 1055 1394 1802 2018">
     <span class='ocr_line' id='line_1_72' title="bbox 1103 1394 1801 1438; baseline 0 -11"><span class='ocrx_word' id='word_1_354' title='bbox 1103 1394 1278 1435; x_wconf 76' lang='lat' dir='ltr'>Monachis,</span> <span class='ocrx_word' id='word_1_355' title='bbox 1308 1405 1429 1428; x_wconf 89' lang='lat' dir='ltr'>necnon</span> <span class='ocrx_word' id='word_1_356' title='bbox 1454 1394 1620 1428; x_wconf 83' lang='lat' dir='ltr'>abbatibus</span> <span class='ocrx_word' id='word_1_357' title='bbox 1645 1395 1719 1438; x_wconf 89' lang='lat' dir='ltr'>ipsis</span> <span class='ocrx_word' id='word_1_358' title='bbox 1745 1406 1801 1427; x_wconf 88' lang='lat' dir='ltr'>an-</span> 
     </span>
     <span class='ocr_line' id='line_1_73' title="bbox 1055 1448 1799 1492; baseline 0 -12"><span class='ocrx_word' id='word_1_359' title='bbox 1055 1458 1134 1481; x_wconf 87' lang='lat' dir='ltr'>nuos</span> <span class='ocrx_word' id='word_1_360' title='bbox 1159 1448 1311 1488; x_wconf 88' lang='lat' dir='ltr'>redditus,</span> <span class='ocrx_word' id='word_1_361' title='bbox 1329 1455 1381 1481; x_wconf 90' lang='lat' dir='ltr'>aut</span> <span class='ocrx_word' id='word_1_362' title='bbox 1398 1449 1458 1481; x_wconf 89' lang='lat' dir='ltr'>alia</span> <span class='ocrx_word' id='word_1_363' title='bbox 1482 1460 1700 1492; x_wconf 86' lang='lat' dir='ltr'>quaecumque</span> <span class='ocrx_word' id='word_1_364' title='bbox 1718 1450 1799 1482; x_wconf 87' lang='lat' dir='ltr'>hona</span> 
     </span>
     <span class='ocr_line' id='line_1_74' title="bbox 1057 1501 1800 1541; baseline 0 -8"><span class='ocrx_word' id='word_1_365' title='bbox 1057 1501 1189 1534; x_wconf 87' lang='lat' dir='ltr'>mobilia</span> <span class='ocrx_word' id='word_1_366' title='bbox 1214 1506 1243 1535; x_wconf 88' lang='lat' dir='ltr'>et</span> <span class='ocrx_word' id='word_1_367' title='bbox 1268 1502 1462 1541; x_wconf 86' lang='lat' dir='ltr'>immobilia,</span> <span class='ocrx_word' id='word_1_368' title='bbox 1494 1502 1566 1535; x_wconf 87' lang='lat' dir='ltr'>licet</span> <span class='ocrx_word' id='word_1_369' title='bbox 1591 1502 1800 1535; x_wconf 85' lang='lat' dir='ltr'>mediantibus</span> 
     </span>
     <span class='ocr_line' id='line_1_75' title="bbox 1057 1555 1802 1599; baseline 0 -12"><span class='ocrx_word' id='word_1_370' title='bbox 1057 1565 1166 1588; x_wconf 91' lang='lat' dir='ltr'>eorum</span> <span class='ocrx_word' id='word_1_371' title='bbox 1184 1555 1329 1599; x_wconf 87' lang='lat' dir='ltr'>personis</span> <span class='ocrx_word' id='word_1_372' title='bbox 1354 1556 1546 1588; x_wconf 86' lang='lat' dir='ltr'>monasterio</span> <span class='ocrx_word' id='word_1_373' title='bbox 1567 1556 1728 1599; x_wconf 85' lang='lat' dir='ltr'>acquisita,</span> <span class='ocrx_word' id='word_1_374' title='bbox 1751 1566 1802 1587; x_wconf 65' lang='lat' dir='ltr'>ue&lt;</span> 
     </span>
     <span class='ocr_line' id='line_1_76' title="bbox 1057 1608 1801 1652; baseline 0.001 -12"><span class='ocrx_word' id='word_1_375' title='bbox 1057 1608 1131 1640; x_wconf 89' lang='lat' dir='ltr'>dum</span> <span class='ocrx_word' id='word_1_376' title='bbox 1157 1608 1339 1652; x_wconf 81' lang='lat' dir='ltr'>possidere,</span> <span class='ocrx_word' id='word_1_377' title='bbox 1363 1608 1417 1641; x_wconf 85' lang='lat' dir='ltr'>sed</span> <span class='ocrx_word' id='word_1_378' title='bbox 1443 1609 1535 1641; x_wconf 89' lang='lat' dir='ltr'>etiam</span> <span class='ocrx_word' id='word_1_379' title='bbox 1561 1609 1801 1648; x_wconf 87' lang='lat' dir='ltr'>administrare,</span> 
     </span>
     <span class='ocr_line' id='line_1_77' title="bbox 1057 1661 1800 1705; baseline 0.001 -12"><span class='ocrx_word' id='word_1_380' title='bbox 1057 1661 1104 1694; x_wconf 72' lang='lat' dir='ltr'>vel</span> <span class='ocrx_word' id='word_1_381' title='bbox 1131 1661 1221 1695; x_wconf 90' lang='lat' dir='ltr'>titulo</span> <span class='ocrx_word' id='word_1_382' title='bbox 1245 1662 1441 1703; x_wconf 82' lang='lat' dir='ltr'>usufructus,</span> <span class='ocrx_word' id='word_1_383' title='bbox 1459 1661 1605 1705; x_wconf 86' lang='lat' dir='ltr'>depositi,</span> <span class='ocrx_word' id='word_1_384' title='bbox 1627 1662 1800 1703; x_wconf 87' lang='lat' dir='ltr'>custodiae,</span> 
     </span>
     <span class='ocr_line' id='line_1_78' title="bbox 1057 1715 1802 1760; baseline 0.001 -13"><span class='ocrx_word' id='word_1_385' title='bbox 1057 1721 1109 1748; x_wconf 86' lang='lat' dir='ltr'>aut</span> <span class='ocrx_word' id='word_1_386' title='bbox 1134 1715 1195 1748; x_wconf 90' lang='lat' dir='ltr'>alio</span> <span class='ocrx_word' id='word_1_387' title='bbox 1220 1716 1362 1759; x_wconf 88' lang='lat' dir='ltr'>quolibet</span> <span class='ocrx_word' id='word_1_388' title='bbox 1382 1715 1523 1748; x_wconf 84' lang='lat' dir='ltr'>detinere</span> <span class='ocrx_word' id='word_1_389' title='bbox 1541 1716 1597 1748; x_wconf 86' lang='lat' dir='ltr'>sub</span> <span class='ocrx_word' id='word_1_390' title='bbox 1622 1718 1722 1759; x_wconf 76' lang='lat' dir='ltr'>poena</span> <span class='ocrx_word' id='word_1_391' title='bbox 1741 1717 1802 1760; x_wconf 88' lang='lat' dir='ltr'>pri-</span> 
     </span>
     <span class='ocr_line' id='line_1_79' title="bbox 1059 1769 1801 1813; baseline 0.003 -13"><span class='ocrx_word' id='word_1_392' title='bbox 1059 1769 1190 1801; x_wconf 70' lang='lat' dir='ltr'>vationis</span> <span class='ocrx_word' id='word_1_393' title='bbox 1216 1769 1299 1802; x_wconf 86' lang='lat' dir='ltr'>vocis</span> <span class='ocrx_word' id='word_1_394' title='bbox 1324 1769 1443 1801; x_wconf 78' lang='lat' dir='ltr'>activae</span> <span class='ocrx_word' id='word_1_395' title='bbox 1460 1774 1489 1802; x_wconf 88' lang='lat' dir='ltr'>et</span> <span class='ocrx_word' id='word_1_396' title='bbox 1506 1769 1647 1813; x_wconf 74' lang='lat' dir='ltr'>passivae</span> <span class='ocrx_word' id='word_1_397' title='bbox 1672 1770 1801 1803; x_wconf 89' lang='lat' dir='ltr'>omnino</span> 
     </span>
     <span class='ocr_line' id='line_1_80' title="bbox 1059 1823 1801 1865; baseline 0.001 -10"><span class='ocrx_word' id='word_1_398' title='bbox 1059 1823 1259 1856; x_wconf 84' lang='lat' dir='ltr'>interdictum</span> <span class='ocrx_word' id='word_1_399' title='bbox 1286 1823 1334 1865; x_wconf 85' lang='lat' dir='ltr'>sit,</span> <span class='ocrx_word' id='word_1_400' title='bbox 1357 1823 1409 1856; x_wconf 83' lang='lat' dir='ltr'>sed</span> <span class='ocrx_word' id='word_1_401' title='bbox 1436 1834 1470 1856; x_wconf 86' lang='lat' dir='ltr'>ea</span> <span class='ocrx_word' id='word_1_402' title='bbox 1495 1824 1599 1856; x_wconf 89' lang='lat' dir='ltr'>omnia</span> <span class='ocrx_word' id='word_1_403' title='bbox 1624 1824 1727 1856; x_wconf 79' lang='lat' dir='ltr'>statim</span> <span class='ocrx_word' id='word_1_404' title='bbox 1749 1834 1801 1856; x_wconf 79' lang='lat' dir='ltr'>su-</span> 
     </span>
     <span class='ocr_line' id='line_1_81' title="bbox 1058 1876 1800 1920; baseline 0 -11"><span class='ocrx_word' id='word_1_405' title='bbox 1058 1876 1174 1920; x_wconf 88' lang='lat' dir='ltr'>periori</span> <span class='ocrx_word' id='word_1_406' title='bbox 1202 1887 1272 1909; x_wconf 85' lang='lat' dir='ltr'>cum</span> <span class='ocrx_word' id='word_1_407' title='bbox 1299 1877 1411 1910; x_wconf 88' lang='lat' dir='ltr'>ceteris</span> <span class='ocrx_word' id='word_1_408' title='bbox 1438 1877 1619 1910; x_wconf 85' lang='lat' dir='ltr'>monasterii</span> <span class='ocrx_word' id='word_1_409' title='bbox 1644 1877 1735 1910; x_wconf 88' lang='lat' dir='ltr'>bonis</span> <span class='ocrx_word' id='word_1_410' title='bbox 1756 1878 1800 1909; x_wconf 91' lang='lat' dir='ltr'>iu-</span> 
     </span>
     <span class='ocr_line' id='line_1_82' title="bbox 1058 1930 1801 1974; baseline -0.001 -11"><span class='ocrx_word' id='word_1_411' title='bbox 1058 1930 1256 1974; x_wconf 91' lang='lat' dir='ltr'>corporanda</span> <span class='ocrx_word' id='word_1_412' title='bbox 1282 1936 1311 1964; x_wconf 85' lang='lat' dir='ltr'>et</span> <span class='ocrx_word' id='word_1_413' title='bbox 1336 1941 1394 1974; x_wconf 86' lang='lat' dir='ltr'>per</span> <span class='ocrx_word' id='word_1_414' title='bbox 1418 1931 1568 1964; x_wconf 83' lang='lat' dir='ltr'>officiales</span> <span class='ocrx_word' id='word_1_415' title='bbox 1591 1931 1735 1974; x_wconf 84' lang='lat' dir='ltr'>publicos</span> <span class='ocrx_word' id='word_1_416' title='bbox 1751 1931 1801 1962; x_wconf 85' lang='lat' dir='ltr'>ad-</span> 
     </span>
     <span class='ocr_line' id='line_1_83' title="bbox 1059 1984 1468 2018; baseline 0.002 -2"><span class='ocrx_word' id='word_1_417' title='bbox 1059 1984 1265 2017; x_wconf 87' lang='lat' dir='ltr'>ministranda</span> <span class='ocrx_word' id='word_1_418' title='bbox 1296 1984 1468 2018; x_wconf 86' lang='lat' dir='ltr'>tradantur.</span> 
     </span>
    </p>

    <p class='ocr_par' dir='ltr' id='par_1_17' title="bbox 1058 2037 1803 2390">
     <span class='ocr_line' id='line_1_84' title="bbox 1102 2037 1800 2081; baseline 0 -12"><span class='ocrx_word' id='word_1_419' title='bbox 1102 2038 1209 2081; x_wconf 83' lang='lat' dir='ltr'>Neque</span> <span class='ocrx_word' id='word_1_420' title='bbox 1235 2038 1318 2070; x_wconf 86' lang='lat' dir='ltr'>circa</span> <span class='ocrx_word' id='word_1_421' title='bbox 1336 2038 1396 2071; x_wconf 85' lang='lat' dir='ltr'>hoc</span> <span class='ocrx_word' id='word_1_422' title='bbox 1417 2037 1611 2071; x_wconf 87' lang='lat' dir='ltr'>consuetudo</span> <span class='ocrx_word' id='word_1_423' title='bbox 1628 2037 1691 2070; x_wconf 91' lang='lat' dir='ltr'>ulla</span> <span class='ocrx_word' id='word_1_424' title='bbox 1709 2038 1800 2070; x_wconf 88' lang='lat' dir='ltr'>ctiam</span> 
     </span>
     <span class='ocr_line' id='line_1_85' title="bbox 1059 2091 1803 2133; baseline 0 -10"><span class='ocrx_word' id='word_1_425' title='bbox 1059 2091 1333 2132; x_wconf 79' lang='lat' dir='ltr'>immemorabilis,</span> <span class='ocrx_word' id='word_1_426' title='bbox 1362 2097 1414 2124; x_wconf 89' lang='lat' dir='ltr'>aut</span> <span class='ocrx_word' id='word_1_427' title='bbox 1439 2091 1645 2133; x_wconf 73' lang='lat' dir='ltr'>conniventia,</span> <span class='ocrx_word' id='word_1_428' title='bbox 1673 2092 1720 2123; x_wconf 76' lang='lat' dir='ltr'>vel</span> <span class='ocrx_word' id='word_1_429' title='bbox 1750 2102 1803 2124; x_wconf 59' lang='lat' dir='ltr'>ex-</span> 
     </span>
     <span class='ocr_line' id='line_1_86' title="bbox 1058 2145 1801 2189; baseline 0 -12"><span class='ocrx_word' id='word_1_430' title='bbox 1058 2155 1164 2188; x_wconf 85' lang='lat' dir='ltr'>pressa</span> <span class='ocrx_word' id='word_1_431' title='bbox 1186 2145 1311 2178; x_wconf 88' lang='lat' dir='ltr'>licentia</span> <span class='ocrx_word' id='word_1_432' title='bbox 1332 2145 1508 2189; x_wconf 85' lang='lat' dir='ltr'>superioris</span> <span class='ocrx_word' id='word_1_433' title='bbox 1526 2145 1726 2188; x_wconf 72' lang='lat' dir='ltr'>suffragetur,</span> <span class='ocrx_word' id='word_1_434' title='bbox 1748 2145 1801 2188; x_wconf 87' lang='lat' dir='ltr'>qui</span> 
     </span>
     <span class='ocr_line' id='line_1_87' title="bbox 1058 2199 1803 2241; baseline 0 -10"><span class='ocrx_word' id='word_1_435' title='bbox 1058 2203 1162 2231; x_wconf 87' lang='lat' dir='ltr'>tamen</span> <span class='ocrx_word' id='word_1_436' title='bbox 1181 2199 1338 2241; x_wconf 78' lang='lat' dir='ltr'>religiosis</span> <span class='ocrx_word' id='word_1_437' title='bbox 1352 2199 1589 2231; x_wconf 86' lang='lat' dir='ltr'>necessitatibus</span> <span class='ocrx_word' id='word_1_438' title='bbox 1604 2209 1713 2231; x_wconf 88' lang='lat' dir='ltr'>eorum</span> <span class='ocrx_word' id='word_1_439' title='bbox 1733 2209 1803 2231; x_wconf 87' lang='lat' dir='ltr'>con-</span> 
     </span>
     <span class='ocr_line' id='line_1_88' title="bbox 1058 2252 1803 2295; baseline 0.003 -12"><span class='ocrx_word' id='word_1_440' title='bbox 1058 2252 1161 2284; x_wconf 80' lang='lat' dir='ltr'>sulere</span> <span class='ocrx_word' id='word_1_441' title='bbox 1186 2261 1247 2285; x_wconf 93' lang='lat' dir='ltr'>non</span> <span class='ocrx_word' id='word_1_442' title='bbox 1274 2252 1513 2295; x_wconf 74' lang='lat' dir='ltr'>praetermittet,</span> <span class='ocrx_word' id='word_1_443' title='bbox 1539 2263 1673 2295; x_wconf 88' lang='lat' dir='ltr'>quorum</span> <span class='ocrx_word' id='word_1_444' title='bbox 1700 2262 1803 2295; x_wconf 77' lang='lat' dir='ltr'>respe-</span> 
     </span>
     <span class='ocr_line' id='line_1_89' title="bbox 1059 2304 1802 2348; baseline 0.001 -12"><span class='ocrx_word' id='word_1_445' title='bbox 1059 2310 1108 2337; x_wconf 78' lang='lat' dir='ltr'>ctu</span> <span class='ocrx_word' id='word_1_446' title='bbox 1136 2305 1291 2338; x_wconf 86' lang='lat' dir='ltr'>antedicta</span> <span class='ocrx_word' id='word_1_447' title='bbox 1324 2304 1406 2337; x_wconf 87' lang='lat' dir='ltr'>bona</span> <span class='ocrx_word' id='word_1_448' title='bbox 1436 2305 1626 2338; x_wconf 85' lang='lat' dir='ltr'>monasterio</span> <span class='ocrx_word' id='word_1_449' title='bbox 1651 2305 1802 2348; x_wconf 78' lang='lat' dir='ltr'>acquisita</span> 
     </span>
     <span class='ocr_line' id='line_1_90' title="bbox 1059 2358 1193 2390; baseline 0.007 -1"><span class='ocrx_word' id='word_1_450' title='bbox 1059 2358 1193 2390; x_wconf 84' lang='lat' dir='ltr'>suerunt.</span> 
     </span>
    </p>

    <p class='ocr_par' dir='ltr' id='par_1_18' title="bbox 1060 2411 1803 2563">
     <span class='ocr_line' id='line_1_91' title="bbox 1103 2411 1803 2456; baseline 0.001 -13"><span class='ocrx_word' id='word_1_451' title='bbox 1103 2411 1132 2444; x_wconf 83' lang='lat' dir='ltr'>Si</span> <span class='ocrx_word' id='word_1_452' title='bbox 1160 2412 1284 2454; x_wconf 80' lang='lat' dir='ltr'>quando</span> <span class='ocrx_word' id='word_1_453' title='bbox 1310 2412 1471 2454; x_wconf 75' lang='lat' dir='ltr'>contingat</span> <span class='ocrx_word' id='word_1_454' title='bbox 1492 2416 1524 2445; x_wconf 89' lang='lat' dir='ltr'>ut</span> <span class='ocrx_word' id='word_1_455' title='bbox 1542 2412 1631 2445; x_wconf 79' lang='lat' dir='ltr'>aliter</span> <span class='ocrx_word' id='word_1_456' title='bbox 1652 2423 1709 2456; x_wconf 82' lang='lat' dir='ltr'>per</span> <span class='ocrx_word' id='word_1_457' title='bbox 1735 2413 1803 2456; x_wconf 86' lang='lat' dir='ltr'>pios</span> 
     </span>
     <span class='ocr_line' id='line_1_92' title="bbox 1060 2466 1803 2510; baseline 0.001 -13"><span class='ocrx_word' id='word_1_458' title='bbox 1060 2470 1223 2498; x_wconf 84' lang='lat' dir='ltr'>testatores</span> <span class='ocrx_word' id='word_1_459' title='bbox 1244 2466 1290 2498; x_wconf 74' lang='lat' dir='ltr'>vel</span> <span class='ocrx_word' id='word_1_460' title='bbox 1309 2466 1387 2498; x_wconf 87' lang='lat' dir='ltr'>alios</span> <span class='ocrx_word' id='word_1_461' title='bbox 1404 2466 1488 2498; x_wconf 89' lang='lat' dir='ltr'>circa</span> <span class='ocrx_word' id='word_1_462' title='bbox 1514 2466 1673 2509; x_wconf 85' lang='lat' dir='ltr'>praedicta</span> <span class='ocrx_word' id='word_1_463' title='bbox 1699 2466 1803 2510; x_wconf 75' lang='lat' dir='ltr'>dispo-</span> 
     </span>
     <span class='ocr_line' id='line_1_93' title="bbox 1060 2519 1803 2563; baseline 0.001 -12"><span class='ocrx_word' id='word_1_464' title='bbox 1060 2519 1200 2559; x_wconf 84' lang='lat' dir='ltr'>nantur¹,</span> <span class='ocrx_word' id='word_1_465' title='bbox 1218 2519 1255 2551; x_wconf 91' lang='lat' dir='ltr'>ad</span> <span class='ocrx_word' id='word_1_466' title='bbox 1281 2519 1392 2552; x_wconf 81' lang='lat' dir='ltr'>Sedem</span> <span class='ocrx_word' id='word_1_467' title='bbox 1412 2519 1621 2563; x_wconf 81' lang='lat' dir='ltr'>Apostolicam</span> <span class='ocrx_word' id='word_1_468' title='bbox 1648 2520 1803 2552; x_wconf 74' lang='lat' dir='ltr'>habeatur</span> 
     </span>
    </p>
   </div>
   <div class='ocr_carea' id='block_1_8' title="bbox 1100 2581 1613 2617">
    <p class='ocr_par' dir='ltr' id='par_1_19' title="bbox 1100 2581 1613 2617">
     <span class='ocr_line' id='line_1_94' title="bbox 1100 2581 1613 2617; baseline 0.002 -9"><span class='ocrx_word' id='word_1_469' title='bbox 1100 2583 1106 2608; x_wconf 92' lang='grc'>1</span> <span class='ocrx_word' id='word_1_470' title='bbox 1132 2581 1224 2609; x_wconf 73' lang='lat' dir='ltr'>Potius</span> <span class='ocrx_word' id='word_1_471' title='bbox 1243 2581 1301 2617; x_wconf 80' lang='lat' dir='ltr'>lege</span> <span class='ocrx_word' id='word_1_472' title='bbox 1322 2582 1496 2617; x_wconf 75' lang='lat' dir='ltr'>disponatur</span> <span class='ocrx_word' id='word_1_473' title='bbox 1509 2582 1548 2617; x_wconf 80' lang='lat' dir='ltr'>(n.</span> <span class='ocrx_word' id='word_1_474' title='bbox 1565 2583 1613 2610; x_wconf 51' lang='lat' dir='ltr'>T).</span> 
     </span>
    </p>
   </div>
   <div class='ocr_carea' id='block_1_9' title="bbox 1710 161 2000 198">
    <p class='ocr_par' dir='ltr' id='par_1_20' title="bbox 1710 161 2000 198">
     <span class='ocr_line' id='line_1_95' title="bbox 1710 161 2000 198; baseline 0.014 -4"><span class='ocrx_word' id='word_1_475' title='bbox 1710 161 1774 195; x_wconf 67' lang='lat'>503</span> <span class='ocrx_word' id='word_1_476' title='bbox 1822 171 1868 196; x_wconf 70' lang='grc' dir='ltr'>Αη.</span> <span class='ocrx_word' id='word_1_477' title='bbox 1881 171 1909 196; x_wconf 81' lang='lat' dir='ltr'>c.</span> <span class='ocrx_word' id='word_1_478' title='bbox 1934 172 2000 198; x_wconf 67' lang='lat'>1660</span> 
     </span>
    </p>
   </div>
  </div>
 </body>
</html>
