2243 3205
39 176 87 203 Aa.
106 174 137 206 ‚C-
153 171 219 199 1661

820 172 1012 197 ALEXANDER
1038 172 1081 196 Vll
1106 174 1154 197 ΡΡ.

229 220 254 262 -ὶ-
277 219 344 262 Ego
368 219 498 253 Iacobus
519 219 600 254 tituli
617 220 646 254 S.
660 220 775 254 Mariae
795 221 971 265 Transpon-

319 272 401 309 tinae
425 272 592 307 cardinalis
616 274 782 308 Corradus.

227 328 251 369 -'s
275 325 341 369 Ego
357 326 542 361 Laurentius
557 327 637 360 tituli
654 328 682 361 S.
697 324 971 373 Chrysogoni‘car-

316 378 428 412 dinalis
452 380 635 424 Imperialis.

227 434 250 474 -2-
274 431 341 475 Ego
365 432 512 466 Gihertus
537 433 616 467 tituli
635 433 680 467 Ss.
695 434 822 468 Ioannis
836 440 866 468 et
881 433 968 468 Pauli

316 484 485 519 cardinalis
509 485 710 520 Borromeus.

226 540 249 580 -i-
272 538 339 581 Ego
348 538 511 572 Marcellus
527 539 606 572 tituli
617 539 806 583 &Stephani
821 540 852 572 in
866 541 968 574 Monte

313 591 416 625 Caelio
441 591 608 625 cardinalis
633 593 883 626 SanctaeruciuS.

224 646 247 686 -ὶ-
271 644 337 687 Ego
361 644 490 678 Baecius
515 645 595 679 tituli
619 646 664 679 Ss.
682 646 774 679 Nerei
792 651 821 679 et
834 646 966 680 Achillei

312 697 479 731 cardinalis
503 698 767 732 Aldobrandinus.

222 753 246 792 ·'s
269 750 336 793 Ego
360 750 490 784 Ioannes
515 751 652 795 Baptista
676 751 779 796 Spada
797 751 878 785 tituli
896 762 965 785 san-

311 804 351 838 cti
377 804 514 841 Marcelli
539 804 707 838 cardinalis
724 805 754 838 S.
772 805 941 839 Susannae.

221 858 247 900 †
269 857 337 900 Ego
357 858 543 892 Franciscus
560 858 641 891 tituli
667 858 695 892 S.
720 859 834 893 Mariae
851 859 883 893 in
909 860 964 893 Via

310 910 478 944 cardinalis
502 911 646 945 Albitius.

220 966 243 1006 †
268 964 334 1007 Ego
358 963 504 1002 Octavius
529 965 609 999 tituli
634 965 663 999 S.
686 965 840 999 Coeciliae
865 966 963 1000 cardi-

309 1017 388 1053 natis
413 1018 451 1051 de
474 1019 642 1062 Aquaviva.

219 1073 242 1113 †
266 1071 332 1115 Ego
357 1071 481 1105 Flavius
506 1071 587 1106 tituli
604 1072 633 1106 S.
652 1072 766 1106 Mariae
783 1072 821 1106 de
840 1073 961 1117 Populo

308 1124 476 1162 cardinalis
500 1124 630 1162 Chisius.

217 1181 241 1222 †

217 1234 240 1274 ,ι-

216 1286 241 1329 †
265 1285 331 1329 Ego
352 1284 449 1321 lulius
469 1284 551 1318 tituli
569 1285 598 1318 S.
619 1285 696 1318 Sixti
721 1285 889 1319 cardinalis
903 1286 960 1319 Ro-

305 1339 495 1383 spigliosius.

215 1394 239 1434 †
263 1393 329 1436 Ego
353 1392 500 1428 Nicolaus
525 1392 607 1426 tituli
642 1392 673 1426 S.
705 1392 830 1426 Eusebii
856 1392 957 1426 cardi·

303 1446 383 1480 nalis
407 1457 424 1481 a
449 1447 573 1480 Balneo.

214 1501 238 1541 †

213 1555 237 1594 †

213 1608 237 1647 †
261 1605 327 1649 Ego
353 1605 539 1641 Franciscus
564 1605 645 1638 tituli
677 1605 706 1639 S.
736 1606 861 1639 Ioannis
885 1610 956 1639 ante

302 1659 428 1696 Portam
464 1659 604 1693 Latinam
640 1658 808 1692 cardinalis
836 1659 951 1694 Paulu-

302 1712 372 1748 tius.

258 1819 326 1863 Ego
350 1819 465 1853 Stortia
491 1819 569 1852 tituli
589 1819 619 1852 S.
643 1819 813 1853 Salvator-is
830 1820 862 1854 in
878 1820 954 1854 Lau-

301 1883 356 1906 reo
381 1868 548 1907 cardinalis
573 1873 788 1907 Pallavicinus.

207 1928 235 2235 -t-—t-i-i--t--t-
211 1768 236 1860 »ιο-ι·

218 2247 224 2261 ’
258 2246 325 2290 Ego
350 2246 509 2289 Virginius
534 2247 563 2280 S.
589 2246 703 2279 Mariae
735 2247 766 2279 in
792 2247 846 2279 Via
878 2248 952 2280 Lata

296 2299 447 2334 diaconus
472 2299 639 2333 cardinalis
660 2300 800 2333 Ursinus.

207 2356 230 2395 †
255 2354 322 2396 Ego
346 2353 515 2386 Rainaldus
551 2353 580 2386 S.
613 2353 731 2387 Nicolai
764 2353 795 2385 in
820 2354 950 2387 Carcore

295 2407 438 2441 Tulliano
451 2407 603 2440 diaconus
617 2406 783 2440 cardinalis
801 2408 948 2441 Estensis.

208 2261 233 2289 ..ι

206 2463 230 2502 †

207 2515 232 2557 ἢ·
256 2495 322 2557 Ego
338 2513 450 2546 Paulus
465 2513 594 2546 Emilius
608 2513 636 2546 S.
651 2513 765 2546 Mariae
778 2513 808 2546 in
822 2515 949 2548 Cosme-

1052 273 1118 317 Ego
1143 275 1328 309 Laurentius
1352 277 1381 310 S.
1408 277 1568 312 Eustachii
1598 277 1748 312 diaconus

1093 328 1262 362 cardinalis
1287 331 1435 374 Raggius.

1003 383 1028 479 —i-r
1005 221 1031 315 —i-—i-

1002 489 1027 532 -Ξ-
1051 489 1118 533 Ego
1143 489 1272 524 Carolus
1295 491 1324 525 S.
1343 492 1453 535 Angeli
1467 493 1497 526 in
1515 493 1597 527 Foro
1611 495 1747 529 Piscium

1090 542 1242 576 diaconus
1267 544 1434 578 cardinalis
1460 546 1660 580 Bai-berinus.

1001 596 1025 639 ἦ·
1050 596 1117 639 Ego
1151 596 1280 631 Carolus
1314 598 1343 632 S.
1380 599 1494 632 Mariae
1528 601 1559 634 in
1595 601 1746 636 Domnica

1088 649 1240 684 diaconus
1265 651 1433 685 cardinalis
1459 653 1540 686 Pius.

999 756 1021 796 †
1046 754 1112 797 Ego
1137 755 1250 788 Decius
1274 756 1303 790 S.
1330 756 1479 790 Hadriani
1506 758 1655 793 diaconus
1674 772 1743 794 car-

1087 808 1199 842 dinalis
1222 809 1397 844 Azzolinus.

997 864 1020 904 †

997 918 1013 958 l

997 972 1019 1010 -'s
1043 969 1109 1012 Ego
1134 970 1320 1003 Franciscus
1346 971 1440 1004 Maria
1465 972 1510 1005 Ss.
1538 973 1596 1005 Viti
1622 978 1651 1007 et
1677 974 1740 1008 Mo-

1085 1023 1163 1058 desti
1181 1024 1331 1059 diaconus
1348 1025 1515 1060 cardinalis
1532 1027 1701 1061 Mancinus.

995 1079 1018 1118 †

996 1132 1018 1171 «ί.

1267 1283 1465 1318 CCCXXXVI.

993 1361 1178 1394 Declaratio
1202 1362 1289 1405 quod
1313 1363 1452 1404 abbates,
1480 1365 1615 1408 priores,
1640 1377 1737 1409 quar-

1037 1414 1133 1447 diani
1150 1419 1179 1448 et
1192 1415 1256 1448 alii
1271 1417 1454 1459 superiores
1472 1428 1651 1460 parvorum
1666 1430 1736 1452 con-

1035 1472 1192 1500 ventuum
1208 1479 1273 1501 non
1288 1469 1480 1503 habentium
1494 1472 1736 1515 praescriptum

1034 1530 1206 1554 numerum
1236 1522 1467 1565 reliqiosormn
1499 1523 1542 1556 ad
1572 1525 1735 1567 synodum

1034 1573 1258 1608 dioecesanam
1282 1576 1427 1609 accedere
1444 1581 1625 1617 teneantur,
1645 1579 1675 1611 si
1690 1580 1734 1611 ad

1034 1637 1104 1660 eam
1135 1632 1287 1661 vocentur
1318 1629 1358 1661 ab
1389 1630 1533 1673 episcopo
1561 1634 1613 1664 uti
1642 1633 1733 1666 Sedis

1032 1682 1237 1725 Apostolicae
1262 1682 1439 1726 deleyato¹.

1183 1761 1351 1789 Alexander
1371 1763 1450 1796 Papa
1471 1764 1534 1796 vll,

1126 1806 1162 1832 ad
1182 1805 1316 1833 futuram
1338 1806 1383 1833 rei
1408 1808 1591 1835 memoriam.

1032 1877 1047 1920 ἓ
1074 1877 1100 1909 1.
1127 1876 1202 1909 Cum
1229 1877 1323 1920 (siout
1339 1878 1543 1922 accepimus),
1560 1880 1663 1923 posito
1680 1881 1730 1914 de·
1747 1915 1751 1935 i

989 1936 1076 1963 creto
1099 1930 1198 1964 felicis
1223 1931 1452 1966 recordationis
1476 1933 1646 1966 Innocentii
1673 1935 1728 1967 Pa-

988 1993 1045 2026 pae
1069 1984 1091 2016 X
1114 1983 1366 2027 praedecessoris
1382 1986 1482 2018 nostri
1500 1986 1669 2030 incipiente
1690 1988 1730 2021 Ut

988 2037 1024 2069 in
1044 2037 1171 2079 parvis,
1204 2042 1273 2077 etc„
1304 2038 1354 2070 die
1383 2048 1401 2071 x
1431 2039 1580 2072 februarii
1612 2051 1729 2074 iuncmv

988 2088 1081 2130 edito,
1100 2099 1163 2132 quo
1187 2091 1275 2133 parvi
1296 2097 1478 2132 conventus,
1498 2103 1560 2126 non
1579 2093 1729 2128 habentes

986 2142 1215 2186 praescriptum
1234 2153 1402 2177 numerum
1424 2144 1658 2188 religiosorum,
1683 2147 1728 2179 vi-

987 2195 1134 2236 sitationi,
1159 2197 1348 2230 correctioni
1373 2203 1403 2230 et
1420 2198 1621 2232 omnimodae
1639 2199 1727 2233 iuris-

986 2248 1113 2281 dictioni
1139 2247 1294 2282 Ordinarii
1327 2250 1405 2290 loci,
1435 2256 1595 2295 tamquam
1629 2264 1726 2297 super

986 2301 1046 2335 hoc
1069 2312 1087 2334 a
1111 2302 1189 2335 Sede
1209 2303 1387 2346 Apostolica
1405 2304 1549 2347 delegati,
1576 2307 1668 2349 plene
1694 2307 1725 2339 iu

985 2354 1132 2387 omnibus
1157 2355 1383 2397 subiiciuntur,
1410 2357 1588 2399 dubitetur,
1612 2370 1651 2391 :m
1675 2360 1725 2392 al)-

985 2408 1091 2449 bates,
1117 2409 1254 2452 priores,
1280 2411 1445 2452 guardiam
1471 2417 1500 2444 ot
1525 2412 1576 2445 alii
1602 2414 1725 2456 praedi-

984 2467 1106 2495 ctorum
1132 2466 1341 2497 conventuum
1378 2464 1559 2508 superiores
1591 2466 1629 2499 ab
1659 2467 1725 2511 epi-

295 2567 346 2599 din
373 2567 523 2600 diaconus
552 2567 718 2601 cardinalis
743 2568 947 2602 Rondininus.
964 2564 967 2613 l
1021 2578 1029 2604 1
1048 2577 1086 2605 Ex
1101 2577 1209 2613 Regest.
1225 2578 1251 2605 in
1265 2579 1368 2607 Secu-et.
1386 2579 1463 2608 Brev.

291 2629 369 2658 Butt.
392 2631 474 2658 Rom.
497 2644 530 2650 —
552 2630 606 2657 Vol.
623 2630 698 2658 XVI.
845 2632 895 2658 ὅδ’

1659 165 1719 199 081
1768 175 1818 202 An.
1839 175 1948 204 C.1561

1782 1889 1879 1918 [terlarat
1908 1892 1928 1909 ut
