2243 3205
3 230 50 257 An.
69 228 97 255 C.
114 228 179 255 1661

36 1565 137 1587 Concedit
146 1570 193 1591 pro-

13 1594 35 1615 ut
50 1594 70 1614 in
84 1593 178 1614 rubrica.

794 226 981 251 ALExANDER
1007 227 1050 250 VII
1074 227 1122 250 PP.

200 281 361 309 merentur
393 281 422 308 et
452 276 686 317 insererentur,
723 275 941 319 praesentibus

198 340 256 373 pro
273 329 365 373 plene
385 336 415 362 et
431 330 622 363 sufficienter
644 329 799 373 expressis
823 329 941 361 haben-

200 387 254 423 tes,
279 382 339 415 illis
360 382 435 415 alias
453 383 483 415 in
502 393 558 415 suo
576 382 691 415 robore
715 381 941 426 permansuris,

200 436 239 469 ad
262 436 508 480 praemissorum
536 436 680 469 effectum
709 435 886 479 specialiter
914 427 943 469 ‘et

200 500 347 534 expresse
360 490 565 533 derogamus3
586 489 761 533 ceterisque
776 489 942 523 contrariis

201 543 466 587 quibuscumque.

244 596 355 629 Datum
381 597 508 636 Romae,
532 595 614 639 apud
643 595 672 628 S.
693 596 821 628 Mariam
847 595 943 628 Maio-

201 660 278 692 rem,
297 649 354 682 sub
377 650 493 682 annulo
513 649 689 691 piscatoris,
703 649 753 682 die
775 659 850 682 xxm
867 649 942 683 iunii

201 712 327 744 noem,
351 702 552 746 pontificatus
577 702 676 735 nostri
701 712 783 735 anno
801 712 854 735 vn.

237 765 296 792 Dat.
314 765 360 792 die
376 765 405 792 31
424 765 492 792 iunii
512 765 588 798 1661,
610 765 707 800 pontif.
730 773 776 791 an.
795 771 841 791 vit.

492 921 649 955 CCCXLII.

204 1010 392 1044 Commissio
428 1011 572 1054 episcopo
610 1010 814 1043 Rhedonensi
852 1020 947 1053 super

246 1063 467 1108 publicatione
498 1064 638 1097 iubilaez'
668 1064 842 1096 novissime
867 1074 943 1096 con-

247 1117 325 1149 cessi
349 1118 386 1150 in
411 1117 487 1149 locis
511 1117 626 1149 Fontis
651 1116 815 1149 Bellausii
832 1121 860 1148 et
879 1116 946 1149 Mo-

247 1171 311 1203 reli
330 1170 523 1204 Senonensis
549 1169 699 1203 dioecesis
714 1168 733 1202 ¹.

437 1258 605 1286 Venerabili
624 1258 712 1285 fratri

310 1303 438 1331 Henrico
463 1304 602 1337 episcopo
629 1302 839 1337 Rhedonensi‚

399 1356 568 1383 Alexander
592 1356 671 1390 Papa
690 1357 751 1383 vn.

419 1428 606 1455 Venerabilis
626 1428 734 1460 frater,

241 1473 371 1500 salutem
391 1475 422 1500 et
442 1472 641 1506 apostolicam
660 1472 910 1500 benedictionem.

253 1553 267 1597 ς
291 1552 321 1585 ’1.
347 1552 433 1595 Cum,
459 1552 539 1585 sicut
564 1552 745 1585 carissimus
770 1552 800 1585 in
826 1552 949 1586 Christo

208 1607 292 1640 filius
323 1612 430 1640 noster
462 1606 636 1640 Ludovicus
668 1607 862 1640 Francorum
894 1618 948 1640 rex

209 1661 488 1694 christianissimus
513 1660 604 1693 nobis
621 1671 724 1704 nuper
740 1661 853 1705 exponi
868 1661 948 1702 fecit,

208 1718 334 1748 nostrae
370 1714 401 1746 in
437 1713 530 1747 simili
563 1714 664 1747 forma
698 1714 804 1747 Brevis
830 1714 950 1747 litterae

208 1768 259 1802 die
283 1778 305 1801 11
329 1768 434 1800 martii
464 1767 608 1811 proxime
633 1768 796 1811 praeteriti
823 1778 949 1801 emana-

208 1826 267 1864 tae,
291 1832 348 1866 per
373 1831 449 1864 quas
474 1821 621 1854 omnibus
639 1826 669 1853 et
686 1821 818 1864 singulis
837 1822 950 1855 utrius-

209 1886 269 1919 que
289 1885 381 1908 sexus
399 1874 667 1915 christifidelibus,
685 1875 737 1918 qui
755 1876 950 1919 praescripta

209 1929 241 1962 in
259 1929 376 1962 eisdem
394 1929 506 1962 litteris
522 1935 720 1972 peragerent,
735 1930 949 1973 plenissimam

209 1982 351 2016 omnium
382 1987 584 2026 peccatorum
621 1993 750 2015 suorum
784 1983 948 2025 indulgen-

209 2036 283 2068 tiam
310 2041 340 2068 et
363 2035 602 2075 remissionem,
628 2035 708 2069 sicut
739 2036 770 2068 in
796 2046 877 2069 anno
903 2037 950 2069 iu-

209 2089 302 2122 bilaei
329 2088 524 2121 visitantibus
555 2094 657 2122 certas
689 2090 836 2123 ecclesias
870 2090 951 2123 intra

211 2148 242 2175 et
266 2147 352 2175 extra
373 2143 487 2174 almam
508 2142 633 2184 Urbem,
651 2142 748 2175 nostri
767 2143 952 2186 praedeces-

212 2205 299 2229 sores
324 2195 498 2229 concedere
520 2201 761 2238 consueverunt,
780 2196 837 2229 sub
858 2197 952 2229 ccrtis

212 2249 307 2283 modo
332 2252 362 2283 et
382 2249 483 2282 forma
509 2248 623 2281 ibidem
649 2250 804 2293 expressis
825 2260 952 2282 conces-

213 2302 311 2335 simus
335 2307 364 2335 et
389 2301 512 2343 elargiti
538 2312 656 2342 sumus,
686 2302 717 2333 in
742 2302 877 2335 dioecesi
903 2303 954 2336 Se-

212 2355 345 2388 nonensi
370 2355 548 2398 publicatae
570 2354 721 2388 hactenus
738 2365 801 2388 non
822 2356 954 2395 fuerint,

214 2409 380 2452 cupiatque
408 2414 575 2452 propterea
605 2408 672 2452 ipse
700 2409 875 2442 Ludovicus
901 2420 953 2442 rex

214 2467 391 2506 opportune
423 2466 455 2493 ut
492 2461 572 2494 infra
604 2472 620 2494 a
654 2461 745 2494 nobis
776 2461 954 2505 indulgeri:

215 2525 283 2555 nos,
300 2515 339 2547 ad
355 2514 517 2559 praeclara
542 2514 680 2547 ciusdem
703 2514 851 2548 Ludovici
872 2515 956 2559 regis

216 2568 246 2601 in
272 2578 329 2601 uos
354 2572 383 2602 ct
407 2567 517 2601 Sedem
544 2567 755 2611 Apostolicam
775 2567 845 2601 fidei
866 2573 895 2600 et
909 2567 956 2600 de-

254 2632 264 2657 1
289 2629 325 2656 Ex
346 2630 456 2664 Regest.
480 2629 505 2656 in
525 2629 625 2657 Secret.
648 2629 724 2657 Brev.

1616 214 1672 248 (301

975 274 1108 308 votionis
1122 274 1244 318 aliaque
1260 273 1445 318 multiplicia
1461 274 1716 314 merita,necnon

975 327 1104 360 eximias
1137 333 1166 360 et
1198 327 1459 360 christianissimo
1497 337 1571 370 rege
1606 326 1716 370 dignas

976 382 1126 422 virtuteS,
1157 381 1272 425 quibus
1301 392 1372 414 eum
1404 381 1534 423 largiter
1558 380 1718 423 insignivit

975 435 1170 475 Altissimus‚
1195 438 1343 478 paternae
1368 434 1540 477 dirigentes
1571 433 1716 466 conside-

977 487 1106 521 rationis
1133 487 1291 527 intuitum,
1312 487 1434 531 piisque
1452 487 1549 531 ipsius
1569 486 1717 520 Ludovici

976 541 1060 584 regis
1085 540 1164 574 votis
1189 545 1340 584 quantum
1367 540 1457 573 nobis
1487 550 1521 572 ex
1555 540 1617 573 alto
1643 550 1717 573 con-

977 595 1098 628 ceditur
1124 593 1337 627 favorabiliter
1362 603 1501 626 annuere
1534 593 1717 637 cupientes,

977 658 1101 682 necnon
1126 647 1339 692 praefatarum
1366 647 1540 680 litterarum
1575 652 1719 679 tenorem

977 701 1193 746 praesentibus
1219 711 1277 744 pro
1302 701 1393 744 plene
1414 704 1443 731 et
1463 699 1655 732 sufficienter
1672 710 1721 732 ex-

978 765 1086 798 presso
1103 755 1265 795 habentes,
1283 752 1563 797 supplicationibus
1581 753 1720 785 eiusdem

979 808 1125 841 Ludovici
1151 807 1235 851 regis
1259 806 1388 840 nomine
1412 805 1503 838 nobis
1533 815 1628 849 super
1660 806 1721 838 hoc

979 862 1141 894 humiliter
1164 861 1320 905 porrectis
1346 859 1484 892 inclinati
1500 886 1507 899 ,
1534 859 1720 891 fraternitati

980 920 1050 947 tuae
1063 925 1121 958 per
1135 918 1317 957 praesentes
1342 912 1571 946 committimus
1589 917 1619 945 et
1637 922 1722 944 man-

980 968 1101 1008 damus,
1127 973 1160 999 ut
1185 966 1437 1011 supradictarum
1466 966 1641 999 litterarum
1666 975 1722 997 no-

980 1026 1116 1058 strarum
1143 1024 1375 1063 transumptum
1401 1030 1455 1052 seu
1487 1019 1665 1062 exemplum
1692 1018 1723 1050 in

981 1074 1057 1106 locis
1091 1073 1198 1106 Fontis
1230 1072 1375 1105 Bellausii
1413 1079 1443 1105 et
1478 1073 1586 1105 Moreti
1623 1072 1723 1104 dictae

980 1127 1133 1160 dioecesis
1169 1126 1357 1159 Senonensis
1394 1126 1580 1159 auctoritate
1615 1127 1723 1159 nostra

981 1181 1153 1224 apostolica
1178 1180 1321 1223 publices
1356 1185 1387 1212 et
1419 1179 1575 1223 publicari
1609 1179 1722 1220 facias,

981 1233 1209 1276 ecclesiamque
1234 1244 1290 1266 seu
1316 1232 1464 1265 ecclesias
1489 1233 1572 1265 iuxta
1604 1243 1726 1265 earum-

981 1286 1051 1319 dem
1083 1287 1259 1319 litterarum
1293 1287 1524 1330 praescriptum
1557 1286 1725 1318 visitandas

982 1341 1090 1373 itidem
1126 1340 1301 1384 respective
1339 1340 1507 1382 designes3
1545 1349 1601 1373 nos
1642 1340 1725 1372 enim

982 1404 1215 1437 quamcumque
1239 1393 1451 1426 necessariam
1467 1398 1496 1425 et
1513 1398 1725 1436 opportunam

984 1448 1036 1481 tibi
1062 1448 1093 1480 in
1118 1447 1299 1492 praemissis
1324 1447 1501 1479 facultatem
1520 1446 1602 1479 dicta
1623 1451 1726 1480 aucto-

984 1502 1084 1542 ritate,
1099 1501 1281 1534 earumdem
1308 1505 1417 1533 tenore
1441 1500 1654 1544 praesentium
1675 1500 1726 1532 tri-

984 1556 1110 1588 buimus
1134 1559 1164 1587 et
1184 1553 1395 1597 impertimur.

1028 1609 1042 1651 ἓ
1066 1608 1095 1640 ⁶2.
1121 1608 1188 1641 Non
1214 1606 1431 1645 obstantibus,
1463 1611 1617 1649 quatenus
1648 1616 1726 1650 opus

983 1663 1031 1704 sit,
1058 1661 1226 1706 praedictis
1244 1661 1360 1693 uostris
1378 1655 1500 1701 litteris,
1519 1670 1640 1693 necnon
1661 1671 1725 1693 om-

983 1716 1076 1748 nibus
1094 1720 1123 1747 et
1143 1714 1275 1757 singulis
1300 1714 1370 1753 illis,
1396 1724 1475 1756 quae
1500 1714 1530 1745 in
1556 1714 1600 1746 eis
1627 1714 1726 1746 volui-

985 1781 1053 1803 mus
1071 1769 1206 1811 obstare,
1221 1768 1397 1812 ceterisque
1411 1768 1577 1802 contrariis
1597 1768 1727 1812 quibus-

985 1832 1129 1866 cumque.

1030 1876 1140 1908 Datum
1160 1876 1287 1915 Romae,
1313 1875 1395 1918 apud
1425 1874 1454 1907 S.
1480 1874 1608 1907 Mariam
1634 1874 1727 1906 Maio-

985 1940 1069 1969 rem,
1098 1929 1155 1962 sub
1181 1926 1297 1961 ann'ulo
1324 1928 1508 1970 Piscatoris,
1530 1928 1580 1960 die
1610 1938 1628 1960 x
1652 1927 1727 1960 iunii

985 1993 1111 2023 MDCLxI,
1129 1982 1327 2026 pontificatus
1343 1981 1442 2014 nostri
1463 1992 1544 2014 anno
1563 1991 1615 2014 vu.

1021 2046 1082 2072 Dat.
1100 2045 1142 2072 die
1161 2045 1192 2072 10
1207 2044 1273 2072 iunii
1291 2045 1369 2079 1661,
1389 2044 1483 2080 pontif.
1500 2053 1570 2072 anno
1591 2051 1638 2071 vii.

1273 2169 1442 2203 CCCXLllI.

988 2249 1144 2283 Facultas
1175 2249 1246 2293 φερέ
1276 2249 1433 2282 catholico
1462 2249 1654 2293 applicandi
1679 2249 1731 2282 de-

1033 2314 1099 2335 cem
1131 2303 1242 2335 millia
1275 2302 1467 2335 ducatorum
1502 2313 1540 2334 ex
1571 2302 1731 2345 fructibus

1033 2356 1298 2389 commendaram
1324 2357 1464 2389 militiae
1490 2356 1527 2388 de
1557 2356 1732 2389 Colatrara

1034 2410 1070 2441 ‘in
1102 2409 1260 2452 fabricam
1290 2409 1440 2441 ecclesiae
1476 2413 1505 2442 et
1541 2410 1732 2442 monasterii

1035 2462 1233 2494 monialium
1279 2462 1500 2505 Conccptiom's
1537 2462 1574 2494 B.
1611 2462 1654 2494 M.
1700 2462 1732 2494 V.

1035 2515 1269 2548 Immaculatae
1293 2515 1405 2558 oppidi
1428 2514 1567 2547 Madv-iti
1583 2514 1733 2547 dioecesis

1039 2567 1209 2600 Toletanae
1233 2567 1374 2600 eiusdem
1400 2566 1573 2600 militiae¹.

1028 2631 1038 2656 t
1063 2629 1099 2656 Ex
1120 2630 1230 2665 Regest.
1252 2630 1278 2657 in
1298 2630 1398 2657 Secret.
1421 2629 1497 2657 Brev,

1727 224 1774 250 An.
1796 223 1824 251 C.
1852 225 1915 251 1661

1812 1616 1925 1642 Derogatto

1743 1645 1905 1663 contrariorum.
