2243 3205
845 152 1030 178 ALExANnEn
1057 153 1099 175 vu
1126 153 1172 175 rr.
1662 140 1725 173 :397
1773 149 1820 174 An.
1843 148 1955 175 01653

243 203 389 237 videlicet
415 203 497 236 viros
515 208 638 237 sanctos
664 203 760 237 factos
778 204 895 236 amicos
913 201 980 235 Dei:
998 205 1001 249 J
1019 211 1054 233 ex
1080 200 1218 233 honestis
1244 205 1273 233 et
1296 199 1457 233 catholicis
1481 198 1681 243 parentibus,
1706 198 1758 231 Al-

243 256 456 299 glorificantes
482 257 512 289 in
538 256 639 297 terris,
665 268 743 300 quos
764 257 815 290 ille
833 256 932 300 gloria
953 260 983 288 et
999 252 1001 282 ἒ
1017 253 1140 297 phonso
1165 252 1285 285 Thema
1309 252 1419 285 Garcia
1444 251 1482 284 de
1499 251 1660 284 Villanova
1681 250 1759 284 eius-

243 309 363 343 honore
388 310 549 343 coronavit
587 310 616 342 in
653 310 767 350 caelis;
794 292 1086 347 domesticosldem
1112 305 1263 339 dioecesis
1289 305 1421 349 oppido,
1443 310 1472 338 et
1494 304 1586 338 Lucia
1612 303 1758 338 Martinez

244 363 295 396 Dei
323 363 431 397 vestris
464 364 495 396 in
527 363 762 396 difficultatibus
800 363 983 407 suppliciter
1015 359 1197 399 Castellana,
1221 358 1299 391 adeo
1324 358 1466 390 charitati
1485 357 1606 400 deditis,
1625 362 1659 390 ut
1676 367 1758 389 nun-

242 415 445 457 advocantcs3
471 417 604 460 denique
625 417 792 450 Dominum
814 425 1110 459 agnoscen-*quam
1144 414 1182 446 ab
1214 424 1247 446 se
1280 424 1376 446 vacuo
1409 414 1478 446 sinu
1511 424 1645 457 egenum
1671 412 1758 445 abire

244 473 287 502 tes
312 475 342 502 et
366 470 504 503 colentes
530 470 560 502 in
578 469 677 502 servis
701 469 777 502 eius.
800 470 899 512 Atque
924 468 983 502 hoc
1017 467 1228 512 permiserint.

243 522 347 566 ipsum
370 523 520 556 catholica
541 523 699 564 Ecclesia⁷
726 522 844 566 Spiritu
870 522 983 555 Sancto
1061 521 1075 565 ξ
1093 520 1121 553 2.
1147 521 1189 553 Ac
1208 520 1302 553 veluti
1323 520 1462 563 ingenito
1480 519 1614 563 quodam
1636 519 1758 564 pietatis

242 576 396 617 docente,
422 577 583 620 praeclare
620 576 786 619 intelligit,
811 576 884 608 dum
911 576 1046 630 filiis3et
1081 574 1315 608 misericordiae
1352 584 1446 606 sensu
1479 584 1514 606 ex
1546 573 1654 606 matris
1689 573 1758 606 alvo

242 629 306 662 suis
332 629 471 672 quotidie
497 630 562 662 fere
579 629 682 661 Sancti
709 629 839 661 alicuius
865 639 983 661 memo-
1000 634 1001 677 g
1017 638 1122 661 secum
1136 627 1249 667 delato,
1263 632 1293 660 et
1307 627 1364 660 sub
1379 627 1559 660 huiusmodi
1575 627 1758 670 parentibus

242 682 320 715 riam
346 682 451 715 divino
475 682 579 715 officio
604 692 639 714 ae
664 681 812 725 precibus
848 682 984 715 recolen-
1000 683 1002 722 ξ
1017 681 1182 724 educatus,
1207 686 1296 714 antea
1320 680 1405 714 visus
1429 686 1475 713 est
1499 691 1530 713 se
1556 680 1618 713 Deo
1643 680 1757 722 dicare,

241 735 312 767 dam
335 734 426 768 offert
447 735 742 778 celebrandumque,
760 739 789 767 et
810 735 883 767 dum
906 741 981 768 tem·
999 731 1002 746 ¹
1017 745 1110 779 quam
1136 735 1233 768 Deum
1259 741 1363 779 posset
1387 745 1444 779 per
1468 740 1601 768 aetatem
1632 745 1754 778 eogno-

49 158 95 185 An,
117 156 144 182 C.
167 156 230 183 2658

1802 532 1899 553 tut-tastu
1909 538 1957 558 pau-

73 2457 131 2474 tntu>
142 2456 155 2473 ri
173 2455 226 2475 'tho-

116 2482 140 2501 de
165 2483 226 2502 l.lld-
243 2501 248 2506 ,

49 2511 107 2527 nova.

241 788 327 832 poris
353 788 523 821 intervallis
547 788 715 821 nonnullos
743 788 889 831 egregiae
917 799 983 821 san-

241 841 356 875 ctitatis
384 847 413 874 et
441 842 667 875 miraculorum
703 842 771 874 luce
802 842 882 874 inter
907 842 983 876 alios

241 895 335 928 veluti
358 895 459 928 sidera
492 901 712 937 coruscantes,
741 895 846 928 divino
878 895 1001 933 instin-3

241 954 304 989 ctu,
329 949 499 994 apostolica
519 949 690 993 pontificali
705 950 889 982 auctoritate
908 949 982 982 San·

1000 1006 1001 1011 ¹
1017 1001 1170 1034 ientacula
1188 1001 1226 1033 ad
1241 1001 1437 1045 gymnasium
1463 1000 1676 1045 proficiscenti
1691 1000 1757 1032 dari

241 1007 365 1035 ctorum
390 1002 540 1036 adscribit
566 1013 708 1045 numero,
735 1002 923 1047 populisque
948 1003 982 1035 fi-

241 1055 363 1088 delibus
399 1056 592 1089 venerandos
630 1056 798 1100 proponit;
831 1056 1001 1089 nimirumt

242 1113 274 1143 ut
298 1111 334 1143 ea
365 1110 485 1143 ratione
520 1111 744 1154 omnipotentis
772 1110 823 1144 Dei
856 1111 923 1143 laus
954 1116 983 1143 et

241 1163 343 1205 gloria
367 1164 468 1206 magis
501 1164 664 1208 magisque
700 1164 930 1205 increbrescat,
956 1176 984 1198 c-

243 1215 428 1260 iusdemqne
453 1217 582 1250 bonitati
620 1228 654 1250 ac
679 1217 862 1260 benignitati
890 1218 1001 1251 simul}

999 1269 1105 1301 *enixe
1131 1274 1288 1312 precatus,
1314 1273 1347 1301 ut
1372 1268 1504 1312 pauperi
1526 1267 1758 1311 supervenienti

242 1275 376 1312 agantur
408 1272 546 1314 gratiae,
580 1271 632 1315 qui
662 1271 747 1304 dedit
779 1272 924 1304 virtutem
955 1276 983 1306 et

242 1328 427 1366 potestatem
452 1325 546 1357 talem
571 1325 761 1358 hominibus.
791 1325 878 1364 Quod
908 1336 982 1359 vero

244 1376 324 1409 idem
345 1377 426 1410 Deus
444 1378 472 1410 in
494 1378 570 1412 haee
588 1383 747 1422 tempora,
772 1379 885 1422 quibus
906 1379 1000 1412 inef-=

243 1428 327 1462 sabili
344 1430 557 1473 providentia,
586 1432 679 1464 nullis
707 1432 821 1465 nostris
839 1432 960 1465 meritis
974 1460 981 1473 ,

243 1480 401 1515 Ecclesiae
423 1493 496 1516 suae
516 1494 661 1527 praeesse
679 1494 735 1516 nos
754 1484 861 1523 voluit,
880 1495 981 1518 reser-

243 1535 331 1578 varit,
349 1541 383 1569 ut
403 1537 617 1570 sanctissimus
648 1537 770 1581 sibique
789 1539 924 1571 maxime
941 1539 983 1572 di-

243 1587 340 1622 lectus
367 1590 513 1623 sacerdos
530 1591 664 1624 Thomas
695 1591 732 1624 dc
762 1592 921 1625 Villanova
946 1604 982 1626 co

243 1641 342 1684 titulo,
360 1648 452 1688 atque
484 1636 604 1677 honore
633 1645 846 1688 decoraretur,
876 1647 982 1679 nobis-

242 1706 302 1738 que
322 1697 402 1731 hane
422 1703 557 1731 mentem
576 1698 785 1742 inspiraverit,
813 1699 923 1733 sedulo
943 1700 984 1733 fc-

243 1748 389 1784 licitatem
419 1752 450 1784 in
480 1751 614 1785 Domino
646 1752 864 1795 gratulamur,
898 1754 981 1798 quod

240 1812 356 1837 novum
378 1815 413 1839 ac
441 1805 576 1839 salutare
604 1806 775 1839 sanctitatis
802 1808 980 1851 exemplum

241 1854 355 1890 intueri
376 1858 517 1902 propius,
536 1869 715 1903 novumque
739 1859 822 1903 apud
847 1860 899 1892 Dei
930 1861 982 1893 mi-

241 1909 445 1944 sericordiam
464 1912 666 1956 interpretem
685 1917 715 1945 et
739 1913 980 1947 intercessorem

240 1965 455 2005 praesentibus
476 1966 506 1998 in
530 1966 679 2010 periculis
695 1970 787 2010 atque
817 1968 982 2001 necessita-

240 2015 322 2050 tibus
343 2018 487 2052 invocare
512 2020 682 2063 praecipue
702 2020 817 2064 possit,
848 2021 980 2065 eiusque

240 2072 387 2113 precibus
406 2084 515 2118 pacem
534 2080 564 2107 et
588 2074 845 2118 tranquillitatem
868 2075 897 2107 in
918 2075 981 2109 die-

240 2122 298 2157 bus
317 2126 390 2168 suis,
407 2128 529 2171 placato
554 2128 697 2169 Domino,
723 2139 861 2173 sperare.
888 2129 980 2163 Seor-

241 2187 311 2210 sum
337 2185 440 2214 autem
466 2186 574 2216 nostro
591 2182 718 2216 nomine
735 2193 793 2226 pro
811 2193 858 2226 co,
880 2188 913 2215 ut
932 2183 981 2216 de-

239 2230 351 2267 bemus
369 2234 563 2269 immortales
590 2235 707 2279 gratias
727 2236 902 2269 humillime
930 2237 981 2269 ha-

240 2284 360 2329 bemus,
382 2293 474 2333 atque
492 2289 615 2332 agimus
643 2289 743 2322 eidem
768 2289 890 2324 divinae
920 2290 976 2323 be-

241 2338 396 2382 nignitati.
425 2342 487 2374 lam
511 2352 586 2375 vero
616 2348 649 2375 ut
675 2343 814 2376 Thomae
833 2343 980 2377 sanctitas

242 2394 423 2428 testimonio
443 2395 536 2429 etiam
558 2401 667 2429 nostro
685 2396 879 2429 innotescat:

286 2448 300 2491 ἓ
320 2447 349 2480 l.
378 2448 429 2481 Vir
445 2448 502 2481 iste
519 2449 734 2482 sanctissimus
752 2454 856 2482 ortum
871 2449 980 2482 habuit

243 2511 272 2534 in
297 2506 399 2536 castro
424 2501 615 2546 Fontisplani
639 2502 805 2536 'l‘olctanae
827 2502 980 2537 dioecesis

243 2566 323 2589 anno
345 2568 360 2588 a
384 2556 481 2590 salute
496 2555 581 2589 orbis
600 2557 745 2600 reparata
764 2566 979 2597 mentxxxvnt,

1017 799 1115 822 scere.
1141 789 1306 833 Nunquam
1326 789 1450 832 negavit
1467 787 1659 832 pauperibus
1675 787 1760 822 Chri-

1017 843 1055 875 sti
1079 842 1162 886 quod
1187 847 1350 886 peterent,
1376 848 1405 875 et
1430 842 1539 875 oculos
1563 841 1673 874 viduae
1699 851 1755 874 ex-

1017 900 1141 938 pectare
1167 904 1229 928 non
1247 895 1328 935 fecit,
1342 904 1399 927 nee
1413 894 1570 927 buccellas
1588 904 1659 926 suas
1674 893 1758 926 solus

1017 948 1164 988 comedit,
1184 948 1237 981 sed
1259 948 1393 981 comedit
1412 948 1551 991 pupillus
1568 957 1603 980 ex
1622 949 1667 983 eaz
1685 957 1757 979 nam

1017 1055 1107 1087 solita
1132 1055 1342 1089 esurientibus
1367 1055 1572 1098 partiebatur,
1591 1065 1626 1087 ac
1644 1065 1758 1098 paupe-

1017 1120 1086 1141 rum
1112 1108 1285 1141 nuditatem
1312 1108 1562 1151 commiseratus,
1589 1118 1682 1152 saepe
1706 1107 1758 1140 do-

999 1186 1001 1214 3
1018 1173 1103 1194 mum
1119 1162 1278 1206 repetebat
1293 1172 1377 1205 sago⁷
1391 1162 1528 1201 thorace,
1540 1162 1633 1205 pileo,
1648 1161 1758 1203 caligis

1017 1220 1046 1247 et
1071 1215 1166 1258 pallio
1192 1215 1383 1255 denudatus,
1410 1221 1541 1248 matrem
1569 1214 1758 1258 quandoque

1017 1327 1184 1355 consuetae
1211 1332 1246 1356 ac
1271 1322 1470 1366 quotidianae
1487 1321 1757 1365 eleemosynarum

1016 1375 1229 1409 distributioni
1255 1381 1398 1420 paratum
1425 1375 1483 1408 sibi
1510 1374 1677 1419 prandium
1697 1374 1754 1407 ad-

1018 1430 1141 1471 iiceret,
1166 1429 1324 1474 spondens
1349 1432 1384 1462 eat
1410 1429 1460 1462 die
1485 1439 1516 1462 se
1551 1429 1678 1461 minime
1707 1438 1759 1461 co-

1017 1489 1215 1524 mestururn3
1241 1494 1303 1527 quo
1328 1484 1467 1523 obtento,
1485 1488 1513 1515 et
1537 1482 1692 1515 innocenti
1720 1482 1759 1514 ie-

1017 1537 1102 1570 iunio
1128 1542 1236 1578 satur,
1262 1541 1398 1570 mentem
1429 1536 1533 1568 divina
1568 1535 1757 1568 esurientem

1016 1591 1202 1625 caelestibus
1228 1591 1361 1635 dapibus
1386 1590 1556 1624 recreabat.
1587 1590 1622 1623 Et
1646 1589 1757 1623 exinde

1016 1645 1054 1677 ad
1094 1645 1289 1678 xenodochia
1324 1643 1501 1677 reficiendis
1537 1643 1758 1687 languentibus

1016 1709 1073 1732 ova
1099 1709 1207 1732 recens
1233 1698 1315 1731 edita
1340 1697 1516 1735 deserebam
1549 1708 1649 1742 usque
1680 1697 1757 1730 adeo

1016 1763 1032 1785 a
1057 1753 1173 1785 teneris
1194 1751 1373 1795 unguiculis
1395 1751 1424 1784 in
1443 1761 1560 1794 egenos
1578 1750 1705 1791 effusus,
1724 1758 1758 1783 ut

1015 1806 1118 1850 pullos
1145 1806 1230 1850 ipsos
1254 1805 1388 1849 gallinae
1414 1804 1552 1838 sublatos
1570 1804 1684 1838 Christi
1702 1804 1756 1837 Do-

1017 1859 1092 1892 mini
1118 1859 1319 1903 pauperculis
1344 1858 1566 1899 distribueret,
1585 1868 1620 1891 ac
1638 1868 1757 1891 messo-

1016 1913 1102 1946 ribus
1127 1913 1295 1957 aliquando
1321 1913 1507 1957 praefectus,
1533 1912 1640 1955 egenis
1656 1912 1757 1955 spicas

1015 1967 1248 2010 colligentibus,
1263 1977 1325 1999 non
1342 1966 1468 1999 illorum
1490 1965 1602 2008 solum,
1619 1965 1672 1997 sed
1687 1976 1758 2009 pro-

1014 2020 1118 2064 prium
1144 2031 1179 2053 ac
1205 2020 1264 2053 sibi
1290 2019 1476 2053 destinatum
1504 2019 1608 2052 eibum
1626 2019 1757 2063 partire-

1014 2079 1086 2115 tur3
1120 2084 1246 2118 semper
1282 2079 1384 2106 tamen
1422 2078 1588 2118 parentum
1624 2073 1756 2117 imperio

1014 2138 1112 2172 aeque
1123 2127 1277 2168 subditus,
1291 2131 1440 2170 quantum
1457 2126 1593 2159 charitas
1613 2127 1643 2158 in
1657 2125 1755 2159 Deum

1014 2181 1213 2214 laudabiliter
1237 2180 1393 2221 suaderet,
1411 2180 1449 2212 ab
1470 2190 1578 2213 eorum
1601 2179 1755 2212 mandatis

1014 2245 1077 2269 non
1101 2234 1287 2269 declinabat.

1059 2289 1073 2332 ἓ
1093 2287 1122 2321 3.
1148 2288 1274 2332 Optavit
1298 2287 1392 2328 enim,
1418 2293 1447 2320 et
1471 2287 1561 2319 datus
1582 2292 1626 2319 cst
1644 2287 1670 2319 ei
1689 2296 1755 2319 sen-

1014 2353 1087 2383 sus,
1113 2342 1268 2376 invocavit
1292 2347 1322 2375 et
1347 2342 1429 2374 venit
1463 2341 1491 2373 in
1522 2351 1593 2373 eum
1625 2340 1754 2384 spiritus

1014 2395 1196 2439 sapientiae,
1223 2406 1285 2438 quo
1311 2400 1431 2437 agente,
1454 2395 1576 2427 Patrem
1599 2394 1753 2428 luminum

1014 2454 1043 2482 et
1068 2448 1152 2482 domi
1178 2453 1208 2481 et
1226 2448 1256 2481 in
1275 2448 1398 2492 templis
1418 2447 1542 2481 assidue
1556 2447 1754 2492 precabatur,

1014 2508 1043 2536 et
1068 2502 1352 2546 concupiscentiam
1379 2501 1482 2534 earnis
1507 2501 1636 2535 robusto
1661 2505 1753 2545 atque

1015 2556 1137 2599 integro
1163 2556 1334 2588 sanctitatis
1361 2555 1464 2598 rigore
1491 2555 1630 2596 calcavit,
1654 2555 1752 2588 casti-
