2243 3205
59 172 108 198 An.
127 170 154 196 C.
174 169 242 196 4658

69 1614 154 1635 Mutua,

252 216 370 260 pressis
387 222 416 249 et
433 216 556 249 insertis
582 216 752 256 habentes,
778 216 838 248 illis
863 215 937 248 alias
964 215 993 247 in

253 280 310 302 suo
335 269 449 303 robore
476 269 712 313 permansuris,
737 270 774 302 ad
804 269 993 313 praemisso—

252 334 322 356 rum
346 322 502 363 effectum,
527 323 703 367 specialiter
721 329 749 356 et
770 333 916 366 expresse
940 323 992 355 de-

251 386 422 419 rogamu53
458 376 634 420 ceterisque
666 376 832 410 contrariis
865 375 992 419 quibus-

252 439 398 472 cumque.

295 482 405 515 Datum
424 483 551 525 Romae,
576 482 659 526 apud
688 483 717 516 S.
744 482 870 514 Mariam
898 481 990 514 Maio-

250 546 329 577 rem,
351 536 408 568 sub
432 536 548 569 annulo
580 535 764 575 piscatoris,
787 534 836 567 die
864 545 900 567 xv
937 544 993 567 no-

250 588 387 622 vembris
412 599 562 629 noem-111,
592 588 791 632 pontificatus
815 587 913 620 nostri
938 597 991 619 an-

250 651 292 674 no
317 651 358 674 iv.

285 703 342 730 nat.
360 703 403 730 die
420 703 452 730 15
468 703 623 731 novembris
648 704 724 737 1658,
743 703 839 738 pontis.
863 710 934 729 ¹anno
955 709 989 728 tv.

558 845 677 879 CCXVI.

247 926 443 969 Iniunyitur
452 925 675 969 superioribus
692 930 906 958 conventuum
918 935 989 968 pro·

291 979 417 1011 vinciae
438 978 667 1021 Pei'tuyalliae
694 977 829 1012 Ordinis
853 978 883 1010 S.
911 978 989 1010 Hie-

291 1031 432 1073 ronymi,
453 1031 511 1063 sub
540 1030 654 1073 poenis
681 1030 879 1073 privationis
904 1030 988 1062 vocis

290 1084 414 1116 activae
438 1087 467 1116 et
503 1083 650 1126 passivae
685 1093 721 1115 ac
752 1083 934 1125 officiorum
959 1087 987 1115 et

290 1136 510 1179 diynilatum,
538 1140 567 1168 et
602 1136 829 1168 inhabilitatis
861 1135 904 1168 ad
928 1147 983 1175 ea,

290 1193 325 1221 nt
341 1193 430 1222 ratas
443 1189 604 1221 annuales
628 1188 907 1232 quindenniorum
928 1189 987 1221 sol-

293 1242 467 1275 vendorum
492 1252 637 1275 camerae
656 1243 852 1286 apostolieae
886 1242 920 1274 in
937 1253 985 1274 ca-

286 1297 347 1340 psa]
370 1307 425 1329 seu
444 1296 508 1329 loco
525 1300 685 1339 separato,
701 1297 833 1328 seorsim,
851 1296 890 1328 ab
907 1296 985 1328 ciliis

288 1352 435 1395 ipsorum
454 1354 667 1383 conventuum
685 1349 874 1389 redditibus,
895 1355 985 1393 qnot-

288 1405 385 1437 annis
410 1402 599 1447 cteponanffl.

438 1485 604 1512 Alexander
624 1485 703 1519 Papa
723 1486 784 1519 Vll,

389 1530 425 1557 ad
443 1529 576 1556 futuram
592 1529 635 1557 rei
655 1530 836 1557 memoriam.

286 1603 301 1646 ᾗ
331 1602 355 1634 l.
382 1601 502 1645 Exponi
526 1601 617 1635 nobis
642 1612 743 1645 nuper
763 1602 834 1635 l'ccit
852 1602 983 1636 dilectus

241 1655 325 1688 filius
349 1655 437 1699 prior
462 1661 634 1688 conventus
664 1656 692 1688 S.
719 1656 832 1689 Mariae
858 1656 895 1689 de
921 1657 979 1689 Be-

242 1709 356 1743 thleem
390 1708 561 1752 nuncupati
598 1709 828 1742 monachorum
858 1710 982 1743 ordinis

240 1764 268 1797 S.
296 1763 479 1807 Hieronymi
505 1762 641 1796 vicarius
671 1763 826 1805 generans
855 1765 982 1807 provin-

239 1817 306 1850 ciae
330 1815 551 1859 Portugalliae‚
572 1815 656 1860 quod
679 1816 822 1849 nonnulli
840 1817 980 1850 eiusdem

239 1870 421 1915 provinciae
435 1876 607 1904 conventus
617 1881 760 1904 camerac
770 1877 897 1905 nostrae
911 1883 981 1916 apo-

239 1924 368 1957 stolicae
384 1923 575 1967 quindennia
603 1924 808 1957 ecclesiarum
831 1937 907 1969 quas
924 1926 980 1960 ob-

240 1979 338 2013 tinent
361 1977 483 2011 solvere
505 1982 657 2020 tenentur,
676 1978 897 2023 dictorumque
911 1991 981 2013 con-

240 2037 389 2065 ventuum
403 2031 526 2075 priores
543 2032 604 2064 iam
622 2032 697 2064 alias
712 2032 741 2064 in
755 2033 824 2066 loco
838 2039 981 2077 separato

239 2085 405 2130 quotannis
414 2096 569 2118 summam
581 2086 797 2129 pecuniarum,
812 2097 891 2130 quae
903 2088 979 2121 solvi

238 2139 381 2181 debebat,
395 2138 554 2183 deponere
567 2139 716 2173 solebant.
727 2140 880 2179 Quoniam
896 2152 978 2183 vcro,

239 2193 320 2227 sieut
343 2193 451 2226 eadem
479 2192 632 2236 expositio
658 2193 877 2236 subiungebat,
896 2195 978 2238 prio-

238 2257 289 2280 res
320 2246 501 2280 huiusmodi
533 2247 683 2290 pecunias
714 2247 978 2290 quindenniorum

238 2300 472 2345 praedictorum
489 2300 647 2344 deponere
662 2300 857 2340 destiterunt,
871 2306 980 2333 totum-

238 2364 299 2398 que
323 2353 462 2387 debitum
488 2353 525 2386 ad
551 2359 672 2397 tempus
697 2354 861 2387 solutionis
883 2365 979 2387 reser-

239 2414 320 2450 vant,
344 2418 406 2442 non
431 2408 497 2441 sine
522 2408 658 2441 inaximo
687 2408 869 2441 eorumdem
905 2419 978 2442 con-

238 2468 386 2496 ventuum
421 2461 634 2506 praeiudicio,
661 2462 714 2505 qui
750 2473 977 2506 saepenumero

274 2563 283 2587 t
309 2560 344 2587 Ex
365 2561 474 2594 Regest.
497 2560 521 2585 in
542 2559 642 2586 Secrot.
666 2559 740 2585 llrev.

321 2632 398 2660 Buzzi
420 2633 502 2660 Rern.
525 2647 557 2652 —
581 2631 638 2661 Vol.
660 2631 736 2659 XVI.
881 2632 914 2659 52

849 168 1031 191 ALEXANDER
1058 167 1101 190 vlt
1126 168 1173 190 Pr.

1673 158 1736 192 409

1031 219 1103 248 tune
1117 215 1264 258 pecunias
1278 216 1459 248 huiusmodi
1469 216 1589 249 solvere
1602 222 1769 259 coguntur,

1029 271 1194 301 eteorum
1229 274 1377 310 argentea
1414 269 1646 312 oppignorare3
1680 269 1769 301 nobis

1027 327 1196 364 propterca
1213 320 1293 352 idem
1310 320 1488 363 exponens¹
1517 321 1677 354 humiliter
1701 333 1769 364 sup-

1027 374 1138 418 plicari
1156 373 1239 414 fecit,
1266 379 1297 406 ut
1324 374 1352 405 in
1380 375 1564 417 praemissis
1589 381 1768 419 opportune

1026 426 1193 471 providere
1212 426 1249 459 dc
1267 426 1457 469 benignitate
1476 428 1646 471 apostolica
1664 428 1769 471 digna-

1028 491 1144 514 remur.

1071 534 1086 577 ἓ
1110 533 1140 566 ΞΖ.
1166 534 1228 566 Nos
1254 533 1360 576 igitur,
1386 532 1530 566 eumdem
1557 540 1766 578 exponentem

1026 587 1213 632 specialibus
1239 587 1399 619 favoribus
1425 592 1454 619 et
1478 588 1587 629 gratiis
1617 589 1767 632 prosequi

1027 641 1174 681 volentes,
1197 644 1226 674 et
1250 650 1267 673 a
1287 639 1450 684 quibusvis
1467 641 1767 674 excommunicatio-

1026 695 1095 736 nis,
1129 693 1343 737 suspensionis
1376 698 1405 726 et
1432 693 1610 736 interdicti,
1636 694 1767 738 aliisque

1026 747 1245 780 ecclesiasticis
1257 746 1429 787 sententiis,
1444 746 1585 779 censuris
1603 752 1632 779 et
1646 748 1766 790 poenis,

1025 811 1041 833 a
1066 801 1135 833 iure
1162 800 1207 833 vel
1233 800 1271 832 ab
1302 799 1429 833 homine
1461 799 1570 842 quavis
1602 800 1766 833 occasione

1026 854 1071 886 vel
1097 855 1190 886 causa
1214 853 1305 893 latis,
1330 852 1354 885 si
1380 852 1493 896 quibus
1525 853 1766 896 quomodolibet

1025 906 1189 939 innodatus
1208 906 1322 947 existit,
1336 905 1374 938 ad
1389 906 1534 939 effectum
1552 906 1764 950 praesentium

1023 959 1184 993 dumtaxat
1201 959 1468 1003 consequendum,
1489 959 1601 992 harum
1621 960 1701 993 serie
1717 960 1766 992 ab·

1023 1013 1178 1045 solventes
1210 1018 1240 1045 et
1270 1012 1449 1046 absolutum
1481 1013 1547 1045 sore
1582 1019 1764 1054 censentes,

1022 1065 1202 1098 huiusmodi
1229 1065 1511 1109 supplicationibus
1540 1066 1700 1107 inclinati,
1726 1066 1764 1098 de

1023 1118 1249 1151 venerabilium
1275 1120 1405 1152 fratrum
1434 1125 1616 1152 nostrorum
1639 1125 1764 1153 sanctae

1022 1173 1179 1205 Romanae.
1210 1173 1365 1205 Ecclesiae
1396 1172 1603 1206 cardinalium
1628 1174 1762 1216 negotiis

1020 1231 1049 1258 et
1074 1226 1354 1259 consultationilnis
1372 1227 1592 1269 episcoporum
1620 1233 1647 1259 et
1674 1238 1764 1269 regu-

1021 1280 1132 1313 larium
1166 1281 1419 1324 praepositorum
1454 1280 1605 1322 consilio,
1639 1281 1763 1313 attentis

1019 1333 1163 1373 narratis,
1189 1333 1408 1377 superioribus
1434 1339 1643 1366 conventuum
1670 1345 1760 1377 prac-

1019 1387 1164 1430 satorum,
1191 1388 1228 1420 ad
1253 1399 1331 1431 quos
1356 1391 1484 1431 spectat,
1510 1388 1684 1431 apostolica
1708 1399 1762 1421 au-

1020 1443 1172 1484 ctoritate,
1193 1446 1299 1476 tenorc
1325 1441 1549 1486 praesentium,
1568 1441 1761 1484 iniungimus

1019 1496 1076 1528 sul)
1100 1495 1285 1539 privationis
1310 1495 1394 1528 vocis
1415 1495 1534 1528 activae
1555 1501 1583 1528 et
1608 1496 1758 1539 passivae,

1018 1559 1054 1582 ac
1079 1549 1170 1582 etiam
1196 1549 1371 1582 officiorum
1399 1554 1427 1581 et
1452 1549 1655 1591 dignitatum,
1681 1560 1760 1592 (piae

1018 1603 1170 1643 obtinent,
1196 1614 1231 1635 ac
1257 1602 1459 1636 inhabilitatis
1476 1602 1513 1634 ad
1529 1613 1574 1643 ca,
1594 1602 1661 1646 ipso
1681 1603 1760 1636 sacto

1018 1656 1214 1689 incurrendis
1240 1656 1359 1700 poenis,
1386 1661 1417 1688 ut
1443 1662 1524 1688 ratas
1542 1657 1759 1700 annualcspc-

1017 1711 1199 1750 cuniarum,
1236 1720 1294 1753 pro
1332 1709 1481 1741 oneribus
1522 1709 1756 1752 praedictorum

1016 1763 1281 1808 quimlenniorum
1300 1762 1591 1806 persolvcndorum,
1614 1762 1643 1795 in
1662 1765 1756 1806 capsa

1016 1828 1069 1850 scu
1087 1817 1155 1850 loco
1170 1821 1313 1860 separato
1328 1815 1459 1848 seorsim
1475 1815 1512 1847 ab
1527 1815 1596 1847 aliis
1615 1816 1754 1859 ipsorum

1016 1876 1225 1904 conventuum
1245 1869 1418 1902 redditibus
1432 1869 1563 1912 singulis
1578 1869 1755 1913 quibusque

1016 1923 1128 1958 unitis-‘²
1145 1924 1272 1957 realiter
1289 1929 1318 1956 et
1335 1923 1497 1957 actualiter
1514 1923 1682 1967 deponant,
1699 1934 1756 1955 nee

1016 1979 1103 2018 inde,
1129 1977 1187 2010 nisi
1212 1977 1249 2010 ad
1274 1977 1418 2010 effectum
1452 1977 1660 2020 praemissum
1687 1978 1752 2009 sol-

1016 2032 1106 2065 vendi
1124 2031 1337 2075 quinquennia
1354 2030 1427 2063 bulo
1444 2035 1568 2063 sanctae
1586 2030 1657 2063 Sedi
1675 2032 1756 2073 Apo-

1015 2086 1142 2119 stolicae
1167 2085 1290 2125 debita,
1316 2089 1498 2124 amoveant,
1525 2095 1578 2116 seu
1604 2084 1634 2116 in
1659 2084 1754 2116 alium

1015 2149 1248 2184 quemcumque
1274 2149 1364 2170 usum
1390 2143 1584 2170 convertant.

1059 2194 1074 2237 ἓ
1097 2192 1126 2225 3.
1153 2193 1362 2225 Decernentes
1388 2190 1515 2234 insuper
1540 2191 1658 2224 eisdem
1677 2202 1755 2235 quo-

1014 2258 1074 2291 que
1100 2246 1210 2290 poenis
1234 2245 1396 2278 subiacere
1423 2245 1571 2278 officiales
1589 2245 1754 2288 deputatos

1013 2300 1178 2344 acquirios
1191 2303 1396 2342 nuncupatos,
1416 2299 1480 2342 qni,
1498 2298 1522 2330 si
1548 2309 1637 2331 secus
1658 2310 1754 2342 super

1014 2355 1061 2387 liis
1087 2354 1198 2388 sactum
1221 2353 1374 2394 noverint,
1393 2352 1608 2385 communitati
1624 2363 1755 2385 conven-

1014 2413 1099 2443 tuum
1125 2418 1326 2451 quocumque
1351 2412 1512 2451 praetextu
1531 2406 1680 2439 nunciare
1702 2418 1753 2439 nc-

1013 2462 1165 2506 glexcrint
1190 2462 1236 2494 vel
1262 2471 1324 2494 non
1349 2460 1536 2494 curaverint.

1050 2536 1057 2560 t
1083 2533 1151 2559 Male
1167 2532 1231 2559 edit.
1254 2531 1334 2558 Mam.
1357 2531 1432 2558 tiabit
1451 2535 1625 2565 e.rponentes
1643 2537 1682 2565 tn.
1705 2536 1752 2563 T.)-

1046 2579 1061 2605 ⁰2
1083 2577 1172 2605 Potius
1192 2577 1250 2611 lege
1270 2577 1358 2604 annis
1378 2585 1424 2611 pro
1446 2576 1534 2604 tentiis
1554 2582 1590 2611 tn.
1613 2580 1659 2609 T.).

1785 168 1821 192 An
1851 168 1867 192 C
1905 168 1969 195 1658

1819 550 1918 570 Decet-nit
1947 554 1967 571 ut

1785 577 1805 597 iu
1821 577 1913 597 rulnica.
