2185 3188
47 165 93 193 Au,
113 161 142 190 C.
159 159 224 189 1657

95 910 186 941 Absolvit
214 915 226 930 a

49 943 144 959 efflans.

828 151 1013 177 ALEXANDER
1037 151 1082 175 VII
1105 152 1152 176 PP.

239 205 409 251 praedicto,
434 205 514 239 sicut
538 201 849 248 praemittam-,alias
871 201 993 233 tamen?

239 259 388 292 canonice
401 258 506 300 factas,
528 268 598 291 cum
624 256 695 289 inde
713 255 826 289 secutis
845 254 974 297 quibus-

239 322 386 355 cumque,
408 317 506 355 etper
520 311 604 356 ipsos
622 310 778 354 praelatos
799 306 976 341 ordinarios

239 370 268 397 et
285 364 362 397 alios
379 364 562 408 superiores
578 363 609 395 in
623 363 684 395 vim
699 359 974 394 confirmationum

239 423 268 450 et
291 427 444 450 novarum
471 417 658 449 electionum
680 413 860 447 huiusmodi
878 413 976 452 sactis,

238 471 409 514 apostolica
424 470 618 511 auctoritate,
629 474 738 502 tenore
752 467 975 511 praesentium,

239 524 474 558 convalidamus
501 524 530 556 in
555 523 701 557 omnibus
726 527 755 554 et
781 532 836 565 per
860 520 976 560 omnia,

238 578 368 622 perinde
397 588 432 611 ac
463 578 488 610 si
514 577 640 610 eaedem
666 574 922 609 confirmationes
948 566 996 606 et?

239 641 336 664 novae
360 631 528 664 electiones
551 629 675 663 nonnisi
700 628 737 661 ad
764 638 860 661 unum
881 627 996 660 trien-1

239 684 324 717 nium
350 684 522 728 respective
536 684 634 716 sactae
647 683 788 721 fuissent,
808 692 843 713 ac
868 690 978 713 omnes

240 742 270 769 et
293 736 434 779 singulos
459 737 535 770 iuris
552 742 582 769 et
599 736 669 769 sacti
695 735 844 775 desectus,
861 733 914 778 qui
928 733 978 766 de-

240 801 336 834 super
365 796 497 834 propter
530 789 703 834 praemissa
741 787 978 832 quomodolibet

241 844 486 885 intervenerunt,
512 853 660 876 sanamus
684 848 714 875 et
738 842 910 875 abolemus.

285 897 299 940 g
323 896 352 930 3.
377 897 524 930 Praetera
545 906 654 930 omnes
679 901 709 928 et
733 896 873 939 singulos
894 906 997 940 prae,

241 950 320 982 latos
345 949 523 983 ordinarios
548 955 575 982 et
594 949 774 993 superiores
802 948 997 992 praedictost

241 1013 361 1036 necnon
396 1014 547 1047 personas
584 1003 722 1036 eiusdem
760 1002 928 1040 delinitorii
963 999 998 1045 a}

241 1056 491 1100 quibuscumque
516 1057 656 1089 censuris
684 1062 713 1089 et
745 1056 855 1100 poenis
880 1048 998 1088 ercle-3³

241 1109 373 1143 siasticis
399 1120 455 1153 per
480 1120 532 1143 eos
558 1113 587 1143 et
611 1110 686 1142 ali-Lis
706 1109 878 1153 respective
894 1120 998 1153 prae-³,

241 1163 409 1196 missorum
421 1163 585 1196 occasione
598 1163 823 1206 quoquomodo
835 1163 979 1203 incursis,
996 1155 998 1207 J

241 1217 427 1249 auctoritate
442 1223 471 1249 et
485 1223 594 1249 tenore
611 1216 790 1260 praedictis⁷
802 1217 831 1248 in
845 1223 980 1260 utroque

242 1269 310 1303 foro
339 1270 530 1303 absolvimus
563 1277 592 1302 et
624 1270 764 1314 plenarie
796 1270 979 1304 liberamus.

242 1323 441 1357 Declaramus
466 1325 497 1357 in
524 1325 662 1357 t'uturum
682 1325 839 1367 praelatos
860 1324 981 1358 ordina-

243 1377 306 1410 rios
322 1383 352 1410 et
369 1378 446 1410 alios
463 1378 697 1421 quoscumque¹
716 1378 842 1411 nomine
861 1389 980 1411 nuncu-

242 1436 330 1475 patos
344 1432 523 1475 superiores
543 1432 705 1464 universae
726 1432 982 1475 congregationis
998 1425 1000 1446 ‘³

242 1484 431 1528 praedictae,
457 1484 602 1527 illiusque
629 1485 814 1525 domorum,
840 1496 919 1527 quos
945 1484 982 1516 ad

242 1536 325 1570 atiud
351 1537 520 1571 triennium
549 1538 578 1569 in
604 1548 713 1569 eorum
741 1537 851 1570 officiis
872 1538 984 1571 contir-

242 1590 345 1623 mandi
362 1601 415 1623 seu
435 1591 472 1623 de
492 1601 573 1624 novo
588 1591 624 1623 ad
640 1592 689 1623 illa
705 1591 838 1634 eligendi
854 1592 983 1624 facultas
999 1576 1001 1596 ἰ

243 1644 341 1677 eidem
368 1645 558 1685 definitorio,
578 1651 610 1677 ut
628 1645 847 1688 praemittitur,
867 1656 883 1678 a
900 1645 983 1679 dicto

243 1697 368 1731 Urbano
393 1698 638 1741 praedecessore
664 1709 812 1731 concessa
833 1699 899 1740 suit,
920 1709 983 1732 non

242 1751 322 1784 ultra
347 1762 444 1784 unum
479 1752 641 1785 dumtaxat
672 1752 840 1786 triennium
875 1753 983 1786 imme-

242 1804 323 1837 diate
349 1805 530 1848 proximum
556 1806 585 1837 in
612 1816 722 1837 eorum
749 1805 860 1838 officiis
885 1816 901 1837 a
924 1803 1001 1839 ine-¹

244 1864 364 1891 morato
389 1858 568 1892 definitorio
594 1859 766 1903 respective
788 1860 1001 1901 confirmari„

243 1911 307 1944 sive
332 1911 368 1943 ad
395 1912 445 1944 illa
478 1911 516 1944 de
548 1922 651 1952 novo,
677 1912 861 1945 alternativa
888 1913 981 1946 trium

243 1974 397 1998 annorum
423 1965 602 1998 huiusmodi
637 1965 766 1998 minime
798 1966 983 2006 observata,

243 2018 316 2062 eligi
342 2028 445 2062 posse;
463 2029 499 2051 ac
520 2019 723 2053 decernentes
743 2019 824 2063 ipsas
842 2030 984 2063 praesen-

245 2077 290 2104 tes
314 2072 432 2104 litteras
458 2083 581 2116 semper
599 2073 716 2113 tii-mas⁷
743 2073 858 2105 validas
876 2078 904 2105 et
924 2074 1002 2117 effi,

245 2135 333 2158 caces
350 2126 480 2159 existere
495 2132 522 2158 et
541 2127 618 2165 t'ore,
637 2136 672 2159 ac
690 2127 728 2158 ah
750 2126 828 2167 aliis,
848 2126 885 2159 ad
907 2138 985 2170 qnos

245 2184 361 2222 spectat
387 2185 416 2212 et
440 2190 498 2223 pro
515 2186 658 2223 tempore
676 2180 838 2224 spectabit,
862 2181 986 2214 inviola-

246 2232 351 2266 biliter
375 2233 548 2273 observari,
575 2233 699 2276 illisque
721 2233 893 2277 respective
919 2234 984 2277 ple-

245 2285 373 2319 nissime
402 2286 585 2329 suffragari,
611 2287 716 2330 sii-que
748 2287 778 2319 in
804 2287 986 2330 praemissis

246 2348 302 2381 per
327 2350 543 2383 quoscumque
562 2340 678 2372 iudices
696 2340 873 2373 ordinarios
892 2345 921 2371 et
937 2340 986 2372 de-
1002 2367 1004 2386 ,ἵ

248 2392 376 2435 legatos,
394 2392 486 2425 etiarn
512 2402 676 2426 causarum
695 2392 800 2436 palatii
824 2393 985 2436 apostolici

247 2445 420 2487 auditores,
442 2446 572 2479 iudicari
598 2450 627 2480 ct
651 2446 774 2478 definiri
801 2446 925 2487 debere,
952 2450 1004 2498 ac}

249 2498 372 2533 irritum
398 2506 426 2532 et
452 2500 568 2541 inane,
594 2501 616 2532 si
644 2510 732 2533 secus
764 2510 858 2544 super
886 2501 933 2533 his
970 2502 1004 2533 a*

285 2562 295 2587 l
313 2562 408 2598 Aptius
424 2562 482 2598 lnge
499 2570 676 2597 quot-umque
694 2563 730 2597 (a.
743 2564 789 2597 tn).

1656 138 1720 172 <253
1767 147 1814 173 An.
1836 146 1864 173 c.
1883 147 1948 174 1657

1008 210 1181 243 quoquam,
1203 198 1312 242 quavis
1337 198 1535 239 auctoritate,
1553 196 1688 230 scienter
1705 195 1750 228 vel

1010 252 1210 295 ignoranter,
1236 251 1405 294 eontigerit
1428 250 1584 284 attentari.

1054 306 1068 349 g
1093 305 1122 338 4.
1154 306 1221 338 Non
1255 304 1454 338 obstantibus
1485 303 1686 348 praeniissiS,
1717 312 1951 336 acrimoniarum.

1010 358 1288 392 constitutionibus
1309 362 1337 392 et
1354 357 1606 392 ordinationibus
1625 360 1752 400 aposto-

1011 412 1098 451 licis,
1123 421 1263 452 necnon,
1289 414 1443 455 quatenus
1468 421 1547 454 opus
1571 410 1628 449 sit,
1652 409 1752 442 dictae

1010 464 1286 507 (long-regationis,
1312 464 1440 507 eiusque
1465 463 1698 507 provinciarum
1724 467 1754 494 et

1012 518 1180 552 domorum
1199 517 1422 561 quarumlibet,
1447 517 1540 549 etiam
1567 516 1754 555 iuramento,

1012 572 1252 605 confirmatione
1277 571 1461 615 apostolica,
1489 570 1533 603 vet
1560 570 1619 602 alia
1646 569 1755 612 quavis

1012 625 1159 658 firmitate
1185 625 1353 665 roboratis,
1380 623 1501 657 statutis
1526 628 1556 655 et
1587 626 1755 655 eonsuetu-

1012 679 1146 719 dinibus,
1173 677 1346 721 privilegiis
1367 687 1503 720 quoquc,
1521 676 1648 710 indultis
1665 681 1696 708 et
1710 676 1757 708 lit-

1013 734 1087 766 teris
1115 732 1297 776 apostolicis
1328 731 1358 764 in
1383 730 1578 764 contrarium
1600 729 1754 774 praemis-

1013 797 1119 820 sorum
1131 785 1368 830 quomodolibet
1381 784 1549 824 concessis,
1560 783 1756 817 confirmatis

995 844 1042 873 *ct
1066 840 1237 879 innox'atis3
1259 838 1374 882 quihus
1393 836 1540 871 omnibus
1563 842 1592 869 et
1613 836 1754 879 singulis,

1014 894 1139 926 illorum
1166 898 1291 925 tenores
1329 890 1547 935 praesentibus
1575 901 1633 934 pro
1664 889 1756 932 plene

1014 953 1042 981 et
1061 947 1252 980 sufficienter
1274 945 1432 990 expressis
1459 949 1487 978 et
1505 944 1628 977 insertis
1643 944 1757 976 haben<

1015 1007 1068 1041 tes,
1093 1001 1152 1034 illis
1170 1000 1244 1033 alias
1263 1000 1292 1032 in
1312 1010 1368 1032 suo
1395 999 1509 1031 robore
1530 997 1756 1042 permansuris

1013 1055 1050 1088 ad
1080 1054 1326 1099 praemissorum
1355 1053 1498 1086 effectum
1525 1052 1703 1096 specialiter
1727 1057 1757 1084 et

1014 1119 1162 1153 expresse
1195 1108 1403 1151 derogamus:
1430 1106 1606 1150 ceterisque
1631 1111 1755 1139 contra-

1015 1162 1069 1195 riis
1089 1162 1352 1205 cpiihuscumque.

1059 1216 1073 1259 g
1098 1215 1126 1248 5.
1148 1215 1298 1248 Volumus
1316 1219 1418 1247 autem
1442 1219 1474 1246 ut
1492 1213 1644 1257 praedicti
1668 1223 1757 1256 prae-
1779 1255 1783 1260 ’

1015 1270 1065 1302 lati
1085 1268 1236 1302 ordinarii
1252 1273 1281 1302 et
1298 1268 1491 1311 superiores,
1505 1277 1626 1300 necnon
1647 1278 1755 1311 perso·
1780 1255 1809 1273 '⁷¹¹'

1014 1333 1071 1355 nae
1091 1322 1163 1356 dicti
1186 1321 1368 1361 definitorii,
1392 1321 1639 1364 poenitentiam',
1662 1331 1755 1364 quam

1017 1376 1090 1420 ipsis
1117 1375 1289 1419 respective
1316 1375 1463 1408 sacerdos
1478 1374 1609 1407 idoneus
1627 1380 1757 1418 propter

1016 1430 1187 1474 praemissa
1200 1428 1397 1473 imposuerit,
1407 1428 1609 1472 adimpleant,
1619 1427 1757 1471 alioquin

1017 1483 1143 1516 eaedem
1176 1488 1359 1526 praesentes
1390 1481 1492 1525 quoad
1526 1480 1755 1514 absolutionem

1017 1537 1060 1569 eis
1081 1537 1109 1568 in
1131 1536 1198 1569 soro
1220 1535 1430 1569 eonscientiae
1449 1535 1626 1567 nullatenus
1644 1533 1756 1566 suffra-

1017 1596 1140 1634 gentur,
1160 1595 1255 1632 utque
1280 1589 1418 1632 ipsarum
1434 1588 1645 1632 praesentium
1673 1593 1756 1620 tran-

1018 1643 1159 1687 sumptis,
1186 1643 1278 1675 etiam
1312 1642 1490 1686 impressis,
1518 1651 1610 1673 manu
1642 1640 1756 1674 notarii

1018 1697 1133 1742 publici
1156 1695 1352 1739 subscriptis,
1371 1699 1399 1728 et
1420 1695 1524 1735 sigillo
1541 1694 1671 1727 alicuius
1690 1704 1758 1738 per-

1018 1761 1111 1784 sonae
1127 1751 1156 1782 in
1174 1749 1384 1782 ecclesiastica
1402 1748 1553 1791 dignitate
1570 1748 1757 1782 constitutae

1020 1805 1157 1845 inuititis,
1187 1804 1294 1836 eadem
1321 1804 1449 1836 onmino
1482 1803 1558 1835 tides
1588 1803 1618 1834 in
1641 1802 1756 1835 iudicio

1018 1865 1045 1892 et
1062 1865 1148 1891 extra
1164 1858 1238 1891 illud
1254 1857 1449 1898 adhibeatur,
1472 1867 1552 1899 quae
1579 1856 1655 1900 ipsis
1670 1866 1758 1899 prae-

1018 1912 1157 1946 sentibus
1185 1911 1399 1951 adhiberetur,
1425 1910 1448 1942 si
1476 1911 1577 1944 t‘oreut
1602 1909 1758 1943 exhibitae

1019 1966 1064 1999 vel
1083 1971 1236 1998 ostensae.

1062 2020 1172 2052 Datum
1204 2019 1329 2057 Romae,
1355 2017 1436 2061 apud
1461 2017 1490 2050 S.
1517 2015 1643 2049 Mariam
1670 2016 1759 2049 Maio-

1019 2073 1167 2114 rcm,sub
1192 2072 1307 2105 annulo
1333 2071 1510 2110 Piscator-is,
1538 2070 1587 2103 dic
1614 2080 1687 2104 xxtv
1715 2070 1758 2102 ia—

1019 2126 1119 2159 nuarii
1135 2135 1272 2164 ituchn,
1292 2124 1491 2168 pontificatus
1512 2124 1609 2157 nostri
1630 2134 1711 2155 auno
1729 2133 1759 2156 tt.

1803 1221 1954 1241 Poe-nitentum

1813 1596 1957 1620 'rranzumpus

1773 1622 1830 1641 credi
1847 1623 1913 1643 nutu-t.

1057 2190 1114 2215 Datv
1134 2188 1174 2214 div
1193 2189 1223 2214 24
1240 2187 1353 2214 ianuarii
1375 2187 1450 2221 1057,
1469 2186 1562 2221 pontis.
1581 2193 1650 2212 anno
1667 2192 1692 2211 ιι.

1335 2357 1446 2389 (ΣΧΙᾸΙ.

1023 2446 1232 2488 Confirmatio
1247 2445 1412 2477 erectionis
1427 2443 1555 2486 colleqii
1570 2443 1674 2476 Clu'sii
1687 2442 1762 2475 duo-

1065 2499 1167 2531 decim
1193 2498 1402 2531 alumnorum
1437 2496 1614 2539 theologiae
1639 2495 1759 2528 studio-

1058 2563 1066 2588 1
1086 2560 1152 2587 Male
1169 2560 1223 2587 edit
1248 2559 1327 2586 Maia.
1349 2559 1411 2593 legit
1428 2559 1612 2593 poenitentia
1632 2559 1669 2593 (a.
1686 2565 1699 2584 Τ
1714 2559 1732 2592 >.
