2185 3188
36 194 61 213 n.
81 186 108 212 G.
127 183 191 211 ¹656

41 404 144 425 Decretum
165 408 189 422 ir-

27 434 84 452 nans.

43 549 50 559 s

796 182 982 206 ALEXANDER
1009 182 1051 205 Ytt
1073 184 1119 205 ΙΨ,

204 231 295 265 etiarn
314 230 474 264 Societatis
496 231 576 271 Iesu,
598 232 710 274 poena,
732 234 828 269 motu,
847 229 942 262 seien-

205 283 255 325 tia,
273 282 499 317 deliberatione
520 289 550 317 et
570 283 732 327 potestatis
749 282 942 326 plenitudine

204 336 379 380 praedictis,
405 336 603 370 decernimus
630 342 656 369 et
679 336 852 370 statuimus.

247 389 262 431 ἓ
282 388 310 421 Ji.
336 389 544 422 Decernentes
562 389 681 433 pariter
706 388 828 421 easdem
851 397 940 431 prae-

204 446 304 474 sentes
327 441 456 483 litteras,
474 442 566 475 etiam
583 453 618 475 ex
640 453 677 475 eo
702 441 785 484 quod
803 441 941 485 quicum-

203 503 263 538 que
284 494 376 526 etiam
400 495 568 538 episcopali
595 500 647 527 aut
679 494 940 538 archiepiscopali

204 557 256 580 seu
270 547 328 580 alia
342 547 483 591 qualibet
496 548 706 581 ecclesiastiea
721 548 766 580 vel
783 547 941 580 mundana

203 599 353 643 dignitate
376 601 521 644 praediti,
548 606 601 633 aut
632 601 706 633 alias
734 601 862 644 speciali
888 612 941 634 ex-

203 653 365 697 pressione
389 654 497 697 digni,
522 655 552 687 in
583 655 764 698 praemissis
790 655 941 688 interesse

203 706 438 750 quomodolibet
462 707 623 750 habentes,
642 718 696 740 seu
716 707 832 741 habere
854 719 942 752 prae-

204 759 374 802 tendentes,
399 761 459 794 illis
484 771 545 794 non
572 760 798 803 consenserint,
825 767 877 794 aut
904 762 940 794 ad

204 813 375 857 praemissa
399 813 498 847 vocati
524 818 553 848 et
577 814 695 856 auditi,
728 824 782 847 seu
809 825 941 855 causae,

205 871 336 910 propter
352 876 429 909 quas
446 866 532 910 ipsae
550 872 731 910 praesentes
747 873 941 908 emanarunt,

205 918 355 952 adductae
368 925 420 952 aut
433 920 610 953 verificatae
624 920 802 952 nullatenus
816 920 941 961 fuerint,

204 973 267 1006 sive
291 983 326 1006 ex
346 973 407 1006 alia
430 984 628 1017 quacumque
646 974 846 1017 quantumvis
872 974 943 1006 iuri-

205 1026 272 1059 dica
298 1032 328 1059 et
351 1027 546 1070 privilegiata
572 1030 676 1069 causa,
702 1028 826 1069 colore,
853 1038 942 1071 prae-

205 1085 288 1116 textu
312 1084 341 1114 et
365 1080 474 1124 capite,
500 1081 592 1114 etiarn
613 1081 762 1123 enormis,
789 1081 943 1114 enormis-

205 1134 300 1167 simae
325 1139 353 1166 et
379 1134 481 1167 totalis
506 1134 670 1175 laesionis,
691 1135 777 1167 nullo
802 1145 941 1178 unquam

206 1194 345 1231 tempore
370 1188 408 1220 de
432 1187 647 1232 subreptionis
672 1189 718 1221 vel
746 1188 942 1232 obreptionis

206 1240 289 1281 vitio,
303 1246 355 1274 aut
369 1241 549 1274 intentionis
567 1247 702 1284 nostrae,
720 1252 774 1274 seu
793 1242 942 1276 interesse

205 1295 385 1328 habentium
411 1305 592 1337 consensus,
610 1301 659 1328 aut
683 1296 745 1329 alio
766 1296 857 1329 etiam
874 1295 943 1329 sub-

206 1348 337 1381 stantiali
370 1348 491 1382 defectu
524 1349 722 1393 impugnari,
757 1349 941 1391 invalidari,

205 1403 376 1442 retractari,
402 1402 432 1435 in
458 1402 505 1435 ius
531 1403 576 1435 vel
595 1402 841 1436 controversiam
857 1413 944 1435 revo-

205 1455 278 1497 cari,
303 1455 340 1488 ad
365 1455 444 1488 viam
471 1466 525 1488 seu
551 1456 701 1489 terminos
722 1456 798 1488 iuris
825 1456 943 1496 reduci,

205 1514 257 1541 aut
280 1509 430 1542 adversus
443 1509 511 1541 illas
528 1509 751 1553 quodcumque
769 1509 856 1552 iuris,
872 1510 943 1542 faeti

207 1563 252 1595 vel
277 1562 396 1605 gratiae
420 1562 596 1595 remedium
623 1563 796 1607 impetrari,
820 1564 866 1596 vel
889 1564 944 1595 im-

206 1620 337 1660 petrato,
357 1622 409 1649 aut
434 1616 526 1648 etiam
550 1622 637 1649 motu
663 1617 756 1649 simili
783 1628 943 1656 concesso,

207 1670 385 1714 quempiam
412 1671 442 1703 in
468 1671 584 1704 iudicio
609 1681 664 1703 seu
685 1676 773 1704 extra
804 1671 878 1703 illud
902 1672 943 1704 uti

207 1734 260 1756 seu
286 1734 318 1756 se
343 1723 450 1756 iuvare
474 1735 577 1767 posse,
603 1724 655 1757 sed
682 1724 764 1767 ipsas
790 1734 940 1767 praesen-

208 1781 251 1809 tes
275 1776 402 1818 firmas,
432 1777 547 1809 validas
583 1783 612 1809 et
643 1777 785 1810 efficaces
811 1778 945 1810 existere

207 1834 236 1862 et
259 1829 335 1871 sore,
350 1840 385 1863 ac
402 1830 441 1862 ab
459 1830 529 1870 illis,
555 1831 591 1863 ad
617 1841 696 1874 quos
713 1837 831 1874 spectat
845 1836 873 1863 et
887 1841 944 1874 pro

207 1888 346 1926 tempore
359 1883 521 1927 spectabit,
537 1884 757 1917 inviolabiliter
772 1884 944 1924 observati-53

207 1935 311 1979 sicque
325 1940 426 1970 elnon
440 1936 529 1969 aliter
543 1937 571 1969 in
589 1937 769 1980 praemissis
782 1948 838 1981 per
855 1948 945 1981 quos-

208 2000 339 2033 cumque
369 1990 487 2023 iudices
512 1990 688 2023 ordinarios
713 1997 743 2023 et
768 1991 943 2034 delegatos,

208 2043 299 2075 etiam
320 2054 485 2077 causarum
512 2044 616 2087 palatii
634 2045 801 2088 apostolici
824 2045 942 2078 audito-

208 2106 267 2138 res,
286 2107 321 2130 ac
341 2097 370 2130 S.
399 2098 433 2130 R.
460 2098 492 2130 E.
518 2097 702 2139 cardinales,
721 2098 813 2131 etiam
832 2099 870 2131 de
896 2099 941 2131 la-

208 2155 272 2183 tere
292 2150 410 2193 legatos
431 2156 460 2183 et
480 2151 678 2194 Apostolicae
698 2152 785 2185 Sedis
803 2153 943 2195 nuncios,

211 2208 240 2235 et
262 2203 339 2237 alios
375 2204 484 2247 quavis
519 2204 705 2237 auctoritate
732 2210 761 2237 et
792 2210 944 2249 potestate

209 2255 371 2298 fungentes
396 2262 425 2289 et
450 2257 622 2297 iuncturos,
643 2258 765 2290 sublata
786 2258 830 2291 eis
847 2264 875 2291 et
897 2269 945 2291 eo-

210 2319 278 2341 rum
309 2309 436 2343 cuilibet
467 2310 574 2353 quavis
607 2310 696 2343 aliter
728 2311 883 2344 iudicandi
917 2317 944 2344 et

210 2361 435 2405 interpretandi
461 2363 604 2395 facultate
629 2369 659 2396 et
682 2364 879 2405 auctoritate,
898 2365 944 2397 iu-

210 2414 305 2447 dicari
330 2420 358 2447 et
383 2415 507 2448 deliniri
532 2415 668 2456 debere,
700 2429 736 2449 ae
767 2417 890 2450 irritum
917 2424 947 2450 ct

211 2467 310 2508 inane,
331 2469 354 2500 si
373 2479 462 2502 secus
483 2469 639 2512 superbis
653 2480 670 2501 a
687 2480 857 2515 quoquam,
876 2482 947 2515 qua-

211 2519 256 2553 vis
285 2522 485 2562 auctoritate,
514 2522 648 2556 scienter
673 2524 719 2556 vel
746 2523 945 2566 ignoranter,

212 2573 375 2617 contigerit
400 2575 553 2608 attentari.

1624 173 1688 206 ⁹202>

1020 230 1034 273 ξ
1049 230 1077 262 5,
1092 230 1160 263 Non
1178 231 1385 271 obstantibus,
1406 236 1558 275 quatenus
1576 242 1654 275 opus
1667 232 1716 271 sit,

975 284 1082 315 nostra
1109 287 1137 316 et
1162 285 1366 317 cancellariae
1392 286 1580 328 apostolieae
1606 285 1717 328 regula

976 335 1012 367 de
1030 346 1091 368 non
1108 336 1246 369 tollendo
1261 337 1327 369 iure
1343 338 1495 380 quaesito,
1517 349 1552 371 ae
1568 338 1716 371 omnibus

976 394 1005 421 et
1030 389 1182 432 singulis,
1208 400 1286 433 quae
1313 391 1343 422 in
1370 391 1572 433 praeinsertis
1604 391 1717 425 litteris

976 451 1123 474 concessa
1160 447 1230 474 sunt
1262 452 1323 475 non
1361 443 1485 475 obstare
1501 471 1508 483 ‚
1543 443 1718 486 privilegiis

975 504 1110 537 quoque,
1133 493 1261 527 indultis
1275 498 1305 528 et
1320 495 1431 528 litteris
1452 496 1643 539 apostolicis,
1659 496 1716 528 sub

975 547 1226 591 quibuscumque
1243 548 1413 580 verborum
1436 549 1597 581 tenoribus
1612 555 1642 582 et
1657 549 1714 582 sor-

975 600 1044 642 mis,
1070 611 1105 633 ac
1126 612 1198 633 eum
1216 601 1378 644 quibusvis
1393 602 1486 634 etiam
1501 601 1717 644 derogator-ia-

975 664 1044 685 rum
1071 653 1302 696 derogatoriis,
1327 665 1363 687 ac
1388 654 1456 687 aliis
1486 655 1718 688 efficacioribus

975 711 1005 738 et
1029 705 1162 739 insolitis
1186 707 1335 740 clausulis
1355 712 1384 740 et
1401 707 1536 740 decretis
1561 707 1653 740 ctiam
1676 708 1717 740 ir-

976 760 1151 802 ritanuhus,
1170 760 1200 793 in
1225 771 1341 804 genere
1367 761 1412 793 vel
1437 761 1466 794 in
1485 761 1598 805 specie,
1624 761 1717 794 etiam

977 818 1072 855 motu,
1099 814 1239 855 scientia,
1264 814 1492 848 deliberatione
1510 819 1540 848 et
1555 815 1717 858 potestatis

976 867 1170 910 plenitudine
1185 868 1327 912 paribuS,
1345 879 1380 901 ac
1398 868 1671 909 consistorialiter,
1688 874 1718 901 et

977 920 1051 953 alias
1076 921 1317 964 quomodolibet
1337 921 1505 962 concessis,
1523 921 1718 955 confirmatis

978 979 1007 1006 et
1020 974 1139 1017 pluries
1151 974 1315 1014 innovatis,
1334 975 1449 1018 quibus
1463 975 1611 1008 omnibus
1622 975 1719 1008 etsin-

977 1027 1069 1069 gulis,
1084 1028 1204 1060 etiamsi
1229 1039 1288 1071 pro
1312 1028 1478 1061 sufficienti
1498 1039 1607 1062 eorum
1627 1028 1719 1062 dero·

978 1082 1103 1123 gatione
1125 1082 1163 1114 de
1188 1082 1249 1114 illis
1274 1093 1448 1126 eorumque
1467 1083 1540 1116 totis
1555 1083 1718 1116 tenoribus

978 1134 1131 1177 specialis,
1149 1135 1307 1178 specifica,
1327 1146 1474 1179 expressa
1495 1142 1523 1169 et
1549 1136 1718 1176 individua,

977 1199 1012 1220 ae
1036 1187 1074 1220 de
1100 1189 1198 1221 verbo
1222 1189 1260 1221 ad
1287 1190 1430 1230 verbum,
1448 1200 1510 1222 non
1532 1195 1636 1223 autem
1663 1200 1720 1234 per

977 1242 1131 1274 clausulas
1168 1242 1331 1284 generales
1367 1242 1449 1276 idem
1492 1243 1696 1287 importantes
1713 1271 1719 1283 ‚

979 1296 1094 1330 mentio
1108 1307 1162 1329 seu
1176 1296 1304 1340 quaevis
1325 1296 1383 1329 alia
1398 1297 1559 1340 expressio
1577 1297 1720 1330 habenda

978 1356 1069 1394 atque
1083 1350 1142 1383 alia
1156 1351 1308 1394 exquisita
1323 1352 1424 1384 forma
1436 1352 1473 1384 ad
1493 1351 1552 1385 lioc
1567 1352 1720 1385 servanda

979 1406 1067 1446 t'oret,
1089 1404 1215 1437 illorum
1233 1405 1375 1437 omnium
1397 1409 1426 1437 et
1444 1404 1642 1448 singulorum
1662 1406 1720 1438 for-

980 1468 1060 1499 inas,
1087 1463 1213 1491 tenores
1240 1463 1268 1490 et
1293 1459 1474 1492 occasiones
1503 1459 1720 1502 praesentibus

979 1522 1037 1554 pro
1057 1512 1148 1555 plene
1169 1515 1198 1545 et
1218 1511 1409 1545 sufficienter
1431 1511 1572 1553 servatis,
1591 1523 1719 1556 expres-

979 1564 1020 1597 sis
1048 1571 1077 1597 et
1108 1565 1232 1598 insertis
1258 1566 1431 1609 respective
1463 1567 1634 1607 habentes,
1659 1566 1720 1599 illis

978 1618 1053 1650 alias
1076 1618 1104 1650 in
1122 1630 1178 1651 suo
1197 1619 1311 1652 robore
1329 1620 1554 1662 permansuris,
1580 1620 1617 1652 ad
1635 1631 1721 1663 prae-

980 1672 1147 1705 missorum
1168 1672 1312 1705 effectum
1331 1673 1507 1716 specialiter
1525 1678 1553 1705 et
1574 1684 1720 1717 expresse

978 1726 1178 1768 derogamus,
1204 1737 1239 1758 ac
1264 1726 1450 1769 derogatum
1469 1737 1536 1759 esse
1558 1727 1719 1766 voluinns3

979 1779 1156 1823 ceterisque
1180 1780 1347 1813 contrariis
1368 1780 1631 1823 quibuscumque.

1025 1834 1135 1865 Datum
1159 1834 1291 1871 Romae,
1317 1833 1400 1877 apud
1426 1834 1454 1866 S.
1481 1834 1605 1866 Mariani
1632 1835 1722 1868 Maio-

981 1897 1057 1926 rem,
1072 1887 1129 1919 sub
1147 1887 1264 1920 annulo
1280 1887 1455 1927 piscatoris,
1471 1887 1520 1919 (lie
1536 1897 1573 1920 xx
1591 1893 1721 1931 septeni-

979 1940 1043 1973 bris
1064 1951 1191 1978 uncam,
1208 1940 1407 1984 pontificatus
1424 1941 1522 1973 nostri
1537 1951 1618 1973 anno
1633 1951 1662 1973 11.

1016 2003 1072 2029 Dat.
1091 2003 1134 2029 die
1154 2003 1187 2029 :³0
1208 2002 1368 2038 septembris
1392 2003 1467 2037 1656,
1487 2004 1583 2038 pontis.
1605 2012 1675 2030 anno
1692 2010 1720 2030 11.

1273 2170 1427 2204 CXXXIV.

979 2260 1153 2302 Depututio
1178 2260 1381 2293 internuncii
1405 2261 1517 2304 Belgyi'i
1550 2262 1584 2294 in
1613 2272 1723 2295 execu-

1026 2316 1124 2345 torein
1150 2313 1338 2345 litterarum
1358 2314 1543 2347 Innocentii
1570 2315 1599 2348 X
1627 2325 1723 2358 super

1024 2365 1211 2406 definitione
1235 2367 1381 2409 quinque
1403 2367 1661 2410 propositionum
1686 2368 1723 2400 in

1023 2419 1164 2451 ntem-iii
1177 2418 1254 2460 fidei
1270 2420 1432 2453 occasione
1446 2421 1668 2464 impressionis
1687 2421 1723 2454 ti-

1026 2473 1076 2504 bri
1102 2472 1245 2505 Cornelii
1270 2472 1447 2506 Imzsenti'.

1021 2589 1027 2614 t
1053 2587 1087 2614 Ex
1110 2588 1218 2619 llegest.
1241 2588 1266 2614 iu
1287 2587 1389 2615 Secret.
1414 2588 1488 2614 [trev.

1735 184 1771 207 An
1802 186 1830 209 (2.
1852 184 1915 209 1(;56

1805 244 1914 266 Contraria

1732 272 1816 292 refellit.
