2185 3188
71 172 118 196 Aa
142 168 255 196 n.uffi5

135 1510 250 1531 confirmat

66 1537 120 1558 alias
141 1538 248 1561 indutas-n-

65 1564 106 1584 tias
127 1565 247 1589 praedictae

65 1590 234 1616 congregationi.

95 1937 243 1965 Transumpto-

61 1969 106 1985 rum
120 1964 180 1986 fides.

854 164 1029 187 ALEXANJE:

264 220 294 249 et
319 213 422 258 quoad
443 213 617 247 oratorium
646 223 779 257 parvum
806 211 1023 256 praedictum*

263 269 302 301 ab
319 267 548 311 Assumptionis
565 267 673 300 beatae
689 266 803 299 Mariae
820 265 956 308 Virginis
973 265 1005 297 in

262 321 436 355 Nativitatis
450 321 572 354 Domini
588 320 686 354 nostri
702 320 769 352 lesu
782 319 913 358 Christi;
929 318 1003 351 alias
1020 329 1022 335 ’

263 381 367 408 autem
385 385 447 408 non
469 374 626 418 plenarias
644 372 689 406 ex*
712 378 829 417 septem
848 382 1003 405 annorum

262 439 297 462 ac
329 427 458 461 totidem
491 427 763 471 quadragenarum
793 425 1003 468 indulgentias

262 481 367 516 itidem
393 486 562 524 perpetuas
587 490 604 512 a
633 485 811 512 sanctorum
836 477 1002 519 Matthiae,

261 534 367 568 Iacobi
392 534 527 574 Maioris,
545 533 680 567 Simonis
697 536 725 566 et
746 532 848 573 Iudae,
869 542 904 565 ac
921 532 1002 565 Tho-

261 599 330 621 mae
341 588 556 631 apostolorum
571 590 600 620 et
613 591 736 619 sanctae
747 585 904 619 Elisabeth
915 596 1002 629 prae-

261 642 396 675 fatorum
422 641 505 674 festis
530 640 654 682 diebus,
683 640 715 672 in
739 638 1001 679 Circumcisionis,

261 694 462 739 Epiphaniae,
473 703 595 726 necnon
609 692 807 726 Ascensionis
825 698 854 725 et
870 693 892 725 T
896 692 1002 725 ransfi-

261 745 435 789 gurationis
472 744 610 778 eiusdem
643 744 767 777 Domini
802 743 901 777 nostri
933 743 1002 776 Iesu

261 798 374 832 Christi
396 809 431 831 ac
444 798 475 830 in
490 797 588 831 sancti
601 797 726 841 Iosephi
738 797 803 830 dies
818 797 1001 841 respective,

260 852 291 884 in
311 852 424 896 quibus
446 851 538 884 iidem
564 851 749 896 presbyteri,
768 850 873 884 clerici
891 856 921 883 et
938 850 1002 894 qui-
1018 864 1019 872 ¹

261 916 395 950 cumque
419 904 471 937 alii
495 904 603 938 fideles
629 910 658 938 et
682 905 874 946 confratres,
907 904 1000 937 aliae-

260 970 320 1003 que
339 969 493 1003 personae
510 958 699 1001 huiusmodi,
715 958 752 992 ad
770 958 999 1003 praescriptum

260 1013 436 1046 litterarum
462 1013 706 1057 apostolicarum
725 1023 820 1057 super
839 1012 1000 1057 primaeva

261 1066 461 1100 concessione
481 1066 746 1109 indulgentiarum
772 1065 952 1100 huiusmodi
972 1071 1000 1098 et

260 1131 356 1164 super
373 1120 496 1152 illarum
518 1120 803 1154 communicatione
828 1119 1000 1164 respective

260 1177 485 1214 emanatarum,
510 1174 684 1217 praemissa
707 1177 904 1217 peragentes,
927 1183 996 1206 eas·

260 1227 330 1260 dem
348 1227 502 1270 plenarias
520 1232 549 1260 et
565 1227 641 1260 alias
666 1227 874 1270 indulgentias
893 1227 1000 1260 huius-

261 1280 344 1314 modi
369 1286 622 1324 consequantur,
647 1292 723 1325 quas
753 1287 780 1314 et
809 1286 903 1325 prout
932 1281 999 1313 illas

262 1334 292 1367 in
316 1335 484 1378 praedictis
508 1335 627 1377 diebus,
644 1335 675 1367 in
695 1334 807 1378 quibus
833 1345 999 1368 concessae

262 1388 395 1429 fuerant,
420 1388 692 1433 consequebantur
716 1394 745 1422 et
770 1389 917 1434 consequi
941 1400 998 1433 po-

265 1446 364 1476 terant

308 1496 323 1540 g
346 1495 374 1529 3.
403 1495 528 1539 (Firmis
550 1495 623 1528 alias
640 1496 670 1529 in
691 1507 747 1529 suo
768 1496 882 1530 robore
899 1508 999 1531 rema-

262 1550 408 1583 nentibus
432 1550 500 1583 aliis
525 1550 635 1593 gratiis
663 1551 880 1594 spiritualibus
905 1557 934 1584 et
958 1551 1000 1584 in-

262 1603 429 1646 dulgentiis
455 1604 555 1637 cidem
585 1605 791 1648 primodie-tac
816 1605 998 1649 Congrega-

260 1657 354 1698 tioni,
380 1657 525 1701 illiusque
560 1658 704 1702 personis
735 1670 771 1691 ae
803 1659 942 1692 ecclesiis
971 1666 1000 1693 et

259 1710 405 1744 oratoriis
426 1711 527 1744 ubivis
552 1711 754 1744 existentibus
779 1717 809 1744 et
833 1712 998 1745 confratri-

258 1764 316 1797 bus
340 1764 519 1797 huiusmodi
538 1765 694 1798 concessis
711 1775 765 1798 seu
783 1767 997 1799 communica-

258 1818 321 1861 tis),
337 1822 489 1862 perpetuo
512 1819 737 1862 transibrinius,
755 1819 786 1851 in
804 1820 996 1852 contrat-iun·

258 1872 441 1905 facientibus
454 1883 516 1905 non
530 1872 724 1905 obstantibus
735 1873 995 1918 (piibuscumque.

303 1926 317 1969 ἓ
342 1925 370 1958 4.
406 1925 555 1959 Volumus
583 1932 686 1959 autem
719 1931 753 1961 ut
782 1927 995 1971 praesentium

258 1979 475 2023 transumptis,
501 1980 593 2012 etiam
619 1979 795 2023 impressis,
821 1990 915 2013 manu
940 1981 995 2013 ali-

258 2033 346 2067 cuius
362 2033 473 2068 notarii
492 2034 611 2078 publici
632 2034 829 2079 subscriptis,
847 2040 876 2067 ct
893 2035 996 2078 sigillo

257 2097 411 2131 personae
428 2087 460 2120 in
476 2087 687 2121 ecclesiastica
708 2088 857 2131 dignitate
880 2089 995 2122 consti-

256 2144 340 2174 tutae
358 2141 494 2182 munitis,
511 2141 617 2174 eadem
639 2152 768 2185 prorsus
786 2141 862 2174 fides
880 2141 995 2185 ubique

256 2195 398 2228 locorum
426 2199 486 2228 tam
504 2195 534 2227 in
553 2195 666 2228 iudicio
684 2205 777 2238 quam
796 2200 882 2227 extra
908 2196 995 2228 adhi-

256 2248 376 2289 beatur,
397 2258 475 2292 quae
501 2248 574 2292 ipsis
593 2248 810 2292 praesentibus
827 2248 994 2282 adhibere-

256 2306 316 2343 tur,
341 2303 366 2335 si
392 2302 494 2335 forent
518 2302 673 2335 exhibitae
700 2303 744 2335 vel
771 2308 923 2336 ostensae.

299 2356 410 2389 Datum
422 2356 550 2396 Romae,
561 2356 641 2400 apud
655 2356 683 2389 S.
696 2356 822 2389 Mariam
833 2357 994 2398 Maiorem,

255 2410 313 2442 sub
338 2410 454 2442 annulo
480 2409 657 2450 Piscatoris,
674 2410 724 2443 die
740 2420 784 2443 xn
805 2411 994 2454 septembris

254 2473 370 2503 nncw,
388 2463 589 2507 pontificatus
613 2463 712 2496 nostri
737 2474 819 2497 anno
841 2474 860 2497 1.

291 2517 346 2544 Dat.
369 2517 410 2544 die
432 2517 464 2544 12
484 2516 644 2552 septembris
662 2517 742 2551 1655,
759 2517 853 2552 pontif.
870 2526 940 2545 anno
957 2525 973 2545 1.

294 2582 301 2607 1
322 2581 369 2607 Yet
386 2583 410 2608 et
429 2580 467 2607 rel
484 2579 611 2607 videlicet
627 2588 676 2614 pro
692 2588 725 2607 er
740 2580 930 2616 legendumoi.
944 2582 991 2616 T.).

340 2633 418 2661 Bau.
439 2634 522 2662 Rom.
545 2650 575 2654 —
595 2634 652 2661 Vol.
669 2633 744 2660 XVI.
924 2635 941 2662 9

1035 168 1041 187 ι
1067 164 1109 187 vn
1137 166 1183 187 rr.
1712 154 1754 186 65

1039 283 1250 324 Confirmatio
1267 283 1406 325 privileg]
1413 284 1520 315 iorum
1536 282 1729 315 monasterie·
1744 284 1782 315 B.

1081 336 1125 368 M.
1151 336 1183 368 V.
1200 336 1237 368 de
1249 336 1449 378 Mouferralo
1464 336 1598 370 Ordinis
1612 337 1715 368 sancte?
1728 337 1783 369 lie-

1082 389 1205 421 netlicti
1221 389 1351 421 nullius
1365 389 1515 422 dioecesis
1532 400 1587 422 Seu
1611 389 1752 422 tir-ensis
1764 390 1780 422 ¹.

1232 468 1399 496 Alexander
1420 469 1499 503 Papa
1521 468 1583 497 VII.

1179 513 1215 539 ad
1235 512 1369 540 futuram
1395 513 1438 539 rei
1459 513 1639 540 memoriam.

1081 585 1095 629 g
1122 585 1147 617 l.
1174 584 1296 629 Exponi
1320 584 1411 618 nobis
1436 595 1536 628 nuper
1561 584 1701 617 fecerunt
1727 585 1775 618 di-

1036 639 1107 671 lecti
1143 638 1199 671 filii
1233 638 1328 672 abbas
1362 643 1390 671 et
1421 638 1567 672 monachi
1597 639 1778 672 monasterii

1038 691 1068 724 Β.
1101 691 1215 725 Mariae
1246 692 1383 735 Virginis
1416 692 1453 725 de
1489 692 1678 725 Monferrato
1705 703 1781 725 nun-

1037 744 1140 789 cupati
1175 744 1300 778 Ordinis
1333 745 1431 779 sancti
1464 745 1641 786 Benedicti,
1663 745 1779 778 nullius

1036 808 1090 831 seu
1122 799 1261 832 Vieensis
1292 798 1468 840 dioecesis,
1498 809 1533 832 ac
1566 798 1715 832 officiales
1751 804 1780 831 et

1036 852 1209 886 confratres
1224 852 1489 886 confraternitatis
1508 853 1565 886 sub
1583 852 1779 885 invocatione

1036 905 1175 938 eiusdem
1202 905 1310 939 beatae
1334 906 1449 939 Mariae
1469 905 1603 949 Virginis
1626 905 1656 937 in
1675 915 1711 938 co
1730 916 1780 938 ca-

1035 959 1147 992 nonice
1172 959 1342 1000 institutae,
1368 959 1452 1004 quod
1477 959 1536 1003 ipsi
1560 958 1728 1003 privilegia
1749 965 1779 992 et

1035 1012 1151 1055 gratias
1177 1013 1369 1046 monasterio
1395 1018 1424 1046 et
1448 1012 1696 1046 confraternitati
1719 1012 1777 1045 hu-

1035 1066 1169 1100 iusmodi
1196 1067 1270 1099 alias
1295 1078 1312 1100 a
1336 1066 1467 1100 diversis
1491 1066 1639 1100 Romanis
1673 1066 1777 1099 Ponti-

1035 1120 1145 1153 ficibus
1168 1120 1467 1165 praedecessoribus
1485 1120 1601 1154 nostris
1619 1130 1777 1161 concessa,

1034 1184 1096 1217 quo
1132 1173 1274 1207 firmiora
1310 1174 1481 1207 subsistant
1512 1179 1542 1207 et
1566 1174 1604 1206 ab
1630 1173 1777 1207 omnibus

1034 1226 1164 1261 arctius²
1187 1227 1416 1269 observentur,
1434 1227 1623 1272 apostolicae
1652 1232 1777 1260 nostrae

1034 1281 1282 1315 confirmationis
1297 1281 1474 1326 patrocinio
1492 1281 1682 1316 communiri
1697 1292 1778 1315 sum-

1035 1346 1162 1380 mopere
1187 1336 1376 1370 desiderant.

1078 1390 1092 1434 g
1110 1390 1138 1423 2.
1157 1391 1218 1423 Nos
1237 1390 1343 1433 igitur,
1360 1389 1488 1424 eosdem
1503 1395 1695 1434 exponentes
1711 1402 1777 1435 spe-

1034 1444 1165 1478 cialibus
1190 1445 1349 1478 favoribus
1374 1450 1404 1477 et
1428 1444 1538 1488 gratiis
1557 1445 1707 1489 prosequi
1728 1457 1777 1479 vo-

1034 1498 1152 1539 lentes,
1185 1504 1214 1532 et
1248 1509 1358 1532 eorum
1384 1498 1559 1542 singulares
1582 1509 1733 1543 personas
1758 1510 1775 1532 a

1033 1551 1194 1595 quibusvis
1206 1552 1550 1593 excommunicationis,
1560 1553 1774 1596 suspensionis

1035 1610 1062 1637 ct
1077 1605 1244 1648 interdicti,
1262 1607 1392 1650 aliisque
1411 1607 1629 1640 ecclesiasticis
1655 1613 1776 1641 senten-

1036 1659 1093 1700 tiis,
1108 1660 1249 1693 censuris
1274 1665 1304 1692 et
1327 1660 1446 1704 poenis,
1465 1671 1482 1692 a
1498 1660 1566 1693 iure
1585 1661 1631 1694 vel
1655 1661 1693 1694 ab
1717 1656 1773 1695 ho-

1034 1713 1126 1754 mine,
1141 1713 1249 1756 quavis
1274 1713 1437 1746 occasione
1463 1714 1509 1746 vel
1535 1716 1628 1747 eausa
1648 1715 1728 1756 latis,
1749 1716 1773 1748 si

1032 1766 1146 1809 quibus
1170 1766 1409 1810 quomodolibet
1434 1767 1598 1800 innodatae
1627 1767 1774 1809 existunt,

1031 1819 1069 1851 ad
1094 1819 1238 1852 effectum
1263 1820 1475 1863 praesentium
1508 1820 1669 1853 dumtaxat
1700 1833 1774 1854 con-

1031 1872 1245 1916 sequcndum,
1271 1873 1383 1906 hatum
1409 1873 1490 1906 serlo
1522 1873 1719 1907 absolventes
1745 1880 1774 1907 et

1031 1926 1189 1959 absolutas
1214 1926 1280 1959 fore
1298 1933 1470 1967 censentes,
1490 1927 1774 1971 supplicationibus

1031 1989 1140 2012 corum
1162 1979 1289 2013 nomine
1307 1979 1397 2012 nobis
1422 1990 1517 2024 super
1534 1980 1593 2014 hoc
1611 1980 1773 2014 humiliter

1031 2033 1186 2077 porrectis
1218 2033 1380 2074 inclinati,
1411 2034 1577 2077 privilegia
1602 2039 1631 2067 ct
1656 2035 1772 2078 gratias

1030 2087 1198 2131 praedicta,
1224 2087 1396 2121 dummodo
1423 2093 1525 2121 tamen
1547 2088 1576 2121 in
1606 2100 1663 2122 usu
1681 2100 1716 2122 ac
1741 2090 1773 2123 li-

1030 2141 1089 2174 cita
1114 2141 1175 2174 sint
1200 2146 1229 2174 et
1248 2141 1389 2181 honesta,
1407 2146 1436 2174 et
1455 2151 1518 2175 non
1539 2141 1599 2174 sint
1617 2148 1772 2185 revocata,

1029 2200 1081 2228 aut
1105 2195 1163 2227 sub
1187 2195 1343 2239 aliquibus
1359 2196 1612 2230 revocationibus
1633 2207 1773 2242 compre-

1030 2250 1146 2290 hensa,
1179 2248 1340 2292 sacrisque
1377 2249 1549 2283 canonibus
1582 2254 1611 2283 et
1642 2250 1772 2284 Concilii

1029 2303 1202 2336 Tridentini
1233 2302 1389 2344 decretis,
1425 2313 1459 2336 ac
1496 2304 1771 2338 constitutionibus

1028 2357 1224 2401 apostolicis,
1250 2357 1513 2402 regularibusque
1538 2357 1613 2391 dieti
1645 2358 1771 2393 Ordinis

1029 2411 1176 2444 institutis
1201 2421 1263 2444 non
1288 2411 1503 2453 adversentur,
1529 2412 1700 2456 apostolica
1719 2424 1770 2445 au-

1027 2465 1181 2502 ctoritate,
1196 2469 1303 2498 tenore
1318 2466 1540 2508 praesentium,
1558 2466 1770 2509 approbamus

1066 2537 1071 2562 1
1099 2535 1135 2562 Ex
1158 2535 1262 2570 liegestt
1286 2535 1311 2561 in
1333 2537 1437 2562 Scizi-et.
1460 2535 1536 2562 Brcv.

1062 2581 1078 2606 2
1098 2579 1146 2607 Ed.
1164 2579 1242 2606 Main.
1260 2579 1321 2616 legit
1337 2580 1454 2608 urclz'rc's
1469 2588 1518 2616 pro
1534 2581 1644 2609 arctius
1659 2581 1698 2617 (n.
1711 2581 1759 2615 12).

1801 163 1849 189 An.
1871 164 1898 189 C.
1917 164 1984 190 1055

1822 597 1943 623 Supplieati
1953 604 1966 618 “.

1820 1400 1894 1420 ,tonuit
1921 1399 1978 1420 l'on-

1793 1426 1849 1446 tif1x.
