2263 3215
280 218 330 244 An.
342 215 370 244 C⁴
392 215 460 244 1656

345 1500 476 1520 Memoriam

294 1528 357 1547 etiam
372 1527 478 1547 Pontifici·

293 1555 332 1575 lius
377 1554 478 1579 inscripta

294 1580 414 1606 expediant.

325 1927 349 1947 Et
368 1932 482 1951 cougrega-

298 1956 366 1973 tlones
381 1959 417 1978 pro
431 1959 481 1972 cun-

299 1980 346 2000 silio
379 1980 482 2000 adhibere

298 2008 385 2033 possint.

331 2300 405 2319 Omnes
423 2304 485 2324 quas-

303 2332 393 2352 cumque
418 2326 485 2345 cerle-

304 2353 345 2372 sias
383 2354 401 2371 ιἸ
440 2353 486 2371 lura

304 2386 338 2404 pia
374 2380 486 2399 violatori<

304 2406 342 2425 bus
355 2405 448 2426 subiicit.

506 207 572 241 114

478 274 620 307 gressum
647 268 677 296 et
696 263 911 297 executionem
937 269 1140 304 concernunt,
1160 263 1213 298 de-

479 316 642 356 cernendi,
667 315 797 348 faciendi
823 321 915 359 atque
940 316 1051 360 exequi
1076 316 1215 357 iubendi,

480 380 630 415 personas
655 380 871 413 quascumque
897 375 959 402 tam
982 370 1216 411 ecclesiasticas,

480 423 646 464 seculares,
671 428 701 455 et
725 422 862 455 cuiusvis
887 422 1022 463 ordinis,
1047 423 1138 457 etiam
1163 423 1213 456 Ci-

479 475 658 509 stercicnsis
682 485 717 508 ae
742 474 771 507 S.
794 475 918 508 Antonii
940 475 1132 517 Viennensis,
1150 485 1220 508 nec-

479 539 542 562 non
567 528 829 571 congregationis,
845 528 1007 561 Societatis
1030 529 1122 561 etiam
1141 529 1219 570 lesu,

481 592 516 613 ae
541 581 684 622 instituti,
702 591 822 614 necnon
845 581 1039 622 militiarum,
1057 581 1149 614 etiam
1170 581 1222 614 ho-

481 635 600 679 spitalis
614 634 711 667 saneti
729 634 852 667 loannis
870 634 1155 678 llierosolymitani,
1173 645 1221 667 re-

482 688 618 731 gulares,
644 698 736 731 quam
763 687 857 720 etiam
878 688 982 729 laicas,
1005 698 1064 731 pro
1081 687 1176 720 rebus
1193 692 1223 719 et

482 740 616 783 negotiis
641 740 677 772 ad
705 739 912 773 visitationem
938 739 1118 773 huiusmodi
1143 750 1219 783 per-

482 794 654 827 tinentibus
678 793 716 826 ad
742 804 795 827 vos
820 793 972 834 vocandi,
997 797 1027 827 et
1050 793 1087 826 ad
1112 804 1221 837 perso-

482 848 595 880 naliter
612 857 717 880 coram
733 847 820 880 vobis
833 846 1078 891 comparendum
1097 845 1222 886 citandi,

484 901 731 944 opportunisque
757 900 834 932 iuris
847 905 877 933 et
891 899 961 933 sacti
981 899 1126 932 remediis
1140 909 1224 932 com-

484 954 630 998 peHendi,
657 954 775 986 similes
800 953 873 986 item
893 963 1044 997 personas
1061 963 1224 996 quascum-

487 1018 557 1051 que,
576 1012 606 1039 et
623 1012 783 1051 tamquam
808 1007 998 1051 principales
1016 1007 1119 1050 quoad
1135 1017 1178 1047 se,
1195 1010 1224 1038 et

487 1067 646 1104 tamquam
673 1066 765 1093 testes
787 1060 890 1104 quoad
908 1061 995 1101 alios,
1016 1061 1224 1101 examinandi,

487 1120 516 1148 et
539 1120 573 1147 ut
598 1114 718 1147 veritati
741 1113 952 1148 testimonium
975 1114 1161 1157 perhibeant
1177 1114 1226 1146 ad-

487 1167 633 1201 monendi
658 1177 694 1199 ae
719 1167 811 1199 etiam
833 1166 974 1209 cogendi,
992 1167 1167 1199 iuramenta
1182 1166 1226 1199 eis

487 1221 645 1254 deserendi
668 1225 697 1253 et
719 1220 756 1252 ab
782 1220 825 1252 eis
850 1220 993 1263 exigendi
1015 1225 1044 1252 et
1067 1220 1223 1264 recipien-

488 1275 529 1315 di,
555 1274 592 1306 ad
617 1285 778 1307 sacrorum
805 1284 961 1307 canonum
985 1274 1226 1317 praescriptum,

489 1339 524 1362 ae
545 1332 725 1361 recusantes
749 1337 805 1371 per
830 1337 978 1360 censuras
1002 1327 1228 1361 ecclesiasticas

490 1383 627 1426 aliasque
641 1392 758 1426 poenas
773 1381 865 1414 etiam
884 1381 1065 1425 corporales
1080 1381 1167 1414 vobis
1180 1381 1230 1414 bc—

489 1435 611 1468 nevisas
637 1435 876 1478 eou‘ipescendi3

536 1490 551 1533 ξ
575 1490 603 1522 ⁶2.
630 1489 822 1522 Memorialia
846 1488 938 1521 etiam
965 1488 1056 1521 nobis
1081 1488 1230 1532 inscripta

493 1548 523 1576 et
546 1543 673 1583 directa,
691 1548 783 1586 atque
801 1541 1032 1582 instructiones,
1054 1542 1231 1582 relationes,

493 1597 674 1637 delationeS,
699 1597 842 1640 querelas
859 1596 952 1629 etiam
971 1601 1106 1628 secretas
1124 1600 1232 1628 contra

493 1661 708 1694 quascumque
732 1660 883 1693 personas
908 1649 1079 1692 aecipiendi
1098 1653 1127 1681 et
1141 1648 1233 1681 nobis

494 1704 659 1745 referendi,
685 1714 737 1735 seu
763 1703 838 1735 alias
863 1708 957 1746 prout
981 1713 1087 1735 rerum
1114 1707 1143 1734 et
1167 1712 1234 1745 per-

495 1768 641 1791 sonarum
667 1757 799 1801 qualitas
824 1757 965 1800 requiret
994 1756 1077 1788 iuxta
1101 1756 1230 1788 ordina-

496 1811 596 1843 tiones
620 1816 742 1843 nostras
760 1815 789 1842 ct
811 1821 846 1842 ex
866 1809 1052 1842 auctoritate
1069 1809 1156 1841 vobis
1171 1814 1233 1841 tra-

496 1865 560 1897 dita
585 1863 791 1907 providendi3

541 1917 556 1960 ἓ
571 1917 600 1949 3.
615 1915 880 1958 Congregatioues
893 1915 1069 1958 aliquarum
1087 1925 1234 1958 persona-

497 1981 579 2009 rum,
596 1980 675 2013 quac
698 1969 785 2002 vobis
803 1969 831 2001 in
849 1969 1014 2001 consilium
1034 1979 1129 2012 super
1146 1978 1235 2011 prae-

498 2023 602 2056 missis
632 2023 827 2055 adhibendae
853 2022 1058 2062 videbuntur,
1085 2021 1235 2062 faciendi,

498 2081 527 2111 et
551 2077 618 2109 illas
639 2076 763 2108 easdem
790 2086 939 2118 personas
964 2075 1149 2107 auctoritate
1173 2085 1232 2107 no-

499 2132 562 2163 stra
587 2129 727 2169 vocandi,
753 2134 782 2161 et
807 2140 877 2161 cum
904 2129 948 2161 eis
973 2129 1011 2161 de
1034 2128 1169 2170 negotiis
1197 2128 1237 2160 vi-

499 2183 651 2217 sitationis
665 2183 844 2216 huiusmodi
865 2182 1027 2222 tractandi,
1041 2181 1235 2216 consultandi

501 2243 530 2270 et
560 2236 774 2276 deliberandi,

545 2292 559 2334 ἓ
584 2290 612 2323 sl.
637 2290 901 2332 Quotiescumque
925 2289 1017 2322 etiam
1044 2288 1131 2322 vobis
1155 2288 1237 2320 vide—

500 2344 599 2381 bitur,
624 2354 660 2376 ac
684 2343 776 2375 etiam
803 2353 944 2375 seorsum
967 2353 984 2374 a
1009 2342 1098 2375 uobis
1123 2346 1152 2375 et
1177 2342 1235 2375 ite-

502 2398 577 2430 ratis
602 2397 740 2436 vicibus,
765 2396 967 2439 quamtumvis
998 2395 1098 2428 dictae
1130 2395 1238 2435 Urbis,

503 2462 557 2483 seu
582 2455 669 2483 extra
695 2451 778 2482 illam
809 2450 888 2482 iutra
909 2455 1012 2482 tamen
1030 2449 1113 2481 illius
1129 2448 1239 2481 destri-

503 2510 586 2537 ctum
613 2504 848 2537 consistentium
875 2503 1150 2547 patriarchalium,
1175 2502 1238 2535 col-

505 2559 711 2601 legiatarum,
740 2557 989 2601 parochialium,
1022 2567 1075 2589 seu
1108 2555 1239 2589 aliarum

506 2611 726 2652 ecclesiarum,
746 2611 837 2644 ctiam
863 2611 892 2643 S.
919 2611 952 2644 R.
975 2611 1006 2643 E.
1033 2609 1242 2643 cardinalibus

1053 215 1231 241 BULLARIUM
1256 214 1409 240 ROMANUM

1247 263 1368 298 ratione
1388 263 1468 296 tituli
1493 267 1546 295 aut
1570 260 1833 294 denominationis
1851 260 1897 294 sui
1917 270 1988 294 ear-

1249 316 1421 356 dinalatus,
1446 320 1476 348 et
1500 314 1576 347 alias
1600 313 1853 357 quomodolibet,
1879 314 1927 346 vel
1952 323 1988 346 ex

1250 369 1358 413 quavis
1383 370 1474 402 causa
1500 367 1733 407 subiectarum,
1767 376 1821 399 seu
1853 366 1990 399 cuiusvis

1252 423 1412 467 cappellae
1436 422 1482 454 vel
1508 420 1656 460 oratorii,
1681 429 1802 453 necnon
1827 425 1985 453 monaste-

1253 476 1373 509 riorum
1388 503 1396 516 ,
1420 479 1482 507 tam
1509 474 1648 506 virorum
1675 483 1767 516 quam
1800 472 1966 506 mulierum
1983 500 1990 513 ,

1254 529 1460 572 prioratuum,
1485 526 1652 560 domorum
1678 529 1707 559 et
1731 525 1873 558 locorum
1901 536 1990 559 secu-

1255 582 1379 623 larium,
1397 591 1453 614 seu
1478 580 1644 614 cuiuslibet
1657 578 1786 620 ordinis,
1804 579 1896 612 etiam
1910 580 1991 612 Men-

1255 635 1437 675 dieantinm,
1450 645 1485 667 ac
1498 634 1590 666 etiam
1605 632 1817 666 Cisterciensis
1840 642 1876 664 ae
1889 631 1918 665 S.
1931 632 1992 665 An-

1256 688 1332 721 tonii
1358 687 1557 727 Viennensis,
1581 696 1702 719 necnon
1728 684 1992 728 congregationis,

1255 741 1419 774 Societatis
1444 740 1536 773 etiam
1563 740 1641 777 lesu,
1667 749 1702 771 ae
1726 737 1858 770 instituti
1884 742 1914 770 et
1939 737 1995 769 mi-

1257 794 1349 835 litiae,
1371 794 1463 826 etiam
1484 792 1648 836 hospitalis
1672 791 1768 824 sancti
1787 790 1910 824 loannis
1926 790 1995 823 Hie-

1257 847 1480 892 rosolymitani,
1505 846 1625 879 etiamsi
1648 845 1773 878 illorum
1799 844 1900 887 capita
1925 842 1992 877 exi-

1257 906 1359 941 stant,
1384 900 1595 944 regularium,
1621 904 1651 932 et
1674 898 1876 942 hospitalium
1901 898 1994 930 etiam

1257 954 1483 994 nationalium,
1514 958 1544 986 et
1579 954 1608 987 S.
1645 952 1781 996 Spiritus
1816 951 1847 983 in
1883 951 1995 991 Saxia,

1258 1018 1293 1040 ae
1318 1007 1410 1040 etiam
1437 1012 1667 1050 exemptorum,
1691 1005 1845 1049 nobisque
1865 1010 1895 1038 et
1914 1006 1997 1049 Apo-

1259 1060 1386 1094 stolieae
1410 1060 1481 1094 Sedi
1506 1059 1685 1092 immediate
1706 1059 1920 1092 subiectorum
1947 1070 1998 1102 ge-

1259 1116 1407 1149 neraliter
1431 1126 1704 1160 quorumcumque
1721 1115 1864 1148 locorum
1882 1119 1912 1148 et
1928 1124 1998 1158 ope-

1261 1181 1330 1203 rum
1345 1170 1469 1214 piorum
1484 1169 1722 1213 quomodolibet
1734 1174 1997 1212 nuncupatorum,

1261 1229 1290 1256 et
1314 1234 1514 1267 quocumque
1539 1222 1721 1266 privilegio,
1747 1222 1946 1266 exemptione
1970 1227 2000 1255 et

1262 1276 1457 1309 immunitate
1483 1276 1694 1316 suffultorum,
1719 1286 1892 1319 eorumque
1919 1276 2001 1320 capi-

1263 1330 1411 1370 tulorum,
1436 1334 1658 1369 conventuum,
1675 1328 1923 1370 universitatum,
1941 1330 2001 1363 col-

1263 1383 1429 1426 legiorum,
1453 1382 1746 1425 congregationum,
1763 1382 2003 1416 confraternita-

1264 1441 1340 1476 tum,
1373 1435 1754 1469 archiconsraternitatum
1783 1435 1876 1467 etiam
1907 1435 2003 1469 laieo-

1266 1500 1356 1528 rum,
1389 1490 1482 1521 etiam
1514 1488 1601 1521 nullo
1637 1488 1698 1520 alio
1732 1487 1859 1531 speciali
1894 1493 2003 1521 nostro

1265 1546 1429 1585 expectato
1445 1541 1555 1574 ordine
1577 1542 1623 1573 vel
1649 1541 1795 1574 mandato
1819 1547 1872 1574 aut
1893 1540 2003 1574 etiam¹

1266 1595 1416 1638 requisito
1440 1605 1594 1627 consensu
1620 1595 1665 1627 vel
1696 1594 1830 1634 lieentia,
1856 1595 2005 1628 visitatio-

1266 1659 1337 1682 nem
1356 1649 1499 1689 saeiendi,
1520 1659 1555 1681 ae
1574 1649 1625 1681 illa
1650 1652 1679 1682 et
1702 1649 1860 1692 quaelibet
1876 1649 2004 1682 illorum

1267 1702 1422 1742 visitandi,
1447 1707 1476 1734 et
1501 1702 1532 1734 in
1557 1702 1684 1734 illorum
1709 1705 1834 1741 statum,
1858 1702 2004 1742 sormam,

1268 1756 1402 1798 regulas,
1427 1756 1576 1795 instituta,
1601 1755 1754 1798 regimen,
1781 1760 1909 1796 statuta,
1934 1765 2006 1788 con-

1267 1810 1457 1850 suetudines,
1482 1809 1650 1852 vitamque,
1676 1808 1762 1851 ritus,
1785 1819 1899 1850 mores,
1918 1809 2007 1843 disci-

1267 1862 1397 1906 plinam,
1406 1862 1592 1902 doctrinam,
1601 1862 1799 1896 idoneitatem
1811 1863 2007 1905 singularum

1269 1925 1485 1959 personarum,
1509 1915 1699 1948 coniunctim
1731 1916 1778 1947 vel
1806 1915 1952 1957 divisim,
1978 1922 2008 1949 et

1270 1974 1331 2000 tam
1357 1969 1387 2000 in
1412 1969 1512 2012 capite
1536 1978 1629 2012 quam
1655 1968 1684 2000 in
1711 1969 1873 2010 membris,
1886 1979 2008 2003 necnon

1269 2022 1353 2054 circa
1377 2021 1517 2054 divinum
1536 2022 1665 2062 cultum,
1683 2022 1861 2064 religiosam
1879 2023 2010 2056 functio-

1270 2086 1351 2115 nem,
1376 2075 1581 2108 ecclesiarum
1606 2075 1771 2116 decorem,
1794 2076 1954 2109 fructuum
1979 2082 2010 2110 et

1272 2129 1454 2162 introituum
1480 2128 1732 2172 dispositionem,
1758 2130 1935 2172 regularem
1961 2141 2009 2163 re-

1272 2183 1456 2225 ligiosorum
1476 2188 1537 2215 tam
1556 2183 1697 2216 virorum
1716 2194 1810 2226 quam
1840 2184 2009 2217 mulierum

1271 2237 1501 2270 observantiam
1516 2264 1523 2277 ‚
1548 2237 1671 2280 aliaque
1696 2238 1801 2270 omnia
1826 2243 1855 2270 et
1888 2237 2011 2281 singula

1272 2292 1309 2324 ad
1334 2297 1436 2325 actum
1462 2291 1642 2324 huiusmodi
1671 2291 1854 2325 visitationis
1878 2302 2010 2335 quomo·

1272 2345 1448 2388 doeumque
1462 2344 1634 2388 spectantia
1645 2344 1811 2387 diligenter
1824 2345 2010 2388 inquirendi,

1273 2401 1302 2428 et
1326 2395 1363 2427 ad
1383 2395 1467 2428 hunc
1488 2395 1632 2428 effectum
1652 2405 1870 2439 quaecumque
1883 2395 2010 2429 illorum

1273 2448 1427 2488 archivia,
1452 2448 1657 2481 bibliothecas
1682 2454 1711 2481 et
1735 2459 1953 2493 quaecumque
1980 2449 2011 2482 in

1275 2501 1334 2534 illis
1366 2502 1584 2536 contineantur
1618 2501 1806 2535 documenta
1837 2506 1867 2535 et
1895 2502 2011 2535 instru-

1313 2619 1321 2643 1
1342 2616 1440 2644 lterum
1455 2616 1541 2644 subde
1555 2618 1635 2644 nullo
1650 2617 1692 2645 vel
1706 2625 1765 2644 reon
1780 2618 1817 2653 (u.
1833 2617 1881 2652 T.).
