2243 3205
226 197 273 223 An.
295 196 322 224 c,
347 196 412 223 1658
458 187 521 220 402

315 1639 416 1664 Spiritum

232 1666 277 1687 Deo
310 1670 416 1686 commen-

233 1692 285 1713 dans
312 1691 417 1717 expiravit

233 1720 268 1739 die
280 1724 315 1739 ΠΗ
329 1720 416 1744 septem-

233 1746 277 1766 bris
286 1751 347 1765 anv.
355 1745 419 1765 Plan-

233 1774 278 1792 ctus
287 1777 375 1796 magnus
385 1776 417 1791 su-

234 1804 272 1825 per
287 1804 342 1819 eum.

422 254 530 276 recuso
556 244 717 285 taborem‚·
744 245 797 277 sin
822 246 944 287 minus,
975 247 1068 290 cupio
1095 247 1160 281 dis-

422 296 504 329 solvi
521 301 550 329 ct
567 306 631 329 esse
652 301 764 330 tecum.
790 298 875 331 Tunc
899 309 985 341 vero,
1011 310 1081 333 cum
1106 311 1162 344 per

423 359 632 382 oeconomum
665 350 803 393 quinque
835 351 967 384 millium
992 362 1160 386 aureorum

423 412 577 434 summam
614 412 777 445 superesse
813 403 1062 446 significaretur,
1094 416 1161 438 eam

424 455 618 498 pauperibus
647 455 794 488 distribui
829 454 1003 498 mandavit;
1028 469 1162 501 cumque

424 507 625 542 intellexisset
649 509 794 542 omnibus
815 510 947 545 civitatis
971 511 1163 555 pauperibus

423 561 546 594 abunde
564 572 630 595 csse
646 562 844 605 subventum,
864 569 894 597 ct
909 565 1011 599 adhuc
1032 565 1164 597 milleet

424 614 612 657 quingentos
635 625 748 649 aureos
776 617 914 661 reliquos
938 629 1015 659 esse,
1036 618 1074 651 ad
1099 618 1163 650 im-

425 668 624 701 mortalitatis
641 668 783 702 bravium
805 671 939 704 terrenis
963 671 1109 705 omnibus
1126 670 1165 703 af-

424 719 556 753 fectibus
581 722 771 765 exspoliatus
792 723 950 765 anhelans,
969 723 1013 756 sic
1033 733 1165 766 conque-

426 778 491 805 stus
512 778 574 805 est:
602 774 666 807 Cur
686 785 735 808 mc
753 775 804 808 hic
826 775 976 809 dete'netis
994 776 1110 816 adhuc,
1127 786 1166 809 ne

426 825 468 858 ad
492 826 669 868 stutendum
694 828 784 869 bono,
813 829 896 872 quod
920 830 1006 862 mihi
1034 829 1166 873 paravit

427 878 598 920 Dominum,
612 880 756 913 evolem?
770 886 951 925 properate,
967 892 1046 925 opus
1063 881 1166 914 absol-

425 932 499 973 vite,
516 943 555 965 ne
574 934 640 977 ipsc
657 934 783 967 diutius
797 935 849 968 Ιιΐο
866 936 903 968 in
922 935 1029 968 labore
1046 936 1167 968 anxius

426 986 583 1026 detinear,
603 987 657 1019 secl
678 987 807 1021 tandem
824 988 859 1021 in
875 999 954 1032 pace
978 989 1102 1022 Christe?
1118 999 1165 1021 re-

428 1039 600 1083 quiescam.
627 1041 663 1072 Et
696 1041 811 1074 certior
844 1042 943 1074 faetus
975 1042 1036 1074 iam
1062 1042 1167 1075 omnia

428 1098 655 1134 consummata,
675 1093 743 1137 ipse
769 1104 860 1127 suum
885 1094 946 1127 iam
972 1105 1167 1128 consumma-

428 1151 518 1178 turus
542 1157 681 1188 cursum,
698 1147 761 1180 Deo
786 1148 902 1190 gratias
926 1158 1021 1190 agens
1039 1148 1166 1181 addidit:

427 1199 524 1232 Nunc
550 1199 653 1232 laetus
678 1200 719 1233 acl
734 1211 870 1244 agonem
893 1211 1038 1244 propere,
1059 1202 1167 1234 nudus

429 1264 501 1287 cum
520 1253 617 1293 undo,
634 1254 685 1286 m'l
703 1254 824 1287 habens
849 1254 933 1287 unde
960 1259 1077 1297 tenear,
1094 1260 1169 1288 stre-

428 1317 490 1340 nue
517 1308 720 1347 luctaturus,-
744 1307 895 1351 iussitque
920 1318 952 1341 se
984 1319 1073 1341 sacro
1098 1309 1168 1342 oleo

429 1360 545 1393 muniri
560 1365 590 1393 ct
607 1360 725 1393 clerum
747 1360 861 1402 vocari,
879 1361 939 1402 cui,
959 1363 1169 1406 sumptosssan-

431 1413 586 1447 ctissimae
611 1413 825 1448 Eucharistiae
850 1420 1067 1457 sacramento,
1102 1426 1169 1448 san-

430 1467 568 1500 ctitatem
582 1467 662 1500 vitae
685 1473 714 1500 et
731 1472 916 1511 perpetuam
935 1478 1010 1511 erga
1030 1473 1167 1503 sanctam

431 1520 541 1554 Sedem
568 1520 777 1564 Apostolicam
799 1520 1008 1556 obedientiam
1027 1532 1062 1555 cx
1081 1527 1170 1555 testa-

430 1578 536 1607 mento
557 1573 681 1616 legavit.

475 1628 490 1671 §
514 1627 565 1659 ΩΙ.
590 1628 720 1660 Demum
739 1628 835 1660 semel
853 1627 954 1661 adhuc
974 1628 1031 1661 sub
1052 1630 1170 1672 specie-

431 1680 492 1714 bus
534 1681 815 1714 sacramentalibus
858 1683 1001 1715 venerari
1041 1683 1171 1726 cupiens

432 1735 529 1767 Deum
563 1734 778 1775 Salvatorem,
803 1745 897 1779 quem
931 1746 1002 1769 mox
1033 1736 1110 1770 faeie
1134 1737 1172 1769 ad

432 1787 543 1821 facicm
569 1797 635 1821 sese
660 1788 847 1827 intuiturum
872 1788 1035 1832 sperabat,
1061 1790 1091 1822 in
1116 1801 1172 1824 suo

434 1842 580 1875 cubiculo
605 1847 747 1875 sanetum
765 1842 955 1876 sacrificium
980 1843 1112 1887 confici,
1145 1849 1174 1878 et

434 1895 559 1927 interim
578 1895 637 1929 sibi
654 1896 836 1929 Dominicae
857 1896 1013 1930 Passionis
1034 1898 1173 1940 Evange—

434 1949 511 1981 lium
536 1948 709 1982 secundum
731 1949 878 1982 loannem
904 1950 966 1993 legi
992 1951 1107 1991 voluit;
1126 1962 1174 1984 eo-

433 2012 493 2044 que
518 2012 588 2034 cum
614 2002 674 2034 alta
699 2003 962 2046 contemplatione
988 2003 1113 2044 audito,
1139 2014 1174 2038 ac

434 2055 515 2087 mira
539 2055 652 2098 pictate
685 2061 714 2089 et
744 2057 919 2090 humilitate
951 2058 1174 2101 augustissimo

434 2114 640 2149 sacramento,
660 2120 735 2152 erga
755 2110 839 2153 quod
864 2121 991 2155 semper
1016 2111 1175 2145 devotissi-

435 2172 505 2195 mus
519 2162 627 2203 extitit,
653 2163 690 2195 ad
715 2163 920 2197 elevationem
941 2165 1080 2206 adorato,
1100 2176 1175 2209 prae

435 2215 550 2258 gaudio
576 2215 637 2247 vim
663 2216 873 2259 laerymarum
905 2218 1108 2261 profundens,
1134 2219 1176 2251 in-

436 2268 559 2301 choavit
579 2269 748 2302 canticum:
774 2270 869 2303 Nunc
893 2271 1033 2305 dimittis
1049 2283 1176 2305 sert-um

439 2326 538 2362 tuum,
564 2322 709 2363 Domine,
734 2324 910 2356 secundum
932 2325 1061 2358 verbum
1083 2330 1175 2359 tuum

438 2374 567 2417 iupa&
580 2384 679 2417 eoque
690 2375 842 2419 absoluto,
850 2376 995 2409 subdidit:
1006 2378 1047 2411 In
1058 2388 1175 2411 mames

440 2430 521 2467 luae,
531 2427 677 2468 Domine,
691 2429 876 2462 commendo
886 2430 1040 2474 spiritum
1054 2442 1173 2472 mettim

438 2489 517 2522 quae
542 2491 613 2512 cum
635 2481 762 2523 diceret,
781 2483 943 2526 expiravit,
957 2484 1006 2516 die
1033 2495 1087 2517 vin
1105 2495 1176 2529 scp-

438 2532 579 2573 tembris,
609 2544 739 2578 vespere
771 2536 943 2570 Nativitatis
974 2538 1175 2571 Beatissimae

440 2585 585 2629 Virginis,
611 2587 795 2627 cuiusdam
823 2590 949 2632 vireret,
975 2601 1083 2626 amore
1111 2593 1175 2625 lan-

998 199 1175 224 BULLARIUM
1201 200 1353 224 ROMANUM

1946 204 1995 232 An.
2011 205 2041 232 C.
2062 205 2129 233 1658

1196 247 1330 291 guebat‚
1355 257 1436 281 anno
1467 249 1575 282 salutis
1606 259 1702 290 iiuLv,
1724 251 1832 285 aetatis
1859 261 1933 285 suae

1195 311 1303 334 va111.

1239 354 1254 396 g
1279 353 1328 386 22.
1354 353 1462 387 Clerus
1490 360 1520 387 et
1550 355 1696 399 populus,
1711 355 1764 398 qui
1777 355 1815 388 ad
1833 356 1931 390 Deum
1974 371 2042 391 Lucus
2061 371 2130 397 sepui-

1196 406 1401 449 confugerant
1426 407 1541 440 indicta
1575 408 1803 452 supplicatione
1839 399 2016 452 gene-'⁰¹³⁹'

1196 458 1252 491 rali
1271 469 1329 502 pro
1343 469 1400 492 suo
1414 459 1582 502 languente
1599 465 1733 504 pastore,
1750 460 1783 493 in
1799 461 1933 494 ecclesia

1196 510 1225 544 S.
1242 511 1380 544 Thomae
1396 513 1528 556 apostoli
1546 513 1711 546 stationem
1728 517 1934 557 peregerunt3

1197 562 1339 608 adeoque
1366 564 1551 598 universalis
1577 566 1718 609 ploratus
1746 566 1885 607 invaluit,
1902 571 1936 599 ut

1198 616 1273 648 cleri
1298 621 1407 650 cantus
1431 627 1493 651 non
1518 617 1716 658 audirentur3
1742 623 1772 651 et
1795 618 1834 651 ad
1858 618 1932 651 anti-

1199 669 1335 712 phonam
1346 680 1352 702 z
1365 669 1439 703 Non
1455 681 1567 704 sumus
1584 671 1680 715 diynz'
1696 682 1717 705 a
1731 675 1758 705 te
1773 671 1936 712 exaudiri,

1199 727 1355 763 cantores,
1369 723 1479 756 dolore
1499 729 1528 757 et
1549 724 1822 757 commiseratione
1844 735 1938 769 ¹com-

1200 775 1287 817 moti,
1308 775 1392 808 illam
1410 786 1486 819 prae
1513 776 1659 821 lacrymis
1687 776 1849 810 absolvere
1877 787 1930 810 ne—

1199 827 1366 871 quiverint.
1398 829 1486 872 Mox,
1512 829 1617 863 audito
1653 830 1746 874 pulsu
1770 839 1939 874 campanae

1200 881 1283 914 illius
1308 881 1427 914 obitum
1448 882 1637 924 nunciantis‚
1658 883 1699 916 ita
1715 883 1858 927 planctus
1875 893 1940 916 orn-

1199 934 1286 966 nium
1312 935 1426 978 erupit,
1452 940 1486 968 ut
1511 935 1647 969 cuiusvis
1672 935 1859 970 conditionis
1883 936 1939 970 ho—

1201 987 1311 1028 mines,
1329 988 1417 1031 quasi
1434 993 1572 1021 amentes
1595 999 1652 1033 per
1680 989 1744 1022 vias
1761 988 1940 1022 discurren-

1202 1045 1247 1073 tes
1266 1045 1387 1084 patrem
1416 1051 1449 1074 se
1477 1041 1634 1075 amississe
1661 1046 1940 1087 conquererentur.

1245 1094 1260 1137 ἓ
1281 1093 1332 1127 23.
1351 1094 1497 1138 Corporis
1522 1106 1596 1129 vero
1620 1100 1750 1140 aspectu
1765 1096 1797 1128 in
1814 1101 1876 1128 tam
1896 1096 1941 1129 in-

1202 1148 1286 1191 genti
1304 1148 1425 1181 iactura
1444 1148 1525 1182 idem
1546 1149 1681 1193 populus
1701 1149 1778 1183 adeo
1796 1160 1828 1183 se
1844 1149 1941 1182 levari

1202 1212 1294 1245 posse
1319 1202 1458 1246 putabat,
1484 1208 1517 1235 ut
1542 1203 1619 1236 iliud
1642 1203 1876 1247 pontificalibus
1893 1204 1940 1237 in-

1201 1254 1358 1288 dumentis
1390 1260 1421 1288 ct
1453 1256 1569 1289 ssorum
1596 1258 1722 1297 corona,
1755 1257 1941 1301 virginitatis

1201 1310 1267 1343 eius
1291 1310 1416 1353 insigni,
1430 1315 1575 1344 ornatum
1593 1311 1630 1343 ad
1647 1311 1819 1354 praefatam
1843 1311 1942 1345 eccle-

1202 1364 1279 1396 siam
1298 1364 1327 1396 S.
1343 1364 1456 1397 Mariae
1474 1364 1511 1397 de
1535 1365 1693 1397 Succursu
1706 1364 1831 1398 Ordinis
1845 1365 1943 1399 sancti

1202 1417 1366 1460 Augustini
1391 1417 1538 1459 delatum,
1562 1418 1660 1451 humo
1685 1418 1764 1451 tradi
1788 1428 1852 1452 non
1875 1429 1944 1463 per-

1204 1471 1349 1512 misisset,
1374 1470 1433 1503 nisi
1458 1471 1571 1504 fratres
1596 1471 1736 1504 eiusdem
1761 1472 1944 1506 monasterii

1204 1524 1383 1568 sepulturae
1413 1524 1589 1558 clanculum
1626 1524 1834 1559 mandassent.
1863 1525 1944 1559 Talis

1204 1582 1309 1610 autem
1334 1582 1401 1610 erat
1425 1578 1526 1621 gratia
1546 1578 1612 1611 eius
1630 1578 1772 1622 corporis
1797 1579 1943 1621 emortui,

1204 1637 1237 1664 ut
1257 1631 1371 1664 viventi
1391 1631 1474 1664 haud
1494 1631 1635 1665 absimile
1652 1637 1827 1676 appareret.

1249 1685 1264 1728 g
1288 1684 1338 1717 024.
1357 1684 1537 1718 Successive
1555 1689 1658 1719 tamen
1675 1686 1772 1718 multa
1790 1691 1861 1719 sunt
1878 1686 1955 1720 eius‘

1206 1737 1451 1780 suffragantibus
1472 1738 1591 1771 meritis
1608 1738 1690 1771 edita
1711 1738 1871 1780 miracula,
1889 1739 1945 1772 Do-

1207 1791 1291 1824 mino
1317 1796 1516 1834 cooperante,
1542 1796 1572 1824 et
1603 1792 1684 1826 servi
1710 1791 1757 1825 sui
1782 1803 1881 1836 usque
1905 1792 1945 1825 ad

1207 1850 1341 1877 mortem
1367 1844 1468 1877 fidelis
1494 1845 1572 1877 vitae
1598 1845 1792 1880 sanctitatem
1830 1845 1945 1880 confir-

1208 1903 1310 1931 mante
1335 1898 1536 1942 sequentibus
1561 1899 1668 1942 signis.

1251 1952 1317 1985 Duo
1343 1952 1458 1984 etenim
1484 1953 1600 1986 mortui
1629 1953 1672 1986 ad.
1692 1952 1785 1985 vitam
1810 1955 1946 1989 revocati

1207 2005 1312 2037 fuere:
1344 2005 1458 2038 Paulus
1491 2005 1676 2039 Franciscus
1707 2006 1847 2040 Cardona
1876 2012 1947 2051 post

1208 2064 1327 2102 septem
1349 2059 1504 2092 mensium
1523 2059 1634 2093 febrim
1651 2060 1816 2102 extinctus,
1825 2065 1855 2094 et
1871 2061 1957 2106 Spe-⁴

1209 2111 1308 2144 rantia
1327 2112 1448 2145 Valeria
1465 2112 1571 2146 decem
1589 2123 1716 2157 quoque
1734 2114 1890 2148 mensium
1906 2115 1948 2148 fe-

1209 2165 1256 2197 bri
1278 2169 1472 2209 consumpta,
1486 2176 1549 2199 non
1566 2167 1667 2199 solum
1690 2167 1770 2200 vitae
1783 2168 1837 2201 sed
1854 2168 1946 2201 etiam

1209 2219 1348 2262 integrae
1369 2219 1491 2254 sanitati
1505 2220 1640 2253 restituti
1660 2225 1739 2255 sunt.

1253 2273 1396 2306 Marcella
1431 2273 1469 2306 de
1505 2274 1629 2307 Lizania
1669 2275 1794 2309 tertium
1831 2285 1947 2308 annum

1209 2336 1303 2369 agens
1318 2326 1466 2359 trimestri
1485 2327 1596 2360 morbo
1617 2327 1826 2362 distillationis
1843 2328 1873 2361 in
1889 2339 1946 2373 pe-

1209 2385 1295 2413 ctore
1320 2380 1439 2422 affecta,
1466 2381 1641 2414 vehementi
1671 2385 1700 2415 et
1725 2381 1847 2415 assidua
1872 2382 1948 2416 tussi

1209 2433 1250 2465 ita
1274 2433 1397 2474 afflicta,
1422 2439 1456 2466 ut
1480 2439 1666 2478 erumpente
1691 2445 1706 2468 e
1730 2439 1859 2478 pectore
1883 2445 1948 2468 san-

1209 2486 1302 2528 guine
1316 2486 1421 2520 cibum
1441 2497 1576 2527 sumere,
1591 2493 1644 2520 aut
1660 2492 1820 2532 sumptum
1837 2488 1948 2521 retine-

1209 2549 1242 2572 re
1266 2549 1329 2572 non
1354 2545 1472 2583 posset⁷
1486 2540 1686 2574 distillatione
1711 2541 1805 2574 etiam
1826 2541 1863 2573 ad
1880 2541 1947 2574 eius

1209 2593 1316 2626 oeulos
1333 2592 1550 2635 descendente,
1569 2594 1714 2627 remediis
1739 2594 1885 2627 omuibus
1909 2594 1947 2628 ad

1956 1137 1984 1156 lui
1998 1137 2073 1162 gratia.

1985 1697 2087 1718 Min-acula
2095 1698 2141 1723 post
2150 1700 2153 1701 ⁷

1959 1727 2056 1746 mortem.

1969 1109 2067 1135 corporis
2074 1116 2136 1131 emor·
2179 1126 2184 1130 .
