2185 3188
48 210 96 235 An.
117 207 146 234 C.
164 207 230 234 ¹655

72 589 150 609 ltlotim
166 589 228 609 liuius

46 615 210 637 constitutit-me.

53 1390 189 1416 cappellanus
198 1391 226 1411 sa-

45 1419 137 1447 ntiliares
159 1419 227 1438 alisi-l-

46 1447 75 1464 vn
90 1451 102 1465 a
117 1450 218 1466 censuris.

67 1923 123 1944 Motu
138 1924 221 1950 proprio

40 1951 139 1975 comites,
162 1950 220 1972 nobi·

39 1977 69 1998 les
83 1980 148 1998 creat.

841 203 1027 227 ALEXANDER
1053 203 1097 225 ΥΙΙ
1117 203 1164 226 ΓΡ.

245 326 405 360 Concessio
428 325 679 368 privilegliorum
695 335 754 368 pro
774 324 842 357 suis
858 314 1002 367 cappa-3

287 378 373 411 lanis
398 379 635 411 communibus.

444 458 611 485 Alexander
625 458 703 491 Papa
719 457 780 489 VII,

385 503 420 529 ad
441 503 572 529 futuram
592 502 637 529 rei
659 502 839 528 memoriam.

287 573 380 607 Grata
403 572 618 606 familiaritatis
636 570 817 616 obsequia¹‚
835 582 914 615 quae
935 571 983 604 di-

244 627 312 660 lecti
351 627 404 660 filii
439 627 594 671 Josephus
618 627 761 666 Tosone,
798 626 1001 659 Franciscus,

243 680 400 723 Sardolus,
427 681 690 724 Michaelangelus
715 680 860 722 Lualdus,
877 680 984 712 Hiero

242 744 353 778 aymus
370 735 529 776 Morellus,
548 734 678 767 Ioannes
700 734 885 766 Laurentius
903 733 983 766 della

242 788 341 828 Ratta,
360 793 389 821 et
406 788 546 821 Andreas
565 787 674 828 Basile,
700 787 888 832 presbyteri,
915 798 983 820 mo-

241 840 329 873 derni
348 842 507 885 cappellae
520 847 645 874 nostrae
658 841 837 885 pontificiae
856 842 982 885 cappel-

241 895 303 927 lani
318 895 485 928 familiares
502 895 611 935 nostri,
629 895 720 928 nobis
738 900 767 927 et
785 895 982 938 Apostolicae

242 948 313 981 Sodi
337 949 489 981 hactenus
510 949 745 993 impenderunt,
759 954 787 981 et
809 948 910 981 adhuc
925 949 983 982 sol-

241 1001 333 1034 licitis
364 1002 473 1035 studiis
505 1002 688 1046 impendere
720 1013 783 1036 non
808 1002 981 1043 desistunt,

240 1065 361 1088 necnon
380 1055 458 1089 vitae
483 1066 518 1089 ac
541 1066 666 1089 morum
690 1057 838 1089 honestas
858 1057 980 1100 aliaque

239 1108 406 1141 laudabilia
431 1109 596 1153 probitatis
621 1115 651 1142 et
675 1110 826 1143 virtutum
852 1110 980 1150 merita,

239 1162 353 1206 quibus
370 1173 478 1196 eorum
500 1174 662 1208 personas,
681 1169 742 1197 tam
765 1164 910 1197 familiari
929 1175 980 1197 ex-

238 1216 401 1260 perientia,
425 1228 519 1261 quam
544 1218 637 1251 etiam
659 1218 719 1251 fide
745 1218 914 1261 dignorum
941 1224 980 1251 te-

240 1270 403 1312 stimoniis,
421 1270 519 1304 iurari
537 1271 740 1315 percipimus,
756 1282 813 1305 nos
828 1272 980 1305 inducunt

240 1330 273 1357 ut
297 1325 357 1357 illis
383 1326 550 1360 reddamur
575 1327 613 1360 ad
638 1327 770 1370 gratiam
796 1328 952 1361 liberales.

286 1377 301 1420 ξ
327 1378 353 1410 1.
379 1378 457 1411 Hinc
483 1385 528 1412 cst
552 1379 635 1423 quod
660 1391 726 1421 nos,
751 1381 890 1414 volentes
909 1381 979 1414 illos

243 1430 429 1472 specialibus
451 1432 607 1466 favoribus
632 1439 658 1466 et
685 1434 794 1476 gratiis
818 1435 978 1478 prosequi,

244 1493 359 1526 eosque
388 1495 405 1517 a
437 1485 596 1528 quibusvis
625 1487 978 1530 excommunicationis,

243 1537 455 1580 suspensionis
481 1544 509 1571 et
534 1539 700 1580 interdicti,
726 1540 856 1584 aliisque
882 1541 979 1574 eccle-

241 1590 373 1624 siasticis
399 1593 576 1633 sententiis,
600 1593 741 1626 censuris
766 1600 795 1626 et
819 1595 938 1638 poenis,
963 1606 978 1627 a

240 1642 307 1677 iure
334 1644 378 1677 vel
404 1645 443 1677 ab
469 1645 606 1687 bomine,
625 1647 734 1690 quavis
750 1648 914 1681 occasione
932 1649 979 1681 vel

239 1699 332 1730 causa
356 1697 448 1738 latis,
474 1698 497 1730 si
524 1699 637 1742 quibus
671 1701 909 1743 quomodolibet
934 1702 978 1733 in-

237 1750 342 1783 nodati
367 1751 513 1791 existunt,
534 1752 572 1784 ad
593 1752 738 1785 effectum
765 1755 977 1797 praesentium

237 1804 395 1838 dumtaxat
413 1806 681 1849 consequendum,
698 1807 810 1840 harum
830 1808 910 1840 serie
928 1808 978 1841 ab·

237 1858 391 1892 solventes
416 1865 445 1892 et
469 1859 629 1894 absolutos
655 1861 721 1894 sore
747 1867 931 1904 censentes,

280 1912 295 1955 ἓ
319 1912 348 1945 ⁶2.
375 1913 457 1945 Motu
482 1913 623 1957 proprio,
641 1924 703 1947 non
721 1914 759 1947 ad
779 1915 976 1958 supradicto-

237 1977 305 1999 rum
327 1966 461 2010 Iosepl1i‚
488 1967 666 2009 Francisci,
692 1969 974 2012 tilietiat²tisangeti‚

236 2020 430 2065 Hieronymi,
456 2022 579 2055 loannis
599 2023 757 2056 Laurentii
776 2028 805 2056 et
823 2024 974 2065 Andreae,

236 2074 282 2107 vel
308 2074 437 2108 alicuius
462 2075 613 2119 ipsorum,
631 2082 683 2110 aut
703 2077 836 2110 aliorum
854 2088 912 2121 pro
930 2078 973 2111 cis

234 2128 326 2161 nobis
351 2139 446 2172 super
470 2130 529 2163 lioc
547 2130 667 2164 oblatae
683 2131 840 2174 petitionis
861 2132 974 2164 instan-

236 2182 327 2223 tiam,
352 2182 405 2215 sed
438 2183 476 2216 de
509 2185 595 2216 mera
627 2186 735 2218 nostra
764 2185 969 2218 deliberatio-

233 2247 289 2277 ne,
314 2247 348 2269 ac
373 2238 458 2269 certa
490 2237 637 2280 scientia,
669 2239 840 2282 apostolica
866 2245 972 2273 aucto-

233 2289 344 2331 ritate,
371 2295 478 2324 tenore
515 2292 748 2335 praesentium,
780 2292 971 2336 loseplnmi,

233 2343 446 2385 Franciscuru,
464 2345 804 2388 Micliaelemangelum,
823 2346 972 2391 Hierony-

233 2409 336 2438 mum,
362 2398 508 2431 Ioanncm
534 2399 734 2433 Laurentium
760 2405 790 2433 et.
814 2400 969 2433 Audi-eam

231 2451 420 2495 praedictos,
435 2457 464 2485 et
482 2451 609 2486 illorum
630 2453 780 2497 singulos,
798 2455 828 2487 in
845 2459 970 2489 nostros

232 2512 261 2540 et
285 2507 373 2540 Sedis
397 2507 594 2551 Apostolicae
618 2508 757 2541 notarios
782 2508 968 2552 recipimus,

269 2581 279 2605 1
303 2578 400 2606 Confer
420 2579 535 2606 similem
560 2588 639 2615 supra
665 2588 724 2615 pag.
751 2580 777 2607 Π
805 2580 883 2607 liuius
906 2580 986 2615 lonii¹

230 2624 271 2657 (a.
286 2623 334 2658 ·i·.J.

1694 189 1735 222 77

1017 261 1053 284 ac
1078 251 1157 284 sacri
1184 250 1289 294 palatii
1315 254 1345 284 et
1369 249 1458 283 aulae
1474 247 1692 282 Lateranensis
1711 258 1763 281 co-

1020 305 1109 337 mites
1142 304 1232 347 <sine
1267 310 1371 337 tamen
1403 303 1591 336 dilectorum
1623 301 1763 335 filiorum

1018 358 1214 391 notariorum
1255 357 1293 390 de
1330 367 1464 390 numero
1506 355 1762 400 participantium

1000 411 1225 455 ipraeindieio)
1251 420 1373 443 necnon
1398 410 1522 443 nobiles
1546 410 1705 442 Romanos
1734 413 1763 441 et

1000 464 1106 496 lurbis
1133 464 1259 503 Romae,
1285 463 1490 506 omniumque
1516 466 1545 496 et
1565 462 1762 504 singularum

1000 507 1151 550 ¹aliarum
1178 517 1351 557 civitatum,
1378 520 1532 549 terrarum
1559 521 1587 547 et
1616 515 1761 548 locorum

1000 575 1143 604 'sanctae
1176 571 1336 604 Romanae
1370 569 1527 603 Ecclesiae
1554 569 1688 602 mediate
1715 568 1762 600 vel

1019 624 1199 657 immijdiate
1225 624 1440 657 subiectorum
1463 623 1546 656 cives
1573 632 1717 655 creamus
1735 625 1763 655 et

1000 678 1250 717 'constituinuis‚
1276 688 1310 710 ac
1337 677 1367 710 in
1392 687 1560 709 numerum
1583 682 1612 708 et
1637 686 1763 708 consor-

1020 732 1095 764 tium
1115 732 1249 764 aliorum
1266 737 1448 764 nostrorum
1469 733 1497 764 et
1516 729 1655 762 eiusdem
1673 728 1762 762 Sedis

1017 786 1231 827 notariorum,
1256 795 1378 818 necnon
1404 784 1511 828 palatii
1536 789 1566 816 et
1590 783 1678 815 aulae
1708 793 1761 815 co-

1019 841 1150 881 mitum,
1176 851 1211 873 ac
1235 840 1388 873 nobilium
1416 839 1653 878 Romanorum,
1679 837 1756 870 alio-

1018 905 1151 937 rumque
1176 894 1290 926 eivinm
1326 892 1485 926 civitatum
1515 897 1544 924 et
1569 890 1761 935 oppidorum

1017 948 1230 991 praefatorum
1257 947 1425 980 referimus
1457 951 1486 978 et
1511 944 1759 985 conscribimus,

1018 1002 1177 1046 ipsisque,
1204 1002 1326 1034 etiamsi
1359 1001 1500 1034 habitum
1528 1005 1557 1032 et
1582 999 1760 1032 rochettum

1016 1056 1213 1089 notariorum
1239 1055 1338 1089 dictae
1364 1054 1462 1094 Sedis,
1489 1054 1573 1086 iuxta
1597 1053 1760 1086 decretum

1016 1109 1234 1142 Lateranensis
1259 1109 1382 1142 concilii
1407 1108 1578 1142 novissime
1599 1106 1759 1146 celebrati,

1015 1173 1076 1196 non
1095 1163 1246 1201 deferant,
1265 1168 1318 1196 aut
1339 1162 1479 1195 civitates
1496 1160 1678 1194 huiusmodi
1697 1170 1758 1194 non

1016 1216 1215 1258 incoluerint,
1240 1227 1298 1249 nec
1322 1226 1461 1260 unquam
1487 1215 1519 1247 in
1544 1214 1662 1247 eisdem
1688 1213 1760 1246 cixi-

1016 1271 1132 1303 tatibus
1148 1270 1344 1303 domicilium
1363 1269 1542 1309 habuerint,
1560 1273 1593 1302 ut
1610 1267 1759 1301 omnibus

1014 1329 1043 1358 et
1067 1324 1320 1368 quibuscumque
1345 1323 1530 1368 privilegiis,
1549 1322 1759 1363 facultatibus,

1014 1378 1277 1422 exemptionibus,
1304 1377 1572 1419 immunitatibus,
1598 1376 1755 1409 libertati-

1014 1431 1082 1474 bus,
1107 1431 1279 1472 favoribus,
1304 1431 1415 1475 gratiis
1440 1435 1468 1464 et
1487 1430 1625 1470 indultis,
1643 1428 1757 1473 quibus

1014 1486 1108 1518 ceteri
1134 1496 1244 1519 omnes
1269 1485 1384 1519 notarii
1409 1484 1509 1518 nostri
1535 1484 1627 1517 etiam
1646 1483 1683 1516 de
1700 1493 1757 1516 nu-

1015 1550 1102 1572 mero
1126 1539 1401 1584 partecipantiuiu,
1426 1548 1548 1572 necnon
1573 1537 1703 1571 comites
1727 1541 1758 1570 et

1014 1593 1144 1634 nobiles,
1169 1604 1205 1626 ac
1231 1594 1314 1626 cives
1339 1592 1514 1635 originarii,
1540 1592 1633 1625 etiam
1660 1591 1690 1624 in
1715 1590 1756 1623 di-

1013 1646 1167 1689 gnitatum
1183 1675 1190 1688 ,
1214 1647 1442 1680 beneficiorum
1468 1645 1755 1679 ecclesiasticorum

1013 1706 1042 1733 et
1067 1701 1267 1741 secularium,
1294 1701 1385 1735 etiam
1411 1711 1447 1733 ex
1473 1699 1617 1744 personis
1640 1700 1754 1733 Roma-

1012 1765 1125 1787 norum
1150 1754 1397 1797 originariorum
1424 1753 1611 1793 vacantium,
1630 1763 1753 1786 assecu-

1013 1808 1095 1840 tione
1127 1811 1155 1841 et
1188 1808 1359 1847 exercitio,
1386 1811 1446 1841 tam
1473 1807 1503 1839 in
1527 1806 1632 1847 Urbe,
1658 1817 1752 1850 quam

1011 1862 1188 1895 civitatibus
1213 1861 1392 1905 praedictis,
1417 1872 1452 1894 ac
1477 1861 1552 1894 alias
1578 1861 1695 1904 ubique
1711 1860 1754 1894 Io-

1010 1926 1119 1948 corum
1146 1921 1175 1948 et
1199 1915 1350 1958 gentium,
1376 1925 1499 1948 necnon
1524 1914 1698 1948 sessionum
1724 1919 1753 1947 et

1010 1974 1231 2010 conventuum,
1253 1974 1398 2010 utuntur,
1423 1969 1586 2013 potiuntur
1612 1974 1641 2001 et
1670 1979 1749 2011 gau-

1009 2023 1092 2063 dent,
1119 2034 1153 2056 ac
1177 2023 1240 2063 uti,
1265 2023 1360 2067 potiri
1387 2028 1416 2056 et
1441 2022 1579 2066 gaudere
1603 2026 1752 2066 poterunt

1008 2077 1245 2120 quomodolibet
1272 2077 1302 2109 in
1328 2077 1480 2117 futurum,
1502 2086 1564 2110 non
1591 2076 1692 2109 solum
1714 2075 1752 2108 ad

1010 2131 1134 2164 illorum
1162 2131 1268 2172 instar,
1288 2130 1340 2163 sed
1362 2130 1586 2174 parisormiter,
1605 2135 1633 2162 et
1651 2139 1750 2174 aeque

1009 2185 1226 2229 principaliter
1251 2196 1285 2218 ac
1311 2185 1335 2217 si
1362 2184 1541 2228 privilegia,
1567 2184 1750 2224 facultates,

1007 2239 1232 2282 exemptiones,
1257 2238 1377 2281 gratiae
1402 2244 1431 2271 et
1457 2237 1577 2270 indulta
1600 2248 1657 2281 pro
1677 2237 1750 2281 ipsis

1006 2297 1204 2325 emanassent
1236 2292 1328 2336 (citra
1361 2298 1465 2325 tamen
1490 2291 1708 2335 exemptiones
1733 2301 1750 2324 a

1005 2345 1142 2380 Concilio
1156 2345 1339 2379 Tridentino
1357 2346 1505 2385 sublatas,
1527 2345 1568 2377 ita
1582 2350 1615 2377 ut
1633 2344 1748 2378 nedum

1005 2399 1107 2443 quoad
1133 2399 1318 2440 criminalia,
1337 2399 1390 2432 sed
1412 2400 1506 2432 etiam
1525 2399 1628 2443 quoad
1645 2399 1748 2431 civilia

1004 2453 1188 2486 subiaceant
1212 2452 1396 2495 Ordinariis,
1422 2464 1456 2485 ac
1481 2453 1561 2486 citra
1585 2453 1746 2486 facultates

1005 2507 1219 2550 legitimandi,
1244 2506 1282 2540 ad
1307 2507 1424 2550 gradus
1457 2507 1686 2551 promovendi,
1712 2518 1746 2541 ac

1003 2561 1142 2594 notarios
1168 2572 1222 2593 seu
1249 2561 1431 2593 tabelliones
1457 2561 1594 2600 creandi,
1624 2562 1746 2605 aliaque

984 2622 986 2657 3
1005 2615 1184 2648 huiusmodi
1204 2615 1367 2659 privilegia
1385 2626 1400 2646 a
1419 2615 1550 2647 notariis
1567 2615 1654 2647 Sedis
1668 2616 1744 2658 Apo-

1783 197 1831 224 An.
1850 197 1879 225 C.
1898 197 1964 225 1655
