2243 3205
274 213 322 240 An.
340 212 368 239 e.
391 212 458 240 ¹659
503 202 568 235 452

313 491 410 511 navemn
434 493 456 510 ιιι

274 520 292 538 in
309 518 402 539 rubricat.

294 1876 409 1898 Contrariis
425 1876 460 1896 ile·

277 1905 344 1929 rogat.

470 260 584 292 neralis
608 263 797 303 propterea,
822 269 884 303 quo
909 259 1063 303 spirituali
1089 271 1210 294 eorum-

470 313 541 345 dem
567 312 767 346 alumnorum
803 317 833 345 et
866 313 1082 347 convictorum
1113 313 1208 357 quieti

471 366 661 407 consulatur,
679 370 858 410 opportune
876 366 906 398 in
926 366 1107 410 praemissis
1124 377 1141 399 a
1158 376 1211 398 no-

470 418 517 452 his
534 418 693 463 provideri
710 419 881 463 plurimum
899 419 1056 453 desideret
1071 431 1076 452 :

516 473 530 516 ἓ
554 472 583 505 3.
609 473 680 513 Nos,
699 472 844 506 eumdem
864 473 987 507 Petrum
1006 473 1209 506 Franciscum

471 531 711 568 procuratorem
736 526 915 569 generalem
933 526 1119 570 specialibus
1131 526 1211 558 savo-

472 578 560 611 ribus
584 584 614 611 ct
637 579 746 622 gratiis
780 580 930 624 prosequi
953 580 1113 618 volentes,
1138 583 1167 611 et
1195 589 1212 610 a

473 632 635 676 quibusvis
645 634 989 674 excommunicationis,
1000 631 1212 676 suspensionis

474 691 503 719 ct
527 687 706 728 interdicti,
731 687 862 732 aliisque
894 687 1112 721 ecclesiasticis
1141 696 1212 719 sen-

473 740 588 781 tentiis,
613 741 754 774 censuris
779 747 809 774 et
832 741 952 785 poenis,
973 751 990 773 a
1014 740 1082 773 iure
1106 740 1154 772 vel
1174 739 1212 772 ab

474 793 612 836 bomine,
638 795 746 838 quavis
771 795 935 828 occasione
957 794 1004 827 vel
1022 795 1116 827 causa
1131 793 1211 835 latis,

473 847 498 880 si
523 848 637 891 quibus
661 848 898 891 quomodolibet
918 847 1083 881 innodatus
1101 847 1212 887 existit,

473 901 511 934 ad
535 901 680 935 effectum
713 902 924 946 praesentium
954 901 1116 934 dumtaxat
1140 910 1213 934 con-

474 956 668 998 sequendum
683 983 690 997 ,
715 956 827 988 harum
853 955 934 989 serie
964 954 1160 989 absolventes
1185 959 1214 987 et

473 1008 649 1042 absolutum
664 1009 730 1042 sore
747 1014 918 1050 censentes,
934 1008 1214 1052 supplicationibus

474 1061 540 1094 eius
571 1062 698 1095 nomine
728 1062 818 1095 nobis
849 1072 944 1105 super
969 1062 1028 1095 hoc
1052 1061 1214 1094 humiliter

472 1114 627 1158 porrectis
652 1114 801 1156 inclinati,
819 1119 853 1147 ut
872 1115 989 1147 alumni
1010 1119 1040 1148 ct
1056 1115 1214 1148 convicto-

474 1178 524 1200 res
549 1167 754 1210 collegiorum
780 1167 837 1201 sub
859 1169 935 1200 cura
959 1168 1060 1201 dictae
1080 1168 1214 1211 Congre-

475 1221 608 1263 gationis
633 1221 830 1254 existentium
851 1221 882 1253 in
899 1221 1046 1254 oratoriis
1071 1231 1124 1255 seu
1143 1231 1214 1265 cap-

474 1275 564 1318 pellis
596 1275 781 1307 corumdem
815 1275 1045 1318 collegiorum,
1076 1275 1108 1307 in
1139 1274 1211 1318 qui-

474 1328 533 1360 bus
546 1328 769 1372 praemissum¹
785 1333 830 1362 est
842 1328 1027 1362 auctoritate
1043 1328 1215 1372 apostolica

475 1381 602 1414 missam
628 1382 788 1415 celebrare
819 1387 849 1415 et
872 1392 993 1416 sacram
1019 1382 1215 1415 communio-

475 1445 547 1468 nem
573 1435 764 1477 ministrare,
780 1441 909 1480 peccata
929 1446 985 1469 sua
1009 1441 1215 1469 sacramenta-

475 1489 547 1523 liter
571 1489 712 1523 confiteri
745 1489 845 1522 libere
876 1495 906 1522 et
933 1489 1017 1523 licite
1041 1490 1163 1534 possint
1187 1493 1216 1523 et

476 1543 616 1584 valeant,
641 1543 736 1587 idque
769 1542 961 1587 presbyteris
986 1543 1024 1575 ab
1049 1542 1215 1576 Ordinario

476 1596 657 1640 approbatis
682 1596 776 1629 etiam
801 1596 1015 1638 secularibus,
1040 1596 1065 1629 si
1096 1596 1215 1630 alumni

476 1656 506 1684 et
530 1650 725 1684 convictores
749 1650 902 1694 praedicti
926 1651 1045 1684 nollent
1073 1651 1216 1684 confiteri

476 1704 676 1748 regularibus
700 1704 802 1737 dictae
825 1704 1094 1747 Congregationis,
1115 1708 1218 1739 aucto-

476 1758 567 1791 ritate
584 1757 766 1802 apostolica,
781 1762 889 1790 tenore
902 1757 1128 1802 praesentium,
1145 1768 1217 1791 con-

477 1810 617 1844 cedimus
643 1815 673 1844 et
697 1810 906 1853 indulgemus.

521 1864 578 1908 §4
593 1864 661 1897 Non
674 1864 869 1897 obstantibus
888 1864 1080 1908 praemissis,
1094 1875 1130 1897 ac
1147 1875 1217 1897 con-

477 1918 691 1951 stitutionibus
710 1923 740 1951 ct
756 1917 1004 1952 ordinationibus
1027 1918 1215 1962 apostolicis,

477 1972 654 2015 ceterisque
680 1971 847 2004 contrariis
864 1971 1125 2015 quibuscumque.

520 2026 632 2059 Datum
657 2026 785 2066 Romae,
811 2025 895 2069 apud
920 2025 949 2058 S.
968 2025 1096 2058 Mariam
1123 2025 1216 2059 Maio-

477 2090 554 2120 rem,
572 2079 630 2112 sub
647 2079 763 2112 annulo
777 2078 957 2119 Piscatoris,
973 2078 1023 2111 die
1041 2088 1119 2111 xv111
1138 2089 1216 2112 mar-

477 2133 511 2166 tii
528 2143 654 2173 mocmx,
667 2132 868 2176 pontificatus
885 2132 985 2165 nostri
1004 2142 1086 2165 anno
1107 2143 1148 2166 iv.

514 2195 571 2222 Dat.
590 2195 633 2222 die
654 2195 688 2223 18
703 2194 791 2222 martii
809 2194 887 2229 1659,
904 2194 999 2231 pontif.
1021 2202 1091 2221 anno
1112 2201 1147 2221 1v.

759 2330 935 2365 CCXXXIX.

482 2402 574 2443 Quod
598 2406 786 2436 correctores
807 2402 1024 2446 provinciales
1042 2402 1078 2435 in
1096 2401 1218 2435 Ordine

522 2458 662 2499 fratrum
687 2456 899 2489 lilinimorum
919 2456 1024 2489 sancti
1047 2456 1219 2489 Francisei

524 2510 561 2543 de
574 2510 695 2550 Paula,
710 2510 748 2543 de
765 2514 873 2551 celero,
894 2509 1046 2553 completo
1064 2513 1092 2542 cl
1110 2513 1217 2542 eraclo

524 2573 634 2596 eornm
650 2564 753 2607 officio
770 2574 829 2609 per
841 2574 896 2598 sex
912 2574 1015 2597 annos
1032 2563 1219 2597 immediate

516 2626 528 2653 1
550 2625 651 2654 Forsan
670 2626 816 2662 legendum
831 2627 1009 2663 permissum
1028 2628 1064 2662 (a.
1081 2626 1128 2661 τ,).

1046 211 1224 236 BULLAmUM
1248 210 1402 236 ROMANUM

1287 262 1462 302 sequentes,
1480 258 1520 291 ab
1538 258 1645 291 eodem
1664 268 1797 292 munere
1811 259 1984 293 vacarede-

1290 312 1393 355 beant,
1407 316 1585 356 antequam
1597 311 1640 345 ad
1661 312 1849 346 huiusmodi
1867 323 1982 346 munus

1289 366 1392 399 denno
1407 365 1486 410 eligii
1503 365 1658 410 possint'.

1438 455 1604 483 Alexander
1622 456 1702 490 Papa
1720 454 1772 482 VII
1783 475 1790 488 ‚

1369 500 1406 527 ad
1421 502 1598 534 perpetuam
1617 499 1664 527 rei
1683 499 1863 527 memoriam.

1290 579 1335 613 Ad
1360 589 1405 621 ea,
1420 590 1478 624 per
1495 590 1575 624 quae
1592 579 1815 623 religiosorum
1833 578 1985 612 Ordinum
2026 591 2166 613 Prooemium.

1246 644 1519 677 quorumcumque
1533 634 1614 667 felici
1628 633 1793 667 directioni
1807 637 1986 677 opportune

1247 687 1430 730 consulitur,
1444 687 1578 720 libenter
1595 687 1795 728 intendimus,
1809 692 1838 719 et
1851 686 1987 730 desuper

1247 740 1410 784 pastoralis
1435 740 1529 774 officii
1554 740 1653 774 nostri
1684 745 1788 784 partes
1813 738 1988 773 favorabili-

1247 799 1295 826 ter
1319 794 1569 838 interponimus,
1593 799 1690 838 prout
1721 793 1931 838 conspicimus
1955 792 1987 825 in

1247 848 1379 880 Domino
1404 847 1571 881 salubriter
1588 847 1743 892 expedire.

1291 902 1306 945 §3
1330 902 1359 934 1.
1385 902 1461 936 Cum
1485 902 1600 946 itaque,
1624 902 1704 936 sicut
1731 901 1930 945 accepimus,
1954 899 1987 933 in
2001 909 2183 958 Εοιιιὶιᾶἒῑῶῗίοξιὶιέης

1247 954 1362 989 Ordine
1385 951 1518 989 fratrum
1543 955 1744 990 Minimorum
1769 954 1866 988 sancti
1890 953 1986 987 Fran-

1248 1008 1321 1042 cisci
1346 1009 1384 1042 de
1409 1009 1524 1052 Paula,
1550 1009 1581 1042 in
1605 1009 1668 1042 vim
1697 1009 1780 1042 illius
1804 1008 1933 1052 regulae
1957 1012 1987 1040 et

1248 1063 1504 1097 constitutionum
1522 1063 1694 1107 apostolica
1710 1062 1896 1096 auctoritate
1916 1071 1988 1095 con-

1248 1116 1454 1158 firmatarum,
1471 1122 1667 1150 correctores
1686 1115 1893 1160 provinciales
1918 1125 1986 1147 mu-

1248 1181 1305 1203 nus
1322 1170 1502 1204 huiusmodi
1517 1171 1616 1214 spatio
1626 1170 1721 1203 trium
1735 1179 1889 1202 annorum
1903 1179 1988 1202 exer-

1249 1228 1347 1264 ceant,
1370 1223 1484 1267 quibus
1510 1223 1650 1267 expletiS,
1668 1223 1712 1256 illi
1742 1232 1853 1255 vacare
1873 1227 1903 1255 et
1925 1231 1988 1254 ces—

1249 1287 1318 1310 sare
1334 1277 1372 1310 ab
1390 1277 1500 1310 eodem
1520 1287 1651 1310 munere
1668 1282 1698 1309 et
1717 1276 1821 1309 officio
1841 1275 1878 1308 ad
1904 1274 1988 1308 aliud

1250 1331 1417 1364 triennium
1444 1331 1624 1364 immediate
1656 1330 1851 1374 subsequens
1874 1329 1989 1362 dehent

1249 1384 1286 1416 ad
1311 1384 1372 1418 boc
1396 1388 1429 1418 ut
1461 1384 1492 1416 in
1522 1388 1736 1417 correctorem
1761 1381 1987 1426 provincialem

1249 1437 1352 1470 denuo
1370 1436 1479 1480 reeligi
1496 1436 1629 1481 possint3
1644 1446 1780 1480 cumque
1793 1435 1934 1469 videatur
1950 1434 1989 1468 ad

1249 1500 1397 1535 praesens
1422 1490 1588 1523 inolevisse
1608 1490 1639 1523 in
1664 1489 1775 1523 eodem
1800 1488 1916 1523 Ordine
1940 1498 1990 1522 cu-

1249 1545 1363 1588 piditas
1402 1548 1431 1579 et
1468 1543 1598 1577 ambitio
1634 1543 1810 1577 officiorum
1827 1570 1835 1584 ,
1866 1542 1990 1587 ipsique

1251 1602 1447 1631 correctores
1471 1597 1689 1642 provinciales,
1706 1601 1739 1630 ut
1763 1596 1800 1630 ad
1825 1595 1907 1629 idem
1925 1605 1991 1629 cor-

1252 1651 1383 1685 rectoris
1400 1651 1603 1695 provincialis
1621 1661 1735 1684 munus
1749 1655 1778 1683 et
1792 1649 1928 1683 officium
1942 1646 1992 1682 e'x-

1251 1711 1320 1739 acto
1338 1705 1474 1739 triennio
1486 1705 1647 1750 praedicto
1668 1704 1870 1748 reeligantur‚
1891 1704 1990 1747 eaque

1251 1759 1289 1792 de
1313 1760 1408 1792 causa
1437 1769 1634 1792 successores
1663 1758 1696 1790 in
1724 1758 1833 1791 eodem
1859 1766 1991 1790 munere

1251 1812 1309 1845 sibi
1334 1812 1414 1855 grati
1450 1817 1480 1845 et
1514 1811 1633 1855 accepti
1658 1816 1821 1852 creentur,
1846 1810 1991 1843 studeant

1251 1876 1304 1898 eos
1329 1865 1403 1900 dicti
1417 1865 1541 1899 Ordinis
1564 1864 1729 1908 religiosos
1747 1864 1777 1897 in
1795 1869 1991 1898 correctores

1251 1919 1366 1952 locales
1391 1919 1591 1962 constituere,
1617 1919 1670 1963 qui
1695 1919 1733 1952 ad
1764 1928 1838 1951 suae
1867 1917 1990 1952 libitum

1252 1973 1421 2005 voluntatis
1446 1973 1476 2005 in
1501 1972 1637 2017 capitulo
1672 1971 1857 2016 provinciali
1881 1976 1990 2005 votum

1251 2036 1304 2059 seu
1330 2026 1517 2069 suffragium
1542 2026 1652 2067 serant,
1677 2027 1723 2059 sui
1748 2025 1990 2070 perpetuitatem

1252 2079 1281 2111 in
1302 2079 1397 2123 domo
1415 2084 1444 2112 et
1457 2079 1571 2120 officio,
1588 2080 1674 2112 nulla
1691 2079 1797 2112 habita
1814 2079 1888 2112 boni
1908 2090 2006 2113 com->

1253 2134 1355 2166 munis
1372 2137 1402 2167 et
1418 2133 1564 2177 prosperi
1582 2132 1745 2176 regiminis
1775 2132 1849 2166 dicti
1865 2133 1990 2167 Ordinis

1251 2191 1315 2219 tarn
1340 2186 1371 2219 in
1395 2186 1611 2230 spiritualibus
1638 2196 1732 2230 quam
1758 2186 1789 2218 in
1812 2187 1990 2230 temporali-

1252 2240 1309 2273 bus
1333 2240 1463 2282 ratione,
1488 2245 1690 2284 quaerentes:

1296 2294 1311 2337 g
1334 2293 1364 2326 ⁶2.
1389 2293 1468 2326 Hinc
1493 2298 1539 2326 est
1562 2293 1646 2338 quod
1669 2303 1747 2336 nos,
1773 2293 1936 2327 ambitioni
1960 2298 1990 2327 et

1253 2400 1434 2445 praemissis
1451 2405 1629 2444 opportune
1650 2411 1709 2445 pro
1726 2402 1802 2434 cura
1816 2401 1924 2434 nostra
1940 2410 1991 2445 pa-

1290 2492 1298 2517 1
1324 2490 1360 2517 De
1372 2489 1422 2517 hac
1438 2491 1550 2517 materia
1566 2490 1624 2518 vide
1636 2489 1669 2518 ad
1680 2490 1902 2518 Constitutionem
1917 2496 1990 2526 xxw,

1253 2537 1318 2562 tom.
1339 2541 1391 2569 xn,
1412 2542 1474 2570 pag.
1495 2536 1559 2571 576,
1579 2535 1689 2571 Gregor.
1712 2535 1754 2563 XV
1776 2536 1901 2563 Onerosa
1914 2556 1920 2568 ‚
1941 2543 1990 2571 pro

1252 2579 1384 2608 fratribus
1402 2580 1537 2615 regularis
1559 2580 1751 2608 observantiae
1766 2588 1797 2608 ae
1815 2579 1995 2608 Discaleeatis,

1253 2624 1337 2652 sancti
1358 2624 1502 2652 Francisci.

1997 210 2046 238 An.
2062 209 2091 238 c.
2112 210 2180 238 1659
2233 223 2236 240 .

2074 2297 2184 2321 observari

2003 2326 2091 2347 mandat
2126 2327 2185 2353 prout

1252 2346 1414 2391 cupiditati
1449 2347 1630 2380 huiusmodi
1665 2346 1788 2380 obviam
1821 2346 1868 2380 ire
1898 2352 1929 2380 et
1958 2346 1989 2379 in
2005 2354 2024 2374 in
2041 2353 2133 2375 rubrica-
