2202 3190
226 183 277 210 An.
299 185 325 212 C.
343 185 407 212 1661

248 512 355 532 Clausulas
369 518 403 538 ap-

221 541 286 563 punit.

212 2432 215 2438 '
241 2430 396 2452 Contrariorum

211 2458 330 2484 derogatio.

459 177 521 210 7248

423 234 558 266 sedeant.
585 234 766 267 Visitatores
784 245 857 268 vero
876 236 1111 279 provinciarum
1131 238 1160 270 in

422 293 583 330 posterum
608 288 777 331 praepositi
813 289 1020 332 provinciales
1046 292 1155 335 appel-

423 340 534 380 lentur,
560 346 589 372 et
615 341 746 384 quilibet
770 342 883 375 haheat
907 348 1090 387 potestatem
1114 356 1160 378 or-

422 393 574 426 dinariam
600 405 695 438 super
727 396 901 439 quamlibet
930 397 1059 430 domum
1085 409 1159 431 suae

420 447 609 490 provinciae.

464 501 478 543 ξ
509 500 554 533 10.
577 501 784 535 Decernentes
797 503 915 546 pariter
932 505 1055 537 easdem
1071 516 1158 549 prae-

420 560 521 586 sentes
548 554 674 597 litteras,
702 562 730 588 et
755 557 785 589 in
813 557 856 590 eis
882 564 1027 591 contenta
1061 570 1156 603 quae-

419 618 563 651 cumque,
585 609 672 642 nullo
696 620 834 654 unquam
858 616 1000 655 tempore
1026 612 1063 645 de
1084 613 1158 645 sub-

418 661 570 704 reptionis
588 663 634 694 vel
653 662 848 707 obreptionis
866 670 918 697 aut
938 665 1088 698 nullitatis
1117 666 1158 698 vi-

418 715 471 753 tio,
498 726 552 747 seu
577 715 757 749 intentionis
782 723 907 750 nostrae
934 723 987 751 aut
1006 718 1157 752 interesse

417 768 599 802 habentium
612 780 782 803 consensus
796 771 895 804 aliove
907 772 1047 815 quolibet
1064 783 1157 816 quan-

416 822 532 854 tumvis
558 833 671 865 magno
696 829 725 856 et
750 824 947 857 substantiali
965 825 1086 859 defectu
1106 837 1158 860 no-

417 875 485 917 tari,
512 876 689 919 impugnari
705 904 713 917 ,
739 877 889 920 infringi,
915 879 1100 921 retractari,
1125 880 1156 912 in

416 931 662 963 controversiam
698 932 824 971 vocari,
855 937 907 965 aut
936 933 974 965 ad
1005 934 1156 967 terminos

414 983 493 1016 iuris
511 984 629 1025 reduci,
647 995 700 1018 seu
720 985 869 1019 adversus
886 986 954 1020 illas
972 987 1156 1031 aperitionis

414 1036 488 1077 oris,
514 1037 720 1071 restitutionis
746 1038 777 1070 in
802 1038 960 1082 integrum
976 1067 983 1081 ,
1008 1041 1155 1084 aliudque

414 1090 636 1135 quodcumque
662 1092 755 1133 iuris,
781 1092 853 1127 facti
885 1094 932 1126 vel
964 1094 1084 1137 gratiae
1110 1106 1155 1128 re-

414 1144 551 1176 medium
577 1144 738 1188 impetrari
764 1156 818 1179 seu
843 1148 998 1190 attentari,
1024 1153 1077 1181 aut
1094 1148 1154 1181 im-

413 1202 546 1240 petrato,
564 1198 611 1230 vel
637 1198 730 1230 etiam
757 1205 854 1240 motu,
871 1200 1002 1233 scientia
1020 1205 1050 1235 et
1070 1207 1155 1245 pote-

413 1250 500 1283 statis
514 1251 709 1294 plenitudine
725 1252 854 1296 paribus
870 1263 1029 1296 concesso,
1048 1265 1155 1298 quem-

415 1303 498 1346 piam
525 1303 556 1335 in
582 1304 698 1337 iudicio
724 1306 771 1338 vel
796 1311 883 1339 extra
914 1307 990 1339 illud
1021 1307 1066 1339 uti
1099 1318 1153 1340 seu

412 1366 444 1388 se
470 1356 576 1389 iuvare
602 1368 705 1401 posse,
731 1358 783 1391 scd
805 1359 887 1402 ipsas
907 1365 1088 1403 praesentes
1107 1361 1153 1393 lit-

413 1415 495 1443 teras
520 1420 644 1454 semper
669 1411 791 1452 firmas,
818 1412 933 1445 validas
958 1418 988 1445 et
1012 1413 1153 1446 efficaces

412 1463 555 1503 existere,
571 1474 707 1508 suosque
732 1466 892 1509 plenarios
910 1471 939 1499 et
957 1466 1096 1509 integros
1115 1468 1154 1500 es-

411 1518 507 1550 l'ectus
544 1517 650 1549 sortiri
683 1523 713 1550 et
742 1518 905 1560 obtinere,
941 1530 977 1552 ac
1006 1520 1045 1552 ab
1069 1520 1152 1561 illis,

411 1570 448 1602 ad
468 1581 546 1613 quos
571 1575 689 1614 spectat
713 1576 742 1604 et
766 1582 826 1615 pro
851 1577 995 1616 tempore
1012 1573 1152 1617 quando-

411 1634 546 1667 cumque
560 1624 730 1667 spectabit,
749 1625 970 1660 inviolabiliter
995 1632 1024 1659 et
1049 1627 1153 1660 incon-

411 1688 499 1710 cusse
523 1677 706 1719 observari,
732 1678 839 1722 sicque
864 1684 894 1711 et
920 1690 983 1712 non
1005 1679 1096 1713 aliter
1122 1681 1152 1713 in

410 1731 591 1774 praemissis
616 1732 764 1765 omnibus
787 1736 816 1766 et
835 1733 968 1776 singulis
989 1744 1046 1777 per
1063 1744 1152 1777 quos-

410 1795 543 1828 cumque
569 1784 687 1818 iudices
715 1785 892 1819 ordinarios
920 1791 950 1819 et
981 1787 1150 1830 delegatos,

410 1838 502 1870 etiam
529 1848 693 1870 causarum
711 1839 817 1883 palatii
842 1840 1005 1883 apostolici
1029 1841 1151 1874 audito-

409 1902 469 1930 res,
487 1902 523 1924 ac
541 1892 680 1924 ciusdem
701 1892 728 1925 S.
748 1893 781 1925 R.
801 1893 832 1925 E.
848 1893 1031 1935 cardinales,
1058 1894 1149 1926 etiam

410 1944 448 1977 dc
485 1945 581 1978 latere
616 1946 735 1988 legatos
768 1950 797 1978 et
830 1946 1027 1989 Apostolicae
1063 1947 1150 1979 Sedis

409 1999 552 2039 nuncios,
577 1999 692 2031 aliosve
717 1999 873 2042 quoslibet
890 1999 1001 2043 quavis
1018 2001 1150 2033 auctori-

410 2056 472 2083 tate
497 2056 527 2085 ct
549 2057 702 2095 potestate
727 2052 891 2095 fungentes
916 2057 945 2085 et
970 2053 1148 2095 functuros,

410 2105 532 2138 sublata
558 2106 602 2138 eis
625 2111 655 2138 et
679 2116 789 2138 eorum
815 2105 942 2138 cuilibet
967 2107 1075 2149 quavis
1095 2107 1150 2139 ali-

410 2161 457 2189 ter
482 2158 638 2191 iudicandi
656 2164 686 2191 et
703 2158 930 2202 interpretandi
955 2159 1099 2191 facultate
1121 2164 1150 2192 et

410 2201 605 2254 auctoritate,
626 2212 758 2245 iudicari
780 2217 809 2245 ct
829 2212 952 2245 definiri
973 2212 1099 2254 debere,
1114 2224 1149 2247 ac

411 2264 534 2297 irritum
553 2271 582 2298 et
606 2265 706 2308 inane,
725 2266 749 2298 si
763 2276 852 2299 secus
873 2277 967 2310 super
984 2266 1032 2299 his
1045 2277 1062 2299 a
1076 2277 1150 2311 quo-

411 2330 515 2362 quam,
525 2321 633 2363 quavis
647 2321 840 2362 auctoritate,
855 2321 989 2355 scienter
1002 2323 1050 2355 vel
1065 2322 1150 2366 igno-

411 2378 528 2413 ranter,
548 2374 715 2416 contigerit
739 2374 894 2407 attentari.

456 2427 470 2469 ξ
494 2427 544 2459 ll.
571 2428 637 2460 Non
666 2428 861 2462 obstantibus
885 2429 1078 2473 praemissis,
1102 2440 1148 2471 ac,

411 2485 563 2522 quatenus
587 2491 665 2524 opus
690 2482 738 2525 sit,
752 2487 878 2515 nostrae
895 2487 926 2515 et
943 2482 1148 2516 cancellariae

409 2534 596 2576 apostolicae
628 2536 737 2578 regula
761 2536 799 2569 de
823 2547 885 2570 non
915 2537 1053 2570 tollendo
1079 2537 1146 2570 iure

409 2587 559 2630 quaesito,
583 2588 689 2621 aliisve
713 2589 986 2624 constitutionibus
1011 2596 1041 2624 ct
1065 2590 1147 2624 ordi-

1003 188 1136 214 BULLARI
1142 189 1185 214 ΗΜ
1209 187 1363 214 ROMANUM

1194 238 1391 278 nationibus,
1412 247 1534 271 necnon
1558 238 1658 272 dictae
1675 239 1932 284 Congregationis

1195 291 1382 324 clericorum
1397 291 1591 334 regularium
1606 292 1644 325 de
1663 292 1842 334 Somascha,
1857 294 1934 329 eius-

1195 356 1254 389 que
1272 345 1506 389 provinciarum
1536 351 1565 380 et
1585 346 1764 389 domorum,
1790 348 1934 391 collegio-

1194 409 1264 430 rum
1286 403 1316 431 et
1339 399 1483 433 locorum
1508 411 1802 445 quorumcumque,
1827 401 1934 435 aliisve

1193 452 1364 495 quibusvis,
1380 453 1471 487 etiam
1490 454 1677 495 iuramento,
1695 455 1933 488 confirmatione

1192 506 1376 548 apostolica,
1395 507 1442 539 vel
1463 507 1572 550 quavis
1595 508 1655 540 alia
1679 508 1827 541 firmitate
1843 508 1934 541 robo-

1192 558 1278 599 ratis,
1304 559 1426 592 statutis
1447 565 1476 592 et
1496 561 1783 601 consuetudinibus,
1808 561 1933 605 privile-

1192 610 1251 653 giis
1269 622 1404 655 quoque,
1425 612 1553 646 indultis
1578 619 1607 646 et
1624 614 1735 647 litteris
1754 614 1933 658 apostolicis

1192 663 1293 696 eidem
1319 665 1572 708 Congregationi‚
1598 667 1726 711 eiusque
1751 668 1932 711 provinciis,

1191 716 1345 760 domibus,
1371 720 1513 762 collegiis
1538 725 1567 752 et
1591 720 1678 761 locis,
1701 731 1736 754 ac
1763 721 1934 765 superiori-

1191 770 1249 804 bus
1269 775 1298 805 et
1321 773 1466 816 personis
1497 773 1698 817 quibuslibet,
1725 775 1783 808 sub
1805 775 1933 819 quibus-

1191 835 1326 869 cumque
1356 826 1525 859 verborum
1555 828 1717 861 tenoribus
1750 834 1780 861 et
1811 829 1931 872 formis,

1191 889 1226 911 ac
1251 889 1321 911 cum
1348 879 1510 923 quibusvis
1539 880 1631 914 etiam
1657 881 1930 924 derogatoriarum

1190 931 1408 975 derogatoriis‚
1435 933 1567 977 aliisque
1587 934 1832 976 efficacioribus,
1857 935 1927 969 effi-

1191 985 1362 1018 cacissimis
1383 991 1413 1019 ct
1437 986 1571 1020 insolitis
1596 988 1755 1029 clausulis,
1780 988 1931 1021 irritanti—

1190 1038 1312 1082 busque
1334 1045 1363 1072 et
1387 1039 1454 1072 aliis
1479 1040 1625 1081 decretis,
1643 1041 1674 1073 in
1695 1051 1811 1084 genere
1830 1042 1877 1075 vel
1898 1041 1930 1075 in

1190 1093 1305 1136 specie,
1331 1104 1366 1125 ac
1390 1094 1465 1126 alias
1486 1094 1516 1126 in
1542 1095 1735 1127 contrarium
1759 1095 1930 1139 quomodo-

1189 1145 1266 1178 libet
1291 1147 1463 1187 concessis,
1493 1148 1672 1191 approbatis
1702 1153 1731 1181 et
1755 1148 1926 1190 innovatis;

1190 1199 1304 1243 quibus
1325 1200 1473 1232 omnibus
1502 1206 1531 1232 et
1551 1201 1697 1243 singulis,
1724 1201 1844 1235 etiamsi
1869 1212 1928 1246 pro

1190 1251 1316 1284 illorum
1349 1253 1515 1285 sufficienti
1552 1253 1756 1296 derogatione
1792 1254 1830 1287 de
1867 1255 1928 1288 illis

1189 1316 1362 1349 eorumque
1388 1306 1459 1338 totis
1485 1306 1646 1339 tenoribus
1671 1307 1837 1350 specialis,
1862 1318 1928 1351 spe-

1189 1359 1286 1399 cifica,
1313 1369 1460 1402 expressa
1476 1363 1506 1392 et
1526 1359 1695 1401 individua,
1712 1370 1748 1393 ac
1767 1360 1805 1393 de
1829 1361 1928 1394 verbo

1187 1411 1225 1444 ad
1251 1412 1393 1451 verbum,
1408 1422 1470 1444 non
1491 1417 1595 1445 autem
1620 1423 1678 1456 per
1703 1414 1857 1447 clausulas
1878 1425 1928 1457 ge-

1187 1466 1308 1498 nerales
1343 1466 1423 1498 idem
1464 1467 1691 1510 importantes‚
1723 1468 1840 1501 mentio
1871 1478 1928 1502 seu

1187 1519 1315 1562 quaevis
1341 1519 1400 1551 alia
1425 1520 1586 1563 expressio
1623 1520 1766 1553 habenda
1790 1526 1842 1554 aut
1870 1521 1926 1554 ali-

1188 1583 1249 1616 qua
1266 1572 1325 1605 alia
1342 1573 1495 1616 exquisita
1519 1574 1620 1606 forma
1639 1574 1677 1606 ad
1698 1575 1758 1608 hoc
1775 1574 1926 1608 servanda

1187 1627 1276 1666 foret,
1302 1632 1427 1659 tenores
1444 1627 1636 1669 huiusmodi,
1654 1639 1689 1661 ac
1714 1628 1737 1661 si
1763 1628 1801 1662 de
1828 1628 1925 1662 verbo

1186 1679 1224 1712 ad
1249 1680 1390 1720 verbum,
1415 1680 1492 1712 nihil
1518 1681 1643 1724 penitus
1668 1681 1784 1715 omisso
1809 1687 1839 1714 et
1866 1682 1926 1715 sor-

1187 1735 1237 1765 ma
1259 1733 1290 1765 in
1315 1733 1375 1766 illis
1401 1733 1513 1767 tradita
1537 1734 1711 1775 observata,
1732 1734 1925 1778 exprimere-

1186 1792 1237 1819 tur
1255 1792 1284 1819 et
1298 1787 1500 1828 insereretur,
1517 1787 1734 1830 praesentibus
1750 1799 1808 1831 pro
1832 1789 1925 1831 plene

1186 1844 1215 1874 et
1235 1840 1426 1873 sufficienter
1446 1841 1602 1884 expressis
1619 1846 1648 1874 et
1665 1841 1789 1874 insertis
1807 1842 1924 1875 haben-

1186 1899 1241 1934 tes,
1259 1894 1319 1927 illis
1344 1894 1418 1926 alias
1436 1893 1465 1926 in
1483 1904 1540 1927 suo
1560 1894 1675 1928 robore
1700 1895 1924 1938 permansuris,

1185 1947 1223 1980 ad
1240 1947 1486 1990 praemissorum
1505 1947 1660 1988 effectum,
1679 1948 1737 1981 hac
1754 1949 1821 1982 vice
1834 1948 1925 1982 dum-

1185 2005 1275 2042 taxat,
1294 2001 1471 2044 specialiter
1488 2006 1517 2034 et
1543 2011 1688 2044 expresse
1717 2001 1924 2045 derogamus;

1184 2054 1358 2098 ceterisque
1380 2054 1545 2087 contrariis
1569 2054 1829 2098 quibuscumque

1228 2109 1242 2152 g
1280 2108 1324 2141 102.
1358 2108 1508 2141 Volumus
1541 2113 1644 2141 autem
1677 2113 1710 2141 ut
1741 2108 1922 2142 earumdem

1183 2163 1394 2205 praesentium
1410 2162 1585 2195 litterarum
1601 2163 1816 2207 transumptis,
1830 2163 1923 2196 etiam

1184 2215 1367 2259 impressis,
1393 2226 1487 2248 manu
1512 2215 1642 2249 alicuius
1667 2216 1779 2249 notarii
1804 2215 1922 2260 publici

1183 2269 1379 2313 subscriptis,
1405 2274 1434 2302 et
1458 2269 1561 2312 sigillo
1582 2280 1735 2313 personae
1760 2269 1790 2302 in
1816 2270 1918 2303 eccle-

1183 2323 1306 2355 siastica
1331 2322 1480 2365 dignitate
1505 2323 1691 2355 constitutae
1717 2322 1855 2364 munitis,
1876 2332 1923 2356 ea-

1182 2376 1253 2409 dem
1284 2387 1414 2420 prorsus
1449 2375 1526 2409 sides
1561 2376 1592 2408 in
1628 2376 1744 2409 iudicio
1776 2382 1805 2409 et
1835 2381 1922 2409 extra

1182 2429 1378 2471 adhibeatur,
1403 2440 1482 2473 quae
1506 2429 1723 2473 praesentibus
1740 2429 1815 2473 ipsis
1831 2429 1920 2462 adhi-

1182 2484 1319 2524 beretur,
1345 2483 1369 2515 si
1395 2483 1498 2516 forent
1522 2482 1679 2515 exhibitae
1704 2482 1750 2515 vcl
1767 2487 1918 2516 ostensae.

1224 2537 1334 2570 Datum
1359 2538 1495 2578 Romae,
1520 2536 1602 2581 apud
1627 2536 1656 2569 S.
1681 2536 1809 2570 Mariam
1826 2537 1918 2571 Maio-

1179 2600 1266 2632 rem,
1294 2589 1351 2623 sub
1375 2590 1491 2623 annulo
1508 2589 1685 2633 Piscatoris,
1707 2588 1757 2622 die
1776 2588 1917 2623 xx111de·

1945 192 1996 220 An.
2016 192 2046 220 C.
2063 192 2129 220 1661

1938 2112 2120 2162 creffifffillffli'
