2243 3205
250 207 297 230 An.
319 204 346 230 C.
369 204 432 231 1650

323 1968 448 1987 Fran-sentes

266 1996 345 2015 luti-ras
358 1994 449 2014 roborat.

283 2232 396 2256 {leomallo
405 2237 451 2252 con-

268 2262 387 2280 uariorum.

481 196 542 215 VJ]

480 209 542 228 0...-

448 251 618 294 cupientes,
636 251 785 294 litemque
810 261 905 295 super
929 251 1036 285 eadem
1064 258 1189 286 contro-

449 305 549 338 versia
582 305 769 348 pendentem
795 316 812 338 a
836 306 999 350 quibusvis
1033 306 1190 340 iudicibus

449 359 609 402 (quorum
642 359 783 392 omnium
809 364 838 391 ct
862 359 1078 402 singulorum,
1110 370 1190 392 nec-

450 420 511 443 non
537 410 777 453 collitigantium
807 411 958 453 nomina,
983 412 1189 454 cognomina,

450 468 480 495 et
503 463 687 506 qualitates,
719 474 755 497 ae
785 463 849 496 litis
881 469 911 497 et
940 474 1051 497 causae
1075 463 1191 497 huius·-

450 516 534 550 modi
563 522 678 550 statum
706 521 735 551 et
761 518 882 559 merita,
903 523 1071 562 ceteraque
1098 518 1191 551 etiam

451 570 580 615 speciali
598 576 627 604 et
644 571 805 605 individua
820 573 978 606 mentione
995 572 1090 615 digna
1106 582 1193 615 prae-

451 623 590 656 sentibus
614 624 723 657 haberi
753 625 898 659 volumus
929 636 987 669 pro
1017 624 1193 668 expressis)

452 676 490 709 ad
503 686 560 710 nos
577 677 690 710 harum
708 677 788 711 serie
805 682 982 719 avocantes,
996 687 1031 710 ac
1045 676 1193 710 dilectum

452 730 570 773 pariter
584 730 684 763 filium
704 730 886 775 Dionysium
907 730 1032 773 Mungo,
1050 729 1194 762 abbatem

453 783 527 816 dicti
541 782 665 817 Ordinis
683 783 782 817 saneti
799 783 912 824 Basilii,
930 783 1073 828 specialis
1089 783 1195 816 favore

454 836 574 879 gratiae
597 837 746 880 prosequi
771 837 920 877 volentes,
938 842 968 870 et
991 846 1008 869 a
1033 835 1195 880 quibusvis

455 890 799 931 excommunicationis,
820 895 888 930 ete,
908 890 1020 922 harum
1046 889 1127 922 serie
1147 888 1197 921 ab-

455 943 633 983 solventes,
662 947 691 976 et
715 943 892 976 absolutum
917 943 985 975 fore
1014 947 1196 982 censentes,

455 996 738 1040 supplicationibus
773 996 872 1040 ipsius
904 995 1043 1040 Dionysii
1078 994 1197 1028 abbatis

456 1049 612 1092 generalis
633 1050 790 1093 totiusque
806 1049 932 1083 Ordinis
960 1048 1112 1093 praedicti
1132 1059 1198 1082 san-

457 1102 498 1135 cti
526 1101 629 1134 Basilii
654 1102 783 1135 nomine
810 1102 901 1135 nobis
926 1112 1022 1146 super
1046 1102 1107 1135 hoc
1138 1102 1197 1134 hu-

456 1156 574 1189 militer
593 1156 749 1200 porrectis
778 1156 932 1197 inclinati,
961 1156 999 1189 de
1027 1155 1194 1189 venerabi-

456 1209 534 1242 lium
559 1209 693 1242 fratrum
718 1214 900 1243 nostrorum
926 1209 955 1243 S.
980 1210 1014 1243 R.
1036 1210 1068 1242 E.
1095 1209 1198 1243 cardi-

456 1263 543 1296 nales
576 1263 672 1296 sacris
696 1263 810 1297 ritibus
837 1263 1092 1307 praepositorum
1125 1274 1199 1297 con-

458 1317 539 1358 silio,
571 1317 692 1350 iuribus
716 1316 882 1360 utriusque
907 1317 1005 1361 partis
1030 1317 1103 1350 inne
1128 1316 1199 1350 inde

457 1380 581 1403 necnon
605 1375 677 1404 voto
697 1370 885 1404 dilectorum
903 1370 1043 1405 filiorum
1068 1370 1199 1413 capella-

457 1434 572 1458 norum
597 1429 779 1467 nostrorum
799 1424 880 1458 sacri
904 1423 1010 1468 palatii
1035 1423 1200 1467 apostolici

459 1478 639 1511 auditorum
665 1477 778 1510 auditis
802 1487 838 1510 ac
865 1482 988 1510 mature
1015 1476 1199 1520 perpensiS,

460 1531 646 1564 auctoritate
671 1530 854 1575 apostolica,
883 1529 1067 1563 earumdem
1092 1534 1201 1562 tenore

460 1585 685 1630 praesentium,
715 1583 915 1617 decernimus
947 1583 1073 1617 licuisse
1104 1593 1139 1616 ac
1169 1583 1202 1615 li-

461 1648 532 1671 cere
549 1637 712 1671 monaehis
729 1637 870 1671 eiusdem
887 1637 1012 1670 Ordinis
1033 1636 1132 1670 sancti
1150 1636 1202 1668 Ba-

461 1691 521 1724 silii
553 1691 675 1724 deferre
703 1690 859 1724 cucullam
885 1685 1044 1734 amplam,
1072 1690 1201 1722 talarem

462 1748 492 1778 et
516 1744 714 1785 manicatam,
740 1754 834 1788 quam
858 1745 993 1788 floccum
1018 1748 1140 1784 vocant,
1167 1753 1203 1775 ae

461 1797 595 1842 proinde
624 1797 874 1830 manutenendos
906 1807 973 1830 esse
1005 1796 1037 1829 in
1061 1796 1202 1829 eiusdem

462 1862 541 1891 usu3
566 1851 717 1894 litemque
741 1851 935 1894 praedictam
956 1855 1112 1895 perpetuo
1133 1860 1204 1893 sup-

463 1905 631 1948 primimus
649 1910 678 1937 et
698 1904 922 1947 extinguimus.

509 1959 523 2001 ἓ
540 1959 568 1991 ⁶2.
588 1959 796 1991 Decernentes
814 1957 932 2002 pariter
947 1957 1030 2001 ipsas
1055 1966 1203 2001 praesen-

466 2017 510 2044 tes
535 2012 653 2044 litteras
678 2021 802 2055 semper
826 2011 943 2053 sirmas,
961 2015 1031 2050 etc„
1048 2010 1154 2053 sicque
1175 2009 1206 2041 in

465 2065 647 2108 praemissis
672 2075 727 2108 per
752 2074 969 2108 quoscumque
993 2063 1121 2103 iudices,
1147 2068 1205 2105 etc,

466 2118 590 2151 definiri
611 2118 735 2160 debere,
754 2128 789 2151 ac
808 2118 932 2150 irritum
955 2122 984 2150 et
1001 2117 1103 2158 inane,
1121 2117 1146 2150 si
1164 2127 1208 2150 se-

468 2182 532 2212 eus,
550 2176 619 2211 ete,
640 2171 807 2214 contigerit
830 2170 985 2203 attentari.

512 2226 526 2268 ξ
540 2224 568 2257 3.
579 2225 647 2257 Non
657 2224 852 2257 obstantibus
866 2224 928 2256 litis
941 2223 1121 2256 huiusmodi
1135 2234 1208 2267 pen-

468 2277 584 2317 dentia,
594 2277 726 2321 aliisque
740 2276 932 2320 praemissis,
949 2287 1071 2310 necnon
1088 2280 1209 2320 aposto-

468 2329 547 2370 licis,
561 2340 596 2362 ac
609 2329 640 2362 in
655 2329 884 2362 universalibus
899 2329 1209 2373 provincialibusque

469 2382 609 2415 conciliis
623 2382 724 2423 editis,
739 2382 939 2425 generalibus
951 2383 997 2415 vel
1011 2382 1209 2426 specialibus,

472 2435 748 2469 constitutionibus
762 2441 791 2468 et
809 2435 1070 2477 ordinationibus,
1084 2441 1123 2476 et,
1137 2446 1210 2479 qua-

472 2494 580 2530 tenus,
605 2501 686 2534 opus
711 2490 760 2531 sit,
785 2490 1019 2534 praedictorum
1046 2489 1209 2532 Ordinum,

472 2542 579 2575 aliisve
592 2543 764 2586 quibusvis,
781 2547 850 2584 etc.,
867 2543 899 2576 in
915 2543 1108 2577 contrarium
1125 2554 1213 2588 prae-

473 2595 641 2630 missorum
667 2597 906 2642 quomodolibet
935 2597 1113 2639 concessis,
1138 2606 1211 2631 eon-

1025 204 1202 228 BULLARIUM
1228 203 1381 228 ROMANUM

1222 252 1356 285 firmatis
1379 256 1409 285 et
1432 251 1586 285 innovatis
1595 263 1603 292 ;
1629 253 1743 296 quibus
1767 253 1912 287 omnibus
1929 260 1960 287 et

1223 305 1365 348 singulis,
1376 305 1502 338 illorum
1514 309 1638 339 tenores
1654 306 1880 349 praesentibus,
1890 312 1959 349 ete,

1223 358 1401 402 specialiter
1425 364 1455 391 et
1478 369 1623 402 expresse
1648 359 1854 402 derogamus;
1885 365 1963 393 cete-

1224 411 1329 454 risque
1354 411 1520 444 contrariis
1544 412 1805 456 quibuscumque.

1267 464 1379 497 Datum
1401 465 1534 505 Rornae,
1558 465 1643 508 apud
1667 464 1696 498 S.
1720 465 1848 497 Mariam
1872 464 1965 498 Maio-

1224 527 1303 558 rem,
1317 517 1375 550 sub
1404 517 1522 550 annulo
1547 517 1723 559 piscatoris,
1744 517 1794 550 die
1819 527 1894 551 xxiv
1912 516 1966 550 de-

1226 570 1363 604 cembris
1374 580 1502 611 MDCL1x,
1511 570 1712 614 pontificatus
1725 570 1826 604 nostri
1838 580 1921 603 anno
1935 580 1965 603 v.

1261 633 1319 662 Dat.
1340 633 1383 661 die
1402 634 1436 660 24
1456 633 1610 660 decembris
1632 633 1709 667 1659,
1730 633 1826 669 pontif.
1846 640 1917 660 auno
1938 640 1966 660 Υ.

1511 774 1684 808 CCLXXIII.

1228 855 1414 888 Declamatio
1429 864 1526 898 super
1541 853 1633 887 modo
1646 853 1857 897 intelligendi
1873 853 1970 897 quod-

1274 908 1351 941 dam
1375 907 1537 941 decretum
1566 918 1625 951 pro
1650 907 1793 951 episcopo
1819 906 1972 941 curiensi

1274 966 1303 995 et
1327 961 1440 995 abbate
1463 961 1655 995 monasterii
1678 961 1717 994 de
1736 960 1901 1004 Ensylden
1916 971 1971 994 su-

1272 1025 1331 1059 per
1354 1014 1583 1048 iurisdictione
1594 1013 1614 1047 ¹.

1426 1094 1594 1121 Alexander
1613 1094 1693 1127 Papa
1713 1093 1778 1128 vu,

1356 1139 1393 1166 ad
1412 1141 1587 1173 perpetuam
1607 1139 1651 1166 rei
1671 1137 1852 1166 memoriam.

1276 1210 1291 1254 ἓ
1305 1210 1335 1243 1.
1353 1209 1435 1243 Alias
1448 1220 1506 1253 per
1518 1208 1676 1253 quoddam
1691 1208 1853 1243 decretum
1867 1208 1918 1242 die
1931 1219 1973 1243 xx

1232 1263 1366 1297 ianuarii
1390 1273 1520 1297 MDCLvn
1544 1268 1721 1296 emanatum
1746 1262 1974 1296 declaravimus

1233 1318 1464 1361 exemptionem
1483 1317 1514 1349 in
1531 1316 1601 1349 unis
1625 1316 1724 1350 felicis
1748 1315 1975 1349 recordationis

1234 1370 1351 1404 Urbani
1376 1369 1441 1403 VIII
1466 1374 1496 1402 et
1521 1369 1552 1402 in
1576 1369 1645 1402 aliis
1670 1368 1842 1402 Innocentii
1862 1369 1887 1402 X
1913 1368 1976 1402 Ro-

1234 1434 1401 1457 manorum
1423 1423 1610 1457 Pontificum
1628 1423 1908 1467 praedecessorum
1925 1432 1978 1456 no-

1234 1482 1372 1510 strorum
1408 1475 1440 1508 in
1471 1476 1566 1508 simili
1597 1476 1699 1509 forma
1728 1475 1834 1509 Brevis
1865 1474 1978 1508 litteris

1235 1539 1416 1564 concessam
1441 1529 1555 1563 dilecto
1580 1529 1646 1562 filio
1667 1528 1772 1562 abbati
1797 1528 1979 1562 monasterii

1234 1583 1380 1616 abbatiae
1400 1582 1573 1627 nuncupati
1603 1582 1641 1615 de
1669 1582 1824 1627 Ensylden
1855 1581 1980 1616 Ordinis

1236 1636 1335 1670 sancti
1359 1636 1518 1669 Benedicti
1542 1635 1700 1669 Curiensis
1732 1635 1884 1668 dioecesis
1912 1645 1980 1668 esse

1236 1688 1471 1732 intelligendam
1490 1694 1520 1721 et
1543 1688 1719 1722 restrictam
1740 1688 1778 1720 ad
1795 1687 1981 1721 iurisdietio-

1236 1753 1309 1775 nem
1334 1742 1525 1776 ordinariam
1541 1770 1548 1784 ,
1574 1752 1654 1785 quae
1687 1741 1859 1775 venerabili
1891 1740 1980 1775 fratri

1237 1796 1386 1840 episcopo
1403 1795 1544 1829 Curiensi
1569 1795 1614 1828 uti
1639 1795 1804 1829 Ordinario
1822 1794 1981 1838 competit,

1237 1860 1300 1883 non
1314 1853 1417 1883 autem
1432 1848 1470 1882 ad
1487 1848 1737 1882 iurisdictionem
1754 1848 1928 1892 delegatam
1945 1858 1982 1882 ex

1238 1914 1329 1937 sacro
1353 1902 1492 1937 Concilio
1512 1902 1695 1936 Tridentino
1724 1907 1754 1935 et
1777 1913 1813 1935 ex
1834 1902 1983 1936 constitu-

1238 1957 1324 1990 tione
1349 1955 1534 1990 recolendae
1558 1955 1731 1989 memoriae
1755 1955 1900 1998 Gregorii
1926 1955 1982 1988 Pa-

1240 2020 1299 2054 pae
1323 2010 1375 2043 XV
1399 2010 1653 2054 praedecessoris
1676 2009 1794 2053 pariter
1818 2009 1918 2043 nostri
1943 2009 1982 2042 de

1240 2064 1440 2108 exemptione
1452 2063 1705 2108 privilegiorum²
1718 2064 1818 2097 eidem
1833 2064 1983 2108 episcopo

1242 2119 1286 2152 uti
1311 2118 1400 2152 Sedis
1423 2118 1621 2162 Apostolicae
1645 2117 1788 2161 delegato
1805 2121 1984 2162 competen-

1243 2176 1305 2205 tem
1339 2171 1443 2215 quoad
1475 2171 1683 2205 visitationem
1721 2170 1924 2204 ecclesiarum
1953 2174 1984 2204 et

1243 2225 1348 2270 quoad
1374 2226 1479 2259 omnia
1504 2225 1723 2260 concernentia
1741 2235 1848 2258 euram
1866 2224 1984 2257 anima-

1243 2289 1313 2311 rum
1333 2283 1363 2311 et
1380 2284 1648 2312 sacramentorum
1670 2277 1984 2319 administrationem,

1243 2331 1284 2366 ita
1303 2337 1416 2374 tamen,
1434 2338 1467 2365 ut
1486 2332 1517 2365 in
1535 2332 1600 2365 istis
1617 2331 1804 2376 peragendis
1820 2330 1902 2364 idem
1923 2330 1987 2375 epi-

1244 2396 1358 2429 scopus
1377 2385 1556 2429 exprimere
1573 2390 1726 2426 teneatur,
1741 2395 1773 2417 se
1782 2389 1849 2418 non
1867 2384 1911 2418 uti
1929 2383 1985 2418 Or-

1244 2438 1411 2480 dinarium,
1438 2438 1492 2472 sed
1523 2438 1568 2471 uti
1596 2438 1684 2471 Sedis
1708 2437 1908 2481 Apostolicae
1932 2436 1985 2470 de-

1245 2492 1385 2535 legatum
1412 2491 1537 2525 visitare
1564 2502 1599 2524 ac
1631 2491 1814 2535 procedere,
1839 2490 1986 2534 imposito

1281 2564 1292 2589 1
1311 2562 1349 2589 Ex
1365 2561 1471 2597 Regest.
1488 2562 1516 2588 in
1530 2561 1632 2589 Secret.
1650 2561 1728 2589 Brev.

1280 2605 1296 2632 2
1316 2605 1417 2634 Forsan
1436 2606 1580 2644 legendum
1597 2605 1850 2641 privileqiatormn
1869 2605 1907 2640 (n.
1921 2605 1969 2640 ⁵12).

1971 206 2019 232 An.
2040 206 2070 233 c.
2088 203 2154 236 1659

2015 1220 2080 1241 Decla
2084 1222 2144 1240 ratio.
