2185 3188
47 163 95 190 An.
117 163 144 189 C.
164 162 229 189 1656

39 1069 145 1091 Contraria
157 1070 216 1089 tvlh'.

70 1441 215 1468 Transnmpto-

37 1474 79 1489 rum
95 1469 151 1489 untes.

835 161 1022 185 ALEXANDER
1050 163 1090 185 vn
1117 163 1162 185 Pr.

238 209 307 249 bus,
334 208 387 252 qui
413 208 506 242 etiam
533 212 618 243 extra
643 219 716 242 suos
737 213 909 242 conventus
941 201 985 242 uti

237 261 367 306 possint,
392 261 445 294 sed
467 261 555 296 finito
581 273 639 295 usu
664 261 856 303 huiusmodi,
877 261 984 295 subito

236 314 274 348 ad
299 314 397 348 dictas
420 314 629 348 bibliothecas
653 315 829 359 respective
854 315 913 348 sub
934 315 981 347 in-

236 367 409 412 frascriptis
434 368 544 412 poenis
570 373 735 412 reportare
767 368 896 402 omnino
921 368 980 401 de-

235 421 341 464 beant)
367 421 581 461 commodare,
606 427 659 454 aut
678 422 736 454 sub
755 422 865 464 quovis
886 432 982 465 quae-

236 473 295 507 sito
320 474 437 515 colore,
463 474 607 517 ingenio,
632 474 726 508 causa
742 501 749 515 ‚
775 474 897 508 ratione
928 479 981 509 aut

235 526 401 560 occasione
426 538 443 560 a
468 527 558 561 dictis
590 527 790 560 bibliothecis
815 528 980 561 extrahere

236 584 266 612 et
290 584 475 623 asportare,
501 591 555 613 seu
580 585 614 613 ut
641 580 903 622 commodentur,
929 585 981 615 aut

236 633 441 666 extrahantur
459 639 485 666 et
507 639 709 678 asportentur
725 634 909 677 permittere
927 640 980 668 aut

235 686 413 719 consentire
433 686 546 720 audeat
565 697 619 719 seu
636 692 828 730 praesumat,
851 688 908 720 sub
926 698 979 721 ex-

235 739 528 772 communicationis
553 740 632 773 latae
657 740 828 774 sententiae
853 751 889 774 ac
913 741 979 785 pri-

235 791 367 824 vationis
389 792 473 825 vocis
497 792 615 825 activae
637 798 667 825 et
692 792 834 836 passivae
857 794 978 837 poenis,

233 854 290 888 per
322 845 581 878 contrafacientes
613 857 649 879 eo
680 846 749 889 ipso
774 845 893 889 absque
917 847 977 879 alia

233 896 445 931 declaratione
469 897 690 941 incurrendis,
716 899 891 942 apostolica
916 910 973 932 au-

234 950 400 991 ctoritate,
426 956 535 985 tenore
560 953 793 996 praesentium,
820 953 977 986 interdici·

234 1012 304 1036 mus
328 1008 358 1036 et
381 1004 601 1047 prohibemus.

278 1056 293 1099 ξ
321 1055 350 1089 2.
379 1057 448 1090 Non
477 1057 672 1092 obstantibus
701 1058 977 1092 constitutionibus

233 1113 263 1141 et
287 1108 538 1143 ordinationibus
569 1111 766 1154 apostolicis,
792 1122 827 1144 ac
853 1111 977 1145 Ordinis

232 1167 262 1194 et
285 1168 495 1196 conventuum
523 1164 778 1207 praedictorum,
804 1164 897 1198 etiam
930 1165 976 1197 iu-

231 1219 396 1258 ramento,
430 1217 671 1250 confirmatione
707 1218 903 1261 apostolica,
929 1219 975 1252 vel

231 1268 343 1313 quavis
367 1269 515 1304 firmitate
539 1271 599 1303 alia
616 1271 783 1312 roboratis,
801 1272 925 1305 statutis
947 1278 977 1305 ct

230 1323 521 1365 consuetudinibus,
535 1325 712 1368 ceterisque
728 1326 896 1358 contrariis
910 1326 977 1371 qui-

230 1375 438 1420 buscumque.

274 1430 339 1474 §3
367 1432 518 1465 Volumus
543 1438 659 1472 autem,
684 1433 768 1477 quod
798 1434 975 1477 praesentis

228 1484 453 1527 prohibitionis
479 1486 568 1529 copia
595 1486 624 1518 in
651 1487 747 1519 valvis
778 1487 920 1519 omnium
946 1493 976 1520 et

229 1537 425 1580 singularum
462 1539 725 1572 bibliothecarum
764 1547 973 1573 conventuum

229 1591 303 1624 dieti
329 1591 475 1634 Ordinis,
506 1604 559 1626 seu
596 1594 656 1627 alio
686 1594 858 1638 conspicuo
884 1594 993 1635 10c0,{

229 1654 291 1687 quo
316 1644 354 1677 ab
371 1645 518 1679 omnibus
535 1647 620 1679 cerni
640 1647 749 1690 possit,
767 1648 917 1681 continuo
935 1650 975 1680 al'-

228 1698 290 1731 fixa
304 1705 474 1740 remaneat,
487 1700 645 1744 quodque¹
664 1701 878 1744 praesentium
894 1707 974 1734 tran-

228 1751 373 1795 sumptis,
402 1753 496 1785 etiam
521 1753 696 1797 impressis,
722 1764 816 1786 manu
841 1754 974 1788 alicuius

226 1805 341 1839 notarii
362 1806 480 1850 publici
505 1807 702 1852 subscriptis,
721 1814 750 1840 et
776 1808 880 1851 sigillo
902 1820 973 1852 per-

228 1869 322 1893 sonae
340 1859 371 1892 in
389 1859 538 1903 dignitate
557 1861 767 1894 ecclesiastiea
785 1861 973 1895 constitutae

227 1913 366 1954 nmnitis,
379 1913 488 1947 eadem
513 1925 645 1958 prorsus
670 1914 747 1948 fides
772 1914 971 1958 adhibeatur,

226 1976 307 2009 quae
332 1967 551 2010 praesentibus
576 1967 791 2009 adhiberetur,
818 1968 842 2001 si
867 1968 972 2002 forent

227 2019 384 2053 exhibitae
410 2021 457 2053 vel
482 2026 635 2054 ostensae.

270 2072 382 2107 Datum
411 2074 538 2116 Romae,
564 2074 646 2118 apud
674 2075 702 2109 S.
726 2075 853 2108 Mariam
880 2075 989 2109 Maio-⁴

227 2137 305 2167 rem,
334 2127 392 2159 sub
419 2128 536 2161 annulo
565 2128 741 2169 Piscatoris,
759 2128 808 2162 die
830 2139 862 2162 111
893 2129 969 2162 iunii

226 2189 352 2222 unetvi,
378 2180 576 2224 pontificatus
609 2182 707 2214 nostri
733 2192 815 2216 anno
840 2192 871 2216 11.

262 2242 321 2271 Ilat.
338 2243 381 2271 die
395 2244 410 2271 3
425 2243 492 2271 iunii
513 2245 589 2278 ¹056,
607 2245 703 2280 pontis.
720 2253 790 2272 anno
807 2252 833 2272 ιι.

265 2351 273 2376 t
294 2349 361 2376 Edit.
378 2350 458 2377 Μαίη.
477 2351 541 2385 legit
557 2359 669 2386 quoquc
685 2354 721 2386 (R,
740 2355 788 2385 ΤΗ).

315 2619 391 2645 butt.
413 2619 496 2646 Rom.
515 2634 547 2638 —
569 2619 624 2646 Vot.
647 2619 722 2647 XVI.
880 2620 914 2647 23

1667 154 1730 186 177

1339 211 1438 245 CXIII.

1020 279 1210 313 Commissio
1243 281 1484 326 archiepiscopo
1520 283 1694 317 Toletano.
1727 287 1762 314 tit

1062 333 1233 366 cathedras
1259 335 1344 367 tetris
1368 336 1475 368 civilis
1496 337 1532 368 in
1549 336 1763 369 universitate

1063 385 1287 428 Complutenst
1307 387 1461 419 instituat
1475 387 1492 420 ¹.

1076 455 1249 483 Venerabili
1273 456 1359 484 tratri
1380 458 1519 492 episcopo
1540 459 1696 489 Toletano,

1210 505 1377 532 Alexander
1403 507 1481 540 Papa
1501 508 1561 534 Vll.

1219 567 1405 595 Venerabilis
1424 568 1521 596 frater
1531 572 1554 603 ff,

1050 611 1180 639 salutem
1200 614 1231 639 et
1251 612 1446 646 apostoticam
1472 613 1722 642 benedictionem.

1058 682 1072 725 ξ
1103 682 1127 714 Ι.
1154 682 1274 726 Exponi
1298 682 1390 716 nobis
1414 693 1515 727 nuper
1530 684 1601 717 fecit
1626 684 1758 718 dilectus

1013 734 1096 768 filius
1121 741 1225 769 rector
1246 736 1370 779 collegii
1387 737 1417 770 S.
1436 737 1615 781 lldephonsi
1638 739 1758 771 univer-

1013 788 1112 821 sitatis
1147 789 1241 823 studii
1275 790 1431 833 generalis
1463 791 1571 835 oppidi
1602 791 1757 835 Compluti

1012 842 1179 876 Toletanae
1203 843 1374 884 dioecesis,
1405 844 1489 887 quod
1513 844 1632 877 dudum
1657 844 1759 878 bonae

1013 896 1186 929 memoriae
1210 897 1396 931 Franciscus
1414 897 1488 930 dum
1511 898 1586 930 vixit
1610 899 1639 932 S.
1668 899 1702 931 R.
1724 899 1756 931 Ε.

1012 949 1180 983 cardinalis
1205 950 1353 983 Ximenez
1379 957 1588 995 nuncupatus,
1606 952 1757 985 ecclesiae

1011 1002 1178 1036 Toletanae
1199 1013 1234 1036 ex
1253 1004 1457 1037 concessione
1476 1009 1505 1037 et
1522 1004 1756 1048 dispensatione

1011 1055 1182 1099 apostolica
1207 1057 1350 1100 praesul,
1375 1057 1428 1100 qui
1454 1057 1568 1090 dietam
1594 1057 1753 1090 universi-

1011 1113 1105 1141 tatem
1123 1109 1297 1152 apostoliea
1315 1110 1501 1144 auctoritate
1520 1110 1669 1144 canonice
1688 1121 1756 1144 ere-

1012 1162 1076 1203 xit,
1108 1162 1189 1196 inter
1220 1163 1279 1196 alia
1313 1174 1393 1207 quae
1426 1164 1523 1197 edidit
1556 1165 1656 1208 ipsius
1689 1165 1756 1197 uni-

1012 1215 1166 1249 versitatis
1190 1221 1320 1258 statuta,
1347 1217 1529 1261 prohibuit,
1554 1229 1592 1251 ne
1618 1229 1756 1262 unquam

1012 1268 1042 1300 in
1067 1269 1178 1302 eadem
1205 1270 1408 1303 universitate
1434 1271 1584 1304 cathedra
1614 1271 1690 1304 iuris
1716 1272 1758 1305 ei-

1012 1322 1080 1354 vilis
1104 1323 1224 1355 institui
1250 1324 1369 1367 possit,
1396 1334 1498 1368 neque
1522 1325 1628 1369 aliquo
1660 1326 1755 1360 modo

1011 1376 1041 1408 in
1074 1377 1184 1410 codem
1217 1377 1353 1420 collegio
1380 1378 1482 1422 ipsum
1516 1379 1564 1412 ius
1596 1379 1686 1412 civIIe
1712 1380 1754 1413 le-

1010 1436 1111 1473 gutur.

1054 1484 1068 1527 ξ
1093 1485 1121 1517 2¹.
1148 1486 1224 1517 thim
1246 1491 1360 1527 autem,
1382 1486 1462 1519 sicut
1476 1487 1584 1519 eadem
1600 1488 1754 1531 expositio

1010 1536 1228 1580 subiungebat,
1243 1538 1273 1570 in
1288 1538 1450 1582 praedicta
1466 1539 1667 1573 universitate
1682 1552 1756 1584 qua-

1008 1643 1096 1676 nium
1111 1644 1313 1678 scientiarum
1327 1645 1535 1688 reperiantur,
1547 1645 1675 1690 ipsaque
1691 1647 1754 1680 uui·

1011 1697 1139 1730 versitas
1152 1703 1282 1742 propter
1292 1698 1432 1731 descetus
1444 1699 1663 1732 cathedrarum
1677 1700 1753 1734 iuris

1009 1751 1108 1784 civilis
1134 1751 1313 1784 huiusmodi
1341 1752 1496 1796 completa
1516 1763 1577 1785 non
1600 1753 1752 1795 videatur3

990 1809 992 1822 ·
1008 1810 1037 1838 et
1062 1811 1232 1849 propterea
1250 1805 1351 1839 dietus
1373 1812 1478 1839 rector
1492 1807 1657 1840 cathedras
1675 1809 1754 1841 eius-

1007 1859 1077 1892 dem
1098 1859 1175 1892 iuris
1197 1859 1296 1892 civilis
1314 1859 1343 1892 in
1358 1860 1440 1892 dicta
1460 1860 1672 1899 universitate,
1691 1873 1753 1895 non

1007 1911 1135 1955 quidem
1161 1923 1197 1945 ex
1222 1913 1422 1946 facultatibus
1455 1914 1618 1947 [nemorali
1654 1915 1751 1947 Fran-

1006 1966 1080 1999 eisei
1098 1966 1277 2007 cardinalis,
1291 1966 1344 1999 sed
1360 1967 1494 2000 aliorum
1514 1969 1751 2011 particularium

1005 2019 1253 2060 benefactorum,
1270 2020 1334 2064 qui,
1354 2026 1386 2053 ut
1404 2021 1485 2053 idem
1507 2027 1612 2055 rector
1629 2023 1751 2063 asserit,

1005 2073 1035 2106 id
1056 2074 1147 2106 enixe
1160 2073 1350 2116 desiderant,
1369 2075 1514 2118 expensis
1532 2075 1650 2108 institui
1668 2087 1751 2109 sum-

1006 2137 1134 2171 mopere
1159 2126 1332 2167 desideret3
1363 2127 1454 2161 nobis
1481 2134 1651 2172 propterea
1684 2129 1751 2173 ipse

1005 2184 1109 2214 rector
1134 2180 1296 2214 humiliter
1321 2181 1494 2225 supplicari
1519 2182 1606 2221 fecit,
1634 2188 1666 2215 ut
1691 2183 1749 2215 sihi

1004 2233 1036 2266 iu
1057 2234 1240 2277 praemissis
1258 2240 1437 2278 opportune
1454 2235 1621 2278 providere
1643 2236 1681 2268 de
1699 2236 1748 2268 be-

986 2287 1155 2330 nignitate
1179 2288 1351 2331 apostoliea
1376 2288 1591 2331 dignaremur.
1614 2289 1675 2321 Nos
1695 2290 1749 2331 igi-

1005 2347 1064 2382 tur,
1083 2341 1228 2374 eumdem
1251 2347 1406 2374 rectorem
1433 2342 1622 2386 specialibus
1640 2344 1750 2376 lamii<

985 2410 987 2415 ⁴
1004 2396 1061 2429 bus
1097 2401 1127 2428 et
1167 2394 1276 2438 gratiis
1301 2396 1450 2439 prosequi
1480 2396 1636 2437 volentes,
1670 2403 1700 2430 et
1732 2409 1749 2430 a

1041 2479 1051 2502 1
1071 2476 1107 2503 Ex
1125 2476 1233 2509 aegest.
1251 2475 1276 2502 in
1293 2475 1395 2502 Seeret.
1416 2476 1498 2502 Brev.

1039 2522 1054 2547 2
1074 2520 1146 2547 Edit.
1167 2519 1247 2547 Main.
1264 2520 1328 2555 legit
1346 2521 1440 2555 fratri
1454 2522 1492 2555 (a.
1507 2522 1555 2553 τ.).

1039 2566 1055 2594 3
1076 2565 1176 2594 Forsan
1195 2574 1246 2593 sea:
1266 2564 1409 2601 legendum
1430 2573 1477 2601 pro
1497 2574 1555 2593 sese
1574 2566 1612 2601 (a.
1630 2567 1680 2601 τ.).

1009 1590 1153 1633 draginta
1177 1592 1264 1624 scse³
1290 1591 1456 1625 cathedrae
1481 1598 1656 1626 ceterarum
1685 1606 1776 1627 oin-t

1777 165 1826 190 Au.
1849 164 1875 189 c'.
1897 164 1962 190 1656

1802 703 1866 729 Suppl
1878 704 1940 723 italio.

1797 1499 1908 1520 Coruinum
1922 1506 1954 1519 ar-

1770 1526 1953 1551 υἱῃυμιμςημιΤη-

1770 1553 1852 1574 lerini»,
1874 1556 1894 1572 ul
1919 1560 1953 1572 ra-

1833 1613 1850 1625 11Ι
1867 1612 1954 1625 illitter-

1768 1635 1831 1652 sit.it.·
1857 1633 1953 1657 tltriiiplu«

1770 1661 1821 1679 tensi
1839 1661 1941 1679 inanum.
