2263 3215
541 230 603 263 *1:32
1097 240 1278 264 Burnininn
1304 239 1457 264 nonnum
2034 237 2082 264 An.
2103 237 2131 265 C.
2149 238 2214 271 1656

507 293 532 319 et
561 287 754 328 mandamus,
780 293 811 320 ut
836 298 945 321 omnes
971 291 999 323 ct
1020 289 1158 331 singulas
1178 299 1244 332 per-

506 352 598 373 sonas
623 341 848 374 ecclesiasticas
867 342 896 373 in
915 342 1116 385 praeinsertis
1133 342 1243 374 litteris

506 404 670 437 expressas
695 395 850 427 seculares
886 400 915 427 et
945 395 1123 437 regulares⁷
1149 395 1241 427 etiam

505 457 567 479 non
592 448 688 489 petita
709 453 761 480 aut
776 448 901 481 obtenta
920 448 1055 481 cuiusvis
1071 448 1242 492 superioris

505 499 629 532 mediati
657 500 702 532 rel
728 500 899 533 immediati
926 501 1118 544 regularium
1137 501 1243 534 liuius-

504 552 587 585 modi
613 552 748 593 lieentia,
769 565 804 585 ac
830 554 1010 597 postpositis
1029 554 1096 586 aliis
1117 553 1243 597 quibus-

309 238 357 264 An.
380 237 407 264 C.
429 239 494 266 1656

325 274 328 277 “
364 273 367 276 ’
1550 288 1665 315 nitente
1689 287 1747 320 fili,

1314 334 1443 361 salutem
1470 336 1500 360 et
1523 331 1717 366 apostolicam
1736 331 1981 359 benedictionem.

1321 395 1336 438 ἓ
1352 395 1380 427 ·l.
1401 394 1445 427 Ad
1462 405 1554 427 aures
1571 399 1694 426 nostras
1711 393 1920 436 quorumdam
1941 393 2018 426 rela-
2049 406 2150 427 Mmonm
2160 407 2212 438 1¹2⁰-

1278 448 1360 481 tione
1381 447 1552 491 perreniv,
1574 446 1737 480 ecelesiam
1759 446 2016 489 Angamalensem
2033 433 2213 489 2}?„¹ssm²'²22{i25

1278 501 1436 543 ingentem
1462 512 1591 534 excessu
1620 506 1672 533 tuo
1701 510 1824 544 passam
1849 510 1915 532 esso
1940 499 2016 532 scis·
2032 490 2096 558 Ξζιὶζςῖεξ
2107 486 2212 560 ιιῗέἒᾘ.

2057 545 2067 557 t'·
2153 545 2211 561 ”5¹22

1277 565 1392 586 suram.
1411 554 1558 586 Fatemur
1574 563 1631 586 nos
1648 553 1708 585 hoe
1728 552 1836 586 nuntio
1856 552 2018 585 vehemen-
2033 567 2156 586 revertatur.

316 1631 430 1651 omnifariis
446 1630 482 1650 ‹le-

504 616 638 649 cumquc
670 607 921 640 excusationibus
952 611 980 641 et
1009 607 1241 650 tergiversatio-

503 659 615 705 nibus,
640 659 677 692 ad
708 660 891 693 tradendum
930 666 958 692 et
994 660 1240 703 consignandum

504 713 685 746 memoratis
714 713 883 746 Gnesnensi
914 719 943 746 et
973 714 1166 757 Leopoliensi
1196 725 1241 746 ar-

503 766 712 810 chiepiscopis
730 779 764 799 ac.
785 767 935 811 episcopo
960 767 1171 808 Luceoriensi,
1190 773 1241 800 aut

502 818 626 851 (luobus
652 820 760 852 saltem
780 832 814 852 ex
838 820 907 860 illis,
928 831 993 859 scu,
1010 821 1033 852 si
1053 820 1095 852 illi
1115 820 1238 852 insimul

501 882 564 905 non
589 873 799 916 reperiantur,
817 874 884 906 aliis
904 873 991 916 regui
1017 873 1162 906 l‘oloniae
1181 874 1241 917 epi-

502 925 616 968 seopis,
636 926 682 958 vel
705 926 826 959 duolms
852 938 885 959 ex
912 926 972 959 illis
990 937 1045 970 per
1060 933 1087 959 tc
1109 927 1239 960 arbitrio

502 984 554 1011 tuo
579 979 701 1022 quoties
732 991 810 1023 opus
845 980 938 1014 suerit.
972 980 1122 1023 eligendis
1151 991 1240 1024 quae-

501 1042 634 1075 cumque
649 1038 678 1064 et
691 1033 931 1076 qualiacumque
944 1044 1038 1066 aurea
1050 1039 1079 1066 ct
1093 1039 1239 1076 argentea

501 1085 703 1118 ecclesiarum
730 1091 759 1120 et
783 1087 924 1120 locorum
951 1087 1075 1130 piorum
1100 1087 1240 1131 supradi-

501 1144 622 1171 ctorum
638 1149 719 1179 vasa,
734 1139 929 1180 candelabra,
943 1151 1063 1180 cruces,
1078 1140 1238 1173 thuribula

500 1197 530 1223 et
554 1192 613 1224 alia
637 1193 780 1225 utensilia
813 1193 976 1233 (calicibus
1001 1197 1029 1227 et
1054 1193 1174 1237 patenis
1203 1205 1239 1227 ac

500 1244 568 1277 aliis
585 1247 673 1277 sacra
690 1246 835 1279 uncti0ne
853 1246 999 1279 delibutis
1016 1247 1175 1280 dumtaxat
1192 1258 1239 1280 ex-

500 1299 619 1342 ceptis),
646 1299 682 1331 ad
709 1299 853 1334 etl‘eetum
875 1301 1020 1344 superius
1041 1312 1237 1345 expressum,

499 1361 534 1382 ac
560 1355 680 1384 servata
706 1353 735 1384 in
761 1354 873 1386 ceteris
897 1354 1162 1397 praeinsertarum
1189 1354 1237 1386 lit-

500 1409 637 1436 terarum
664 1406 764 1438 forma
789 1412 819 1439 et
843 1406 1064 1450 dispositione,
1090 1418 1184 1450 cogas
1208 1413 1238 1440 et

499 1458 684 1501 compellas3
710 1470 766 1492 nos
791 1460 874 1492 enim
901 1460 953 1492 tibi
975 1460 1111 1504 desuper
1128 1472 1236 1505 quam-

499 1522 633 1555 cumque
655 1513 862 1545 necessariam
878 1519 907 1546 et
920 1518 1130 1557 opportunam
1145 1515 1237 1548 sacul-

499 1570 590 1597 tatem
617 1565 720 1599 denuo
745 1566 912 1599 tribuimus
937 1573 966 1600 et
991 1567 1198 1611 impertimur.

543 1619 556 1661 g
574 1618 602 1650 ⁹2.
625 1619 691 1651 Non
706 1619 902 1652 obstantibus
915 1616 1061 1654 omnibus
1075 1620 1236 1666 illis‚quae

498 1671 529 1704 in
547 1672 657 1705 litteris
670 1673 839 1716 praedictis
852 1674 1008 1707 voluimus
1023 1685 1085 1708 non
1100 1674 1236 1716 obstare,

498 1726 673 1770 ceterisque
699 1727 865 1760 contrariis
887 1727 1146 1771 quibuscumque.

541 1779 651 1811 Datum
679 1780 816 1821 nomae,
841 1781 923 1824 apud
945 1781 973 1814 S.
1000 1781 1148 1824 Petrum,
1179 1782 1236 1815 sub

497 1834 613 1866 annulo
628 1834 864 1875 Piscatoris,die
879 1845 950 1867 xxix
961 1834 1092 1868 ianuarii
1109 1845 1234 1876 noemi,

497 1887 699 1929 pontificatus
724 1888 821 1922 nostri
847 1899 928 1922 anno
954 1899 972 1921 1.

531 1949 588 1976 Dat.
611 1950 653 1977 die
672 1950 705 1977 ‘29
726 1951 839 1978 ianuarii
862 1952 938 1986 1656,
955 1951 1050 1987 pontis.
1071 1960 1140 1979 anno
1163 1961 1180 1978 ι.

790 2120 942 2154 LXXXIV.

494 2209 722 2243 Hortatorium
751 2211 890 2244 Tliomae
913 2211 1142 2244 archidiacono
1166 2212 1234 2246 Αη-

538 2263 720 2306 ῃιηηαῐεηεί
743 2265 905 2297 occasione
923 2265 1088 2297 missionis
1105 2265 1235 2309 Iosephi

539 2328 557 2349 a
588 2317 621 2349 S,
656 2317 781 2349 i'llurz'ae
814 2317 1008 2351 Carmelilae
1039 2318 1235 2352 Discalccatz'

538 2370 579 2402 ad
601 2370 804 2413 provinciam
830 2370 1134 2414 Anyamalensem'.

564 2458 678 2485 Dilecto
698 2459 759 2486 filio
779 2459 924 2492 Thomae,
946 2460 1156 2488 archidiacono

547 2503 693 2530 ecclesiae
721 2503 947 2537 Anqamalensis
976 2510 1030 2531 seu
1057 2503 1178 2536 Serrae,

688 2556 851 2583 Alexander
876 2557 951 2589 Papa
975 2557 1037 2584 vll.

534 2647 538 2670 1
565 2644 600 2670 Ex
623 2644 728 2678 llegest.
750 2645 775 2671 in
796 2645 896 2672 Secret.
921 2645 996 2671 Brev.

1277 612 1323 640 ter
1347 618 1414 640 esse
1439 612 1628 647 commotos,
1656 606 1702 639 rix
1728 612 1850 646 autem,
1876 606 1938 639 imo
1962 616 2016 638 ne-

1276 671 1432 704 quaqnam
1460 660 1570 692 adduci
1597 670 1703 703 posse,
1728 664 1761 691 ut
1786 658 1952 692 credamus
1977 662 2015 699 te,

1276 724 1369 757 quem
1396 714 1490 758 quieti
1517 719 1546 746 et
1572 712 1677 746 unioni
1703 712 1842 745 eiusdem
1867 711 2016 745 ecclesiae

1276 777 1311 799 ex
1338 767 1536 799 incumbente
1563 766 1618 798 tibi
1643 764 1915 798 archidiaconatus
1940 775 2012 797 mu-

1276 830 1349 852 nere
1364 826 1523 864 tamquam
1542 818 1768 863 archiepiscopi
1787 818 1912 851 oculum
1929 817 2015 851 omni

1275 873 1378 906 studio
1396 873 1567 913 intendere,
1583 878 1612 905 et
1629 872 1767 905 eiusdem
1786 871 2015 915 archiepiscopi

1276 926 1409 969 pastoris
1435 926 1477 959 tui
1503 937 1560 970 pro
1587 925 1755 959 commisso
1780 924 1837 957 sibi
1858 934 1955 968 grege
1974 924 2017 957 vi-

1275 979 1434 1021 gilantiam
1461 990 1518 1023 pro
1545 979 1663 1011 viribus
1692 978 1839 1011 adiuvare
1868 981 2014 1022 oportet,

1275 1033 1314 1065 ita
1338 1034 1433 1066 fuisse
1458 1033 1606 1077 propriae
1630 1032 1737 1066 salutis
1762 1037 1791 1064 et
1816 1031 2015 1065 existimatio-

1274 1086 1320 1120 nis
1352 1087 1593 1128 immemorem,
1620 1090 1652 1120 ut
1679 1085 1794 1119 nedum
1821 1090 1853 1118 tu
1877 1085 1916 1118 ab
1940 1084 2015 1118 obe-

1273 1140 1389 1173 dientia
1413 1140 1496 1172 illius
1520 1145 1637 1173 temere
1662 1139 1820 1179 recedere,
1841 1138 1895 1172 sed
1920 1138 2013 1171 etiam

1273 1193 1405 1226 aliorum
1425 1193 1582 1236 ingentem
1601 1192 1830 1226 multitudinem
1847 1192 1886 1224 ab
1904 1191 2012 1225 eadem

1273 1246 1447 1279 distrahere
1471 1246 1641 1279 damnabili
1667 1245 1922 1290 praesumptione
1947 1245 2013 1277 sue-

1273 1299 1315 1332 ris
1340 1310 1444 1340 ausus,
1467 1300 1628 1343 multoque
1654 1299 1757 1332 minus
1773 1298 1866 1332 sidem
1886 1297 2014 1342 praebe-

1274 1363 1340 1385 mus
1362 1353 1499 1395 vocibus,
1521 1353 1634 1397 quibus
1660 1353 1830 1396 spargitur,
1849 1358 1877 1385 te
1897 1352 2013 1395 absque

1272 1407 1365 1440 liuius
1390 1412 1513 1439 sanctae
1539 1407 1627 1440 Sedis
1652 1406 1850 1450 Apostolicae
1875 1405 2013 1438 auctori-

1272 1465 1333 1493 tate
1351 1460 1533 1503 dignitatem
1564 1460 1776 1503 episcopalem
1797 1458 2013 1502 assumpsisse,

1273 1513 1441 1557 muniaque
1465 1513 1634 1557 pastoralia
1659 1513 1833 1555 illegitime,
1858 1511 2009 1544 invalide-

1271 1578 1332 1610 que
1357 1567 1437 1599 inter
1463 1567 1645 1600 innocentes
1670 1566 1803 1610 populos
1818 1565 2013 1598 administra-

1271 1631 1313 1653 re.
1340 1620 1490 1659 Quoniam
1518 1631 1591 1653 vero
1616 1631 1675 1664 pro
1705 1618 1923 1663 componenda
1954 1629 2009 1651 su-

1271 1672 1429 1716 pradictae
1460 1673 1610 1706 ecclesiae
1637 1684 1713 1717 paee
1738 1673 1886 1706 dilectum
1911 1671 2010 1704 filium

1271 1727 1438 1770 losephum
1464 1738 1481 1760 a
1498 1727 1526 1760 S.
1545 1727 1651 1767 Maria,
1669 1726 1794 1760 Ordinis
1814 1727 1945 1759 fratrum
1964 1725 2011 1759 Di-

1269 1781 1494 1813 scalceatorum
1516 1780 1656 1813 eiusdem
1675 1779 1704 1812 S.
1722 1780 1836 1812 Mariae
1853 1779 1890 1812 dc
1908 1779 2010 1812 Monte

1270 1834 1420 1875 Cat-melo,
1439 1834 1539 1867 virum
1558 1844 1696 1877 gravem,
1711 1844 1747 1867 ae
1764 1833 1933 1878 praeclaris
1951 1833 2011 1865 vir-

1271 1887 1387 1920 tutibus
1403 1887 1581 1931 praeditum
1598 1887 1635 1919 ad
1654 1887 1721 1920 illas
1738 1892 1842 1930 partes
1863 1886 2010 1919 duximus

1269 1940 1499 1981 destinandum,
1524 1941 1623 1973 visum
1649 1945 1695 1973 cst
1719 1940 1811 1973 nobis
1832 1950 1890 1983 pro
1911 1944 2009 1983 pater·

1269 2004 1327 2027 nae
1346 2000 1472 2027 nostrae
1492 1995 1523 2027 in
1543 1999 1572 2027 te
1593 1994 1753 2027 charitatis
1773 1993 1897 2034 affeetu,
1914 2003 1950 2026 ac
1973 1994 2010 2026 ea

1269 2058 1362 2090 quam
1377 2047 1415 2080 de
1428 2047 1549 2080 animae
1567 2052 1637 2080 tuae
1654 2047 1752 2080 salute
1768 2046 1909 2089 gerimus
1922 2046 2009 2087 cura,

1269 2106 1298 2133 tc
1322 2101 1533 2144 praesentium
1564 2100 1644 2133 serie
1671 2100 1701 2132 in
1725 2100 1859 2133 Domino
1889 2099 2009 2133 hortari

1269 2159 1298 2186 et
1323 2153 1431 2187 sedulo
1456 2164 1594 2195 monere,
1615 2159 1648 2186 ut
1672 2153 1695 2186 si
1715 2153 1811 2197 (quod
1829 2153 1910 2186 Deus
1925 2163 2010 2186 aver-

1269 2209 1323 2251 tat)
1343 2218 1450 2240 verum
1469 2207 1507 2239 sit
1524 2207 1676 2252 quidquid
1693 2207 1731 2240 de
1749 2207 1809 2240 tuis
1830 2206 2008 2240 excessibus

1268 2261 1357 2294 nobis
1374 2260 1507 2293 relatum
1530 2266 1585 2301 est,
1608 2266 1640 2292 tu
1657 2261 1695 2293 ad
1715 2259 1859 2293 saniora*l
1879 2259 2008 2293 consilia

1269 2314 1445 2347 revertaris.
1464 2313 1582 2356 Cogita,
1600 2313 1655 2354 sili,
1673 2314 1749 2346 nibil
1775 2313 1924 2357 prodesse
1951 2312 2008 2347 ho-

1269 2367 1342 2400 mini
1360 2367 1384 2400 si
1403 2367 1555 2400 mundum
1577 2367 1757 2400 universum
1780 2367 1929 2408 lucretur,
1945 2366 2008 2399 ani-

1269 2431 1336 2454 mae
1356 2431 1429 2454 vero
1447 2431 1520 2454 suae
1544 2420 1768 2454 detrimentum
1793 2421 1940 2465 patiatur,
1957 2430 2008 2453 ne-

1266 2484 1326 2518 que
1343 2485 1532 2518 quemquam
1552 2484 1677 2507 sumere
1692 2473 1749 2507 sibi
1768 2474 1933 2515 bonorem,
1946 2472 2005 2506 nisi

1302 2556 1312 2580 1
1335 2554 1403 2581 Vide
1423 2554 1456 2581 de
1476 2554 1525 2580 liae
1545 2562 1572 2581 re
1592 2563 1673 2589 supra
1693 2562 1754 2589 pag.
1776 2554 1840 2587 111,
1864 2553 1931 2586 112;
1954 2553 2006 2581 425

1279 2607 1305 2625 n.
1322 2605 1345 2625 T.
1364 2620 1369 2625 .

1264 2600 1274 2633 <
1301 2643 1315 2669 Ξ
1332 2598 1396 2670 nial-2
1412 2643 1475 2671 edit.
1493 2643 1571 2671 ltlain.
1588 2644 1653 2678 legit
1667 2645 1782 2672 seniora
1797 2650 1836 2677 tr..
1851 2644 1901 2678 τ.).
