2243 3205
905 163 1001 186 INDEX
1026 163 1131 187 nuncu
1680 158 1739 192 801

334 211 492 256 lymitaffl,
521 211 563 246 16
588 212 623 252 b;
652 213 750 256 ipsius
776 213 943 248 decretum
969 215 1054 248 circa
1079 215 1379 252 dismembrationes
1405 230 1422 252 a
1448 220 1594 263 prioratu
1620 220 1649 254 S.
1674 221 1789 265 AEgidii

334 265 466 310 linguae
491 265 677 300 Provinciae
702 265 787 300 illius
813 268 991 311 hospitalis,
1020 269 1094 302 ibid.

244 319 379 354 Ioannes
404 320 571 365 Philippus
595 321 855 365 archiepiscopus
878 322 1094 365 lllaguntinus,
1112 324 1192 357 sacri
1211 324 1344 358 Romani
1366 325 1493 370 imperii
1514 328 1643 367 elector,
1670 334 1701 361 ct
1725 329 1790 372 epi-

333 384 449 417 scopus
481 373 739 418 Herbipolensis,
775 373 840 407 453
873 374 905 413 b;
941 375 988 408 uti
1019 375 1189 419 episcopus
1222 377 1464 421 Herbipolensis
1496 380 1555 414 init
1580 381 1788 414 concordiam

334 438 407 461 cum
433 427 576 470 capitulo
601 426 699 471 ipsius
725 428 890 467 ecclesiae,
919 427 983 460 454
1007 441 1025 462 ιι
1052 435 1082 462 et
1106 440 1182 472 seq.·‚
1209 441 1290 474 quae
1316 432 1537 474 confirmatur,
1564 433 1627 466 457
1655 434 1682 467 b.

245 480 380 513 Ioannes
405 479 534 513 Pizzulli
560 479 599 514 de
624 480 756 524 Regina,
785 480 844 513 631
874 481 909 522 b;
935 481 1037 525 ipsius
1062 481 1234 525 dispositio
1259 485 1438 518 testamenti
1467 486 1686 527 confirmatur,
1708 488 1784 520 ibid.

242 533 376 566 Ioannes
400 532 568 566 Wilfridus
595 533 767 576 collegium
795 533 1029 577 Gregorianum
1054 534 1093 568 de
1116 535 1200 573 Urbe
1224 536 1352 570 Ordinis
1384 537 1414 571 S.
1443 539 1604 573 Benedicti
1632 541 1784 583 perfecit,

331 584 395 618 337
421 595 442 618 a
465 591 496 619 et
520 596 583 629 seq.

243 638 371 673 Ioannis
396 639 462 683 (B.)
486 639 540 672 Dei
566 639 777 683 Congregatio
802 639 850 674 de'
869 641 953 675 Face
978 641 1053 675 bene
1075 642 1222 683 Fratellc',
1243 642 1324 685 5113
1354 645 1504 679 eximitur
1528 656 1545 679 a
1570 646 1789 681 iurisdictione

331 691 589 734 Ordinariorum,
615 693 691 726 ibid.

242 745 368 780 loannis
401 746 464 790 (S.)
496 746 717 791 Evangelistae
749 748 783 781 in
816 748 1033 792 Portugalliae
1070 750 1276 793 congregatio
1309 751 1537 785 canonicorum
1574 754 1786 797 regularium,

331 798 395 832 995
421 810 441 833 a
465 805 496 833 et
520 799 585 833 425
609 812 646 841 α;
672 801 710 834 de
735 802 928 836 electoribus
954 802 1113 845 generalis
1140 804 1302 844 statuitur,
1330 804 1394 838 425
1419 806 1435 838 b
1462 812 1491 840 et
1514 818 1578 850 seq.

241 853 369 888 Ioannis
390 853 448 899 (S.)
474 854 775 897 Hierosolymitani,
804 856 874 888 vide
898 856 1072 899 Hospitale.

241 907 368 941 loannis
393 907 456 950 (S.)
480 907 692 949 Lateranesis,
719 908 789 941 vide
814 908 965 942 Canonici
991 909 1020 942 S,
1042 910 1169 944 loannis
1196 912 1428 946 Laterancnsis.

241 960 368 994 Ioannis
394 960 455 1005 (S.)
480 962 703 995 Lateranensis
729 961 768 995 de
794 962 876 995 Urbe
902 963 1039 997 fabricae
1060 970 1090 997 et
1114 965 1278 999 sacristiae
1305 967 1477 1010 applicatio
1502 968 1708 1002 dimidiarum
1730 980 1786 1002 an-

331 1020 480 1048 natarum
505 1015 766 1056 canonicatuum,
794 1015 1043 1050 beneficiatuum
1068 1023 1099 1050 et
1123 1018 1342 1059 clericatuum,
1370 1020 1433 1052 571⁷»
1458 1020 1473 1053 b
1498 1026 1529 1054 et
1552 1032 1612 1064 seq.

241 1067 356 1112 Ioseph
380 1079 397 1101 a
422 1069 453 1102 S.
479 1069 586 1110 Maria,
614 1069 779 1103 Carmelita
812 1069 1039 1110 Discalceatus,
1074 1071 1212 1105 mittitur
1237 1083 1253 1104 a
1278 1072 1359 1106 Sede
1383 1074 1567 1116 Apostolica
1595 1074 1633 1107 ad
1657 1085 1786 1119 compo-

329 1121 434 1156 nenda
451 1122 583 1155 dissidia
603 1123 1019 1168 ecclesiaeAngamalcusis‚
1035 1124 1135 1162 ¹125&
1149 1131 1180 1158 et
1197 1126 1235 1158 ad
1253 1137 1418 1169 processus
1437 1128 1653 1161 conficiendos
1673 1135 1785 1162 contra

330 1175 484 1209 Thomam
509 1175 650 1209 eiusdem
678 1177 831 1210 ecclesiae
856 1177 1131 1219 archidiaconum,
1149 1179 1292 1222 aliosque
1316 1179 1371 1223 qui
1391 1180 1430 1213 ab
1451 1180 1631 1214 obedientia
1657 1182 1784 1216 archie-

330 1229 455 1274 piscopi
468 1235 682 1271 recesserant,
696 1230 774 1263 ibid.
791 1231 827 1271 b;
843 1240 939 1273 quam
960 1230 1000 1264 ob
1018 1231 1256 1274 expeditionem
1275 1232 1489 1266 hortatorium
1507 1234 1618 1267 scribit
1634 1235 1784 1268 Summus

328 1283 473 1317 Pontifex
497 1283 654 1317 universis
678 1283 960 1324 christifidelibus,
986 1283 1052 1316 »1213
1076 1295 1107 1316 a.

241 1336 362 1378 Italiae,
383 1337 628 1382 insularumque
646 1337 863 1372 adiacentium
880 1337 1018 1382 episcopi
1038 1338 1207 1371 hortantur
1224 1338 1263 1370 ad
1287 1338 1426 1383 synodos
1444 1340 1655 1383 peragendas,
1674 1340 1737 1374 169
1763 1352 1782 1374 a

331 1395 361 1424 et
384 1401 447 1434 seq.

241 1443 420 1478 Iubilaeum
446 1443 485 1476 ad
510 1444 745 1488 implorandam
771 1443 910 1478 divinam
935 1455 1027 1488 opem
1054 1449 1164 1477 contra
1189 1445 1322 1484 Tureas,
1348 1444 1406 1477 671
1437 1456 1467 1478 α.

242 1496 421 1532 Iubilaeum
446 1496 629 1532 universale
653 1497 806 1531 indicitur
829 1508 913 1531 anno
940 1507 1044 1531 MDCLv
1069 1497 1159 1531 initio
1185 1498 1391 1541 pontificatus
1416 1498 1586 1532 Alexandri
1612 1499 1676 1540 VII,
1704 1499 1724 1532 9
1749 1500 1783 1541 b;

331 1550 421 1586 aliud
445 1562 505 1596 pro
529 1552 681 1586 ecclesiae
705 1551 966 1593 necessitatibus,
994 1551 1058 1584 194
1082 1552 1108 1584 b.

242 1604 367 1639 ludaeis
401 1606 441 1639 ad
473 1606 571 1639 fidem
604 1606 814 1640 christianam
846 1604 1006 1639 conversis
1031 1604 1175 1648 providet
1198 1605 1374 1638 Alexander
1398 1605 1472 1646 VII,
1502 1605 1565 1639 319
1597 1605 1613 1638 b
1644 1611 1672 1639 et
1697 1616 1780 1650 seq.;

329 1658 369 1692 ad
394 1658 473 1703 quid
498 1664 666 1694 teneantur
691 1659 797 1693 Iudaei
824 1670 879 1704 pro
906 1665 1070 1703 tempore,
1098 1669 1162 1701 quo
1187 1659 1302 1692 domus
1327 1659 1424 1702 ghetti
1451 1660 1571 1693 locatae
1596 1670 1661 1693 non
1685 1666 1778 1700 sunt,

327 1711 392 1745 407
417 1712 434 1745 b
459 1718 490 1746 et
513 1723 573 1757 seq.

240 1764 381 1799 lulianus
406 1765 559 1800 Lauretus
583 1766 777 1810 gubernator
801 1767 833 1800 in
857 1766 1038 1810 principatu
1063 1765 1233 1799 Masserani
1258 1766 1443 1810 deputatur,
1468 1765 1533 1800 969
1558 1766 1584 1800 b.

998 1952 1022 1985 L

238 2086 373 2120 Ladislai
400 2085 458 2129 (S.)
483 2086 566 2129 regis
591 2085 651 2119 sub
678 2086 768 2120 titulo
793 2086 827 2119 in
852 2086 1018 2121 Sclavonia
1043 2085 1206 2131 provincia
1222 2086 1357 2119 fratrum
1375 2085 1534 2119 Minorum
1552 2085 1654 2120 sancti
1678 2085 1777 2118 Fran—

327 2140 403 2175 cisci
428 2139 573 2182 erigitur,
601 2137 664 2172 699
689 2151 709 2172 α
733 2145 763 2173 et
788 2151 849 2183 seq.

237 2193 382 2228 Lascaris
408 2192 560 2227 Castellar
585 2193 730 2236 (Ioannes
755 2193 899 2236 Paulus),
928 2193 999 2226 vide
1024 2194 1156 2227 Ioannes
1181 2193 1310 2226 Paulus.

238 2247 456 2290 Lateranensis
486 2246 637 2280 basilicae
662 2247 807 2281 canonici
832 2252 981 2281 tenentur
1006 2246 1167 2280 dimittere
1191 2245 1355 2280 dimidiam
1381 2250 1502 2289 partem
1520 2245 1682 2277 fructuum
1700 2244 1775 2277 anni

324 2300 420 2345 primi
445 2310 501 2346 pro
527 2300 647 2334 fabrica
671 2299 833 2343 ecclesiae,
853 2300 917 2333 393
935 2311 974 2341 α;
997 2299 1176 2333 extenditur
1192 2297 1377 2333 huiusmodi
1398 2298 1584 2331 constitutio
1609 2298 1648 2330 ad
1672 2296 1771 2331 bene-

327 2353 449 2388 ficiatos
474 2358 505 2387 et
527 2353 672 2394 clericos,
697 2353 762 2387 393
787 2354 803 2386 b
828 2359 859 2387 ct
882 2365 943 2398 seq.

237 2408 461 2442 Lateranensis
486 2408 691 2452 congregatio
715 2407 944 2441 canonicorum
970 2406 1165 2450 regularium
1185 2405 1313 2439 Ordinis
1331 2404 1360 2438 S.
1380 2405 1562 2448 Augustini,
1581 2402 1640 2437 781
1663 2403 1695 2444 b3
1722 2404 1776 2437 de-

328 2467 451 2496 cretum
475 2461 559 2494 eirca
582 2461 682 2505 ipsius
707 2461 884 2495 visitatores
906 2460 1011 2494 officio
1037 2460 1173 2499 functos,
1201 2459 1276 2491 ibid.

238 2515 435 2549 Lauretanae
459 2514 577 2548 Domus
603 2514 665 2557 (S.)
697 2514 930 2558 poenitentiarii
954 2513 1110 2553 minores,
1136 2512 1209 2545 viclo
1233 2512 1410 2556 Collegium
1434 2510 1647 2555 apostolicum
1672 2509 1773 2544 mino-

326 2579 397 2602 rum
422 2567 743 2612 poenitentiariorum
767 2569 798 2603 S.
819 2569 938 2603 Domus
964 2569 1171 2601 Laurctanae.

378 2631 457 2659 Bull.
475 2631 558 2659 Rom.
574 2645 609 2651 -
628 2631 687 2658 Vol.
704 2630 778 2658 XVI.
999 2629 1045 2657 101
