2243 3205
43 227 90 256 An.
109 226 137 255 C.
155 225 218 253 1661

67 393 147 416 Decreti
158 392 221 413 Boni-

43 421 89 450 facii
101 419 144 441 vlu
159 419 221 439 dero-

43 450 105 476 galia.

60 1987 197 2014 Supplicatio.

23 2638 26 2644 ·
56 2625 128 2648 Annuit
136 2628 213 2654 potitis.

830 218 1017 245 ALEXANDER
1042 219 1086 243 vn
1110 219 1157 243 1³1³.

236 271 359 313 vando,
391 271 536 305 invocato
560 271 654 304 etiam
679 270 716 303 ad
741 270 819 310 hoe,
849 269 874 302 si
899 279 978 312 opus

235 325 349 365 suerit,
373 324 490 357 auxilio
514 323 635 356 brachii
661 323 822 356 secularis.

280 377 348 420 {4-
379 377 447 410 Non
478 376 673 410 obstantibus
705 375 803 408 felicis
836 373 979 407 reeorda-

237 430 330 464 tionis
354 430 504 464 Bonisacii
528 430 629 474 Papae
647 430 711 462 Ylll
726 427 979 472 praedecessoris

235 481 335 514 nostri
365 481 404 514 de
436 483 515 522 una,
542 487 572 513 et
603 480 727 513 concilii
760 478 916 522 generalis
941 477 978 510 de

235 534 355 567 duabus
380 534 481 575 dietis,
498 533 670 567 dummodo
696 534 778 565 ultra
800 538 863 565 tres
880 532 978 564 dietas

234 587 347 631 aliquis
372 587 557 620 auctoritate
589 586 802 630 praesentium
828 585 866 618 ad
891 584 974 618 iudi-

234 640 317 673 cium
347 651 411 674 non
435 640 597 680 trahatur,
622 639 755 683 aliisque
787 638 977 682 apostolicis,

233 704 269 727 ac
293 693 324 726 in
349 693 490 727 conciliis
524 692 753 726 universalibus
778 691 977 736 provinciali-

233 748 355 792 busque
380 753 410 780 et
433 746 633 792 synodalibus
658 746 758 786 editis,
776 745 976 788 generalibus

234 802 282 835 vel
307 801 505 846 specialibus,
530 799 805 834 constitutionibus
830 804 859 832 et
884 798 972 832 ordi-

234 855 414 888 nationibus
438 881 446 895 ,
482 864 605 887 necnon
646 852 829 896 quarumvis
869 853 971 885 ecele—

232 908 349 941 siarum
376 935 383 948 ,
408 907 659 947 abbatissarum,
686 906 973 947 monasteriorum,

231 961 429 1005 aliorumque
465 961 608 993 locorum
641 960 766 1004 piorum
796 959 973 1003 quomodo-

231 1025 366 1058 cumque
390 1020 665 1058 nuncupatorum,
686 1024 721 1046 ac
746 1014 973 1057 qualitercum-

230 1079 292 1112 que
305 1068 568 1112 qualificatorum‚
583 1067 676 1101 etiam
695 1067 883 1108 iuramento,
902 1078 973 1100 eon·

228 1122 407 1155 firmatione
421 1121 606 1165 apostoliea,
618 1121 665 1153 vel
680 1121 739 1153 alia
753 1120 862 1164 quavis
873 1120 972 1152 sirmi-

229 1179 290 1208 tate
309 1175 476 1216 roboratis,
491 1174 613 1207 statutis
633 1179 664 1207 et
683 1173 971 1213 consuetudinibus,

227 1229 401 1273 privilegiis
412 1239 548 1273 quoque,
567 1228 696 1261 indultis
721 1233 750 1260 et
767 1227 878 1260 litteris
897 1237 971 1270 apo-

228 1283 345 1317 stolicis
370 1284 401 1316 in
422 1283 614 1316 contrarium
633 1282 880 1325 praemissorum
898 1292 972 1325 quo-

228 1336 402 1370 modolibet
426 1335 592 1376 concessis,
610 1335 804 1368 confirmatis
833 1340 863 1368 et
887 1334 973 1367 inno-

228 1389 322 1430 vatis,
344 1389 458 1434 quibus
472 1389 621 1422 omnibus
634 1394 664 1422 et
684 1388 824 1431 singulis,
844 1388 970 1421 illorum

227 1448 353 1477 tenores
386 1443 604 1487 praesentibus
634 1454 692 1486 pro
716 1443 809 1486 plene
834 1447 863 1476 et
887 1443 972 1475 suffi-

229 1496 349 1530 cienter
371 1496 526 1540 expressis
544 1501 574 1528 et
587 1496 712 1529 insertis
730 1496 890 1536 habentes,
909 1495 970 1529 illis

227 1549 303 1583 alias
320 1550 351 1582 in
367 1560 424 1583 suo
445 1549 561 1582 robore
585 1550 811 1593 permansuris,
828 1549 867 1582 ad
884 1559 971 1593 prae<

227 1605 397 1638 missorum
422 1603 585 1643 effectum,
612 1604 669 1637 hac
694 1604 760 1636 vice
790 1604 968 1645 dumtaxat,

226 1657 405 1702 specialiter
429 1663 459 1690 et
483 1667 630 1701 expresse
654 1657 862 1700 derogamus;
893 1662 971 1690 cete·

225 1711 333 1755 risque
354 1710 520 1744 contrariis
544 1710 806 1754 quibuscumque.

260 1774 358 1801 Datum
384 1773 493 1807 Romae,
519 1773 590 1809 apud
610 1774 637 1801 S.
660 1772 779 1807 Petrum,
800 1773 850 1800 sub
870 1774 969 1801 annulo

226 1818 380 1853 Piscatoris,
396 1818 439 1845 die
458 1825 524 1846 xvtu
543 1818 696 1846 decembris
710 1824 807 1852 MDCLV,
828 1818 969 1854 pontifica-

226 1866 269 1890 tus
288 1863 373 1890 nostri
392 1871 461 1890 anno
482 1870 500 1890 1.

602 1908 636 1942 G.
664 1907 868 1941 GUALTEmus
894 1920 922 1940 ».

270 1981 286 2025 ἓ
310 1980 340 2014 5.
364 1980 440 2014 Cum
466 1984 581 2021 autem,
607 1979 686 2012 sieut
709 1979 860 2023 praedicti
885 1990 967 2013 com-

227 2034 362 2067 munitas
385 2039 415 2066 et
438 2033 583 2066 homines
607 2032 698 2065 nobis
725 2042 826 2076 nuper
852 2033 966 2076 exponi

226 2088 389 2128 fecerunt,
413 2087 518 2120 dilecti
550 2086 605 2119 filii
638 2086 840 2119 ecclesiastici
867 2086 966 2120 dictae

226 2141 358 2174 civitatis
375 2140 543 2173 Perusinae
560 2138 765 2183 praetendant
788 2145 914 2172 narrata
935 2140 966 2172 in

226 2193 430 2238 praeinsertis
444 2193 555 2227 litteris
567 2192 696 2225 minime
707 2192 871 2235 verificari,
887 2193 966 2226 illas-

226 2256 288 2290 que
316 2246 449 2290 proinde
480 2245 596 2278 nullius
625 2245 740 2278 valoris
764 2256 850 2286 esse,
875 2247 965 2281 nobis

226 2306 393 2345 propterea
419 2300 477 2344 ipsi
502 2304 695 2343 exponentes
716 2299 879 2333 humiliter
896 2311 966 2344 sup-

227 2354 340 2399 plicari
364 2355 515 2394 fecerunt,
533 2357 576 2393 ut,
591 2352 630 2385 ad
648 2353 818 2386 tollendam
840 2364 964 2387 omnem

225 2408 312 2442 litem
337 2413 367 2441 et
391 2406 637 2441 controversiam
669 2417 749 2450 quae
776 2407 965 2450 praemisso-

225 2473 297 2496 rum
330 2461 494 2495 occasione
526 2460 603 2494 oriri
634 2466 759 2504 posset,
788 2467 966 2505 opportune

226 2515 362 2559 desuper
386 2514 554 2559 providere
573 2513 612 2547 de
629 2513 821 2556 benignitate
845 2520 966 2558 aposto-

226 2567 286 2601 lica
309 2567 523 2611 dignaremur.

270 2622 286 2665 ἓ
310 2621 340 2655 6.
365 2621 427 2654 Nos
444 2620 551 2664 igitur,
569 2619 669 2653 dictos
689 2624 880 2664 exponentes
905 2631 967 2654 am-

309 2684 387 2711 Butt.
407 2683 491 2711 Rom.
507 2698 542 2703 —
560 2683 618 2711 Vol.
639 2682 714 2711 XVI.
872 2684 906 2709 82

1012 266 1124 311 plioris
1140 267 1247 300 favore
1269 267 1387 309 gratiae
1403 266 1553 311 prosequi
1567 267 1717 305 volentes,
1728 269 1758 300 et

1012 331 1122 354 eorum
1156 321 1331 363 singulares
1364 331 1516 364 personas
1547 331 1564 353 a
1594 320 1756 364 quibusvis

1012 373 1357 414 excommunicationis,
1383 374 1595 417 suspensionis
1613 379 1642 406 et
1660 373 1756 406 inter-

1012 425 1096 466 dicti,
1114 425 1246 468 aliisque
1269 426 1487 460 ecclesiasticis
1505 426 1676 468 sententiis,
1688 436 1756 459 cen-

1012 479 1094 512 suris
1126 484 1155 511 et
1186 479 1313 522 poenis,
1338 490 1355 511 a
1386 479 1454 512 iure
1486 480 1533 512 vel
1559 479 1596 511 ab
1617 479 1754 521 homine,

1011 533 1122 576 quavis
1147 532 1312 565 occasione
1338 532 1385 565 vel
1411 533 1502 565 causa
1527 532 1616 574 latis,
1642 531 1666 564 si
1691 533 1756 575 qui-

1011 586 1069 618 bus
1094 585 1334 630 quomodolibet
1360 585 1524 619 innodatae
1545 585 1690 626 existunt,
1715 585 1754 618 ad

1011 639 1157 672 effectum
1191 639 1404 683 praesentium
1442 639 1601 672 dumtaxat
1638 649 1752 672 conse-

1011 693 1181 737 quendum,
1195 693 1306 725 harum
1328 693 1409 725 serie
1433 693 1629 725 absolventes
1654 698 1684 725 et
1703 692 1754 724 ab-

1011 747 1128 780 solutas
1149 747 1216 780 sore
1241 751 1414 788 censentes,
1436 746 1617 779 huiusmodi
1638 746 1754 789 suppli-

1010 801 1185 835 cationibus
1223 800 1361 833 inclinati
1381 827 1387 840 ,
1424 800 1462 832 de
1502 804 1752 832 memoratorum

1010 854 1215 887 cardinalium
1241 853 1432 886 immunitati
1464 853 1691 886 ecclesiasticae
1707 857 1753 886 ‘et

1009 907 1232 941 controversiis
1245 907 1547 940 iurisdictionalibus
1561 906 1753 950 praeposito-

1008 971 1079 993 rum
1101 961 1146 1004 (in
1168 972 1304 1005 quorum
1330 960 1577 1003 congregatione
1606 960 1751 993 instantia

1008 1014 1163 1047 dictorum
1175 1014 1461 1047 ecclesiastieorum
1480 1025 1537 1058 pro
1553 1015 1751 1047 revocatione

1007 1067 1275 1111 praeinsertarum
1297 1068 1473 1101 litterarum
1503 1067 1560 1100 sub
1586 1073 1751 1111 praetextu

1006 1121 1090 1164 quod
1107 1131 1169 1154 non
1190 1122 1429 1154 veriticarentur
1445 1131 1556 1154 causae
1581 1121 1612 1153 in
1630 1132 1751 1154 earum-

1005 1173 1075 1206 dem
1097 1175 1256 1207 narrativa
1281 1185 1447 1218 expressae
1472 1180 1502 1207 et
1524 1175 1681 1207 viceversa
1707 1175 1751 1207 in-

1006 1229 1118 1261 stantia
1153 1229 1388 1272 praedictorum
1432 1229 1655 1272 exponentium
1691 1240 1749 1272 pro

1006 1282 1185 1322 sanatione,
1212 1288 1364 1325 quatenus
1389 1293 1470 1326 opus
1495 1283 1543 1320 sit,
1568 1282 1749 1315 huiusmodi

1005 1334 1145 1368 desectus
1165 1335 1290 1368 attentis
1307 1335 1375 1367 aliis
1393 1335 1494 1368 causis
1512 1335 1697 1377 urgentibus
1718 1335 1749 1367 in

1005 1388 1115 1421 eadem
1140 1389 1388 1432 congregatione
1413 1389 1505 1421 latius
1530 1389 1683 1429 deductis,
1704 1399 1749 1421 re-

1005 1441 1142 1484 spective
1166 1442 1254 1474 iussu
1275 1447 1385 1475 nostro
1409 1441 1591 1486 propositae
1607 1441 1748 1485 suerunt)

1005 1495 1145 1538 consilio,
1172 1496 1296 1529 easdem
1319 1497 1530 1540 praeinsertas
1557 1497 1675 1529 litteras
1701 1508 1748 1529 va-

1004 1549 1078 1590 lere,
1104 1559 1139 1582 ae
1165 1549 1272 1582 sirmas
1289 1576 1296 1590 ,
1323 1549 1439 1582 validas
1464 1555 1494 1582 et
1519 1549 1660 1582 efficaces
1685 1550 1747 1582 exi-

1004 1607 1086 1635 stere
1112 1607 1142 1635 et
1167 1602 1250 1643 sore,
1276 1603 1467 1647 plenamque
1500 1603 1625 1636 roboris
1650 1603 1747 1636 firmi-

1005 1661 1098 1688 tatem
1135 1661 1164 1688 et
1202 1656 1345 1690 effectum
1383 1656 1489 1689 sortiri
1523 1662 1553 1689 et
1581 1656 1745 1697 obtinere,

1003 1719 1126 1742 necnon
1150 1709 1188 1742 ab
1214 1709 1362 1743 omnibus
1387 1714 1417 1743 et
1441 1709 1582 1752 singulis,
1608 1709 1646 1742 ad
1666 1721 1745 1753 quos

1003 1767 1121 1805 spectat
1145 1768 1175 1795 et
1200 1773 1259 1806 pro
1284 1768 1428 1806 tempore
1453 1762 1623 1806 spectabit,
1648 1763 1746 1796 invio-

1003 1816 1137 1850 labiliter
1161 1817 1323 1850 observari
1348 1816 1463 1849 debere
1487 1816 1518 1849 in
1543 1815 1690 1849 omnibus
1715 1823 1745 1850 et

1001 1880 1058 1913 per
1078 1870 1193 1911 omnia,
1211 1870 1343 1914 perinde
1367 1881 1403 1904 ac
1427 1871 1452 1903 si
1477 1871 1509 1903 in
1533 1870 1594 1903 illis
1618 1875 1744 1903 narrata

1002 1924 1094 1967 plene
1118 1924 1278 1958 verificata
1302 1924 1533 1968 reperirentur,
1557 1924 1744 1957 auctoritate

1001 1977 1292 2021 p1·aedieta‚tenore
1308 1977 1532 2021 praesentium,
1553 1977 1673 2021 pariter
1693 1977 1744 2010 de-

1001 2032 1160 2065 cernimus
1178 2038 1208 2065 et
1226 2031 1423 2071 ordinamus;
1441 2031 1614 2064 dummodo
1639 2037 1743 2064 tamen

1002 2086 1081 2127 laici,
1099 2086 1152 2130 qui
1173 2090 1283 2129 petunt
1299 2085 1546 2126 renovationem,
1561 2095 1622 2118 non
1640 2085 1742 2117 solum

1000 2144 1136 2181 augeant
1164 2148 1315 2171 canonem
1336 2138 1374 2171 ad
1394 2138 1686 2181 quinquagesimam
1713 2143 1743 2170 et

1000 2192 1121 2225 solvant
1136 2191 1326 2224 laudemium
1343 2192 1428 2225 iuxta
1444 2191 1681 2235 dispositionem
1700 2191 1742 2223 di-

1000 2251 1121 2278 ctarum
1146 2245 1334 2286 litterarum,
1350 2245 1403 2278 sed
1432 2245 1553 2278 solvant
1581 2244 1672 2277 etiam
1699 2244 1742 2276 in-

1000 2305 1135 2332 traturas
1159 2300 1212 2332 ubi
1230 2305 1260 2333 et
1277 2305 1370 2344 prout
1387 2299 1418 2332 in
1443 2299 1647 2343 praeteritum
1662 2298 1740 2332 solvi

999 2354 1169 2394 consuevit,
1195 2358 1224 2388 et
1247 2363 1309 2387 non
1334 2353 1419 2385 alias.

1044 2408 1058 2451 ἓ
1085 2408 1112 2440 7.
1138 2408 1205 2440 Non
1230 2406 1426 2440 obstantibus
1456 2405 1647 2449 praemissis,
1672 2416 1741 2439 nee·
1757 2413 1938 2434 Coutrarmtotlit-

1000 2471 1061 2493 non
1075 2460 1221 2493 omnibus
1236 2465 1266 2492 et
1278 2459 1409 2502 singulis
1425 2459 1493 2501 illis,
1508 2470 1587 2502 quae
1606 2459 1635 2492 in
1654 2470 1741 2503 prae-

1000 2514 1125 2546 insertis
1145 2513 1257 2545 litteris
1275 2512 1488 2545 concessimus
1514 2522 1577 2545 non
1597 2512 1738 2553 obstare;

1000 2567 1176 2610 ceterisque
1202 2566 1368 2599 contrariis
1388 2566 1648 2610 quibuscumque.

1044 2622 1154 2654 Datum
1165 2620 1292 2663 Romae,
1307 2620 1388 2664 apud
1399 2621 1427 2654 S.
1439 2620 1567 2653 Mariam
1579 2620 1738 2661 Maiorem,

1662 208 1724 243 1349
1771 217 1821 245 An.
1843 217 1871 244 c.
1890 217 1954 244 1661
