2263 3215
286 260 331 283 Au.
348 259 376 284 Γ..
398 259 462 286 ΗΖΓΓ)

343 646 418 660 llL'l‘t'LJd
432 646 449 658 tt

356 667 424 686 Misso

351 699 374 712 ia

428 672 458 687 lits

508 250 549 281 63

482 307 644 347 tendimus,
666 318 722 350 per
742 317 820 350 quae
843 307 1121 350 congregationum
1148 318 1216 352 pcr-

479 370 625 393 sonarum
644 359 922 393 ecclesiasticarum
944 359 982 392 ad
1004 360 1153 394 maiorem
1173 360 1215 393 di-

481 413 539 446 vini
578 413 712 445 nominis
748 413 880 455 gloriam
918 419 945 446 et
982 413 1212 457 procurandam

478 467 652 499 animarum
676 466 806 498 salutem
825 466 874 510 pic
892 466 1126 510 prudenterque
1144 476 1214 499 con-

477 520 652 553 stitutarum
674 519 764 552 statui
786 524 965 563 opportune
990 519 1109 552 consuli
1135 519 1213 551 arbi-

477 578 604 605 tramur.

519 626 533 670 g
563 626 585 658 Ι.
604 626 709 669 Itaque
730 626 880 659 nonnulla
896 625 1000 666 dubia,
1018 635 1111 669 super
1131 630 1211 658 statu

475 679 731 722 Congrcgationis
760 680 914 712 Missionis
943 680 971 711 in
1001 679 1098 713 Gallia
1129 679 1211 711 ince-

473 737 541 777 ptae
562 744 596 766 ac
617 733 690 765 olim
712 744 728 765 a
757 733 835 765 Sede
852 733 1030 776 Apostolica
1056 732 1211 776 approba-

475 793 520 818 tae
546 791 646 825 enata,
661 786 778 827 tollere,
800 796 920 818 necnon
941 785 1089 818 dilectum
1110 785 1209 817 silium

474 839 666 872 Vincendum
692 839 728 871 de
755 839 847 880 Paul,
876 839 1014 871 ciusdem
1033 839 1210 882 Congrega-

474 893 565 925 tionis
590 893 785 936 superiorem
811 893 1000 934 generalem,
1022 893 1210 936 specialibus

472 945 630 978 favoribus
665 951 691 977 et
729 945 838 987 gratiis
872 945 1018 988 prosequi
1048 946 1208 986 volentes,

470 1009 602 1042 cumque
632 1009 648 1030 a
672 998 832 1042 quibusvis
858 998 1207 1040 excommunicationis,

469 1051 681 1095 suspensionis
706 1058 735 1084 et
761 1051 927 1092 interdicti,
953 1052 1083 1096 aliisque
1108 1053 1206 1086 eccle-

469 1105 601 1138 siasticis
636 1105 815 1146 sententiis,
843 1106 984 1138 censuris
1017 1111 1046 1138 et
1075 1106 1206 1150 poenis,

468 1169 484 1190 a
506 1159 571 1191 iure
590 1159 636 1191 vel
653 1158 691 1190 ab
711 1158 960 1202 homine,quavis
978 1160 1142 1193 occasione
1159 1160 1204 1193 vel

467 1213 559 1245 causa
578 1212 657 1252 latis,
676 1212 699 1245 si
722 1212 834 1256 quibus
859 1212 1095 1256 quomodolibet
1119 1213 1206 1247 inno-

466 1264 555 1298 datus
587 1265 709 1306 existit,
743 1265 781 1298 ad
812 1265 957 1299 effectum
990 1267 1202 1310 praesentium

467 1318 625 1352 dumtaxat
643 1319 908 1363 consequendum,
925 1319 1037 1353 harum
1056 1320 1135 1354 serie
1154 1320 1205 1353 ab·

466 1372 620 1405 solventes
652 1377 682 1405 et
712 1372 889 1406 absolutum
922 1373 989 1406 fore
1020 1378 1202 1416 censentes,

466 1425 746 1469 supplicationibus
767 1426 833 1459 eius
854 1426 980 1460 nomine
1000 1427 1090 1460 nobis
1110 1438 1204 1472 super

465 1480 525 1512 hoc
542 1479 703 1512 humiliter
719 1480 875 1524 porrectis
893 1480 1040 1524 inclinati,
1058 1481 1096 1514 de
1114 1492 1203 1515 vene-

465 1533 609 1565 rabilium
637 1533 767 1566 fratrum
792 1539 972 1567 nostrorum
999 1539 1122 1568 sanctae
1145 1535 1203 1569 Ro-

465 1596 573 1619 manae
598 1586 753 1619 Ecclesiae
781 1587 986 1621 cardInalium
1013 1588 1092 1622 sacri
1117 1589 1198 1622 Con-

463 1639 524 1673 cilii
538 1639 709 1674 Tridentini
728 1641 943 1685 interpretum,
960 1641 996 1674 ad
1014 1653 1092 1686 quos
1109 1653 1202 1686 nego-

464 1693 539 1726 tium
564 1693 744 1727 huiusmodi
763 1693 991 1728 discutiendum
1012 1696 1200 1740 remisimus,

463 1747 603 1787 consilio,
621 1748 792 1791 praefatam
821 1748 1103 1792 Congregationem
1129 1749 1199 1783 Mis-

463 1799 558 1833 sionis
589 1800 654 1841 sie,
690 1805 722 1834 ut
754 1801 951 1845 praefertur,
987 1802 1140 1847 inceptam
1171 1808 1201 1835 et

463 1853 677 1897 approbatam,
692 1855 862 1898 apostolica
879 1855 1073 1897 auctoritate,
1092 1861 1199 1890 tenore

461 1907 683 1949 praesentium,
697 1908 922 1942 confirmamus
937 1914 966 1942 et
977 1910 1199 1953 approbamus,

463 1970 533 1991 cum
565 1960 729 1994 emissione
754 1966 898 1995 votorum
923 1963 1115 2006 simplicium
1142 1974 1195 1997 ca-

463 2012 582 2054 stitatis,
601 2014 792 2057 paupertatis
810 2019 839 2047 et
855 2015 1050 2049 obedientiae
1076 2026 1197 2050 necnon

463 2065 637 2098 stabilitatis
661 2066 691 2098 in
716 2067 797 2099 dicta
822 2067 1070 2112 Congrcgatione
1102 2069 1138 2102 ad
1160 2070 1199 2103 ef-

464 2119 575 2150 fectum
601 2129 632 2150 sc
658 2123 721 2152 toto
739 2119 820 2152 vitae
844 2125 984 2165 tempore
1009 2123 1099 2155 saluti
1125 2134 1198 2167 pau-

461 2181 572 2214 perum
588 2171 817 2205 rusticanorum
836 2174 1010 2217 applicandi
1026 2181 1097 2219 post
1115 2175 1198 2209 bien-

462 2223 547 2256 nium
577 2225 770 2268 probationis
798 2226 976 2268 faciendae,
1004 2229 1033 2260 in
1062 2239 1196 2272 quorum

463 2281 564 2311 tamen
590 2282 732 2312 votorum
758 2279 924 2313 emissione
948 2292 1040 2315 nemo
1066 2282 1197 2324 intersit,

462 2331 514 2374 qui
540 2342 575 2364 ea
599 2332 758 2376 acceptat⁴,
784 2333 846 2366 sive
863 2334 989 2367 nomine
1013 2336 1193 2380 Congrega-

462 2385 574 2428 tionis,
600 2386 662 2418 sive
688 2391 795 2420 nostro
820 2392 848 2419 et
874 2399 931 2431 pro
960 2393 1101 2432 tempore
1126 2391 1196 2423 exi-

461 2439 568 2471 stentis
594 2440 723 2473 Romani
741 2440 899 2474 pontificis
923 2443 1059 2484 nomine,
1074 2450 1103 2477 et
1127 2450 1196 2478 vota

461 2491 515 2532 sic,
534 2497 566 2524 ut
590 2503 694 2536 supra,
712 2494 824 2526 emissa
845 2493 1017 2528 dissolvere
1037 2498 1135 2539 possit
1152 2509 1197 2531 so-

460 2545 508 2578 lus
532 2546 691 2579 Romanus
717 2547 874 2588 Pontifex,
898 2558 1018 2582 necnon
1044 2555 1070 2582 et
1097 2561 1193 2595 supe-

500 2663 506 2687 t
529 2660 618 2688 l'otius
633 2661 776 2697 legendum
792 2665 912 2697 acceptet
931 2666 967 2697 tn.
989 2670 1036 2696 τ.).

1043 260 1113 283 Γ-ΓΗ
1131 260 1221 283 litim!
1249 259 1400 283 nuatANt'tt

1251 307 1315 341 rior
1349 305 1504 350 generalis
1538 305 1637 339 dictae
1666 305 1923 349 Congregationis
1956 305 1987 338 in

1248 366 1317 394 actu
1345 360 1535 393 dimissionis
1560 370 1576 392 e
1600 359 1868 402 Congregationc:
1893 369 1986 392 nemo

1247 418 1351 447 autem
1377 413 1476 454 alius,
1503 413 1595 446 etiam
1622 413 1730 455 vigore
1762 413 1986 456 cuiuscumque

1249 467 1383 507 iubilaei,
1401 467 1503 499 bullae
1522 466 1688 507 cruciatae,
1706 477 1759 499 seu
1781 466 1907 499 alterius
1924 465 1986 510 pri-

1247 519 1350 562 vilegii
1376 525 1406 553 et
1431 520 1556 562 indulti,
1582 526 1635 552 aut
1659 519 1885 562 cuiuscumque
1910 529 1984 552 con-

1246 572 1431 613 stitutionis,
1457 573 1520 606 sive
1546 573 1777 613 concessionis,
1802 573 1859 605 nisi
1886 573 1915 605 in
1941 572 1985 605 eis

1247 625 1324 658 facta
1346 626 1439 659 fuerit
1455 626 1600 670 specialis
1621 626 1736 659 mentio
1761 625 1874 659 borum
1902 630 1985 658 voto-

1246 689 1315 711 rum
1337 679 1390 722 sic,
1409 684 1442 712 ut
1463 690 1567 723 supra,
1585 679 1615 712 in
1636 679 1717 713 dicta
1736 679 1984 722 Congrcgatione

1246 732 1455 776 emissorum,
1488 733 1677 776 dissolvere,
1702 739 1753 766 aut
1778 736 1982 774 commutare,

1246 786 1292 818 vel
1311 786 1492 830 dispensare
1512 787 1609 830 possit
1626 792 1655 819 et
1672 787 1785 827 valeat,
1804 790 1983 826 statuentes,

1246 843 1277 872 ut
1301 839 1382 873 dicta
1407 840 1614 883 Congregatio
1640 845 1781 884 exempta
1806 840 1843 872 sit
1868 850 1884 872 a
1908 839 1982 871 sub-

1245 891 1376 926 iectione
1400 893 1542 926 locorum
1561 893 1798 926 Ordinariorum
1825 892 1855 925 in
1880 892 1982 926 omni-

1243 946 1313 987 bus,
1338 953 1468 991 excepto
1493 947 1576 991 quod
1602 957 1755 990 personae
1770 975 1777 988 ,
1798 957 1877 990 quae
1897 957 1913 979 a
1931 957 1982 979 su-

1242 1000 1424 1042 perioi‘Ibus
1450 1000 1588 1034 eiusdem
1609 1000 1868 1044 Congregationis
1888 1000 1982 1044 depu-

1243 1052 1391 1086 tabuntur
1403 1054 1442 1086 ad
1456 1054 1619 1087 missiones
1632 1054 1761 1098 aliquas,
1771 1054 1891 1088 subsint
1907 1053 1981 1098 ipsis

1241 1105 1413 1139 Ordinariis
1439 1112 1557 1140 tantum
1582 1107 1684 1151 quoad
1711 1107 1873 1140 missiones
1898 1112 1926 1139 et
1943 1117 1979 1139 ca

1240 1170 1319 1203 quae
1345 1160 1412 1193 illas
1437 1167 1640 1204 concernunt,
1666 1165 1761 1205 utque
1789 1160 1869 1193 dicta
1893 1160 1975 1194 Con-

1239 1213 1382 1256 gregatio
1402 1224 1464 1248 non
1486 1219 1649 1248 censeatur
1673 1219 1842 1258 propterea
1867 1214 1898 1247 in
1922 1225 1979 1247 nu-

1239 1275 1327 1299 mero
1352 1265 1503 1300 Ordinum
1532 1267 1775 1311 religiosorum,
1800 1267 1854 1300 sed
1879 1267 1916 1300 sit
1941 1267 1979 1300 dc

1239 1329 1372 1362 corpore
1397 1320 1472 1353 cleri
1497 1321 1656 1354 secularis.

1282 1372 1342 1416 §2
1363 1373 1405 1406 Ac
1430 1373 1633 1408 decernentes
1654 1379 1834 1418 praesentes
1858 1374 1977 1407 litteras

1238 1437 1362 1471 semper
1379 1427 1496 1469 firinas,
1512 1428 1626 1461 validas
1642 1434 1671 1461 et
1688 1428 1829 1461 efficaces
1846 1428 1977 1462 existere

1237 1486 1267 1514 et
1284 1481 1362 1522 fore,
1375 1491 1411 1515 ac
1428 1482 1465 1514 ab
1483 1482 1629 1515 omnibus
1647 1487 1676 1515 et
1693 1482 1834 1524 singulis,
1849 1481 1885 1514 ad
1900 1491 1978 1526 quos

1236 1539 1355 1578 spectat
1379 1540 1409 1568 et
1432 1546 1490 1579 pro
1516 1541 1659 1579 tempore
1680 1535 1847 1579 spectabit,
1867 1534 1978 1578 plenis-

1236 1587 1313 1620 sime
1342 1587 1510 1631 suffragari
1538 1593 1567 1621 et
1596 1588 1634 1621 ab
1665 1587 1724 1620 illis
1756 1587 1977 1621 inviolabiliter

1236 1640 1414 1681 observari,
1436 1641 1541 1685 sicque
1560 1641 1590 1673 in
1606 1640 1788 1684 praemissis
1808 1650 1865 1684 per
1882 1650 1975 1684 quos-

1235 1705 1369 1738 cumque
1399 1694 1517 1728 iudiccs
1541 1694 1719 1727 ordinarios
1744 1698 1773 1726 et
1797 1693 1974 1736 delegatOS,

1234 1747 1326 1781 ctiam
1353 1759 1518 1781 causarum
1544 1748 1650 1791 palatii
1673 1747 1834 1791 apostolici
1852 1747 1973 1780 audito-

1235 1811 1298 1842 res,
1325 1800 1456 1834 iudicari
1482 1805 1511 1835 et
1534 1801 1657 1833 definiri
1683 1800 1816 1842 debere,
1842 1811 1877 1833 ac
1902 1800 1974 1833 irri-

1234 1858 1299 1886 tum
1325 1858 1355 1887 et
1378 1854 1480 1895 inane,
1505 1855 1529 1887 si
1555 1864 1644 1886 secus
1669 1864 1763 1897 super
1782 1855 1831 1886 his
1856 1864 1873 1886 a
1894 1863 1974 1897 quo-

1233 1918 1349 1951 quam,
1381 1908 1490 1952 quavis
1522 1907 1730 1949 auctoritate,
1762 1907 1896 1940 scienter
1926 1907 1973 1940 vel

1233 1960 1433 2003 ignoranter,
1458 1960 1626 2004 contigerit
1650 1960 1804 1993 attentari.

1277 2014 1292 2057 ἓ
1319 2013 1348 2046 3.
1378 2014 1446 2047 Non
1474 2013 1670 2047 obstantibus
1699 2013 1974 2047 constitutionibus

1232 2071 1263 2099 et
1286 2067 1537 2101 ordinationibus
1561 2067 1759 2111 apostolicis,
1780 2068 1873 2100 etiam
1897 2077 1973 2101 con-

1232 2120 1403 2163 ciliaribus,
1429 2131 1561 2162 necnon,
1577 2127 1731 2165 quatenus
1756 2131 1835 2165 opus
1860 2121 1908 2164 sit,
1930 2121 1974 2154 di-

1232 2180 1299 2208 ctae
1309 2175 1577 2218 Congregationis‚
1593 2176 1684 2209 etiam
1704 2176 1890 2216 iuramento,
1904 2185 1974 2208 con-

1231 2227 1409 2262 firmatione
1426 2229 1609 2273 apostolica,
1628 2229 1673 2261 vel
1693 2228 1803 2272 quavis
1823 2228 1972 2261 firmitate

1231 2282 1290 2314 alia
1309 2283 1474 2326 roboratis,
1493 2282 1614 2316 statutis
1632 2288 1662 2315 et,
1681 2282 1970 2325 consuetudinibus,

1232 2336 1405 2380 privilegiis
1421 2347 1557 2380 quoque,
1580 2336 1707 2369 indultis
1725 2340 1755 2370 et
1769 2335 1880 2369 litteris
1900 2346 1972 2380 apo-

1230 2389 1347 2422 stolicis
1366 2389 1396 2422 in
1413 2389 1606 2422 contrarium
1632 2389 1877 2434 praemissorum
1896 2399 1972 2433 quo-

1230 2443 1404 2476 modolibet
1424 2443 1590 2484 concessis,
1613 2443 1807 2476 confirmatis
1827 2447 1858 2476 et
1880 2442 1971 2476 inno-

1231 2497 1321 2537 vatis;
1339 2497 1454 2541 quibus
1471 2497 1619 2531 omnibus
1637 2503 1667 2531 et
1682 2497 1824 2540 singulis,
1842 2496 1970 2529 illorum

1230 2555 1355 2584 tenores
1380 2551 1598 2596 praesentibus
1625 2562 1684 2596 pro
1719 2551 1810 2595 plene
1835 2554 1864 2584 ct
1888 2550 1971 2583 suffi-

1230 2603 1348 2637 cienter
1372 2605 1529 2649 expressis
1553 2616 1588 2638 ac
1606 2604 1643 2638 de
1668 2604 1763 2638 verbo
1781 2603 1818 2636 ad
1836 2603 1969 2636 verbum

1211 2648 1352 2698 {insertis
1378 2658 1537 2699 babentes,
1553 2659 1612 2690 illis
1637 2658 1712 2691 alias
1733 2658 1763 2691 in
1781 2667 1837 2691 suo
1855 2656 1969 2690 robore

2003 257 2053 283 Λη.
2072 257 2098 283 (ἶ.
2115 258 2184 286 1655

2225 50 2246 92 '‘s'‘-

2053 1384 2177 1407 Praesentes
2227 1398 2230 1399 ν
2250 1411 2252 1421 Ι

1993 1411 2110 1436 confirmat,

2010 2023 2126 2044 Contrariis
2136 2023 2172 2045 de-

1988 2052 2056 2075 rogat.
