2263 3215
283 216 329 241 An.
347 214 374 241 C.
400 215 464 241 1653

289 1019 405 1040 rra-dirus
415 1025 457 1040 mo-

276 1045 349 1066 ttarliis
360 1046 459 1071 prohibet

276 1077 301 1091 no
312 1072 414 1092 beneficia
425 1079 457 1093 nc-

276 1097 396 1118 tlt-stastum
411 1099 458 1119 abt*

276 1128 316 1149 que
332 1124 416 1145 tivenui
438 1126 456 1145 in

274 1151 357 1176 eci-ipti-
373 1152 457 1178 rapimli

276 1178 378 1200 acin-ralis
407 1184 455 1199 con-

275 1206 396 1228 uquuulut'.

286 2027 409 2048 Pneuentes
420 2028 450 2048 ltt-

269 2053 324 2074 turan
335 2054 450 2075 confirmat.

288 2594 404 2619 conuerti·
414 2596 449 2616 do·

268 2619 337 2650 νόω,

512 206 552 239 44

479 268 648 306 censentes,
669 262 848 296 huiusmodi
874 262 1152 307 supplicationibus
1171 264 1212 296 in-

479 316 592 358 clinati,
617 317 840 361 pracinscrtam
867 317 1118 351 constitutionem
1140 329 1210 351 cum

478 370 623 403 omnibus
647 375 675 403 et
700 371 829 413 singulis
855 370 963 414 poenis
993 376 1022 404 ct
1041 371 1108 403 aliis
1129 371 1158 403 in
1177 373 1210 403 ea

477 423 708 467 quomodolibet
735 424 888 457 contentis
913 425 973 467 (ita
997 425 1079 468 quod
1104 434 1228 461 omnes⁴¹

478 482 506 509 et
523 477 662 519 singulae
681 478 809 520 gratiae,
823 489 899 522 quas
924 478 961 511 de
982 484 1085 511 cetero
1102 483 1208 511 contra

477 530 614 563 ciusdem
640 531 868 565 constitutionis
893 531 1129 575 dispositionem
1156 531 1209 563 ob-

477 583 567 617 tineri
585 585 761 628 contigerit,
779 586 882 618 nullae
906 591 936 618 et
961 585 1122 625 invalidae,
1140 584 1206 616 nul-

475 637 596 680 liusque
614 638 738 671 roboris
755 644 780 670 et
803 639 949 671 momenti
968 639 1121 681 existant).
1140 648 1209 680 apo-

475 690 581 723 stolica
608 692 815 730 auctoritate,
846 697 950 725 tenore
976 691 1207 735 praesentium,

475 743 696 775 confirmamus
722 749 749 777 et
774 745 997 788 approbamus,
1019 744 1139 786 illisque
1162 743 1205 774 in-

475 795 636 835 violabilis,
650 797 837 840 apostolicae
854 797 1008 829 firmitatis
1023 797 1119 829 robur
1135 795 1208 828 adii-

474 849 583 890 cimus‚
601 861 636 883 ac
656 861 764 883 omncs
788 856 816 882 ct
841 851 979 893 singulos
997 850 1073 882 iuris
1090 855 1120 881 ct
1137 849 1205 881 sacti

473 902 620 945 desectus⁷
638 903 661 935 si
679 904 730 946 qui
756 903 890 946 desuper
915 902 1149 945 quomodolibet
1167 902 1209 934 in-

474 956 671 996 tervenerint,
693 957 885 1000 supplemus.

517 1008 532 1051 ἓ
556 1008 585 1040 4.
612 1009 775 1041 Praeterea
800 1009 931 1052 singulis
957 1010 1111 1053 praefatae
1137 1019 1207 1043 con-

473 1061 663 1103 gregationis
677 1062 847 1102 monachis,
858 1073 896 1095 ne
909 1063 1007 1095 ullum
1019 1062 1205 1095 beneficium

473 1114 714 1147 ecclesiasticum
733 1115 849 1158 absque
866 1115 988 1147 licentia
1013 1115 1139 1158 capituli
1157 1126 1206 1158 ge-

472 1167 584 1200 neralis
609 1167 746 1200 eiusdem
772 1169 1024 1211 congregationis
1048 1168 1085 1201 de
1110 1170 1205 1202 trien-

472 1220 523 1254 nio
548 1221 578 1253 in
605 1221 771 1253 triennium
796 1221 948 1254 celebrari
971 1222 1066 1263 soliti,
1083 1222 1114 1255 in
1131 1223 1205 1256 scri-

471 1273 531 1316 ptis
555 1278 585 1307 et
608 1284 670 1307 non
693 1274 783 1307 aliter
806 1285 863 1308 nec
879 1275 940 1308 alio
957 1275 1050 1308 modo
1067 1275 1203 1318 obtenta,

471 1326 629 1370 consequi,
650 1337 726 1360 neve
751 1333 784 1360 ut
808 1327 933 1371 aliquod
958 1328 1059 1361 simile
1084 1328 1203 1362 benefi-

471 1380 552 1413 cium
577 1381 634 1413 sibi
664 1392 789 1425 quoquo
815 1382 907 1415 modo
931 1382 1132 1423 conferatur,
1157 1382 1203 1416 di-

470 1438 553 1466 recte
579 1434 624 1466 vel
649 1434 808 1476 indirecte,
825 1445 881 1478 per
900 1445 933 1468 se
954 1436 999 1468 vel
1024 1436 1119 1468 aliurn
1148 1447 1202 1469 seu

468 1486 565 1528 alios,
594 1492 624 1520 et
647 1488 737 1520 aliter
761 1489 1006 1532 quomodolibet,
1030 1500 1202 1533 procurare

468 1545 667 1582 praesumant
690 1541 747 1573 sub
772 1542 930 1584 expressis
955 1541 984 1574 in
1008 1542 1202 1585 praeinserta

468 1593 698 1634 constitutione,
722 1604 843 1627 necnon
868 1595 1017 1628 nullitatis
1041 1596 1198 1639 provisio-

466 1655 541 1679 num
576 1652 683 1680 contra
715 1648 926 1691 praesentium
963 1649 1200 1693 dispositionem

467 1700 762 1744 quomodocumque
786 1701 1009 1743 faciendarum,
1027 1713 1062 1735 ae
1086 1713 1201 1747 perpe-

467 1758 535 1786 tuae
560 1754 761 1788 inhabilitatis
785 1755 823 1788 ad
847 1755 974 1799 quosvis
997 1756 1113 1799 gradus
1138 1762 1199 1790 tam

467 1805 496 1838 in
520 1806 602 1840 dicta
626 1809 869 1851 congregatione
894 1820 985 1853 quam
1019 1815 1105 1843 extra
1132 1821 1199 1844 eam

466 1861 712 1904 consequendos,
733 1863 840 1905 poenis
865 1873 920 1905 per
945 1868 1201 1897 contraventores

466 1913 672 1956 incurrendis,
689 1916 871 1949 auctoritate
896 1920 924 1949 et
949 1922 1056 1950 tenore
1076 1918 1201 1961 praedi-

467 1966 538 2007 ctis,
563 1967 748 2001 inhibemus.

510 2019 566 2062 §5
581 2020 787 2054 Decernentcs
801 2028 978 2065 praesentes
991 2024 1110 2057 litteras
1124 2034 1201 2057 sem-

466 2082 522 2116 per
550 2072 669 2116 swmas,
699 2074 816 2107 validas
844 2079 873 2109 et
896 2076 1038 2109 efficaces
1067 2077 1200 2110 existere

467 2130 496 2157 et
521 2126 595 2168 sore,
612 2137 647 2159 ac
671 2127 708 2159 ab
733 2128 887 2169 omnibns,
915 2130 951 2162 ad
977 2140 1056 2172 quos
1081 2135 1201 2173 spectat

468 2184 496 2211 et
523 2190 580 2222 pro
605 2185 748 2224 tempore
772 2182 943 2225 spectabit,
980 2183 1200 2217 inviolabiliter

466 2231 643 2274 observari,
667 2234 772 2278 sicque
797 2235 828 2267 in
844 2235 1023 2279 praemissis
1040 2247 1095 2280 per
1112 2248 1200 2281 quos-

466 2296 598 2329 cumque
628 2287 744 2320 iudiccs
777 2288 952 2322 ordinarios
977 2294 1006 2322 et
1030 2290 1199 2333 delegatos,

466 2338 556 2370 etiam
583 2350 746 2373 causarum
771 2341 876 2385 palatii
897 2343 1058 2386 apostolici
1083 2343 1200 2377 audito-

466 2401 526 2430 res,
547 2392 676 2425 indicari
690 2399 719 2426 et
736 2394 858 2427 definiri
877 2394 1002 2438 debere,
1019 2406 1054 2429 ac
1076 2396 1198 2430 irritum

466 2449 495 2475 ct
520 2444 618 2486 inane,
639 2446 662 2478 si
684 2457 773 2480 secus
796 2458 891 2491 super
916 2448 963 2481 liis
989 2459 1004 2481 a
1029 2461 1198 2493 quoquam,

466 2498 573 2541 quavis
585 2500 778 2541 auctoritate,
792 2502 924 2535 scienter
942 2503 987 2536 vcl
1007 2503 1198 2546 ignoranter,

465 2551 631 2594 contigerit
654 2554 806 2587 attentari.

508 2604 524 2647 ἓ
540 2603 568 2637 6.
587 2605 654 2638 Non
671 2605 864 2641 obstantibus
881 2609 1154 2645 constitutionibus
1169 2617 1199 2644 et

1050 215 1225 240 ammarum!
1251 215 1402 239 nostitNtffl

1245 262 1494 297 ordinationibus
1516 261 1705 306 apostolicis,
1723 270 1854 303 necnon,
1879 265 1982 306 quate-

1245 328 1301 350 nus
1322 328 1401 361 opus
1425 316 1473 356 sit,
1488 315 1588 349 dictae
1608 315 1872 358 congregationis,
1886 314 1980 348 etiam

1246 370 1431 409 iuramento,
1459 368 1697 401 confirmatione
1721 368 1904 412 apostolica,
1932 368 1980 401 vel

1244 424 1352 465 quavis
1377 421 1524 454 firmitate
1549 421 1606 453 alia
1633 421 1799 462 roboratis,
1813 421 1933 455 statutis
1951 425 1981 454 et

1244 474 1537 514 consuctudinibus,
1566 474 1738 518 privilegiis
1773 485 1909 518 quoque,
1934 474 1981 508 in-

1243 529 1335 561 dultis
1354 533 1383 560 et
1400 528 1511 561 litteris
1527 527 1706 571 apostolicis
1731 527 1761 560 in
1786 528 1978 561 contrarium

1241 581 1487 624 praemissorum
1524 581 1762 625 quomodolibet.
1797 581 1952 615 concessis
1971 609 1978 622 ,

1242 634 1433 668 confirmatis
1457 640 1487 667 et
1512 635 1678 674 innovatis;
1696 634 1810 678 quibus
1833 634 1980 668 omnibus

1241 693 1270 720 et
1288 689 1429 730 singulis,
1454 689 1580 721 illorum
1611 695 1737 722 tenores
1761 688 1979 733 praesentibus

1240 752 1298 784 pro
1322 742 1413 785 plene
1433 747 1464 775 et
1487 743 1677 776 sufficienter
1701 742 1858 786 expressis
1881 752 1917 775 ac
1940 741 1978 775 de

1242 794 1337 827 verbo
1366 795 1403 827 ad
1422 796 1553 828 verbum
1578 796 1704 829 insertis
1735 796 1896 836 habentes,
1916 794 1978 828 illis

1241 848 1315 880 alias
1334 848 1364 880 in
1382 859 1439 882 suo
1456 849 1572 882 robore
1592 849 1817 893 permansuris,
1835 848 1893 881 hac
1911 847 1977 881 vice

1240 900 1401 934 dumtaxat
1427 902 1604 945 specialiter
1624 908 1654 935 et
1677 912 1826 946 expresse
1850 901 1978 944 deroga·

1242 964 1326 993 mus;
1344 955 1519 999 ceterisque
1533 955 1699 989 contrariis
1714 955 1976 999 quibuscumque.

1284 1007 1394 1040 Datum
1416 1008 1544 1049 Romae,
1569 1008 1651 1052 apud
1675 1009 1705 1042 S.
1723 1008 1852 1041 Mariam
1876 1006 1974 1041 Maio-

1240 1070 1305 1093 rem
1328 1061 1385 1093 sub
1409 1062 1524 1095 annulo
1546 1061 1713 1095 Piscatoris
1728 1089 1735 1103 ,
1756 1061 1806 1095 die
1829 1071 1860 1095 xl
1882 1070 1978 1104 augu-

1239 1113 1276 1146 sti
1294 1123 1407 1155 nnccv,
1429 1115 1629 1158 pontificatus
1652 1116 1751 1149 nostri
1776 1125 1858 1150 anno
1878 1124 1896 1150 ι.

1275 1176 1332 1203 Dat.
1350 1178 1394 1203 die
1412 1178 1439 1203 tl
1459 1178 1564 1213 angusti
1582 1179 1665 1213 1655,
1685 1179 1782 1214 pontif.
1798 1186 1842 1205 an.
1859 1186 1878 1205 1.

1544 1302 1672 1336 XXVlll.

1239 1373 1424 1407 Commissio
1456 1374 1573 1406 nuncio
1597 1373 1779 1414 Flumine,
1804 1378 1841 1408 ut
1863 1383 1974 1407 mona·

1280 1427 1415 1460 sterium
1432 1427 1626 1460 monialium
1645 1427 1677 1461 S.
1694 1427 1867 1471 Memtlplzi
1883 1426 1976 1462 ordi-

1280 1481 1332 1513 m's
1355 1481 1460 1513 sancti
1484 1480 1667 1522 Benedicti,
1691 1492 1729 1514 ac
1753 1485 1870 1524 septem
1883 1479 1974 1524 prio-

1279 1537 1370 1567 ratus
1393 1534 1434 1566 ab
1458 1533 1517 1566 itto
1541 1533 1769 1577 dependentes,
1793 1544 1876 1578 quae
1899 1532 1976 1567 sedi

1279 1587 1484 1631 Apostolicae
1519 1587 1710 1629 subiacent,
1742 1597 1801 1631 per
1834 1597 1891 1627 se,
1925 1584 1976 1618 vel

1279 1641 1396 1682 alium,
1420 1652 1474 1675 seu
1499 1641 1583 1674 alios
1601 1639 1742 1674 visitet¹.

1235 1722 1405 1748 Venerabili
1418 1722 1501 1749 fratri
1513 1722 1633 1750 Nicolao
1645 1721 1870 1755 archiepiscopo
1884 1721 1973 1749 Athe-

1270 1773 1392 1800 narum,
1422 1768 1499 1800 apud
1528 1766 1716 1793 carissimum
1742 1766 1773 1793 in
1800 1765 1915 1793 christo
1940 1765 1974 1794 fi-

1269 1810 1342 1837 lium
1370 1814 1506 1838 nostrum
1534 1810 1713 1838 Ludovicum
1731 1810 1909 1838 Francorum
1927 1817 1974 1838 ro-

1270 1862 1335 1889 gem
1355 1855 1640 1882 christianissimum
1659 1857 1762 1881 nostro
1778 1857 1810 1881 et.
1829 1853 1974 1887 Apostoli·

1270 1906 1323 1926 cae
1343 1899 1429 1926 sedis
1450 1899 1570 1933 nuncio,

1429 1953 1592 1981 Alexander
1619 1953 1696 1986 Papa
1715 1952 1776 1981 vn.

1449 2015 1639 2043 Venerabilis
1653 2015 1758 2047 frater,

1277 2060 1406 2087 salutem
1422 2061 1454 2086 et
1468 2059 1664 2092 apostoticam
1683 2058 1930 2086 benedictionem.

1278 2131 1293 2173 ξ
1317 2130 1346 2162 ’1.
1371 2129 1547 2173 Cupientes,
1573 2134 1607 2162 ut
1632 2129 1662 2161 in
1688 2129 1879 2162 monasterio
1905 2139 1972 2162 mo-

1234 2184 1364 2217 nialium
1396 2184 1425 2217 S.
1451 2183 1608 2227 Menulpbi
1636 2183 1761 2217 Ordinis
1791 2182 1888 2216 sancti
1918 2182 1972 2216 Be-

1234 2237 1349 2270 nedicti
1369 2236 1570 2269 Bituricensis
1591 2236 1753 2278 dioecesis,
1772 2236 1866 2280 quod,
1884 2241 1916 2269 ut
1930 2235 1972 2268 di-

1234 2290 1312 2323 lecta
1328 2289 1359 2322 in
1372 2289 1495 2323 Christo
1512 2289 1574 2321 filia
1599 2289 1694 2321 Maria
1718 2288 1894 2323 Constantia
1911 2288 1971 2321 Du-

1234 2343 1282 2376 ble
1307 2343 1467 2376 d'Auxelle
1492 2343 1574 2375 illius
1597 2342 1753 2376 abbatissa
1775 2342 1971 2384 assei-inune

1233 2406 1304 2429 cum
1329 2401 1448 2439 septem
1475 2396 1677 2439 prioratibus,
1702 2407 1838 2440 quorum
1868 2396 1971 2439 ipsum

1233 2449 1459 2483 monasterinm
1486 2454 1577 2493 caput
1604 2454 1670 2492 cst,
1704 2455 1734 2483 et
1761 2460 1832 2483 curn
1856 2448 1971 2492 quibus

1232 2503 1399 2548 qnamdam
1426 2503 1521 2536 veluti
1538 2504 1814 2547 congregationem
1841 2502 1971 2545 singulis

1272 2623 1280 2647 t
1299 2620 1336 2648 Ex
1355 2621 1466 2656 Regest.
1482 2622 1508 2648 in
1524 2620 1626 2648 Seciet.
1645 2620 1720 2647 Brev.

1995 214 2043 240 An.
2059 213 2087 240 G.
2111 214 2180 242 1655

2011 2135 2091 2157 Nuncio
2105 2136 2170 2159 Fran-

1986 2163 2032 2184 ciae
2042 2163 2132 2190 amplam
2140 2163 2170 2185 fa-

1986 2189 2085 2210 cultatem
2119 2190 2170 2211 vist-

1986 2216 2043 2236 tandi
2064 2218 2170 2237 monaste*

1986 2242 2038 2262 rium
2047 2242 2170 2264 monianum

1986 2268 2008 2289 S.
2025 2267 2133 2294 Menulphi
2146 2274 2170 2290 ο·

1985 2295 2081 2322 lai-gitur.

2255 2278 2263 2339 ..u—
2256 2109 2263 2252 ῌ-...--
2258 2063 2263 2089 Α-
2260 2005 2263 2017 -
