2243 3205
259 188 311 215 An.
332 188 358 216 C.
376 188 445 217 1659

492 179 553 211 50ιῖ

457 235 630 269 memoriae
655 234 781 268 Urbano
807 235 890 278 Papa
915 235 979 268 t‘lll
997 234 1089 268 etiam
1107 245 1194 279 prae-

458 288 616 322 decessori
641 293 749 322 nostro
775 299 834 332 pro
860 293 949 332 parte
966 288 1194 321 abbatissarum

459 352 514 375 seu
538 341 759 385 priorissarum
774 347 804 374 et
817 341 1002 375 monialium
1027 341 1198 385 praedicta-

460 406 531 428 rum
558 395 638 428 inter
663 395 723 427 alia
748 395 906 438 exposito,
930 395 1015 438 quod
1042 395 1199 438 quondam

461 448 590 482 Carolus
621 447 659 481 de
687 448 831 481 Condren
863 448 1029 482 memorati
1063 448 1144 480 Petri
1169 448 1200 479 in

464 501 567 534 officio
586 501 756 545 praepositi
775 502 930 544 generalis
943 499 1201 544 Congregationis

464 555 599 588 Oratorii
617 554 798 588 huiusmodi
812 565 976 588 successor
994 554 1031 587 de
1048 563 1201 587 consensu

465 608 724 653 presbyterorum
749 609 850 643 dictae
874 607 1148 651 Congregationis‚
1174 611 1204 639 et

466 661 497 694 in
522 672 632 695 eorum
658 662 793 695 comitiis
810 661 1022 706 generalibus,
1040 671 1071 693 se
1091 670 1204 692 munus

466 715 636 749 visitatoris
660 715 893 759 praedictarum
922 714 1105 747 monialium
1138 723 1204 746 mo-

466 768 677 802 nasteriorum
703 779 849 802 exercere
873 768 965 809 nolle,
985 777 1080 810 seque
1105 765 1205 799 eidem

469 832 529 866 pro
560 832 609 864 se,
642 822 851 866 omnibusque
883 821 946 854 suis
972 819 1207 854 successoribus

469 875 571 908 dictae
596 875 854 918 Congregationis
874 873 1062 919 praepositis
1083 882 1208 916 genera-

470 928 552 962 libus
577 929 764 962 renunciare
788 929 1010 968 declaraverat,
1035 926 1119 959 idem
1145 926 1205 959 Ur-

471 982 573 1015 banus
597 982 831 1026 praedecessor,
856 979 1137 1025 supplicationibus
1165 979 1210 1012 di-

473 1041 593 1069 ctarum
611 1036 840 1069 abbatissarum
861 1046 917 1069 seu
935 1034 1161 1079 priorissarum
1183 1038 1212 1066 et

474 1090 656 1123 monialium
682 1090 809 1123 nomine
834 1089 893 1122 sibi
914 1099 1007 1133 super
1026 1088 1087 1122 hoc
1112 1087 1212 1120 humi-

474 1145 545 1177 liter
559 1144 714 1188 porrectis
728 1144 905 1183 inclinatus,
917 1148 989 1175 tunc
1000 1141 1142 1175 existenti
1157 1151 1213 1174 suo

476 1203 506 1231 et
529 1197 616 1231 Sedis
640 1197 798 1241 praefatae
832 1196 864 1229 in
897 1206 996 1239 regno
1031 1193 1213 1227 huiusmodi

478 1250 604 1291 nuncio,
626 1255 658 1283 ut
675 1249 805 1293 singulis
824 1248 966 1282 trienniis
980 1248 1116 1291 aliquem
1130 1257 1215 1291 pres-

478 1305 623 1350 byterum
660 1303 834 1337 secularem
873 1307 973 1335 aetate
1012 1311 1140 1345 gravem
1181 1311 1216 1333 ac

480 1358 559 1391 vitae
585 1363 614 1391 et
645 1356 811 1402 probitatis
843 1360 1009 1400 spectatae,
1033 1365 1070 1388 ex
1094 1354 1217 1388 duobus

480 1413 540 1446 sibi
565 1423 622 1457 per
646 1411 845 1456 presbyteros
870 1409 1139 1443 administratores
1163 1419 1219 1442 no-

480 1466 635 1500 minandis
660 1471 690 1498 et
712 1463 959 1509 praesentandis,
977 1463 1009 1496 in
1027 1462 1219 1496 visitatorem

481 1530 756 1565 quorumcumque
766 1517 1028 1551 monasteriorum
1036 1516 1219 1550 monialium

482 1573 761 1608 Carmelitanarum
771 1572 1032 1605 Discalceatarum
1042 1569 1220 1603 huiusmodi

483 1628 515 1660 in
540 1627 622 1660 dicto
646 1636 745 1669 regno
763 1631 890 1659 eatenus
906 1630 1084 1658 erectorum
1099 1629 1129 1656 et
1141 1622 1223 1656 dein-

486 1693 558 1726 ceps
574 1681 797 1724 erigendorum
813 1680 974 1723 deputare,
988 1689 1024 1711 ac
1039 1677 1222 1722 deputatum

486 1734 619 1769 arbitrio
644 1744 701 1767 suo
722 1737 751 1767 et
776 1732 856 1765 infra
874 1731 1042 1764 triennium
1064 1740 1223 1769 revocare,

488 1800 524 1822 ac
549 1788 638 1821 finito
663 1786 798 1820 triennio
823 1786 861 1819 ad
885 1784 971 1818 aliud
1003 1784 1170 1817 triennium
1196 1788 1226 1816 et

489 1852 552 1875 non
577 1842 658 1874 ultra
680 1840 870 1873 confirmare
895 1839 1004 1882 (prout
1020 1843 1091 1870 ante
1108 1836 1227 1881 praedi-

490 1899 553 1929 ctas
579 1894 664 1927 Pauli
682 1893 932 1938 praedecessoris
957 1892 1075 1924 litteras
1092 1891 1141 1923 die
1161 1901 1226 1924 xvn

491 1949 598 1993 aprilis
612 1958 730 1982 iuncxiv
750 1952 907 1980 emanatas
923 1946 992 1979 fieri
1010 1946 1228 1988 consueverat)

493 2003 624 2042 valeret,
650 2002 691 2034 ita
715 2001 798 2045 quod
824 2001 855 2033 in
879 1999 1019 2033 eiusdem
1043 1999 1149 2032 nuncii
1174 1999 1229 2031 ab·

493 2056 602 2094 sentia,
628 2055 679 2088 ille
705 2054 757 2098 qui
782 2066 799 2086 a
822 2054 937 2087 nuncio
962 2053 1126 2097 deputatus
1151 2053 1232 2085 foret

494 2120 592 2153 usque
623 2109 660 2142 ad
697 2107 887 2141 successoris
922 2107 1028 2140 nuncii
1064 2106 1230 2139 adventum

495 2163 645 2206 supplere
678 2165 782 2205 posset
814 2166 843 2193 et
875 2160 1024 2201 deberet,
1054 2160 1230 2193 facultatem

497 2215 659 2249 concessit.
696 2214 853 2247 visitatori
890 2217 993 2247 autem
1029 2213 1108 2246 sieut
1142 2223 1232 2256 prae-

497 2269 596 2302 fertur
620 2268 769 2312 deputato
799 2276 1016 2311 quaecumque
1050 2265 1233 2299 monialium

498 2321 730 2366 praedictarum
765 2320 953 2354 monasteria
984 2320 1015 2352 in
1047 2324 1112 2353 toto
1136 2329 1234 2362 regno

499 2375 678 2420 supradicto
704 2379 807 2408 erecta
824 2379 853 2407 et
873 2374 1057 2407 infuturum
1077 2372 1236 2416 erigenda,

501 2439 675 2473 eorumque
691 2428 883 2472 superiores,
896 2427 1067 2460 abbatissas
1084 2437 1138 2460 seu
1155 2427 1237 2470 prio-

502 2483 596 2515 rissas
625 2488 654 2515 et
684 2482 853 2521 moniales,
882 2486 1063 2524 ceterasque
1088 2491 1238 2524 personas

503 2536 533 2567 in
558 2535 601 2567 eis
626 2535 784 2578 degentes,
809 2534 953 2567 visitandi
977 2534 1154 2566 facultatem
1180 2533 1237 2566 sub

504 2589 595 2622 certis
622 2589 714 2622 modo
739 2594 767 2622 et
793 2589 893 2623 forma
919 2593 991 2622 tunc
1008 2587 1167 2632 expressis
1185 2587 1239 2620 im-

1039 187 1216 211 BULLAMUM
1243 187 1395 210 ROMANUM

1230 233 1363 278 pertitus
1396 239 1450 267 est.
1483 234 1520 267 Et
1544 234 1675 267 subinde
1709 234 1809 267 eidem
1843 234 1968 268 Urbano

1232 287 1465 331 praedecessori
1491 298 1549 331 pro
1574 292 1661 330 parte
1686 287 1839 320 dictarum
1871 288 1967 320 abba-

1232 341 1378 376 tissarum
1405 351 1459 373 seu
1485 341 1707 384 priorissarum
1738 346 1767 373 et
1787 341 1967 374 monialium

1234 393 1497 426 monasteriorum
1525 393 1759 437 praedictorum
1786 393 1899 425 iterum
1923 403 1970 426 ex-

1235 446 1347 489 posito,
1377 446 1470 489 quod,
1495 446 1620 479 attentis
1650 446 1790 490 ipsorum
1817 450 1970 478 monaste-

1236 499 1355 532 riorum
1383 505 1444 531 tam
1470 504 1598 532 eatenus
1622 504 1800 532 erectorum
1826 508 1921 543 quam
1942 497 1973 530 in

1237 559 1399 596 posterum
1426 553 1503 596 (Deo
1534 553 1640 596 dante)
1666 552 1890 595 erigendorum
1914 561 1973 584 nu-

1238 616 1346 646 mero,
1372 617 1545 649 eorumque
1576 606 1614 638 ab
1647 606 1779 638 invicem
1807 604 1974 647 distantia,

1239 669 1319 692 unus
1336 659 1496 691 dumtaxat
1513 658 1653 692 visitator
1671 658 1750 691 sicut
1766 657 1976 702 praemittitur

1239 712 1436 755 deputandus
1461 711 1669 745 visitationem
1694 711 1891 754 singulorum
1912 720 1975 743 mo-

1240 764 1449 797 nasteriorum
1471 764 1651 797 huiusmodi
1671 775 1728 808 per
1742 775 1774 797 se
1788 764 1889 807 ipsum
1905 772 1977 806 sup-

1241 817 1327 861 plere
1341 817 1498 861 nequibat3
1513 817 1579 861 ipse
1590 817 1734 851 Urbanus
1744 816 1979 861 praedecessor,

1242 870 1368 903 illarum
1406 870 1688 914 supplicationibus
1724 869 1783 903 sibi
1818 868 1980 902 humiliter

1242 923 1396 967 porrectis
1407 924 1525 967 pariter
1537 924 1712 964 inclinatus,
1721 927 1895 957 memorato
1906 931 1982 955 nun-

1245 977 1293 1009 cio
1306 987 1403 1010 unum
1418 977 1464 1009 vel
1482 977 1561 1010 duos
1575 977 1651 1010 alios
1666 982 1784 1010 tantum
1798 974 1981 1009 eorumdem

1246 1031 1510 1064 monasteriorum
1538 1031 1727 1072 visitatores,
1751 1035 1846 1074 prout
1873 1038 1982 1062 neces-

1247 1084 1363 1117 sarium
1389 1084 1455 1117 fore
1479 1084 1688 1125 iudicavisset,
1711 1083 1805 1117 modo
1829 1087 1860 1115 et
1882 1082 1984 1115 forma

1247 1150 1283 1172 ac
1307 1149 1379 1171 cum
1403 1138 1601 1172 facultatibus
1625 1139 1656 1171 in
1680 1137 1839 1182 prioribus
1857 1135 1920 1169 suis
1939 1135 1985 1168 lit-

1250 1193 1323 1226 teris
1348 1194 1503 1238 expressis
1537 1199 1567 1226 et
1597 1192 1749 1227 contentis
1773 1190 1904 1224 arbitrio
1929 1199 1985 1223 suo

1249 1247 1419 1292 deputandi
1444 1247 1621 1280 facultatem
1647 1245 1821 1288 concessit,
1853 1248 1883 1278 et
1912 1243 1986 1276 alias

1250 1307 1344 1346 prout
1369 1302 1400 1334 in
1425 1301 1506 1335 binis
1530 1301 1628 1345 ipsius
1653 1300 1769 1335 Urbani
1801 1298 1986 1343 praedeces-

1252 1357 1331 1389 soris
1355 1356 1477 1396 litteris‚
1502 1356 1572 1388 unis
1588 1355 1638 1388 die
1655 1365 1687 1388 xi
1705 1353 1812 1398 aprilis
1837 1362 1988 1387 nncxxxu

1252 1415 1282 1442 et
1306 1409 1411 1442 alteris
1435 1409 1484 1443 die
1509 1419 1585 1443 xxix
1611 1408 1744 1441 ianuarii
1760 1416 1926 1441 iuncxxxiu
1942 1416 1989 1439 re-

1253 1463 1389 1506 spective
1415 1463 1445 1495 in
1470 1463 1565 1496 simili
1590 1462 1692 1496 forma
1723 1460 1829 1494 Brevis
1855 1460 1990 1503 desuper

1254 1516 1415 1561 expeditis,
1442 1516 1571 1550 uberius
1595 1516 1781 1549 continetur.

1299 1567 1356 1611 §3
1370 1567 1446 1601 Cum
1460 1572 1576 1607 autem,
1590 1567 1670 1601 sicut
1683 1577 1700 1599 a
1715 1564 1882 1599 venerabili
1897 1564 1992 1598 fratre

1256 1620 1358 1654 Caelio
1383 1621 1621 1664 archiepiscopo
1650 1620 1816 1654 Caesareae
1835 1623 1944 1652 nostro
1965 1621 1995 1651 et

1257 1673 1452 1718 Apostolicae
1466 1673 1553 1707 Sedis
1571 1674 1602 1706 in
1623 1684 1722 1716 regno
1741 1672 1902 1717 praedicto
1915 1681 1995 1704 nun-

1258 1728 1306 1761 cio
1331 1727 1422 1760 nobis
1447 1738 1548 1771 nuper
1573 1727 1709 1760 delatum
1734 1726 1807 1768 suit,
1833 1725 1905 1759 licet
1928 1735 1994 1757 rne-

1259 1785 1378 1814 morata
1404 1780 1592 1814 monasteria
1617 1780 1798 1813 monialium
1819 1778 1996 1813 Carmelita-

1261 1845 1330 1867 rum
1344 1834 1598 1867 Excalceatarum
1617 1833 1788 1867 secundum
1803 1832 1997 1866 reformatio-

1260 1898 1331 1920 nem
1346 1891 1469 1921 sanetae
1486 1887 1629 1920 Teresiae
1646 1886 1678 1919 in
1695 1886 1817 1920 civitate
1830 1885 1998 1919 Parisiensi

1262 1946 1292 1974 et
1316 1941 1346 1973 in
1371 1940 1517 1973 universo
1542 1939 1658 1974 Galliae
1688 1950 1786 1983 regno
1818 1938 1998 1972 huiusmodi

1263 1996 1413 2028 hactenus
1431 2000 1545 2036 erecta,
1562 1998 1591 2028 et
1608 1994 1639 2027 in
1656 2000 1817 2038 posterum
1836 1993 1999 2037 erigenda,

1265 2048 1450 2089 visitationi,
1476 2047 1682 2089 correctioni,
1707 2047 1940 2092 superioritati,
1965 2057 2001 2080 ac

1265 2102 1465 2137 omnimodae
1490 2102 1697 2135 iurisdictioni
1723 2102 1918 2135 visitatorum
1948 2111 2001 2134 au-

1265 2157 1407 2191 ctoritate
1431 2157 1524 2190 huius
1548 2162 1671 2190 sanctae
1695 2156 1782 2189 Sedis
1806 2155 2002 2200 Apostolicae

1266 2211 1304 2245 ab
1330 2210 1396 2244 eius
1420 2210 1542 2243 nunciis
1575 2220 1632 2254 pro
1664 2215 1806 2254 tempore
1836 2208 1866 2241 in
1891 2208 2002 2242 eodem

1268 2274 1365 2307 regno
1390 2263 1591 2297 existentibus
1608 2263 1828 2307 deputatorum
1854 2266 1884 2295 et
1907 2261 2003 2307 depu—

1269 2318 1445 2360 tandorum,
1462 2317 1543 2350 iuxta
1558 2318 1690 2351 formam
1710 2316 1940 2360 praedictarum
1958 2317 2004 2349 lit-

1269 2378 1408 2405 terarum
1443 2371 1609 2405 Clementis
1640 2376 1670 2404 et
1699 2370 1784 2403 Pauli
1818 2380 1853 2403 ac
1887 2369 2003 2404 Urbani

1272 2425 1549 2470 praedecessorum
1567 2430 1748 2458 nostrorum
1763 2424 1926 2457 occasione
1941 2433 2005 2456 ere-

1271 2479 1382 2513 ctionis
1406 2484 1435 2511 et
1460 2478 1702 2522 propagationis,
1728 2477 1891 2520 regiminis
1910 2482 1940 2509 et
1957 2476 2004 2509 di-

1271 2533 1418 2566 rectionis
1451 2532 1713 2565 monasteriorum
1750 2531 1874 2564 Ordinis
1898 2529 2006 2563 liuius-

1273 2587 1356 2620 modi
1383 2587 1412 2619 in
1438 2586 1548 2619 eodem
1574 2596 1671 2629 regno
1690 2584 1861 2629 respective
1886 2594 2007 2618 emana-

1980 187 2030 213 An.
2051 186 2080 214 C.
2098 187 2164 215 1659
2206 193 2227 216 ,’

2202 3160 2243 3205 lu*

2220 950 2227 1256 ‚mo-⁹
