2243 3205
268 205 317 233 An.
334 207 363 235 C.
379 206 449 234 1660

295 429 408 450 Confirmat
416 430 451 450 de-

268 458 355 478 eretum.

494 197 557 231 552

466 254 681 287 destituantur.
717 254 818 298 Atque
849 254 891 287 ita
914 255 1116 299 progreditur
1141 266 1199 299 gu-

465 307 648 340 berniorum
684 307 862 349 successio,
893 318 957 341 non
989 309 1054 342 sine
1083 309 1200 353 ingenti

465 361 678 404 praefatorum
711 361 974 395 monasteriorum
1003 362 1199 396 detrimento.

510 415 525 457 ἓ
548 414 577 448 ⁶2.
602 415 678 448 Cum
695 420 810 456 autem,
827 414 907 450 sicut
923 415 1031 449 eadem
1049 415 1201 460 expositio

465 466 685 510 subiungebat,
702 468 727 501 si
745 468 880 512 capitula
899 469 1056 512 generalia
1073 478 1202 511 congre-

465 520 600 564 gationis
613 521 770 565 praefatae
784 521 822 555 de
837 522 1051 566 quinquennio
1068 521 1099 554 in
1116 521 1203 565 quin-

465 573 637 618 quennium
662 574 910 617 celebrarentur,
935 579 1031 618 prout
1055 573 1199 607 observa-

464 631 517 660 tur
539 627 571 659 in
595 627 832 671 congregationi
859 627 1088 662 Cassinensium
1113 627 1202 660 cuius

464 679 614 713 institutis
643 680 725 714 dicta
755 680 959 724 congregatio
991 679 1202 714 Camaldulen-

465 733 545 766 sium
562 733 594 766 in
609 733 721 768 ceteris
746 744 778 767 se
795 734 979 776 conformat,
999 733 1134 767 maiores
1151 742 1202 766 ex-

464 797 597 832 pensae,
624 797 737 831 nempe
765 787 974 831 capitulorum
1006 786 1200 830 generalium

465 839 657 883 huiusmodi,
682 840 841 883 itinerum,
861 850 897 873 ac
914 839 1095 873 mutationis
1114 849 1202 883 prae-

465 893 602 926 latorum
634 898 665 926 et
699 893 889 926 familiarum
932 892 1034 925 rarius
1070 891 1200 933 fierent;

464 945 596 990 praelati
622 956 695 980 vero
721 946 875 979 maiorem
911 944 1030 978 interea
1066 944 1201 977 admini-

464 1000 652 1033 strationum
677 1010 806 1033 suarum
830 1000 974 1044 peritiam
992 999 1202 1044 adipisceren-

465 1057 537 1092 tur,
563 1057 593 1085 et
624 1062 734 1086 eorum
759 1052 928 1086 auctoritas
953 1057 983 1085 et
1014 1052 1201 1086 existimatio

464 1104 547 1149 apud
567 1115 730 1149 personas,
748 1105 935 1150 quibuscum
953 1109 999 1138 est
1012 1105 1200 1139 contrahen-

465 1158 559 1200 dum,
584 1162 759 1200 cresceret,
784 1158 909 1203 ipsique
933 1158 1026 1191 etiam
1041 1185 1049 1200 ,
1074 1168 1129 1202 spe
1163 1157 1202 1191 vi-

464 1212 557 1245 dendi
581 1212 753 1246 industriae
777 1222 850 1246 suae
873 1212 1011 1245 fructum
1036 1212 1148 1254 allecti,
1169 1211 1201 1245 in

464 1265 619 1299 culturam
644 1266 810 1307 bonorum,
826 1265 908 1299 unde
925 1265 1064 1299 redditus
1082 1275 1203 1299 monas-

465 1319 620 1355 teriorum
644 1319 813 1364 praecipue
845 1319 1040 1364 dependent,
1065 1319 1202 1354 sedulius

465 1379 495 1407 et
519 1374 697 1417 vigilantius
722 1373 959 1407 incumberent:
990 1383 1124 1416 cumque
1149 1371 1202 1405 di-

464 1427 537 1462 lecti
561 1427 617 1460 filii
641 1427 785 1461 moderni
810 1426 1064 1469 congregationis
1080 1427 1202 1470 praesa-

464 1487 514 1515 tae
527 1480 811 1516 Camaldulensium
826 1479 956 1525 praelati
976 1480 1081 1523 aliqua
1098 1476 1204 1513 mune-

464 1545 536 1569 rum
561 1545 692 1569 suorum
710 1533 934 1578 prorogatione
949 1543 1007 1578 pro
1019 1533 1204 1577 extinguen-

465 1588 506 1622 do
529 1598 601 1622 aere
624 1587 727 1621 alieno
751 1586 1037 1632 prosequendoque
1057 1586 1105 1620 his
1126 1587 1204 1620 cala-

465 1641 586 1676 mitosis
610 1640 806 1687 temporibus
838 1640 993 1684 gubernio
1026 1640 1203 1684 indigeant,

464 1706 504 1729 ne
538 1696 570 1730 in
604 1695 762 1729 deteriora
795 1694 941 1727 labantur
975 1704 1026 1727 res
1061 1694 1202 1728 eiusdem

466 1748 731 1792 congregationis,
756 1748 786 1780 in
811 1758 872 1792 qua
892 1747 1118 1791 (benedicente
1148 1748 1204 1781 Do-

466 1802 566 1846 mino)
583 1812 643 1846 pax
660 1806 690 1835 et
713 1801 882 1835 concordia
899 1811 982 1834 nunc
1002 1801 1094 1844 viget,
1113 1801 1154 1834 ita
1171 1805 1205 1835 ut

467 1867 503 1890 ex
529 1856 678 1890 dilatione
701 1856 846 1900 proxime
869 1855 967 1888 futuri
998 1855 1125 1899 capituli
1149 1865 1203 1898 ge-

466 1910 582 1944 neralis
612 1909 678 1954 ipsa
702 1908 906 1953 congregatio
940 1908 1062 1942 nullum
1093 1908 1200 1942 videa-

467 1968 518 1996 tur
535 1963 757 1997 detrimentum
774 1962 828 1995 sed
843 1961 1013 1995 maximum
1038 1966 1204 2005 acceptura

468 2016 755 2050 sublevamentum:
772 2015 862 2049 nobis
880 2019 1049 2059 propterea
1065 2014 1138 2047 dicti
1157 2025 1205 2048 ex-

468 2073 631 2115 ponentes,
655 2069 693 2102 ad
718 2079 797 2113 quos
821 2069 869 2112 (ut
894 2068 1050 2111 asserunt)
1068 2078 1143 2101 cura
1160 2078 1206 2100 re-

468 2123 596 2168 giminis
620 2122 760 2157 eiusdem
784 2121 1038 2165 congregationis
1069 2125 1204 2165 spectat,

467 2177 629 2212 humiliter
653 2175 822 2221 supplicari
846 2176 996 2216 fecerunt,
1021 2179 1056 2208 ut
1072 2175 1102 2208 in
1119 2185 1206 2219 prae-

469 2231 573 2265 missis
608 2236 784 2275 opportune
816 2229 983 2273 providere
1013 2233 1044 2261 et
1068 2233 1101 2261 ut
1125 2228 1205 2261 infra

469 2284 634 2327 indulgere
649 2283 687 2316 de
704 2282 897 2325 benignitate
912 2282 1082 2326 apostolica
1099 2281 1206 2324 digna-

470 2348 588 2371 remur.
617 2337 679 2372 Nos
711 2336 828 2379 igitur,
859 2335 985 2369 eosdem
1017 2338 1206 2379 exponentes

470 2391 657 2436 specialibus
684 2389 842 2423 savoribus
869 2394 899 2422 et
926 2388 1035 2432 gratiis
1059 2388 1206 2433 prosequi

471 2445 632 2488 volentes,
664 2449 694 2477 et
717 2454 827 2478 eorum
852 2443 1027 2486 singulares
1057 2453 1208 2487 personas

472 2507 491 2530 a
513 2497 674 2540 quibusvis
698 2496 1041 2537 excommunicationis,
1066 2501 1134 2538 etc.,
1159 2496 1209 2528 ha—

473 2560 544 2582 rum
562 2550 642 2582 serie
667 2549 862 2584 absolventes
890 2554 919 2582 et
949 2549 1126 2582 absolutum
1143 2549 1209 2582 fore

474 2608 651 2644 censentes,
674 2603 852 2637 huiusmodi
870 2602 1152 2647 supplicationibus
1168 2602 1211 2635 in-

1040 208 1217 233 BULLARIUM
1238 207 1393 236 ROMANUM

1986 210 2034 236 An.
2052 209 2079 236 C.
2102 210 2167 239 1660

1235 255 1361 296 clinati,
1385 255 1509 290 attentis
1541 256 1696 296 narratis,
1728 257 1970 290 celebrationem

1235 308 1444 352 capitulorum
1465 309 1658 351 generalium
1679 309 1779 342 dictae
1799 320 1970 354 congrega-

1235 361 1327 394 tionis
1339 361 1619 395 Camaldulensium
1633 361 1671 395 de
1680 367 1784 395 cetero
1797 363 1968 396 faciendam

1235 424 1303 446 esse
1327 414 1365 447 de
1389 414 1604 458 quinquennio
1637 415 1667 447 in
1699 415 1948 459 quinquennium
1963 443 1971 457 ,

1235 467 1277 499 ita
1297 472 1330 499 ut
1353 467 1496 511 proxime
1519 468 1660 502 futurum
1684 468 1823 501 eiusdem
1842 478 1971 512 congre-

1235 520 1369 562 gationis
1393 520 1563 564 capitulum
1598 521 1745 563 generale
1775 521 1902 554 demum
1932 521 1971 554 fi-

1235 573 1300 607 nito
1325 572 1384 606 iam
1411 579 1521 617 coepto
1543 574 1758 618 quinquennio
1782 573 1899 607 habere
1915 573 1971 607 de-

1235 626 1315 667 beat,
1339 627 1526 660 auctoritate
1549 627 1734 671 apostoliea,
1749 632 1858 661 tenore
1880 637 1972 671 prae-

1236 680 1381 723 sentium,
1404 681 1569 715 statuimus
1593 685 1623 715 et
1646 681 1838 722 ordinamus,
1863 682 1899 714 ea
1920 686 1968 713 ta-

1237 743 1308 766 men
1332 733 1421 776 lege,
1445 739 1480 767 ut
1502 744 1564 767 una
1589 734 1671 768 dieta
1705 733 1787 767 inter
1814 733 1973 777 quaelibet

1235 785 1297 820 duo
1309 786 1443 830 capitula
1462 787 1620 830 generalia
1637 787 1745 821 saltem
1764 786 1856 819 tertio
1873 786 1974 820 cuius-

1236 839 1310 873 libet
1323 840 1561 874 intercurrentis
1571 839 1776 884 quinquennii
1790 839 1972 873 huiusmodi

1235 903 1317 926 anno
1334 893 1520 926 celebretur.

1280 946 1295 990 ἓ
1313 945 1344 979 3.
1360 945 1568 980 Decernentes
1585 945 1708 979 easdem
1725 949 1905 990 praesentes
1921 943 1971 977 lit·
2013 956 2169 986 ciausuiasap.

1235 1004 1317 1033 teras
1331 1009 1455 1044 semper
1471 999 1590 1040 firmas,
1610 1004 1679 1040 etc.,
1699 999 1806 1042 sicque
1831 997 1863 1031 in
1884 1008 1973 1041 prae·
1987 985 2054 1010 ‘’⁰¹¹¹“

1236 1052 1338 1086 missis
1350 1062 1409 1096 per
1428 1062 1645 1097 quoscumque
1659 1051 1777 1084 iudices
1795 1049 1973 1084 ordinarios

1235 1111 1266 1139 et
1299 1105 1480 1149 delegatos,
1511 1109 1591 1147 etc.,
1622 1103 1746 1138 definiri
1779 1103 1914 1145 debere,
1938 1113 1974 1137 ac

1235 1159 1360 1193 irritum
1381 1164 1411 1192 et
1427 1159 1528 1200 inane,
1545 1158 1570 1192 si
1601 1168 1701 1199 secus,
1717 1161 1787 1199 etc.,
1807 1155 1976 1201 contigerit

1234 1212 1389 1246 attentari.

1279 1267 1294 1310 ἓ
1309 1265 1339 1300 4.
1353 1267 1421 1300 Non
1431 1265 1627 1300 obstantibus
1642 1263 1834 1309 praemissis,
1850 1273 1886 1297 ac
1903 1273 1974 1297 con-

1235 1320 1448 1354 stitutionibus
1468 1325 1499 1353 et
1517 1318 1767 1353 ordinationibus
1783 1316 1973 1361 apostolicis,

1235 1384 1379 1416 necnon,
1413 1378 1567 1418 quatenus
1602 1383 1681 1417 opus
1709 1371 1763 1413 sit,
1794 1370 1974 1415 praedictae

1236 1427 1491 1471 congregationis
1521 1424 1803 1461 Camaldulensium
1843 1424 1974 1468 eiusque

1237 1481 1501 1515 monasteriorum
1526 1488 1820 1525 quorumcumque,
1846 1483 1876 1511 et
1906 1477 1975 1511 aliis

1236 1535 1413 1580 quibusvis,
1438 1539 1506 1577 etc.,
1531 1532 1768 1578 quomodolibet
1798 1531 1974 1572 concessis,

1237 1589 1430 1624 confirmatis
1450 1593 1480 1622 et
1501 1587 1655 1622 innovatis
1663 1598 1671 1628 ;
1696 1586 1810 1631 quibus
1827 1585 1974 1626 omnibus

1237 1648 1267 1679 et
1288 1644 1429 1687 singulis,
1454 1643 1582 1676 illorum
1607 1646 1729 1676 tenores
1745 1638 1974 1685 praesentibus,

1236 1704 1306 1741 etc.,
1326 1698 1384 1731 hac
1410 1697 1477 1731 vice
1501 1697 1662 1730 dumtaxat
1685 1693 1863 1738 specialiter
1879 1697 1908 1725 et
1927 1702 1975 1725 ex-

1236 1762 1344 1797 presse
1375 1751 1579 1794 derogamus,
1604 1747 1778 1792 ceterisque
1809 1745 1974 1780 contrariis

1236 1806 1494 1851 quibuscumque.

1279 1859 1392 1893 Datum
1419 1858 1550 1899 Rornae,
1576 1855 1658 1900 apud
1685 1855 1714 1889 S.
1736 1854 1885 1894 Petrum,
1917 1852 1975 1886 sub

1236 1913 1353 1946 annulo
1380 1910 1557 1951 Piscatoris,
1582 1909 1632 1942 die
1649 1918 1715 1943 xx11
1739 1906 1842 1940 martii
1859 1916 1974 1949 MDCLx,

1236 1965 1436 2010 pontificatus
1466 1963 1566 1997 nostri
1590 1972 1671 1996 anno
1696 1972 1725 1995 v.

1273 2031 1331 2058 Dat.
1352 2029 1396 2057 die
1415 2029 1449 2056 22
1468 2027 1558 2055 martii
1577 2026 1652 2060 1660,
1675 2024 1771 2061 pontis.
1786 2031 1857 2052 anno
1872 2030 1898 2051 V.

1987 1300 2100 1322 stantibus.

1552 2221 1659 2256 CCXC.

1241 2332 1418 2376 Confirmat
1443 2330 1664 2365 conventiones
1695 2327 1810 2373 super*
1822 2328 1893 2361 iure
1913 2337 1974 2371 pa-

1285 2389 1430 2420 tronatus
1457 2385 1548 2418 ducis
1576 2383 1725 2417 Medinae
1753 2380 1917 2425 Sydoniae
1941 2380 1977 2413 in

1288 2443 1349 2473 tres
1368 2442 1539 2472 conventus
1556 2438 1699 2481 fratrum
1717 2433 1976 2479 conyreqationis

1284 2493 1468 2539 Hispaniae
1493 2491 1628 2526 Ordinis
1647 2489 1685 2524 B.
1706 2489 1831 2523 Mariae
1846 2488 1884 2521 de
1898 2488 1976 2521 Mer-

1285 2547 1357 2582 cede
1379 2545 1568 2591 provinciae
1590 2542 1796 2578 Andalusiae
1818 2546 1847 2575 et
1871 2541 1908 2574 in
1933 2544 1975 2573 to-

1288 2605 1354 2634 tam
1378 2598 1668 2644 conyreqatz'onem.

2026 1273 2121 1300 Derogat
2135 1274 2172 1295 ob·
