2243 3205
257 211 306 237 An.
323 211 350 237 C.
371 211 440 238 1658
486 202 548 234 382

255 2133 435 2153 thnuranatonn.

1025 213 1203 237 BULLARIUM

454 270 518 291 ram
544 259 778 302 dispositionem
805 259 1013 294 univcrsitatis
1029 261 1205 304 hospitum}

453 322 505 343 seu
524 322 711 355 cauponum,
728 312 768 344 ita
787 317 889 344 tamen
906 318 939 344 ut
962 313 1079 346 fructus
1104 324 1189 357 prae·

453 365 524 397 dicti
550 366 673 407 erogari
704 376 764 398 non
795 366 915 409 possint
947 367 1004 399 nisi
1038 367 1067 399 in
1097 366 1206 420 usum:

453 424 481 451 et
506 419 693 452 beneficium
712 420 811 453 dictae
837 421 986 453 ecclcsiae
1003 421 1076 454 olim
1096 421 1123 453 S.
1144 421 1206 452 lii-t

453 472 548 513 liani,
581 483 663 505 nune
693 479 795 505 autem
829 473 886 505 sub
918 474 1112 507 invocatione
1144 473 1187 505 Ss.

452 525 573 557 Martini
600 532 626 557 et
654 526 780 566 luliani,
805 526 988 560 auctoritate
1021 530 1050 560 ct
1083 532 1189 558 tenore

453 578 630 621 praedietis,
649 579 814 612 statuimus
832 584 862 612 et
879 579 1071 612 ordinamus.

497 632 512 675 ξ
536 631 565 664 li.
593 632 736 665 Volentes
761 632 844 676 quod
863 633 892 664 in
915 633 1051 665 futurum
1078 632 1190 673 eligan-

453 690 503 717 tur
529 695 578 718 sex
605 686 779 728 guardiam,
797 686 857 718 duo
878 686 994 718 scilicet
1016 696 1050 717 ex
1076 684 1190 727 simpli-

454 737 541 770 cibus
567 738 827 781 albergatoribus,
846 739 897 770 alii
915 738 976 771 duo
1002 749 1036 769 ex
1063 737 1191 781 bospiti-

453 791 509 823 bus
535 802 588 823 seu
614 792 819 835 cauponibus,
840 792 951 834 reliqui
969 801 1042 823 vero
1067 790 1129 823 duo
1154 801 1188 822 ex

452 844 629 888 hospitibus
650 845 899 887 albergatoribus
918 845 1035 877 mixtis:
1054 850 1083 876 et
1100 843 1137 876 ad
1152 844 1191 875 es-

453 898 568 930 sectum
591 898 785 941 praedictum
807 898 874 930 sieri
893 898 1025 929 debeant
1051 903 1112 929 tres
1137 906 1190 940 py-

452 950 549 990 xides,
567 962 620 984 seu
647 952 800 992 bussolae,
820 952 849 983 in
875 951 987 994 quibus
1012 955 1190 994 ponantur,

452 1014 505 1036 seu
533 1004 777 1036 inilmssolentnr
802 1014 1008 1048 personarum
1036 1002 1189 1035 universi-

453 1063 548 1089 tatum
574 1058 754 1090 huiusmodi
780 1058 915 1099 nomina,
935 1057 1124 1090 extrahenda
1142 1067 1190 1089 so-

453 1111 515 1143 litis
539 1111 748 1154 temporibus3
770 1117 799 1144 et
821 1111 901 1144 idem
919 1109 1191 1155 proportionabili-

454 1170 499 1196 ter
524 1169 664 1198 serretur
687 1165 715 1196 in
737 1165 848 1197 ceteris
863 1164 1048 1197 officialibus
1071 1173 1190 1196 earum-

451 1218 520 1250 dem
547 1218 795 1251 universitatum.
823 1219 854 1250 ln
881 1218 1011 1261 reliquis
1038 1227 1112 1250 vero
1137 1217 1208 1266 0¹¹·}

451 1276 615 1303 serventur
640 1272 778 1314 ipsarum
804 1271 1042 1304 universitatum
1069 1269 1208 1311 statuta,.³

450 1334 571 1357 necnon
597 1325 818 1357 conventiones
836 1330 865 1357 et
886 1324 1034 1368 disposita
1053 1324 1083 1356 in
1100 1333 1189 1367 prae-
1206 1332 1208 1346 ¹

451 1377 533 1410 dieto
552 1378 759 1411 instrumento
776 1377 935 1417 consortii,
954 1377 1065 1420 quibus
1090 1377 1189 1409 nulla-
1206 1366 1208 1402 l

453 1436 540 1463 tenus
556 1436 718 1464 censeatur
735 1430 931 1473 derogatum.

495 1484 509 1526 §
534 1484 561 1516 5.
588 1484 730 1516 Ceterum
760 1488 939 1527 praesentes
968 1482 1086 1516 litteras
1115 1492 1208 1526 sem-3

451 1548 508 1580 per
536 1537 660 1577 firmas,
686 1537 802 1569 validas
828 1542 858 1569 et
887 1536 1028 1569 efficaces
1058 1535 1191 1568 existere

452 1594 481 1623 et
506 1590 594 1629 fore,
628 1590 749 1633 illisque
774 1590 811 1621 ad
836 1599 914 1633 quos
939 1593 1056 1632 spectat
1080 1594 1110 1621 et
1133 1598 1191 1631 pro

451 1648 592 1687 ternpore
619 1643 790 1687 spectabit,
819 1642 1000 1686 plenissime
1025 1641 1191 1684 suffragari

452 1703 479 1729 et
501 1697 539 1729 ab
559 1697 618 1728 illis
644 1696 817 1740 respective
842 1695 1063 1728 inviolabiliter
1087 1695 1192 1728 obser-

451 1750 527 1790 vari,
554 1750 661 1793 51011110
687 1750 717 1782 111
742 1750 920 1793 praemissis
945 1760 1001 1793 per
1026 1760 1192 1792 quoscum-

453 1814 512 1846 que
530 1803 647 1836 iudices
668 1804 844 1837 ordinarios
862 1809 891 1836 et
911 1803 1079 1846 delegatos⁷
1098 1804 1190 1835 etiam

451 1867 615 1889 causarum
642 1857 746 1900 palatii
772 1857 935 1900 apostolici
960 1856 1127 1896 auditores,
1146 1856 1209 1897 111-Ι

453 1910 550 1943 dicari
576 1915 604 1944 el
627 1911 750 1943 definiri
785 1911 920 1951 debere,
945 1921 980 1943 ac
1012 1910 1137 1943 irritum
1163 1901 1209 1944 et}

452 1964 552 2004 inane,
571 1965 594 1996 si
613 1975 701 1997 secus
719 1964 875 2008 superbis
895 1975 911 1996 a
929 1974 1101 2007 quoquam,
1114 1973 1191 2007 qua-

452 2017 497 2049 vis
522 2018 718 2058 auctoritate,
749 2018 883 2050 scienter
912 2018 959 2049 vel
992 2017 1191 2059 ignoranter,

452 2071 620 2113 contigerit
637 2071 793 2112 attentari,
814 2070 932 2114 pariter
948 2070 1155 2103 decernimus.

497 2125 511 2167 g
540 2125 569 2156 6.
598 2125 665 2157 Non
703 2124 898 2158 obstantibus
928 2124 1131 2167 praemissis,
1157 2133 1193 2155 ac

453 2177 728 2210 constitutionibus
749 2182 778 2209 01
799 2176 1049 2209 ordinationilnis
1070 2180 1193 2219 aposto-

452 2230 530 2270 licis,
548 2240 680 2271 necnon,
698 2235 851 2273 quatenus
869 2240 948 2273 opus
964 2229 1017 2270 sit,
1036 2239 1190 2262 memora-

453 2289 553 2316 tarum
580 2284 838 2323 universitatum,
869 2283 961 2317 etiam
994 2283 1192 2325 iuramento,

452 2337 691 2370 confirmatione
726 2337 909 2380 apostolica,
934 2337 981 2369 vel
1008 2336 1119 2381 quavis
1144 2336 1194 2368 tir-

452 2390 558 2424 mitate
582 2390 642 2422 alia
670 2390 837 2430 roboratis,
863 2390 986 2422 statutis
1012 2395 1041 2422 01
1066 2399 1194 2423 consue-

452 2443 623 2484 tudinibus,
649 2443 821 2487 privilegiis
847 2453 993 2486 quoque,
1020 2443 1147 2475 indultis
1165 2447 1194 2475 01

453 2496 564 2529 litteris
581 2497 761 2540 apostolicis
779 2497 810 2529 in
826 2497 1020 2530 contrarium
1044 2496 1194 2540 praemis-

453 2560 560 2583 sorum
583 2550 819 2593 quomodolibet
833 2551 999 2593 concessis,
1025 2550 1192 2584 confirma-

455 2603 493 2635 tis
526 2608 550 2635 et
588 2604 757 2638 innovatis:
783 2604 896 2647 quibus
918 2603 1064 2637 omnibus
1082 2607 1111 2638 et
1135 2604 1193 2637 ‚sin-

1228 212 1382 237 ROMANUM

1222 262 1322 303 gulis,
1351 260 1480 293 illorum
1512 266 1635 293 tenores
1661 261 1877 304 praesentibus
1902 271 1961 305 pro

1222 315 1311 357 plene
1344 319 1373 345 et
1401 313 1593 346 sufficienter
1615 314 1773 356 expressis
1797 314 1959 354 babentes,

1222 367 1282 399 illis
1307 366 1381 398 alias
1407 366 1437 398 in
1458 376 1514 399 suo
1533 366 1646 399 robore
1663 368 1887 410 permansuris,
1901 367 1960 400 hac

1224 420 1288 452 rice
1325 419 1504 459 dumtaxat,
1540 419 1716 463 specialiter
1748 425 1777 452 et
1815 430 1962 463 expresse

1205 491 1207 501 1
1223 473 1429 515 derogamus,
1455 473 1630 516 ceterisque
1645 473 1812 506 contrariis
1825 473 1959 517 quibus-

1226 537 1370 569 eumque.

1268 579 1378 611 Datum
1409 579 1535 619 Romae,
1564 579 1645 622 apud
1671 579 1699 612 S.
1718 579 1845 612 Mariam
1870 578 1963 612 Maio-

1225 642 1302 673 rem7
1322 632 1379 663 sub
1396 633 1511 665 annulo
1531 632 1708 672 Piscatoris,
1722 632 1771 665 die
1787 642 1804 665 x
1826 637 1964 675 septem-

1225 685 1289 717 bris
1314 695 1464 725 Mnchui,
1478 686 1678 729 pontificatus
1699 686 1799 719 nostri
1820 696 1903 718 anno
1920 695 1961 718 Ν.

1260 747 1316 774 Ibat.
1336 747 1378 774 die
1401 748 1432 774 10
1447 748 1607 783 septembris
1625 749 1701 781 1658,
1724 748 1819 783 pontif.
1842 756 1911 775 anno
1926 754 1964 775 ιν.

1535 890 1655 924 CCVlll.

1225 970 1329 1012 Super
1353 970 1588 1003 contributione
1613 970 1900 1003 ecelesiasticorum
1922 981 1966 1003 re-

1269 1033 1408 1065 qnornm
1435 1023 1592 1057 Cascettae
1617 1028 1644 1056 et
1669 1024 1821 1066 Leyionz's
1846 1024 1882 1056 in
1906 1023 1962 1056 de—

1269 1086 1334 1108 cem
1352 1086 1463 1108 novem
1483 1076 1688 1109 mz'lliom‘bus
1705 1081 1731 1109 el
1749 1077 1888 1110 dimidio
1905 1087 1965 1120 pro

1269 1129 1450 1172 defensione
1485 1129 1561 1171 fidei
1596 1130 1773 1162 catholicae
1805 1130 1966 1162 dictorum

1268 1193 1454 1225 rcynorum,
1479 1187 1508 1215 ec
1530 1184 1724 1226 praesertim
1744 1184 1897 1216 adversus
1920 1184 1967 1216 in-

1271 1235 1414 1268 vasiones
1431 1235 1616 1279 Anylormn
1634 1237 1868 1270 haereticorum
1884 1247 1966 1280 quas

1269 1299 1325 1321 1·οω
1350 1289 1529 1322 catholicus
1554 1289 1720 1322 sustinet&

1323 1367 1481 1395 carissimo
1502 1368 1533 1394 in
1549 1368 1666 1395 Christo
1689 1368 1750 1394 filio
1766 1371 1870 1395 nostro

1367 1402 1576 1445 Hispaniarum
1591 1411 1654 1446 regi
1669 1412 1829 1445 catholico,

1419 1465 1585 1491 Alexander
1605 1465 1683 1498 Papa
1702 1465 1766 1491 VII.

1325 1526 1483 1553 Garissime
1504 1526 1533 1553 in
1555 1526 1672 1554 Christo
1692 1526 1735 1553 fili
1755 1530 1869 1559 noster,

1260 1571 1389 1597 salutem
1410 1573 1441 1597 et.
1461 1571 1659 1605 apostolicam
1681 1571 1930 1598 benedictionem.

1270 1642 1469 1675 Ortliodoxae
1494 1642 1566 1675 fidei
1592 1642 1823 1676 conservandae
1845 1647 1875 1675 et
1891 1652 1968 1686 <pro-

1226 1695 1388 1739 pagandae
1422 1696 1506 1728 zelus
1539 1707 1573 1729 ac
1605 1696 1773 1739 singularis
1802 1696 1832 1728 in
1856 1705 1913 1729 nos
1937 1700 1967 1728 et

1226 1749 1438 1792 Apostolicam
1465 1749 1576 1782 Sedem
1601 1748 1736 1789 devotio,
1762 1748 1883 1792 aliaque
1909 1758 1962 1781 ca-

1226 1802 1333 1835 tholici
1358 1802 1485 1835 nomine
1510 1801 1629 1846 optimo
1655 1802 1722 1835 iure
1747 1802 1886 1844 insigniti
1917 1812 1965 1835 re-

1226 1856 1272 1898 gis
1297 1856 1457 1899 praeclara
1485 1856 1616 1897 merita,
1642 1867 1722 1899 quae
1747 1856 1777 1888 in
1807 1855 1967 1888 maiestate

1227 1910 1279 1941 tua
1305 1909 1429 1942 caelesti
1447 1909 1549 1952 gratia
1567 1909 1778 1953 resplendent,
1795 1909 1887 1952 plane
1904 1909 1966 1941 exi-

1226 1968 1324 2005 gunt,
1350 1966 1382 1996 ut
1406 1963 1546 1995 subsidia
1580 1974 1638 2006 pro
1663 1962 1802 1996 eiusdem
1835 1961 1908 1994 fidei
1937 1967 1967 1994 et

1227 2015 1438 2049 dominiorum
1456 2021 1593 2056 tuorum,
1611 2016 1798 2060 praesertim
1816 2014 1965 2048 adversus

1227 2069 1458 2103 haeretieorum
1484 2075 1613 2103 conatus
1638 2068 1836 2110 defensione,
1861 2079 1878 2101 a
1903 2068 1964 2101 tuis

1227 2122 1359 2156 subditis
1393 2128 1541 2167 prompte
1573 2123 1626 2155 tibi
1659 2122 1782 2163 oblata,
1815 2127 1967 2165 quantum

1227 2188 1297 2210 eum
1323 2176 1459 2209 Domino
1480 2187 1656 2220 possumus,
1681 2186 1717 2208 ae
1741 2180 1834 2219 prout
1859 2181 1967 2219 postu-

1227 2231 1291 2263 lare
1318 2229 1440 2263 videtur
1466 2236 1645 2274 temporum
1671 2229 1819 2269 conditio,
1844 2229 1966 2263 adiuve-

1229 2294 1307 2316 mus.

1272 2337 1287 2379 g
1304 2337 1332 2369 l.
1358 2336 1432 2369 Cum
1452 2336 1555 2380 itaque
1569 2336 1589 2376 ²,
1607 2336 1686 2370 sicut
1706 2335 1874 2368 maiestatis
1895 2340 1966 2368 tuae

1228 2390 1355 2423 nomine
1379 2390 1470 2423 nobis
1490 2400 1590 2432 nuper
1615 2389 1790 2432 expositum
1812 2389 1878 2429 suit,
1895 2388 1966 2421 laici

1227 2443 1343 2475 subditi
1369 2448 1494 2475 tuorum
1513 2452 1684 2485 regnorum
1701 2442 1849 2476 Castellae
1868 2447 1898 2474 et
1914 2441 1967 2474 Le-

1228 2496 1328 2538 gionis
1354 2496 1385 2529 in
1410 2506 1519 2529 eorum
1545 2495 1680 2529 comitiis
1709 2506 1765 2528 seu
1792 2494 1887 2528 curiis
1918 2494 1964 2527 in-

1263 2570 1274 2593 1
1298 2567 1335 2593 Ex
1356 2567 1462 2602 Regest.
1485 2567 1511 2593 in
1531 2566 1632 2594 Secret.
1654 2566 1730 2593 Brev.

1262 2612 1277 2638 θ2
1293 2612 1399 2639 Similes
1416 2612 1475 2639 vide
1487 2616 1551 2640 tom.
1564 2619 1607 2645 xv,
1623 2619 1682 2647 pag.
1697 2611 1746 2638 347
1763 2614 1789 2638 et
1804 2610 1855 2636 665
1868 2609 1973 2645 (11.τ.).,

1976 213 2023 240 An>
2045 214 2074 240 C.
2094 215 2158 243 1658

2009 1651 2145 1672 Prooemium.

2008 2341 2136 2368 Suppbcasso

2237 1655 2243 1675 t
