2243 3205
248 152 298 178 An.
319 152 434 181 c.1660

290 424 369 444 Petitur
384 428 432 445 con-

250 450 334 471 firmari.

258 1060 369 1080 Decretum
380 1061 439 1083 prae-

257 1086 357 1106 insertum
366 1083 440 1104 coufir-

257 1114 299 1133 mat
310 1110 412 1132 Pontifex.

276 1568 279 1571 Ι
296 1541 407 1561 Decretum
421 1539 447 1560 ir-

264 1570 335 1588 ulans.

290 1803 405 1825 Contrariis
417 1803 452 1825 de-

268 1832 336 1857 rogat.

480 144 542 177 570

445 206 537 244 prout
561 200 771 244 praesentium
798 206 906 233 tenore
930 200 1066 234 declarat
1086 206 1116 234 et
1133 201 1182 235 de-

446 253 554 293 cernit,
580 253 609 285 in
635 253 827 285 contrarium
853 253 952 286 allatis
977 254 1106 287 minime
1131 255 1182 288 ob—

447 306 608 338 stantibus.
627 307 743 339 Romae
756 315 799 339 x11
820 306 922 339 martii
940 316 1053 340 unch.

678 359 715 391 M.
741 359 907 392 cardinalis
931 359 1091 393 Gmmws
1110 372 1137 392 )).

491 411 506 454 ἓ
530 409 559 443 3.
584 410 660 444 Cum
684 415 786 443 autem
801 437 809 451 ‚
837 411 917 444 sicut
940 411 1070 445 dilectus
1090 413 1183 445 Anto-

448 463 518 495 nius
542 462 727 495 Franciscus
745 463 836 496 nobis
852 474 952 508 nuper
967 465 1078 508 exponi
1104 464 1185 504 fecit,

450 515 515 559 ipse
538 515 700 548 decretum
718 516 862 560 proxime
884 517 1046 558 insertum,
1062 528 1120 561 pro
1137 517 1186 549 fir-

451 569 550 602 miore
575 569 658 602 illius
682 569 884 602 subsistentia
908 575 937 603 et
958 570 1187 610 observatione,

450 622 640 666 apostolicae
665 622 913 658 confirmationis
937 629 1061 657 nostrae
1086 628 1189 667 patro-

451 674 533 707 cinio
564 675 753 708 communiri
783 686 983 720 summopere
1015 675 1188 708 desideret:

451 738 518 770 nos,
538 728 639 772 ipsum
658 728 826 762 Antonium
848 728 1048 762 Franciscum
1075 728 1190 771 specia-

452 780 534 813 libus
551 781 711 814 savoribus
738 785 768 815 et
791 782 900 825 gratiis
925 781 1073 825 prosequi
1090 781 1192 813 volen-

453 840 519 874 tes,
545 839 575 866 et
603 844 619 866 a
653 833 814 877 quibusvis
838 833 1191 874 excommunicationis,

454 892 522 928 etc„
542 887 655 920 harum
680 887 760 920 serie
785 887 981 920 absolventes
1013 892 1043 919 et
1068 886 1192 919 absolu-

453 945 520 973 tum
544 940 611 973 sore
635 945 806 981 censentes,
823 939 1103 984 supplicationibus
1127 938 1194 971 eius

453 993 580 1026 nomine
618 993 708 1026 nobis
732 1003 825 1037 super
848 994 908 1026 hoc
937 992 1100 1025 humiliter
1126 1002 1195 1035 por-

454 1046 548 1079 rectis
584 1046 739 1087 inclinati,
760 1046 920 1079 decretum
953 1045 1194 1090 praeinsertum‚

455 1099 505 1132 die
530 1109 575 1132 ΧΠ
598 1099 702 1131 martii
725 1098 869 1142 proxime
892 1098 1053 1142 praeteriti
1071 1108 1194 1131 emana-

456 1159 534 1194 tum,
551 1152 735 1186 auctoritate
763 1152 953 1195 apostolica,
979 1155 1085 1185 tenore
1111 1161 1197 1195 prae-

458 1206 603 1247 sentium,
620 1205 844 1238 confirmamus
869 1209 899 1237 et
922 1204 1144 1248 approbamus,
1162 1204 1197 1236 il-

458 1262 543 1305 lique
560 1259 746 1293 inviolabilis
763 1258 951 1303 apostolicae
975 1258 1132 1291 firmitatis
1149 1269 1198 1291 ro-

459 1316 519 1348 bur
536 1314 708 1355 adiicimus,
726 1313 809 1346 salva
827 1323 952 1356 semper
969 1312 999 1344 in
1020 1312 1198 1355 praemissis

460 1370 644 1403 auctoritate
665 1367 843 1412 praedictae
863 1366 1116 1409 congregationis
1136 1376 1200 1398 car-

461 1423 578 1456 nalium
599 1421 733 1464 negotiis
758 1425 788 1453 et
812 1419 1092 1453 consultationibus
1117 1419 1199 1463 epis-

463 1486 613 1520 coporum
640 1480 670 1507 ct
694 1473 887 1517 regularium
902 1472 1108 1517 praepositae.

508 1530 523 1573 g
547 1529 576 1561 4.
594 1529 800 1561 Decernentes
819 1526 941 1559 easdem
959 1530 1139 1569 praesentes
1152 1524 1201 1558 lit-

467 1588 546 1615 teras
570 1591 694 1625 semper
717 1580 834 1620 firmas,
852 1584 921 1619 etc„
939 1579 1044 1621 sicque
1061 1578 1092 1610 in
1116 1588 1202 1621 prae-

466 1636 568 1669 missis
593 1645 650 1679 per
674 1643 889 1678 quoscumque
914 1632 1042 1672 iudices,
1059 1636 1129 1672 ete,
1149 1631 1201 1664 de-

468 1688 550 1721 finiri
574 1688 699 1728 debere,
716 1697 752 1719 ac
776 1686 900 1718 irritum
925 1690 955 1717 et
979 1685 1079 1725 inane,
1104 1684 1127 1716 si
1157 1694 1203 1716 se-

468 1752 533 1782 cus,
547 1746 615 1781 etc,
629 1739 795 1782 contigerit
811 1738 964 1771 attentari.

512 1795 527 1838 ξ
558 1794 586 1827 5.
612 1795 678 1827 Non
711 1791 906 1826 obstantibus
937 1790 1138 1834 praemissis,
1169 1800 1204 1823 ac

469 1847 742 1881 constitutionibus
778 1850 808 1878 et
838 1844 1088 1878 ordinationibus
1134 1854 1206 1887 apo-

469 1900 604 1940 stolicis,
629 1899 802 1943 ceterisque
827 1897 992 1931 contrariis
1008 1896 1207 1940 quibuscum-

470 1965 540 1999 que.

514 2008 623 2040 Datum
652 2007 681 2039 in
708 2007 786 2038 Arce
810 2003 999 2048 Gandulphi,
1024 2003 1207 2037 Albanensis

471 2060 633 2100 dioecesis,
647 2059 704 2091 sub
729 2058 844 2091 annulo
869 2057 1046 2098 piscatoris,
1067 2057 1115 2090 die
1140 2067 1206 2091 xxx

472 2113 580 2158 aprilis
604 2123 718 2154 MDCLX,
739 2111 937 2155 pontificatus
953 2110 1054 2143 nostri
1072 2120 1152 2144 anno
1166 2120 1207 2143 vi.

508 2175 567 2202 Dat.
589 2174 631 2202 die
651 2175 685 2201 30
705 2173 797 2209 aprilis
819 2172 896 2206 1660,
913 2172 1008 2207 pontif.
1027 2180 1095 2200 anno
1113 2179 1147 2199 V1.

768 2341 923 2374 CCXCVII.

475 2431 662 2475 Applicatio
686 2430 903 2464 dimidiarum
936 2434 1135 2463 annotarunt
1160 2440 1211 2462 cct-

521 2485 749 2526 nonicatuum,
777 2484 1032 2526 betzeficiatuum,
1059 2494 1095 2515 ac
1119 2483 1212 2516 cleri-

524 2541 654 2569 catuum
690 2537 836 2571 ccclesiae
860 2536 891 2571 S.
923 2536 1059 2571 Ioannis
1083 2536 1213 2570 Latera-

1024 153 1201 178 BULLARIUM
1227 154 1378 178 ROMANUM

1258 201 1365 234 nensis
1390 201 1427 234 de
1454 201 1536 235 Urbe
1559 202 1699 244 fabricae
1716 207 1744 235 et
1768 204 1946 245 sacristiae,

1259 255 1407 298 quamvis
1425 255 1550 297 fructus
1565 259 1593 287 et
1608 256 1821 288 emolumenta
1839 257 1951 296 huius-

1259 307 1348 340 modi
1372 307 1448 339 attis
1481 307 1629 340 oneribus
1661 309 1725 341 sive
1746 309 1951 351 pensionibus

1259 363 1396 403 yravata
1420 359 1571 401 existant,
1597 359 1675 392 etc.¹.

1411 448 1575 476 Alexander
1593 449 1672 482 Papa
1691 449 1741 485 v11
1753 470 1760 481 ,

1337 494 1373 519 ad
1393 495 1570 526 perpetuam
1591 493 1636 519 rei
1655 493 1835 520 memoriam.

1265 569 1280 612 ἓ
1305 569 1334 602 1.
1360 569 1484 602 Dudum
1509 569 1606 602 felicis
1631 569 1859 602 recordationis
1883 569 1952 603 Cle·
1985 584 2096 605 nemim
2109 583 2152 605 m·-

1223 631 1310 654 mens
1334 622 1416 665 Papa
1441 622 1505 655 VIII
1529 622 1753 665 praedecessor
1777 626 1900 662 noster,
1924 626 1959 655 ut

1223 674 1340 707 fabrica
1364 674 1513 707 ecclesiae
1541 675 1570 708 S.
1592 674 1717 707 Ioannis
1740 674 1959 707 Lateranensis

1223 727 1261 759 de
1286 726 1368 760 Urbe
1392 727 1605 760 incumbentia
1625 727 1685 760 sibi
1710 737 1806 760 onera
1830 737 1961 770 suppor-

1224 784 1290 812 tare
1314 784 1431 823 posset,
1444 779 1475 812 in
1500 779 1674 813 visitatione
1699 778 1840 812 eiusdem
1865 779 1961 812 eccle-

1225 832 1288 864 siae
1312 832 1419 865 statuit
1442 837 1472 865 et
1496 832 1672 872 ordinavit,
1701 837 1735 865 ut
1766 842 1802 865 ex
1826 836 1900 865 tunc
1923 831 1962 864 de

1226 890 1331 918 cetero
1355 886 1515 929 perpetuis
1539 885 1653 918 suturis
1676 885 1871 929 temporibus
1895 895 1962 918 om-

1227 948 1281 971 nes
1305 943 1335 970 et
1358 938 1484 981 singuli,
1510 938 1622 982 quibus
1639 938 1677 971 de
1693 938 1789 982 ipsius
1814 937 1964 971 ecclesiae

1228 990 1461 1025 canonicatibus
1485 996 1515 1023 et
1534 991 1722 1035 praebendis
1739 990 1848 1035 quovis
1869 990 1963 1023 modo

1228 1054 1286 1088 pro
1312 1048 1454 1087 tempore
1479 1043 1659 1077 vacantibus
1681 1054 1739 1087 per
1762 1043 1865 1087 ipsum
1898 1043 1964 1076 Cle-

1230 1100 1365 1130 mentem
1389 1096 1663 1140 praedecessorem
1689 1101 1742 1129 aut
1761 1096 1827 1129 eius
1846 1106 1966 1129 succes-

1230 1161 1316 1184 sores
1340 1151 1387 1183 vel
1412 1161 1629 1194 quoscumque
1645 1151 1723 1184 alios
1738 1149 1845 1194 quavis
1861 1154 1967 1183 aucto-

1231 1205 1320 1237 ritate
1334 1204 1495 1248 provisum
1510 1204 1600 1246 soret,
1614 1204 1810 1238 medietatem
1824 1203 1966 1237 omnium

1231 1264 1261 1292 et
1277 1259 1474 1301 singulorum
1498 1258 1669 1298 fructuum,
1689 1257 1879 1298 reddituum,
1898 1268 1969 1301 pro-

1233 1318 1392 1353 ventuum,
1418 1312 1554 1354 iun-ium,
1580 1311 1822 1352 obventionum,
1846 1321 1969 1344 necnon

1232 1365 1488 1399 distributionum
1512 1365 1764 1408 quotidianarum
1794 1375 1830 1397 ac
1849 1365 1969 1398 emolu-

1235 1424 1413 1452 mentorum
1447 1428 1733 1461 quorumcumque,
1750 1418 1969 1452 universorum

1234 1476 1263 1505 et
1287 1472 1485 1515 singulorum
1510 1470 1604 1515 primi
1629 1471 1702 1503 anni
1726 1481 1857 1504 suorum
1882 1481 1970 1505 cano-

1235 1526 1393 1558 nicatuum
1408 1529 1438 1559 et
1454 1524 1705 1568 praebendarum
1720 1524 1819 1557 eidem
1834 1525 1971 1558 fabricae

1235 1578 1310 1611 dare
1346 1583 1375 1611 et
1410 1577 1592 1621 persolvere
1628 1577 1755 1610 omnino
1789 1582 1819 1609 et
1853 1577 1972 1622 absque

1236 1632 1299 1665 ulla
1323 1631 1541 1670 diminutione,
1561 1630 1646 1663 omni
1663 1635 1693 1663 et
1709 1641 1906 1674 quacumque
1923 1641 1973 1663 ex-

1237 1685 1389 1729 ceptione,
1410 1683 1619 1728 appellatione
1636 1689 1666 1716 et
1686 1694 1816 1716 recursu
1834 1683 1972 1726 semotis,

1237 1739 1387 1771 deberent
1410 1741 1439 1771 et
1455 1742 1644 1778 tenerentur,
1667 1735 1900 1780 statutumque²
1916 1737 1974 1770 hu-

1238 1789 1372 1824 iusmodi
1406 1789 1487 1823 inter
1519 1790 1579 1822 alia
1614 1789 1763 1823 ecclesiae
1795 1788 1974 1833 praedictae

1239 1849 1350 1876 statuta
1367 1854 1423 1887 pcr
1441 1842 1597 1886 quoslibet
1614 1853 1649 1875 ex
1667 1842 1751 1876 illius
1769 1842 1926 1876 canonicis
1943 1842 1976 1875 in

1239 1897 1433 1930 assecutione
1446 1895 1652 1939 possessionis
1667 1905 1796 1928 suorum
1814 1895 1976 1928 canonica-

1241 1956 1327 1983 tuum
1353 1955 1383 1982 et
1407 1949 1659 1994 praebendarum
1684 1948 1845 1983 observari
1870 1952 1899 1983 et
1923 1949 1973 1982 iu-

1241 2005 1304 2037 rari
1330 2004 1421 2037 solita
1445 2003 1685 2037 adscribendum
1711 2008 1741 2036 et
1764 2002 1976 2037 annotandum

1241 2068 1308 2091 esse
1323 2056 1495 2097 mandavit;
1507 2061 1537 2089 et
1549 2056 1753 2089 nihilominus
1768 2056 1978 2090 medietatem³

1242 2110 1382 2144 omnium
1408 2115 1438 2143 et
1462 2110 1658 2153 singulorum
1684 2110 1852 2150 fructuum,
1877 2109 1978 2143 reddi-

1242 2169 1340 2206 tuum,
1358 2168 1579 2207 proventuum,
1597 2162 1724 2203 iurium,
1744 2162 1978 2204 obventionum,

1243 2211 1539 2258 emolumentorum,
1564 2226 1600 2249 ac
1623 2215 1879 2250 distributionum
1904 2226 1979 2260 quo-

1244 2270 1431 2303 tidianarum
1456 2268 1552 2313 primi
1576 2268 1648 2301 anni
1666 2269 1806 2302 omnium
1824 2274 1855 2302 et
1871 2269 1978 2313 singu-

1243 2323 1346 2356 lorum
1364 2322 1602 2355 canonicatuum
1617 2325 1647 2354 et
1662 2321 1914 2366 praebendarum
1934 2332 1980 2356 ec-

1280 2413 1289 2438 1
1314 2412 1351 2438 Ex
1371 2412 1479 2446 Regest.
1501 2411 1528 2437 iu
1548 2410 1650 2437 Secret.
1672 2410 1748 2438 Brev.

1279 2455 1295 2482 2
1308 2455 1374 2482 Male
1390 2455 1455 2482 edit.
1470 2454 1550 2481 Main.
1566 2454 1630 2490 legit
1643 2458 1807 2489 statumque
1821 2462 1869 2490 pro
1888 2457 1979 2483 statu-

1245 2503 1364 2534 tumque
1380 2501 1416 2533 (n.
1432 2499 1480 2532 τ,).

1280 2545 1295 2571 3
1314 2543 1380 2571 Male
1397 2543 1459 2571 edit.
1476 2543 1555 2571 Main.
1573 2543 1635 2580 legit
1651 2543 1801 2572 medietate
1816 2544 1853 2578 (n.
1868 2543 1916 2577 r).

1961 156 2011 184 An.
2031 157 2061 184 G.
2079 157 2144 187 ¹660

1973 611 2048 632 montis
2063 609 2114 632 vm.

2206 591 2243 605 ’,1

2219 1031 2227 1386 -ᾼ-Λ-,.--ῴ-
2222 999 2225 1001 .
2223 964 2225 972 I
