2243 3205
60 177 109 205 Au.
130 177 158 203 C.
180 175 243 203 ¹661

87 343 206 366 Exordium.

851 171 995 196 ALEXAND
1002 170 1042 194 ER
1066 170 1110 193 vn
1135 169 1182 193 PP.

452 222 617 249 Alexander
636 222 716 256 Papa
737 221 800 254 vn,

399 267 435 293 ad
454 267 587 293 futuram
607 266 650 293 rei
674 265 855 292 memoriam.

302 329 316 372 ξ
342 328 369 361 t.
396 328 516 371 Exponi
542 327 633 360 nobis
658 337 759 370 nuper
784 326 925 359 fecerunt
950 324 996 356 di-

258 383 328 415 lecti
357 382 410 414 tilii
448 382 580 426 Cyl-illus
606 381 764 413 Boullevic
796 385 823 412 et
861 378 997 411 Ililarius

258 434 387 474 Pezron,
402 434 513 466 fratres
546 439 575 466 et
600 439 823 477 procuratores
848 431 998 475 speciales

257 488 389 520 fratrum
415 487 596 531 provinciae
628 487 795 519 Brittaniae
832 487 861 518 in
892 485 998 518 Galliis

257 541 381 574 Ordinis
399 542 530 573 fratrum
549 541 703 574 Minorum
723 540 820 572 sancti
839 538 996 571 Fraiicisci

257 594 506 627 Recollectorum
534 599 797 636 nuncupatorum,
820 591 902 635 quod
924 591 998 623 alias

256 648 356 680 felicis
385 647 612 680 recordationIs
643 647 786 679 Urbanus
819 646 901 690 Papa
932 646 996 677 vtll

256 700 483 744 praedecessor
500 705 606 732 noster
626 700 706 731 inter
719 705 823 732 cetera
842 698 998 731 transtulit

257 754 305 786 ius
329 754 429 787 dictae
454 753 636 797 provinciae
661 764 676 785 a
702 753 852 785 fratribus
876 752 914 784 de
939 751 996 784 Ob-

257 807 412 839 scrvantia
438 807 477 839 ad
501 807 706 845 Recollectos,
724 811 753 838 et
778 805 935 837 mandavit
960 815 998 836 ne

257 860 288 892 in
314 860 454 904 praefata
487 859 648 903 provincia
683 859 764 891 ullus
790 859 819 891 in
845 858 996 891 novitium

257 914 339 946 inter
363 914 462 946 dictos
489 914 601 945 fratres
630 913 667 945 de
692 912 920 951 observantia,
946 911 997 943 sed

258 968 338 1001 inter
362 968 556 1000 Recollcctos
587 967 747 999 dumtaxat
780 967 809 998 In
838 971 997 1010 posterum

258 1021 463 1064 reciperetur,
481 1020 539 1052 sub
561 1021 663 1063 poena
679 1019 831 1051 nullitatis
849 1019 1000 1062 receptio-

257 1083 332 1105 num
367 1083 402 1106 ac
438 1073 669 1116 professionum
700 1072 790 1104 aliter
826 1072 999 1111 factarum,

258 1136 381 1160 necnon
414 1126 525 1170 poenis
556 1125 891 1158 excommunicationis
920 1125 1000 1157 latae

259 1179 439 1219 sententiae,
451 1189 486 1211 ac
500 1179 676 1212 officiorum
689 1183 717 1211 et
727 1179 865 1211 omnium
875 1184 999 1211 actuum

259 1233 474 1276 legitimorum
501 1232 684 1276 privationis
732 1232 801 1275 ipso
834 1232 914 1264 facto
945 1243 1002 1275 per

259 1286 439 1330 superiores
464 1286 554 1319 aliter
580 1286 707 1329 recipiet
724 1291 767 1317 tes
793 1285 1001 1325 incurrendis,

255 1340 477 1383 ordinavitque
494 1339 620 1372 eosdem
639 1339 834 1371 Recollectos
860 1339 999 1371 introdu-

260 1393 376 1426 cendos
401 1393 466 1425 fore
483 1392 514 1424 in
532 1391 795 1424 Landerniensem
812 1397 841 1423 et
858 1391 1002 1424 Briocen-

260 1457 325 1480 sem
352 1451 533 1485 conventus,
551 1456 586 1478 ac
605 1446 634 1477 in
654 1451 775 1478 ceteros
800 1455 816 1477 a
838 1444 928 1478 dictis
945 1445 1003 1477 sra-

260 1499 360 1532 tribus
385 1499 422 1531 de
447 1498 651 1532 Observantia
681 1498 738 1530 sibi
769 1509 827 1541 pro
862 1501 1003 1540 tempore

260 1552 505 1596 relinquendos,
536 1557 630 1595 prout
655 1551 686 1583 in
711 1551 851 1583 eiusdem
885 1550 1002 1583 Urbani

260 1606 515 1650 praedecessoris
535 1605 648 1638 litteris
666 1605 695 1637 in
711 1605 804 1637 simili
821 1604 920 1636 forma
936 1604 1004 1637 Bre-

260 1661 306 1693 vis
331 1660 380 1693 die
408 1670 471 1692 xxv
498 1660 570 1692 maii
602 1669 764 1692 mcxxxix
794 1669 829 1691 ac
853 1658 1004 1690 diexxvl

261 1713 365 1746 martii
390 1723 493 1746 iunch
519 1717 549 1745 et
573 1712 622 1745 die
647 1722 713 1745 xv11
739 1712 863 1754 augusti
889 1721 1004 1744 MDCXLI

261 1767 436 1811 respective
460 1766 615 1810 expeditis
633 1793 640 1806 ,
666 1766 696 1798 in
722 1765 882 1799 sententiis
912 1775 1001 1798 com-

262 1820 480 1853 missariorum
513 1819 760 1863 apostolicorum
795 1819 826 1850 in
862 1818 1005 1862 partibus

262 1874 505 1917 exequentium,
530 1878 561 1905 et
585 1873 783 1906 concordatis
811 1883 846 1905 ex
872 1874 1006 1915 utraque

263 1932 353 1970 parte
366 1927 450 1959 initis
464 1926 592 1960 uberius
606 1926 721 1959 dicitur
741 1926 904 1959 contineri.
923 1925 1006 1958 Post-

263 1980 392 2013 modum
407 1990 481 2012 vero
498 1990 555 2012 nos
579 1979 706 2013 decreto
731 1979 919 2012 venerabilis
945 1979 1006 2011 fra-

263 2034 319 2066 tris
344 2034 443 2067 nostri
468 2034 626 2066 Francisci
651 2034 790 2077 episcopi
814 2033 1004 2074 Portuensis,

263 2087 293 2120 S.
322 2087 357 2119 R.
385 2087 417 2119 E.
436 2086 603 2119 cardinalis
635 2086 799 2119 Barberini
824 2085 1006 2129 nuncupati,

263 2140 408 2184 partibus
434 2140 465 2172 in
490 2140 736 2173 contradictorio
760 2139 885 2179 auditis,
910 2139 959 2172 die
984 2149 1006 2172 11

263 2193 367 2226 martii
394 2193 593 2226 transmunde
618 2192 764 2226 mandato
789 2192 1007 2235 congregatio-

262 2246 311 2279 nis
329 2247 556 2279 venerabilium
575 2246 707 2278 fratrum
726 2251 907 2278 nostrorum
923 2245 1006 2277 eius—

264 2301 334 2334 dem
368 2300 396 2333 S.
433 2300 466 2332 R.
504 2300 536 2332 E.
563 2299 769 2333 cardInalium
807 2299 941 2342 negotiis
977 2303 1007 2331 et

264 2353 548 2388 consultationibus
573 2353 796 2397 episcoporum
822 2357 851 2386 et
875 2352 1002 2395 regula-

264 2408 347 2441 rium
373 2407 571 2451 praepositae
596 2406 689 2447 edito,
707 2406 838 2448 aliisque
863 2405 1007 2448 pluribus

264 2462 398 2495 decretis
423 2461 641 2501 inhaerentes,
662 2459 857 2503 supradictas
888 2458 1005 2491 Urbani

265 2514 518 2561 praedecessoris
538 2513 657 2546 litteras
677 2513 945 2552 confirmavimus,
970 2522 1006 2545 ac

265 2569 487 2614 prohibuimus
511 2568 666 2611 praefatos
691 2572 862 2600 conventus
882 2576 900 2599 a
919 2565 1003 2599 dicta

1029 218 1191 262 provincia
1210 217 1365 249 ullatenus
1379 215 1530 259 separari,
1548 220 1598 246 aut
1620 213 1768 246 dismem-

1031 271 1129 311 brari‚
1146 270 1200 303 sed
1217 268 1492 303 Recolleclistradi
1512 267 1668 305 iussimus,
1685 275 1772 309 prae-

1031 324 1181 368 cipientes
1195 323 1342 356 omnibus
1354 320 1602 366 provincialibus
1620 318 1771 352 ministris

1030 377 1103 410 dicti
1130 376 1254 409 Ordinis
1273 376 1301 407 in
1327 385 1425 418 regno
1446 374 1561 407 Galliae
1586 371 1771 415 degentibus

1030 441 1068 463 ne
1093 430 1192 462 ullum
1218 439 1253 462 ex
1290 429 1354 460 suis
1386 427 1541 470 religiosis
1573 426 1610 457 ad
1636 425 1771 468 aliquem

1031 484 1185 518 dictorum
1211 487 1420 516 conventuum
1444 481 1613 519 mitterent,
1631 479 1684 512 sed
1699 478 1772 510 niis-

1031 548 1082 570 sos
1106 535 1341 580 quamprimum
1361 539 1563 572 revocarent;
1591 532 1703 565 dilecto
1721 542 1774 563 au-

1032 596 1091 623 tem
1104 590 1169 622 filio
1181 589 1291 622 Carolo
1303 587 1435 627 alamon,
1447 586 1628 619 rebellionis
1641 584 1771 624 auctori,

1031 649 1064 676 ut
1089 643 1226 675 intrusos
1252 641 1433 681 remitteret,
1452 650 1508 672 nec
1529 650 1595 672 rem
1622 639 1715 671 ullam
1741 638 1772 669 in

1032 695 1225 729 contrarium
1258 693 1505 738 praemissorum
1538 696 1714 731 attentaret,
1744 696 1773 722 ct

1032 749 1109 782 haec
1133 748 1239 781 onmia
1272 752 1301 779 et
1333 747 1424 790 plura
1457 746 1516 777 alia
1548 745 1606 776 sub
1632 744 1773 777 censuris

1032 807 1061 836 el
1093 802 1226 846 poenis3
1259 806 1421 845 praeterea
1455 798 1708 831 commissionem
1743 797 1774 829 in

1033 856 1194 899 signatura
1226 853 1333 887 nostra
1360 851 1495 885 iustitiae
1520 862 1575 894 per
1600 851 1712 883 fratres
1736 850 1775 882 de

1032 908 1237 942 Observantia
1265 906 1423 951 praefatos
1448 904 1633 948 subreptitIe
1658 903 1771 936 obten-

1034 966 1094 995 tam
1121 961 1349 999 revocavimus,
1368 965 1397 991 et
1411 959 1486 990 alias
1501 963 1591 1001 prout
1612 957 1641 989 in
1659 957 1775 989 nostris

1033 1016 1169 1058 desuper
1192 1015 1222 1046 in
1240 1013 1334 1046 simili
1353 1013 1454 1045 forma
1471 1011 1575 1044 Brevis
1596 1010 1708 1043 litteris
1725 1010 1774 1042 die

1034 1079 1064 1101 iv
1090 1067 1240 1100 februarii
1274 1071 1303 1100 et
1337 1066 1386 1098 die
1411 1076 1472 1098 xxx
1497 1064 1599 1096 martii
1626 1073 1775 1103 ⁴nnchni,

1034 1128 1063 1154 et
1087 1122 1137 1154 die
1162 1132 1180 1154 x
1207 1120 1346 1154 octobris
1367 1129 1482 1152 MDCLix
1507 1117 1682 1161 respective
1697 1127 1777 1149 ema-

1034 1175 1134 1213 natis,
1159 1184 1292 1219 quarum
1319 1179 1444 1205 tenores
1475 1171 1692 1215 praesentibus
1717 1181 1775 1214 pro

1035 1230 1125 1273 plene
1150 1235 1179 1261 et
1205 1228 1395 1261 sufficienter
1420 1226 1575 1270 expressis
1599 1225 1708 1257 haberi
1726 1235 1776 1257 vo-

1035 1283 1149 1322 lumus,
1166 1281 1296 1314 uberius
1321 1280 1507 1313 continetur,

1080 1336 1094 1379 ξ
1116 1335 1146 1367 ἓ.
1171 1335 1246 1368 Cum
1265 1339 1380 1373 autem,
1399 1333 1478 1366 sicut
1494 1332 1601 1364 eadem
1624 1331 1776 1375 expositio

1035 1387 1265 1431 subiungebat,
1296 1386 1455 1430 praefatus
1490 1385 1619 1418 Carolus
1654 1385 1775 1416 Illanoix

1035 1453 1106 1475 cum
1133 1442 1197 1473 suis
1222 1439 1410 1484 sequacibus
1430 1438 1612 1477 novissime,
1631 1438 1777 1470 videlicet

1036 1495 1085 1528 die
1110 1505 1182 1529 xxix
1209 1494 1390 1527 novembris
1415 1502 1529 1532 mecm,
1551 1492 1736 1524 sententiam
1762 1502 1778 1523 a

1036 1549 1150 1581 dilecto
1168 1548 1232 1580 tilio
1247 1547 1370 1580 officiali
1389 1545 1575 1578 venerabilis
1593 1545 1696 1577 fratris
1717 1545 1780 1588 epi-

1037 1601 1122 1645 scopi
1153 1600 1329 1633 ssriocensis
1354 1599 1530 1638 extorserit,
1551 1608 1612 1642 qua
1633 1603 1778 1641 praeten—

1037 1656 1081 1688 dit.
1098 1655 1256 1699 praefatos
1277 1658 1449 1687 conventus
1470 1652 1734 1684 Landermensem
1749 1656 1779 1682 et

1040 1709 1238 1742 ssri0censem
1272 1718 1289 1739 a
1315 1706 1496 1750 supradicta
1529 1705 1691 1749 provincia
1716 1704 1778 1736 dis·

1040 1763 1219 1796 membrare
1245 1767 1274 1794 et
1298 1761 1417 1793 alienae
1450 1759 1569 1792 scilicet
1598 1758 1778 1802 provinciae

1038 1817 1283 1859 Cordigerorum
1305 1814 1460 1847 Turoniae
1479 1813 1607 1845 maioris
1627 1812 1778 1852 adfiliare,

1040 1871 1162 1914 illisque
1182 1869 1317 1902 novitios
1343 1867 1513 1911 recipiendi
1535 1867 1712 1899 facultatem
1735 1876 1780 1898 re-

1039 1924 1168 1957 stituere
1189 1923 1219 1955 in
1238 1928 1453 1965 contemptum
1472 1921 1646 1952 litterarum
1673 1925 1703 1952 et
1727 1919 1780 1952 de-

1040 1983 1198 2010 cretorum
1231 1976 1462 2020 praefatorum:
1489 1974 1578 2007 nobis
1610 1977 1779 2017 propterea

1039 2031 1113 2064 dicti
1139 2035 1331 2074 exponentes
1355 2028 1518 2061 humiliter
1543 2026 1713 2070 supplicari
1740 2026 1779 2058 fe-

1040 2089 1150 2118 cerunt
1174 2088 1207 2118 ut
1231 2083 1423 2127 praedictam
1445 2081 1517 2114 dicti
1544 2081 1685 2114 officialis
1713 2090 1780 2112 sen-

1040 2138 1181 2177 tentiam,
1213 2141 1321 2180 utpote
1353 2135 1512 2168 evidenter
1545 2138 1724 2166 attentatam
1750 2139 1780 2164 et

1039 2192 1077 2225 de
1102 2202 1134 2224 se
1159 2190 1287 2230 nullam,
1313 2189 1427 2223 attenta
1447 2187 1645 2220 revocatione
1666 2192 1695 2219 et
1713 2186 1779 2218 nul-

1040 2245 1125 2277 litate
1149 2249 1288 2277 assertae
1323 2252 1397 2275 suae
1429 2241 1680 2279 commissione,
1713 2250 1780 2272 cas-

1039 2308 1109 2332 sare
1133 2303 1162 2330 ct
1186 2296 1358 2335 annullare,
1383 2305 1419 2328 ac
1444 2295 1519 2326 alias
1543 2298 1723 2337 opportune
1749 2292 1779 2324 in

1039 2351 1221 2396 praemiSsis
1246 2349 1413 2394 providere
1439 2349 1476 2381 de
1501 2347 1692 2390 benignitate
1709 2357 1781 2390 apo·

1040 2404 1151 2437 stolica
1182 2403 1394 2446 dignaremur.
1428 2402 1489 2434 Nos
1514 2400 1627 2443 igitur,
1653 2399 1779 2432 eosdem

1040 2462 1231 2501 exponentes
1248 2455 1436 2499 specialibus
1455 2454 1612 2487 stix-oribus
1625 2458 1654 2485 et
1672 2453 1779 2496 gratiis

1041 2510 1188 2555 prosequi
1214 2510 1374 2549 volentes,
1409 2514 1439 2540 et
1463 2518 1573 2540 eorum
1605 2507 1779 2550 singulares

1040 2574 1189 2609 personas
1214 2574 1230 2595 a
1251 2562 1414 2607 quibusvis
1435 2560 1779 2598 excommunicationis,

1818 1342 1886 1362 (oiim
1895 1343 1929 1361 nat

1791 1376 1811 1389 lu
1827 1369 1919 1389 iutuitu.

1672 155 1731 188 701
1783 163 1833 189 An.
1849 162 1876 189 c.
1899 162 1961 189 tsssst

1954 1343 1972 1360 ut
