2243 3205
12 1172 17 1224 Υ--
10 705 17 1161 Λ-Μψη-μ-

33 203 77 230 An.
91 202 118 228 C.
141 200 207 227 ¹660

101 849 178 879 Dcrnga
183 847 211 868 tio

38 878 191 900 contrariorum.

69 1008 214 1034 Transumpto-

38 1041 79 1058 rum
93 1034 149 1056 sides.

73 2235 209 2258 Prooemium.

813 198 998 223 ALEXANDER
1023 198 1067 221 vlt
1090 198 1138 222 PP-

1643 186 1707 219 623

222 251 303 279 teras
328 255 453 290 semper
478 246 595 289 firmas,
624 246 740 280 validas
765 252 795 279 et
820 247 961 280 efficaces
978 249 980 262 ³
996 246 1081 285 dere,
1106 256 1141 278 ae
1167 245 1196 277 in
1222 245 1282 278 illis
1308 245 1473 289 pastoralis
1494 245 1587 278 officii
1605 244 1651 278 sui
1669 255 1737 288 par-

222 299 355 333 existere
380 305 409 332 et
432 300 509 342 fore,
535 311 671 344 suosque
690 301 848 344 plenarios
867 306 897 333 et
916 300 962 332 in-

223 358 327 397 tegros
352 353 482 387 effectus
499 355 604 387 sortiri
622 360 652 387 et
668 355 822 395 obtinere,
841 365 876 387 ae
894 354 963 395 illis,

222 406 276 440 ad¹
294 417 374 451 quos
390 412 509 451 spectat
524 413 553 440 et
565 419 624 452 pro
643 414 784 452 tempore
803 407 964 452 spectabit,

223 461 406 505 plenissime
429 462 614 505 suffragari,
640 462 747 506 sicque
765 463 796 495 in
813 462 965 506 praemis·
981 462 983 480 ³

224 515 265 548 sis
279 525 336 558 per
355 526 573 559 quoscumque
598 516 716 555 iudices
737 516 913 549 ordinarios
938 520 967 548 et
983 533 984 538 =

224 567 394 610 delegatos,
420 568 512 600 etiam
539 579 704 601 causarum
723 569 828 613 palatii
847 574 968 613 aposto-

224 620 275 654 lici
301 620 470 662 auditores,
496 621 626 654 iudicari
648 627 679 654 et
699 622 822 655 definiri
841 622 967 664 debere,

225 684 260 707 ae
285 673 409 706 irritum
428 679 457 707 et
474 674 576 715 inane,
594 675 617 707 si
639 685 738 716 secus,
760 686 855 720 super
880 675 928 708 his
952 686 969 708 a

225 779 419 823 ignoranter,
438 780 606 824 contigerit
620 782 774 815 attentari.

271 833 286 876 ἓ
316 833 345 866 5.
377 834 445 867 Non
477 834 671 868 obstantibus
703 836 909 879 praemissis,
934 846 969 868 ac

227 886 505 920 constitutionibus
525 892 554 921 et
579 887 827 921 ordinationibus
849 894 971 932 aposto-

227 940 306 981 licis,
321 941 497 985 ceterisque
514 942 681 975 contrariis
706 943 969 986 quibuscumque.

273 993 342 1038 56.
375 995 526 1028 Volumus
557 1001 660 1028 autem
693 1001 727 1028 ut
758 996 968 1039 praesentium

228 1048 444 1092 transumptis,
471 1048 563 1081 etiam
590 1048 763 1092 impressis,
789 1059 883 1081 manu
909 1049 967 1081 ali-

229 1100 318 1134 euius
341 1101 455 1135 notarii
475 1101 592 1145 publici
610 1101 805 1145 subscriptiS,
824 1106 852 1134 et
867 1101 971 1144 sigillo

228 1165 384 1198 personae
402 1155 432 1187 in
457 1155 669 1188 ecclesiastica
687 1155 838 1198 dignitate
856 1155 972 1188 consti-

229 1213 314 1241 tutae
351 1208 500 1250 munitis,
533 1208 640 1242 eadem
676 1219 808 1253 prorsus
840 1208 917 1241 sides
943 1209 972 1241 in

229 1261 346 1295 iudicio
372 1267 401 1294 et
426 1266 513 1296 extra
530 1262 866 1306 ubique.adbibeatur,
892 1272 972 1304 quae

231 1315 306 1360 ipsis
330 1316 550 1360 praesentibus
575 1316 789 1357 adhiberetur,
814 1315 838 1348 si
871 1315 973 1348 forent

232 1370 390 1404 exhibitae
408 1370 455 1403 vel
473 1375 624 1403 ostensae.

276 1423 385 1457 Datum
411 1423 442 1456 in
466 1424 546 1456 Arce
570 1423 765 1467 Gandulphi,
789 1423 974 1456 Albanensis

232 1477 404 1520 dioecesis,
431 1477 488 1510 sub
520 1477 636 1510 annulo
669 1477 856 1517 Piscatoris‚
880 1477 929 1510 die
944 1487 974 1510 lx

233 1531 371 1565 octobris
401 1541 526 1572 uncrx,
559 1530 760 1575 pontificatus
789 1531 889 1564 nostri
914 1541 971 1563 an-

232 1595 274 1619 no
299 1595 341 1618 Vl.

270 1648 328 1676 Dat.
346 1649 390 1676 die
405 1648 420 1676 9
437 1648 556 1676 octobris
576 1648 657 1683 1660,
677 1649 775 1684 pontif.
792 1657 836 1675 an.
854 1654 888 1674 vt.

540 1790 668 1824 CCCXV.

238 1873 432 1907 Constantio
457 1882 554 1916 super
579 1872 695 1904 habitu
722 1872 912 1915 praelatilio
938 1872 977 1904 ab

281 1926 452 1959 abbatibus
477 1925 684 1969 yeneralibus
714 1926 979 1968 Conqrequtionis

284 1979 472 2014 olivetanae
496 1979 676 2022 deserendo.

428 2060 594 2088 Alexander
613 2060 791 2094 Episcopus,

435 2113 541 2133 servus
554 2112 707 2132 servorum
720 2105 783 2137 Dei,

364 2152 400 2178 ad
419 2154 595 2185 perpetuam
611 2151 654 2177 rei
674 2150 855 2177 memoriam.

284 2222 378 2255 Decet
402 2221 578 2254 Romanum
605 2221 787 2254 Pontificem
810 2221 847 2253 ad
865 2232 911 2261 ea,
926 2232 983 2265 per

240 2285 320 2320 quae
343 2285 551 2319 personarum
585 2275 866 2308 ecclesiasticarum
901 2285 980 2318 qua-

241 2328 390 2362 rumlibet
414 2329 599 2373 praesertim
619 2329 899 2372 congregationum
921 2339 984 2361 mo-

241 2381 432 2414 nasticarum
471 2381 615 2424 regimini
654 2386 682 2413 et
718 2380 983 2414 administrationi

243 2444 278 2467 ac
302 2439 489 2468 ornamento
510 2434 669 2477 divinique
701 2434 803 2466 cultus
833 2434 981 2466 clelebri-

243 2496 297 2530 tati
321 2502 351 2530 et
376 2496 480 2530 decori
508 2497 693 2536 consulitur,
718 2497 851 2529 libenter
879 2497 981 2529 inten-

284 2615 292 2641 l
316 2613 413 2648 Praep.
431 2613 469 2639 ad
490 2620 538 2640 nos
554 2611 677 2640 addimus
692 2612 730 2648 (a.
746 2613 794 2647 iu).

979 313 980 342 j
999 305 1043 332 tes
1067 299 1280 332 favorabiliter
1301 300 1512 343 interponere,
1529 304 1634 343 prout,
1651 299 1738 331 loco-

1000 364 1068 386 rum
1094 357 1123 386 et
1147 363 1354 396 personarum
1388 352 1568 386 huiusmodi
1594 352 1734 386 circum-

999 407 1117 441 stantiis
1153 407 1256 440 debite
1293 407 1450 451 pensatis,
1487 406 1524 438 ad
1564 406 1738 439 devotionis

1000 459 1250 494 christifidelium
1276 465 1501 502 augumentum
1527 465 1557 492 et
1581 470 1738 504 propaga-

1002 514 1117 546 tionem
1150 523 1272 546 necnon
1297 513 1446 546 Altissimi
1472 513 1596 545 laudem
1621 512 1740 557 prospi-

1001 567 1042 600 cit
1067 567 1098 600 in
1122 567 1256 600 Domino
1281 567 1450 599 salubriter
1475 566 1633 610 expedire.

1046 621 1061 664 ξ
1080 621 1109 654 Δ1.
1125 620 1270 653 Exliibita
1287 620 1441 664 siquidem
1458 620 1546 653 nobis
1563 630 1666 664 nuper
1682 630 1740 663 pro

984 678 1090 718 ÷parte
1123 674 1226 707 dilecti
1261 673 1315 706 tilii
1348 673 1457 716 Angeli
1488 674 1601 706 Mariae
1626 674 1742 707 Forelli

226 737 385 771 quoquam
411 727 520 771 quavis
545 728 742 769 auctoritate,
767 729 902 762 scienter
921 728 986 761 vel*

1003 728 1144 768 Romani,
1159 727 1304 760 monaehi
1331 727 1455 760 Ordinis
1484 726 1743 770 Congregationis

1003 780 1180 815 Olivetanae
1205 790 1351 824 expresse
1375 779 1528 823 professi,
1562 779 1743 813 monasterii

1004 834 1032 868 S.
1052 834 1165 867 Mariae
1179 834 1282 868 Novae
1300 838 1496 877 nuncupatae
1514 833 1552 866 de
1569 832 1661 875 Urbe,
1676 843 1746 877 pro-

1005 887 1123 920 vinciae
1147 888 1378 931 Neapolitanae,
1393 892 1423 919 et
1441 886 1583 919 moderni
1604 886 1745 919 eiusdem

1005 941 1260 984 congregationis
1285 940 1405 974 abbatis
1437 940 1604 983 generalis,
1634 940 1745 984 petitio

1005 995 1195 1035 continebat,
1214 994 1309 1039 quod,
1328 1006 1398 1027 cum
1419 994 1499 1027 inter
1524 994 1746 1037 congregatio-

1005 1058 1059 1081 nes
1086 1048 1313 1081 monacborum
1340 1048 1444 1080 ltaliae
1462 1047 1671 1090 Congregatie
1685 1047 1746 1080 Oli-

1006 1106 1115 1136 velana
1139 1102 1262 1135 Ordinis
1287 1102 1315 1134 S.
1341 1101 1499 1134 Benedicti
1531 1101 1684 1143 celebris,
1711 1111 1746 1133 ac

1006 1166 1022 1188 a
1047 1156 1125 1189 Sede
1150 1156 1328 1200 Apostolica
1359 1155 1502 1200 pluribus
1533 1155 1692 1188 favoribus
1717 1159 1747 1187 et

1006 1209 1115 1252 gratiis
1140 1209 1286 1242 decorata
1313 1209 1443 1251 existat,
1471 1209 1615 1252 illiusque
1650 1208 1747 1240 abbas

1007 1263 1163 1306 generalis
1189 1263 1291 1305 mitra,
1318 1263 1428 1295 baculo
1454 1268 1482 1295 et
1508 1262 1634 1303 annulo,
1648 1266 1749 1306 pasto-

1008 1316 1125 1349 ralibus
1151 1316 1303 1359 insigniis,
1324 1321 1440 1356 utatur,
1462 1316 1599 1359 potiatur
1624 1320 1653 1348 et
1677 1326 1750 1358 gau-

1008 1370 1088 1412 deat,
1113 1370 1286 1414 plurimum
1314 1375 1416 1402 tamen
1434 1369 1539 1402 decori
1557 1373 1587 1401 et
1607 1368 1751 1411 dignitati

1008 1424 1128 1458 abbatis
1153 1417 1307 1467 generalis
1329 1423 1469 1456 eiusdem
1490 1422 1751 1465 Congregationis

1009 1479 1169 1512 videretur
1194 1477 1362 1511 convenire
1380 1477 1485 1521 ipsum
1504 1482 1531 1509 et
1551 1486 1751 1516 successores

1009 1542 1083 1565 suos
1107 1542 1165 1575 pro
1192 1537 1336 1575 tempore
1362 1531 1531 1563 existentes
1556 1530 1682 1563 abbates
1700 1540 1754 1572 gc-

1009 1586 1132 1618 nerales
1158 1595 1174 1616 a
1198 1581 1290 1617 nobis
1317 1589 1346 1617 et
1370 1584 1449 1617 Sede
1482 1583 1622 1627 praefata
1647 1583 1753 1627 aliqua

1010 1639 1146 1682 digniori
1182 1637 1404 1682 praerogativa
1440 1637 1583 1670 decorari
1614 1641 1644 1671 et
1674 1636 1752 1669 illu-

1010 1693 1119 1733 strari;

1055 1747 1069 1790 ἓ
1094 1747 1122 1779 9..
1148 1746 1249 1785 Quare
1274 1756 1333 1789 pro
1357 1750 1446 1789 parte
1471 1744 1544 1777 dicti
1562 1744 1672 1787 Angeli
1689 1745 1751 1777 Ma-

1012 1800 1076 1833 riae
1101 1799 1244 1833 moderni
1265 1799 1404 1832 eiusdem
1425 1798 1684 1841 Congregationis
1703 1798 1755 1830 ab·

1011 1854 1092 1888 batis
1117 1853 1273 1896 generalis
1298 1853 1355 1885 suit
1379 1852 1469 1886 nobis
1503 1852 1662 1884 humiliter
1680 1862 1753 1896 sup-

1012 1909 1161 1952 plicatum
1188 1913 1341 1951 quatenus
1366 1907 1504 1939 eiusdem
1532 1906 1754 1949 Congregatio-

1013 1962 1060 1995 nis
1085 1962 1263 1995 Olivetanae
1288 1961 1419 2005 eiusque
1454 1960 1600 1994 abbatum
1627 1970 1754 2003 genera-

1014 2017 1090 2049 lium
1108 2026 1166 2059 pro
1181 2021 1325 2059 tempore
1343 2014 1540 2047 existentium
1562 2014 1669 2046 decori
1684 2023 1755 2047 con-

1015 2070 1128 2111 sulere,
1155 2069 1285 2113 aliisque
1312 2069 1342 2101 in
1368 2068 1548 2112 praemissis
1578 2073 1755 2112 opportune

1015 2123 1182 2167 providere
1214 2123 1251 2155 de
1277 2122 1470 2165 benignitate
1505 2121 1678 2166 apostolica
1703 2121 1753 2153 di-

1016 2187 1197 2220 gnaremur.
1231 2177 1293 2210 Nos
1322 2176 1428 2219 igitur,
1461 2176 1514 2220 qui
1552 2176 1757 2208 ecclesiarum

1016 2230 1229 2274 quarumlibet
1252 2235 1281 2263 et
1307 2230 1587 2273 congregationum
1609 2229 1756 2262 decorem

1016 2283 1176 2327 divinique
1199 2283 1299 2315 cultus
1313 2288 1516 2325 augmentum
1531 2282 1646 2316 nostris
1661 2283 1758 2326 potis-

1017 2337 1130 2370 simum
1152 2337 1347 2380 temporibus
1365 2336 1480 2380 ubique
1498 2336 1605 2379 augeri
1627 2336 1758 2370 sinceris

1018 2391 1232 2424 desideramus
1247 2390 1420 2431 affer-tibus,
1439 2390 1585 2423 eumdem
1604 2390 1758 2434 Angelum

1019 2445 1145 2477 Mariam
1165 2444 1350 2477 modernum
1370 2444 1515 2477 abbatem
1535 2444 1714 2487 generalem
1730 2449 1760 2477 et

1019 2509 1216 2531 successores
1241 2509 1314 2531 suos
1339 2509 1397 2542 pro
1425 2502 1566 2542 tempore
1595 2498 1760 2532 existentes

1019 2551 1146 2584 abbates
1174 2551 1336 2593 generales
1362 2551 1562 2595 praedictos,
1588 2562 1623 2584 ae
1648 2562 1758 2585 eorum

1021 2604 1201 2648 quemlibet,
1227 2615 1243 2636 a
1264 2605 1427 2649 quibusvis
1460 2605 1760 2639 excommunicatio-

1753 196 1800 221 An.
1818 195 1845 221 C.
1870 195 1935 223 ¹660

1783 633 1922 659 Supplicatum

1819 1754 1950 1781 Suppliranti

1768 1782 1866 1802 concedit
1898 1788 1951 1801 mim

1768 1811 1843 1829 :ettam
1860 1811 1880 1828 et
1895 1814 1952 1828 ruau-

1768 1836 1871 1855 telletum
1916 1841 1953 1855 co-

1769 1863 1817 1883 leris
1867 1861 1953 1882 habitus

1768 1890 1834 1915 ipsius
1863 1888 1953 1913 cougre-

1769 1920 1860 1941 ga'wuis
1906 1921 1953 1935 cum

1769 1944 1823 1968 pit-ux
1840 1945 1860 1962 et
1884 1942 1953 1962 bireto

1769 1970 1896 1995 punctatum
1925 1974 1954 1988 tu-

1770 1998 1842 2017 (tuere.
