2263 3215
268 229 319 259 An.
334 230 362 257 C.
387 230 453 260 1655

303 1628 402 1650 Clausala
419 1627 463 1650 sub·

278 1655 328 1676 laid.

499 221 539 256 802
1039 233 1216 257 6611131611

468 290 527 312 nus
552 278 682 313 solemni
707 288 795 312 secus
819 285 994 323 appareret,
1015 291 1107 323 quam
1133 284 1224 313 tunc*

471 332 554 365 velut
578 331 736 364 efficacem
772 331 854 375 ipsae
883 342 1036 376 personae
1073 333 1118 365 161
1155 333 1205 365 3111

471 385 588 418 iudices
612 396 666 417 scu
691 390 873 418 executores
896 386 1024 419 omnino
1049 386 1159 430 exequi
1178 391 1208 419 ct

472 438 643 483 adimplere
669 438 776 482 illique
801 449 868 472 sese
885 440 1082 473 conformare
1100 440 1130 472 in
1144 450 1208 473 orn-

472 493 565 526 nibus
589 498 619 526 61
642 504 698 537 per
723 493 827 527 omnia
860 493 1010 534 debeant,
1037 497 1065 528 et
1089 494 1210 527 nibilo-

474 547 576 579 minus
591 557 806 591 quaecumque
821 547 1000 581 huiusmodi
1015 553 1208 586 testamenta,

474 599 674 642 donationes,
707 600 828 643 legata,
854 600 1072 644 dispositiones
1098 605 1126 632 61
1151 599 1209 632 alia

474 654 578 687 forsan
603 653 677 687 alias
701 654 740 686 ab
767 654 841 698 ipsis
866 654 958 687 etiam
982 654 1066 687 nulla
1086 658 1138 685 aut
1156 652 1210 684 mi-

475 718 533 741 nus
557 708 721 741 sufficienti
748 708 890 741 facultate
908 707 1041 741 suffultis
1057 706 1211 739 (1611111115-

476 761 559 795 modi
579 761 680 802 bonis,
698 761 828 803 iuribus,
843 760 1028 800 actionibus,
1049 759 1210 801 fructibus,

475 815 628 859 pecuniis,
653 815 805 848 iocalibus
829 814 959 858 aliisque
985 813 1077 846 rebus
1103 823 1211 857 supra-

476 868 576 911 dictis,
591 868 682 900 etiam
697 868 726 900 in
745 868 879 901 savorem
906 866 1209 909 consanguineorum

478 927 507 955 et
532 922 670 955 affinium
697 921 952 966 praedictorum,
983 926 1012 953 et
1036 920 1112 953 alias
1136 930 1210 964 quo-

477 976 649 1009 modolibet
674 975 773 1015 sacta,
799 985 868 1007 cum
894 974 1040 1007 omnibus
1069 973 1140 1006 inde
1165 984 1209 1006 se-

478 1029 566 1071 cutis,
589 1039 625 1061 ac
645 1028 736 1061 etiam
763 1038 807 1068 ca,
833 1037 912 1071 quac
937 1038 993 1071 per
1018 1027 1101 1071 ipsos
1123 1027 1152 1059 in
1170 1027 1214 1059 su-

479 1088 584 1115 turum
610 1081 844 1126 quomodolibet
870 1081 954 1121 sient,
968 1091 1003 1113 ex
1019 1090 1102 1113 nunc
1119 1085 1213 1124 prout

479 1147 514 1170 ex
540 1141 612 1169 tunc
636 1140 666 1168 et
690 1146 706 1168 6
731 1140 859 1175 6011113,
889 1145 947 1178 pro
981 1134 1063 1167 dicta
1092 1136 1213 1167 summa

479 1189 684 1223 ducentorum
706 1189 889 1221 ducatorum
910 1188 1079 1230 dumtaxat,
1104 1198 1214 1232 appro—

478 1243 589 1276 bamus
613 1248 643 1276 et
667 1242 901 1282 confirmamus,
922 1252 1094 1286 omnesque
1110 1247 1140 1275 et
1157 1242 1215 1274 sin-

479 1297 569 1340 gulos
592 1296 668 1329 iuris
685 1301 715 1329 et
730 1296 799 1329 sacti
820 1306 856 1329 ac
873 1296 1103 1329 solemnitatum
1122 1296 1214 1329 omis-

480 1360 584 1383 sarum
600 1355 629 1383 et
649 1349 902 1391 omittendarum‚
928 1359 1050 1382 necnon
1076 1349 1216 1381 substan-

480 1403 568 1437 tiales
602 1403 741 1447 aliosque
765 1403 903 1436 desectus
927 1412 1165 1446 quoscumque,
1191 1402 1215 1435 si

479 1458 532 1502 qui
557 1457 781 1491 intervenerint
801 1456 831 1489 in
850 1456 977 1496 eisdem,
996 1457 1117 1489 etiamsi
1141 1456 1217 1489 tales

480 1511 540 1544 sint
563 1512 610 1544 vel
639 1510 754 1544 suerint
784 1509 866 1553 quod
893 1510 1035 1554 specialis
1067 1509 1105 1542 de
1141 1510 1217 1554 ipsis

479 1566 597 1599 mentio
621 1564 764 1598 habenda
788 1569 879 1605 esset,
905 1565 1097 1608 supplemus.

523 1619 538 1663 §
554 1618 583 1652 9.
601 1619 669 1652 Non
686 1618 881 1652 obstantibus
902 1618 1094 1662 praemissis,
1112 1628 1148 1650 36
1166 1618 1217 1650 La-

479 1672 650 1706 teranensis
675 1671 798 1704 concilii
824 1671 915 1703 etiam
940 1671 1109 1704 novissime
1137 1670 1218 1703 cele-

478 1726 558 1759 brati
571 1725 608 1758 de
623 1724 718 1758 certo¹
734 1725 929 1758 notariorum
944 1724 1218 1765 numero,etiamsi

479 1779 516 1812 ad
533 1779 620 1812 11111111
635 1778 773 1812 nondum
789 1778 955 1811 deventum
974 1779 1082 1818 fuerit,
1100 1779 1148 1811 cui
1164 1789 1219 1822 per

479 1833 540 1866 hoc
559 1833 634 1866 alias
655 1832 840 1874 derogatum
860 1842 922 1865 non
954 1832 1159 1874 intendimus,
1185 1843 1219 1865 ac

480 1886 518 1920 de
548 1896 702 1919 consensu
730 1885 919 1929 praestando
948 1886 979 1918 in
1007 1886 1219 1929 pensionibus,

481 1944 511 1973 ct
534 1939 696 1983 quibusvis
720 1939 788 1971 aliis
805 1939 896 1971 etiam
915 1949 971 1982 per
988 1949 1044 1972 nos
1062 1945 1090 1972 ct
1107 1940 1220 1973 Sedem

482 1992 674 2037 praedictam
693 1992 931 2035 quomodolibet
955 1992 1044 2025 editis
1070 1998 1099 2025 et
1123 1993 1221 2037 impo-

483 2051 601 2079 sterum
617 2045 755 2086 edendis,
769 2050 798 2078 et
814 2046 1017 2079 cancellariae
1031 2047 1221 2090 apostolicae

484 2099 611 2142 regulis,
629 2104 658 2131 61
674 2099 752 2142 stylo
774 2099 803 2130 in
824 2098 979 2131 similibus
992 2099 1142 2133 hactenus
1159 2111 1221 2133 ser-

483 2157 564 2192 1310,
576 2157 605 2184 61
616 2152 685 2196 piae
701 2151 871 2184 memoriae
888 2152 1054 2185 Alexandri
1072 2153 1171 2197 Papae
1185 2154 1220 2187 VI

484 2205 576 2238 ctiam
603 2205 854 2249 praedecessoris
878 2206 976 2238 nostri
1002 2206 1124 2239 tertiam
1151 2218 1221 2251 par-

485 2265 544 2293 tem
576 2260 733 2293 bonorum
765 2260 1048 2293 ecclesiasticorum
1080 2272 1222 2294 camerae

484 2313 661 2357 praedictae
690 2313 796 2346 deberi
828 2313 908 2347 inter
936 2313 995 2345 alia
1020 2314 1222 2357 disponente,

484 2377 605 2400 necnon
624 2366 763 2399 eiusdem
783 2365 953 2399 memoriae
972 2366 1119 2399 Bonisacii
1137 2378 1224 2410 prae-

485 2420 668 2460 decessoris,
685 2430 742 2464 per
760 2430 853 2463 quam
875 2420 1093 2453 concessiones
1109 2420 1147 2452 de
1164 2421 1224 2453 sru-

486 2473 588 2505 ctibus
614 2473 643 2506 111
669 2473 807 2506 absentia
826 2473 1037 2517 percipiendis
1055 2473 1121 2506 sine
1138 2484 1223 2518 prae-

486 2526 626 2559 finitione
656 2526 805 2570 temporis
837 2526 904 2559 fieri
934 2526 1160 2570 prohibentur,
1188 2538 1223 2561 ac

1226 529 1228 563 i

525 2642 534 2668 1
552 2639 618 2668 Male
629 2640 693 2668 edit.
706 2640 784 2669 Matn.
801 2640 865 2676 legit
880 2644 970 2670 cetero
987 2650 1034 2678 pro
1047 2644 1122 2670 cerlo
1136 2641 1222 2677 (11.1).

1245 232 1398 258 uomitum

1239 280 1422 324 quorumvis
1446 279 1580 313 aliorum
1604 277 1820 312 Romanorum
1848 277 1978 311 Pontifi-

1240 344 1310 367 cum
1336 333 1613 377 praedeccssorum
1640 335 1831 373 nostrorum,
1850 336 1880 365 et
1904 331 1976 375 qui-

1241 386 1346 419 busvis
1363 387 1429 418 aliis
1447 384 1637 429 apostolicis,
1651 395 1685 416 ac
1703 384 1734 416 in
1751 384 1980 417 universalibus

1241 440 1381 473 conciliis
1406 439 1513 479 editis,
1538 437 1726 482 specialibus
1751 438 1798 470 161
1827 437 1981 480 generali-

1241 493 1317 533 bus,
1343 491 1616 526 constitutionibus
1648 496 1678 523 et
1710 490 1980 531 ordinationibuS,

1242 555 1364 578 necnon
1382 546 1504 588 legibus
1521 544 1748 588 imperialibus,
1763 549 1792 577 et
1807 544 1875 576 aliis
1888 544 1980 578 6113111

1244 598 1493 642 municipalibus,
1519 604 1580 630 tam
1608 597 1699 630 Urbis
1718 607 1810 640 quam
1835 607 1982 641 quarum-

1244 652 1288 685 vis
1312 652 1443 685 aliarum
1465 652 1624 685 civitatum
1646 655 1675 683 61
1703 650 1844 684 1060111111
1863 650 1893 682 111
1913 650 1982 694 qui-

1243 705 1301 738 bus
1326 705 1409 738 cives
1433 704 1596 748 originarii
1622 703 1717 737 creati
1745 709 1825 745 sunt,
1850 714 1885 737 36
1909 714 1982 748 qua-

1244 758 1361 791 rumvis
1387 758 1601 797 ecclesiarum,
1627 757 1900 799 monasteriorum,
1925 756 1981 791 Or-

1244 811 1352 844 dinum
1390 815 1419 846 et
1455 810 1620 855 hospitalis
1655 810 1829 854 praedicti,
1861 820 1983 844 necnon

1244 865 1428 909 quorumvis
1454 865 1658 908 collegiorum
1685 869 1715 897 et
1740 864 1915 898 officiorum
1940 863 1985 896 di-

1245 925 1311 953 6136
1337 920 1452 961 6111136,
1477 930 1512 952 36
1538 929 1726 962 regnorum,
1747 917 1982 962 provinciarum

1246 978 1275 1005 61
1292 973 1383 1006 Urbis
1408 978 1438 1005 et
1462 973 1593 1005 aliarum
1612 972 1769 1005 civitatum
1792 977 1820 1004 et
1840 971 1983 1004 locorum

1245 1036 1281 1059 ac
1306 1026 1485 1070 praedictae
1509 1036 1661 1066 camerac,
1680 1025 1771 1058 etiam
1798 1025 1983 1067 iuramento,

1247 1080 1483 1114 confirmatione
1512 1079 1699 1124 apostolica,
1726 1079 1771 1111 rel
1797 1078 1905 1122 quavis
1932 1078 1985 1110 fir-

1248 1134 1353 1167 mitate
1378 1134 1438 1166 alia
1463 1134 1634 1175 roboratis,
1659 1133 1780 1167 statutis
1805 1137 1834 1165 et
1860 1142 1987 1165 consue-

1249 1187 1417 1228 tudinibus,
1436 1187 1661 1227 stabilimentis,
1679 1187 1788 1220 usibus
1817 1192 1847 1219 et
1867 1186 1986 1219 naturis

1249 1241 1383 1285 (etiamsi
1411 1241 1448 1274 de
1467 1241 1526 1274 illis
1552 1240 1721 1283 servandis⁷
1748 1246 1777 1273 et
1800 1250 1861 1274 non
1880 1240 1982 1285 impe-

1249 1295 1367 1328 trandis
1391 1295 1504 1328 litteris
1529 1295 1707 1340 apostolicis
1733 1298 1840 1328 contra
1865 1304 1910 1335 ca,
1930 1304 1987 1327 nec

1249 1350 1341 1382 etiam
1377 1350 1416 1382 31)
1452 1349 1512 1382 3110
1550 1350 1596 1382 161
1625 1349 1693 1382 31115
1729 1349 1901 1393 impetratis
1936 1353 1988 1383 aut

1250 1403 1324 1436 alias
1349 1403 1585 1447 quomodolibet
1610 1402 1765 1436 concessis
1783 1402 1909 1444 utendo,
1930 1402 1988 1447 ipsi

1250 1456 1423 1500 cappellani
1458 1467 1514 1501 per
1539 1467 1571 1489 se
1596 1456 1644 1488 vel
1669 1466 1778 1488 eorum
1805 1460 1990 1499 procurato-

1251 1521 1316 1544 rem
1342 1511 1553 1554 praestiterint
1578 1511 1682 1543 forsan
1702 1510 1852 1542 hactenus
1870 1510 1917 1542 161
1938 1510 1991 1542 im-

1251 1570 1410 1609 posterum
1437 1575 1490 1598 eos
1524 1569 1684 1608 praestare
1712 1563 1879 1606 contigerit
1907 1563 1990 1596 iura-

1253 1618 1416 1662 mentum),
1448 1617 1621 1661 privilegiis
1646 1627 1779 1661 quoque,
1810 1616 1938 1650 indultis
1962 1622 1992 1649 et

1253 1671 1364 1704 litteris
1388 1670 1577 1715 apostolicis,
1595 1670 1685 1703 dictis
1710 1669 1859 1710 ecclesiis,
1884 1679 1991 1703 mona-

1253 1724 1365 1765 steriis,
1394 1724 1556 1757 ordinibus
1581 1728 1611 1756 et
1642 1722 1789 1767 hospitali
1817 1723 1846 1756 S.
1869 1723 1990 1755 loannis

1254 1777 1540 1822 Hierosolymitani,
1566 1776 1757 1821 illorumque
1781 1776 1991 1820 praesulibus,

1253 1842 1308 1864 seu
1345 1829 1650 1864 administratoribus
1686 1835 1714 1863 et
1750 1830 1992 1874 superioribus,

1253 1896 1288 1917 36
1312 1885 1488 1928 magistris,
1514 1884 1790 1928 praeceptoribus,
1815 1884 1991 1928 prioribus,

1254 1938 1404 1972 militibus
1429 1938 1520 1970 etiam
1546 1937 1689 1978 antimus,
1716 1937 1860 1981 capitulis
1878 1940 1907 1971 et
1923 1947 1993 1970 6011-

1254 1992 1406 2033 ventibus,
1423 1991 1600 2025 civitatibus
1619 1996 1649 2024 et
1667 1991 1754 2033 locis,
1773 1991 1904 2035 aliisque
1921 2001 1993 2035 per-

1990 230 2038 256 Λ11.
2062 231 2175 259 (3.1(155

1254 2046 1337 2079 sonis
1362 2051 1391 2078 ct
1415 2045 1668 2089 particularibus,
1693 2054 1815 2078 necnon
1840 2044 2012 2089 archiepi-·

1255 2100 1367 2144 scopis,
1385 2100 1539 2144 episcopis
1564 2105 1593 2132 et
1618 2099 1686 2132 aliis
1706 2099 1848 2132 locorum
1867 2098 1994 2132 Ordina-

1255 2154 1319 2196 riis,
1340 2154 1433 2187 etiam
1459 2153 1597 2186 eiusdem
1619 2153 1647 2187 S.
1666 2153 1700 2186 R.
1719 2153 1751 2185 E.
1773 2152 1993 2195 cardinalibus

1255 2218 1290 2240 36
1314 2207 1414 2240 dictae
1431 2217 1573 2240 camerae
1594 2206 1788 2248 officialibus,
1804 2206 1994 2251 illorumque

1256 2261 1407 2304 collegiis,
1425 2261 1482 2295 sub
1503 2261 1754 2305 quibuscumque
1778 2261 1940 2294 tenoribus
1965 2264 1995 2295 61

1256 2314 1375 2355 formis,
1399 2325 1435 2348 36
1460 2325 1530 2348 eum
1556 2314 1717 2359 quibusvis
1742 2314 1834 2347 etiam
1860 2314 1994 2358 deroga·

1256 2367 1409 2400 toriarum
1434 2367 1653 2411 derogatoriis,
1679 2367 1809 2411 aliisque
1833 2367 2014 2401 efficacio-'

1257 2420 1343 2453 ribus
1360 2426 1390 2454 et
1410 2421 1542 2454 insolitis
1562 2421 1719 2462 clausulis,
1738 2420 1995 2464 irritantibusque

1256 2478 1286 2506 61
1309 2474 1377 2506 31115
1401 2474 1547 2516 decretis,
1571 2485 1628 2518 per
1651 2484 1866 2518 quoscumque
1883 2474 1995 2507 Roma-

1256 2537 1312 2559 nos
1337 2527 1502 2561 Pontifices
1526 2528 1784 2571 praedecessores
1808 2532 1942 2567 nostros,
1960 2537 1995 2559 ac

1256 2590 1313 2613 nos
1339 2586 1368 2612 61
1392 2581 1502 2613 Sedem
1528 2582 1742 2625 praedictam,
1768 2581 1859 2613 etiam
1886 2581 1994 2613 consi-

1257 2632 1436 2675 storialiter,
1454 2639 1480 2666 et
1507 2634 1545 2667 de
1569 2634 1707 2667 eiusdem
1733 2634 1761 2667 S.
1783 2634 1816 2666 n.
1837 2633 1868 2666 E.
1895 2633 1995 2667 cardi-
