2263 3215
304 229 354 254 An⁴
374 228 401 254 e.
421 229 486 255 1655
532 219 572 252 92

386 1204 389 1207 .
416 1198 448 1207 -ιι
474 1199 482 1207 s

300 1216 380 1235 validas
410 1216 484 1236 tlrtlu-

502 277 572 318 rint⁷
592 276 761 317 celebrare,
788 286 840 308 seu
867 285 922 319 per
939 286 1169 319 quemcumque
1191 286 1238 307 sa-

501 329 658 361 cerdotem
684 329 895 372 apluobatum
921 329 1103 369 secularem⁷
1123 329 1179 368 vel,
1200 329 1237 361 dc

500 382 699 425 superiorum
728 393 856 414 suorum
888 382 1021 424 licentia,
1049 382 1237 424 regularem,

500 437 565 467 sine
591 441 693 467 tamen
719 446 992 478 quorumcumque
1011 436 1125 468 iurium
1151 446 1238 479 paro-

499 489 645 520 cliialium
672 489 874 531 praeiudicio,
892 500 926 520 ac
951 489 1107 521 Pascliatis
1128 490 1238 521 nesur-

500 542 657 581 rectionis,
674 542 869 575 l'entecostcs
884 548 913 574 ct
927 542 1098 575 Nativitatis
1113 542 1235 575 Domini

500 595 601 627 Nostri
633 596 699 627 lesu
730 595 853 636 Christi⁷
884 595 1013 638 aliisque
1041 595 1237 628 solemniori-

500 648 556 680 bus
577 648 647 679 anni
667 649 752 680 sestis
770 648 881 680 diebus
898 648 1044 691 exceptis,
1067 649 1095 679 in
1121 651 1176 680 suu
1202 660 1236 680 ac

499 701 665 734 cuiuslilwt
682 712 791 733 eorum
819 701 953 733 l'amiliae
978 701 1169 744 praesentiit*
1189 714 1236 733 ce-

499 755 613 786 lebrari
639 757 739 787 lacere
767 755 863 787 libere
895 760 924 786 et
957 755 1039 786 licite
1065 755 1184 797 possint
1208 760 1233 786 et

499 807 619 838 valcant
645 807 699 849 (ila
725 812 846 847 tamen,
878 813 908 838 ut
934 807 1100 839 t'aiuilinrcs
1126 817 1235 839 eorum

498 860 633 891 servitiis
659 870 721 892 non
738 860 904 892 necessarii
927 860 1106 902 ibidemque
1125 860 1236 893 missac

498 913 718 945 intviessvutes
737 913 773 945 ab
792 913 982 955 obligatione
1000 913 1144 945 audiendi
1165 914 1236 945 mis-

498 976 562 998 sam
583 966 609 997 iu
629 967 758 999 eeclesia
778 967 886 998 (liebus
909 967 991 999 sestis
1012 967 1049 999 dc
1070 973 1236 1010 praecepto

497 1019 586 1051 liberi
614 1020 740 1052 minime
766 1021 986 1063 censeantur),
1012 1026 1119 1053 tenore
1143 1031 1235 1063 prae-

498 1073 654 1111 sentium,
680 1073 834 1105 licentiam
861 1078 890 1105 et
915 1073 1091 1105 facultatem
1118 1084 1232 1106 conce-

498 1126 600 1158 dimus
625 1132 654 1158 et
680 1127 888 1169 impertimur.

543 1184 557 1223 g*
581 1179 610 1212 4.
636 1180 842 1212 Dee-eruentes
872 1180 997 1212 eosdem
1030 1181 1160 1213 elericos
1185 1181 1236 1213 de-

498 1243 593 1276 super
618 1244 633 1264 a
659 1243 816 1275 quoquam
843 1233 951 1276 quavis
969 1233 1154 1266 auctoritate
1171 1234 1235 1265 nul—

499 1285 620 1318 latenus
654 1286 812 1318 molestari
847 1296 900 1317 seu
935 1286 1101 1328 inmediri,
1134 1297 1235 1330 neque

498 1343 678 1382 praesentes
693 1339 809 1372 litteras
823 1339 860 1371 de
886 1339 1106 1382 subreptionis,
1121 1340 1235 1383 obrep-

499 1392 601 1431 tionis,
627 1398 678 1424 aut
704 1392 853 1424 nullitatis
879 1392 962 1434 vitio,
989 1392 1033 1424 vel
1053 1392 1234 1425 intentionis

498 1451 643 1486 nostrae,
669 1451 722 1477 aut
745 1445 854 1489 quovis
879 1445 940 1478 alio
965 1446 1086 1478 delectu
1111 1446 1233 1488 notari,

498 1498 689 1541 impugnari,
707 1499 752 1531 vel
772 1499 927 1541 redargui,
944 1499 990 1531 vel
1008 1499 1066 1532 sub
1083 1499 1233 1532 similium

498 1551 544 1583 vel
570 1551 768 1583 dissimilium
801 1552 972 1594 gratiarum
1004 1552 1231 1585 moderationi-

497 1603 566 1644 bus,
583 1605 831 1646 imitationibus,
850 1605 1100 1638 revocationibus
1117 1611 1147 1638 et
1166 1605 1235 1649 qui-

498 1657 601 1689 busvis
626 1658 693 1690 aliis
719 1658 884 1691 contrariis
904 1658 1161 1701 dispositionibus
1178 1669 1235 1702 per

497 1721 712 1754 quoscumque
738 1711 893 1744 Romanos
926 1711 1091 1744 Pontifices
1116 1722 1236 1744 succes·

498 1775 583 1796 sores
598 1770 721 1798 nostros
745 1770 775 1797 ct
799 1764 910 1797 Sedent
936 1765 1118 1808 praefatam,
1141 1765 1233 1798 ctiam

499 1822 584 1849 motu
610 1817 712 1859 simili,
738 1828 773 1850 ac
798 1817 889 1850 etiam
911 1818 1180 1859 consistorialiter,
1206 1824 1235 1851 ct

498 1871 572 1902 alias
592 1870 830 1914 quomodolibet
855 1882 911 1914 pro
937 1876 1078 1915 tempore
1102 1872 1188 1905 sactis
1206 1878 1235 1905 et

498 1923 663 1963 faciendis,
696 1924 939 1966 con‘iprebendi,
970 1924 1025 1957 sed
1049 1935 1173 1968 semper
1197 1925 1235 1957 ab

500 1975 559 2008 illis
584 1982 737 2020 exceptas,
754 1981 783 2009 et
803 1977 925 2019 quoties
946 1978 1015 2010 illae
1036 1978 1234 2019 emanabunt‚

498 2029 589 2061 toties
616 2029 645 2061 in
670 2030 837 2073 pristinum
862 2035 892 2062 et
917 2030 1141 2063 validissimum
1167 2036 1235 2064 sta-

499 2087 563 2114 tum
590 2083 756 2123 restitutas,
782 2083 934 2127 repositas
952 2089 981 2116 et
998 2084 1137 2127 plenarie
1156 2085 1236 2117 rcin-

499 2139 653 2178 tegratas‚
680 2147 713 2169 ae
746 2137 837 2169 etiam
871 2138 928 2169 sub
960 2138 1126 2180 posteriori
1163 2139 1234 2171 data

498 2189 759 2232 quandocumque
782 2190 924 2232 eligenda
937 2190 1040 2223 denuo
1061 2201 1234 2232 concessas,

498 2252 684 2285 semperque
721 2243 857 2282 validas,
891 2243 996 2276 [irmas
1033 2249 1062 2276 et
1094 2245 1234 2278 efficaces

497 2295 630 2327 existere
656 2301 685 2327 et
710 2296 785 2337 sore,
811 2306 946 2339 suosque
966 2297 1124 2339 plenarios
1141 2304 1170 2330 et
1190 2299 1232 2331 in-

497 2352 603 2390 tegros
627 2348 754 2381 ell'ectits
778 2349 882 2382 sortiri
908 2354 938 2381 et
962 2350 1115 2390 obtinere,
1134 2361 1167 2383 ae
1188 2351 1233 2384 di-

497 2401 553 2433 etis
585 2401 706 2434 clericis
731 2407 884 2445 perpetuo
914 2402 1100 2444 suffragari,
1127 2403 1233 2446 sicque

497 2459 526 2486 et
550 2464 612 2486 non
636 2454 725 2487 aliter
743 2455 772 2486 in
789 2455 971 2498 praemissis
994 2465 1050 2498 per
1070 2466 1234 2498 quoscum-

496 2517 556 2550 que
588 2507 705 2540 iudices
736 2507 912 2541 ordinarios
941 2512 970 2541 ct
998 2508 1171 2552 delegatos,
1198 2520 1233 2543 ac

534 2623 542 2648 t
568 2623 635 2649 Edit.
658 2622 738 2650 Main.
760 2622 821 2656 legit
838 2623 1036 2657 praesentiam
1056 2624 1096 2658 (n.
1114 2624 1163 2658 T.).

1084 228 1259 251 BULLARIUM
1286 227 1437 250 nonnum

1273 276 1301 308 S.
1329 276 1362 308 tt.
1390 276 1420 307 E.
1446 274 1639 315 cardinales,
1666 273 1759 306 etiarn
1784 273 1821 307 de
1846 274 1941 307 latere
1967 274 2010 307 le-

1273 333 1360 370 gatos
1386 333 1413 359 ct
1439 327 1564 369 quosvis
1589 326 1666 358 alios
1690 337 1888 370 quactuuque
1908 332 2012 359 aucto-

1274 380 1361 412 ritate
1386 380 1560 422 fungentes,
1575 389 1656 411 nunc
1675 385 1703 411 et
1721 389 1778 422 pro
1797 385 1946 423 tempore,
1965 390 2012 412 su-

1273 434 1354 467 blata
1381 435 1424 467 eis
1449 438 1477 467 ct
1502 444 1611 466 eorum
1638 433 1766 466 cuilibet
1795 433 1903 477 quavis
1922 433 2012 466 aliter

1273 487 1428 520 iudicandi
1454 493 1483 520 et
1510 486 1733 530 interpretandi
1753 486 1896 520 facultate
1914 491 1944 519 et
1960 498 2012 518 au-

1273 541 1425 580 ctoritate,
1451 540 1579 573 iudicari
1610 545 1639 572 et
1666 539 1789 572 deliniri
1816 539 1948 582 debere,
1975 550 2011 572 ae

1273 594 1395 626 irritum
1415 598 1443 627 ct
1461 593 1560 633 inane,
1579 593 1602 625 si
1621 604 1709 625 secus
1727 603 1821 636 super
1839 593 1886 625 his
1903 603 1920 625 a
1938 604 2012 636 quo-

1272 659 1386 690 quam,
1418 647 1526 690 quavis
1559 646 1765 686 auctoritate,
1797 646 1931 679 scienter
1963 646 2010 678 vel

1273 699 1467 741 ignoranter,
1493 698 1660 741 contigerit
1684 698 1837 731 attentari.

1315 754 1329 796 g
1358 753 1386 785 lt.
1414 754 1480 786 Non
1511 753 1708 786 obstantibus
1743 752 1943 795 apostolicis,
1975 763 2010 785 ac

1272 806 1301 837 in
1326 806 1553 839 universalilms
1579 805 1886 849 provincialibusque
1907 811 1937 838 et
1964 816 2010 849 sy-

1272 859 1437 891 nodalibus
1454 859 1596 893 conciliis
1617 859 1717 899 editis,
1744 859 1945 901 generalibus
1964 859 2009 892 vel

1271 912 1467 955 specialibus,
1493 912 1768 945 constitutionibus
1793 917 1821 943 et
1842 911 2010 944 ordinatio-

1271 965 1373 1005 nibus,
1388 976 1509 999 necnon
1524 966 1696 1009 quilmsxis,
1712 965 1804 998 ctiam
1823 965 2009 1007 iuramento,

1271 1020 1509 1052 confirmatione
1534 1019 1725 1063 apostoliea,
1753 1019 1797 1052 rel
1823 1018 1931 1062 quavis
1955 1018 2009 1051 fir-

1271 1071 1375 1105 mitate
1400 1072 1459 1104 alia
1485 1072 1651 1112 roboratis,
1670 1072 1791 1106 statutis
1823 1077 1853 1105 et
1881 1082 2010 1105 consue-

1271 1125 1429 1158 tudinibus
1445 1152 1451 1165 ‚
1470 1126 1642 1168 privilegiis
1664 1136 1800 1169 quoque,
1831 1125 1957 1158 indultis
1981 1128 2010 1159 et

1270 1177 1380 1211 litteris
1411 1179 1590 1222 apostolicis
1623 1179 1654 1211 in
1691 1179 1883 1212 contrarium
1917 1189 2009 1222 prae-

1270 1232 1436 1265 missorum
1462 1233 1699 1276 quomodolibet
1715 1233 1880 1273 concessis,
1899 1232 2010 1265 consu·-

1269 1285 1359 1319 rnatis
1394 1286 1575 1329 approbatis
1609 1292 1638 1319 et
1675 1286 1856 1326 innovatis;
1896 1285 2010 1329 quibus

1269 1339 1414 1371 omnibus
1429 1344 1458 1372 ct
1473 1339 1614 1382 singulis,
1629 1340 1754 1372 illorum
1781 1345 1905 1372 tenores
1921 1349 2010 1382 prae-

1269 1393 1408 1426 sentibus
1425 1404 1482 1436 pro
1504 1393 1595 1436 plene
1620 1398 1651 1425 et
1675 1393 1867 1426 sufficienter
1885 1403 2010 1436 expres-

1269 1446 1310 1478 sis
1334 1457 1369 1478 ac
1394 1446 1431 1478 de
1457 1446 1552 1478 verbo
1577 1446 1615 1478 ad
1640 1446 1772 1478 verbum
1798 1445 1922 1479 insertis
1958 1445 2010 1477 ha-

1269 1499 1388 1537 bentes
1412 1498 1472 1531 illis
1492 1498 1568 1531 alias
1591 1498 1621 1530 in
1647 1509 1703 1532 suo
1724 1498 1840 1531 robore
1868 1507 2011 1541 perman-

1268 1552 1370 1592 suris,
1396 1552 1453 1584 hac
1480 1551 1545 1584 vice
1569 1552 1754 1589 dumtaxat,
1780 1551 1956 1595 specialiter
1980 1556 2010 1583 et

1269 1615 1416 1648 expresse
1431 1604 1635 1647 derogamus;
1650 1605 1826 1648 ceterisque
1843 1604 2009 1637 contrariis

1269 1657 1529 1701 quibuscumque.

1312 1711 1423 1744 Datum
1445 1711 1580 1751 Romae,
1602 1710 1684 1754 apud
1710 1711 1739 1744 S.
1768 1710 1896 1743 Mariam
1917 1710 2008 1744 Maio-

1270 1775 1347 1804 rem,
1365 1764 1423 1797 sub
1445 1764 1561 1797 annulo
1584 1763 1760 1806 Piscator-is,
1785 1764 1835 1796 dic
1860 1774 1937 1797 xvm
1957 1774 2010 1797 no-

1271 1817 1406 1850 vembris
1423 1827 1538 1858 ninom,
1556 1817 1757 1861 pontificatus
1773 1817 1871 1850 nostri
1889 1827 1970 1850 anno
1988 1827 2007 1850 1.

1305 1879 1362 1906 Dal.
1381 1879 1423 1906 die
1447 1880 1476 1906 18
1491 1878 1649 1906 novembris
1670 1878 1746 1913 1655,
1764 1879 1858 1914 pontif.
1875 1887 1944 1907 anno
1961 1887 1980 1906 1.

1610 2022 1670 2054 LII.

1269 2101 1392 2135 Divisio
1419 2106 1447 2134 ec
1481 2101 1625 2134 reductio
1657 2101 1903 2144 provinciarium
1926 2102 2006 2135 reli-

1312 2155 1418 2197 qiom's
1449 2155 1638 2187 clericorum
1671 2154 1878 2197 reqularium
1909 2154 2008 2188 Mini-

1312 2208 1493 2241 slramium
1517 2207 1665 2249 Infirmas
1678 2206 1696 2239 ¹.

1462 2288 1625 2316 Alexander
1645 2288 1723 2322 Papa
1745 2288 1810 2320 vn,

1391 2332 1428 2359 ad
1446 2334 1620 2366 perpetuam
1640 2331 1683 2358 rei
1704 2332 1884 2358 memoriam.

1312 2402 1344 2434 ln
1370 2402 1517 2436 eminenti
1543 2402 1630 2435 Sedis
1654 2402 1853 2446 Apostolicae
1878 2401 2005 2446 specula

1267 2455 1415 2489 dominici
1449 2456 1554 2499 gregis
1587 2466 1681 2489 curae
1710 2461 1834 2489 nostrae
1857 2455 2003 2490 divinitus

1267 2509 1426 2542 commissi
1452 2509 1626 2543 commodis
1649 2509 1764 2552 iugiter
1788 2508 2002 2551 invigilantes,

1268 2562 1337 2603 ittis,
1357 2574 1436 2605 quac
1460 2573 1614 2607 prospero
1635 2562 1913 2606 congregationum
1934 2573 2004 2606 per-

1267 2626 1412 2649 sonarum
1440 2618 1642 2660 regularium,
1660 2617 1773 2650 nedum
1798 2617 1835 2649 ad
1853 2626 2002 2660 corpora-

2027 226 2075 252 An.
2093 226 2120 252 C.
2140 227 2206 255 1655

2052 762 2160 784 Contraria
2175 769 2206 784 re·

2026 789 2083 810 fult-1.

2045 2407 2167 2429 Exordium.
