2243 3205
31 168 78 195 Au.
99 165 127 194 C.
143 165 211 193 1660

821 161 1007 186 ALEXANDER
1033 161 1075 184 vu
1099 161 1146 184 1³1³.

226 211 264 245 ad
279 210 459 256 proximum
473 211 647 255 capitulum
665 211 695 244 in
721 210 967 254 congregatione

227 264 458 308 celebrandum,
477 265 561 298 iuxta
577 276 721 298 normam
741 270 770 298 et
790 263 967 308 dispositio-

226 328 298 351 nem
320 318 576 352 constitutionum
595 318 692 363 ipsius
714 317 968 361 congregationis

226 371 480 405 Cistereiensium
495 372 610 413 Italiae,
624 371 841 415 gaudeantque
858 370 966 403 iisdem

227 425 347 468 gratiis,
365 425 537 469 privilegiis
548 424 567 466 ¹,
588 429 617 459 et
642 436 713 458 cum
739 425 849 458 iisdem
870 425 968 457 liono-

229 477 316 511 ribus
341 482 371 510 et
394 478 554 518 oneribus,
579 478 694 521 quihus
719 478 857 521 gaudent
873 477 968 510 ceteri

229 530 356 563 abbates
380 531 520 563 eiusdem
546 531 817 574 congregationis;
843 531 970 564 nomine

228 588 334 615 autem
358 583 479 615 abbatis
504 583 633 616 minime
658 584 826 626 gaudent²,
854 583 912 616 nisi
939 583 970 616 in

229 636 294 669 suis
318 636 492 680 respective
516 636 715 669 monasteriis
740 636 853 680 degant
869 641 971 669 actua-

229 689 301 722 liter
325 689 435 722 saltem
457 699 509 722 sex
528 689 692 722 monachi:
718 690 812 733 quod,
837 690 971 733 quoties—

231 753 366 787 cumque
387 753 423 776 ex
448 743 523 787 ipsis
540 743 739 777 monasteriis
757 743 901 776 uniendis
914 744 971 776 ali-

231 805 324 839 quam
348 796 559 840 praelaturam
584 806 695 829 vacare
720 796 897 839 contigerit,
922 796 974 829 ha-

231 848 343 882 beatur
367 849 447 884 ratio
471 860 529 894 per
557 855 662 894 patres
682 850 862 893 regiminis,
889 850 973 883 iuxta

232 901 370 935 debitam
395 903 545 935 iustitiam
566 903 808 945 distributivam,
829 908 862 936 ut
882 904 975 946 eliga-

232 960 284 988 tur
309 966 346 989 ex
371 956 481 989 iisdem
507 956 676 999 religiosis,
703 956 756 1000 qui
781 957 974 999 aggregandi

233 1009 396 1051 venerint,
422 1009 596 1043 dummodo
626 1010 824 1054 reperiantur
856 1009 975 1043 habiles

233 1061 431 1106 habeantque
457 1068 561 1095 cetera
585 1062 735 1106 requisita
767 1062 805 1095 ad
830 1072 974 1095 normam

235 1116 493 1150 constitutionum
506 1116 762 1159 congregationis
775 1116 891 1156 ltaliae,
901 1116 977 1148 alias

235 1168 391 1212 eligantur
408 1169 446 1201 ad
466 1169 632 1202 arbitrium
650 1174 776 1213 patrum
796 1169 976 1212 regiminis:

235 1232 271 1256 ex
297 1232 334 1255 eo
358 1233 484 1267 quoque
504 1222 587 1267 quod
612 1222 812 1263 monasteria,
829 1232 908 1266 quae
928 1233 979 1265 ag-

236 1276 396 1319 greganda
421 1277 574 1318 veniunt,
599 1276 714 1309 distent
738 1286 754 1308 a
780 1275 978 1309 monasteriis

237 1331 270 1365 in
293 1330 407 1375 quibus
432 1330 604 1375 capitulum
623 1330 777 1363 celebrari
802 1330 890 1370 solet,
910 1329 978 1363 ideo

238 1385 370 1431 praelati
391 1384 656 1418 monasteriorum
683 1384 711 1418 S.
733 1385 790 1418 Viti
816 1384 854 1417 de
880 1384 979 1425 Urbe,

238 1449 275 1473 ac
307 1438 504 1473 claraevallis
536 1438 567 1470 in
600 1438 785 1481 Castagnola
821 1441 979 1482 tamquam

239 1491 541 1537 proximiores,cum
559 1491 623 1524 suis
644 1491 820 1535 respective
838 1491 980 1524 discretis

240 1546 393 1589 eligendis
406 1546 444 1579 ad
461 1556 604 1579 normam
620 1545 889 1587 constitutionum,
904 1556 982 1578 scm-

239 1610 297 1646 per
307 1599 345 1633 ad
362 1599 524 1644 praedicta
542 1600 674 1644 capitula
692 1599 841 1632 accedere
860 1604 982 1632 tenean-

241 1659 306 1694 tur;
324 1653 421 1687 ceteri
442 1663 516 1687 vero
534 1653 675 1697 praelati,
693 1653 835 1686 videlicet
854 1653 982 1686 Fossae-

241 1718 351 1749 novae‚
376 1707 574 1749 Casaemarii,
592 1707 631 1741 de
656 1707 811 1748 Ferraria,
836 1707 984 1741 Casaeno-

242 1772 319 1803 vae,
344 1772 380 1795 ac
404 1761 618 1805 Regalisvallis
647 1766 811 1794 teneantur
842 1771 898 1805 per
931 1771 982 1794 sex

243 1825 366 1849 menses
380 1820 451 1848 ante
467 1815 711 1848 celebrationem
727 1814 855 1858 capituli
870 1814 984 1847 docere

242 1874 349 1913 patres
368 1869 533 1912 regiminis
558 1879 594 1902 ex
621 1868 795 1901 redditibus
820 1873 982 1901 monaste-

244 1923 377 1965 riorum,
400 1928 520 1956 tantum
546 1933 719 1967 superesse,
744 1926 778 1956 ut
803 1921 985 1962 commode,

245 1982 275 2010 et
299 1976 365 2009 sine
389 1976 454 2009 ullo
478 1976 667 2009 detrimento
698 1986 808 2008 eorum
835 1981 988 2008 monaste-

245 2031 377 2072 riorum,
395 2040 427 2063 se
449 2041 520 2063 cum
550 2030 615 2064 suis
640 2029 812 2074 respective
833 2029 986 2071 discretis,

246 2084 398 2128 eligendis
424 2089 457 2117 ut
485 2095 589 2128 supra,
615 2084 652 2117 ad
678 2083 873 2128 praedictum
904 2084 987 2127 capi-

247 2138 346 2172 tulum
372 2138 521 2171 accedere
538 2143 568 2170 et
588 2138 626 2170 ab
652 2138 721 2182 ipso
747 2137 905 2179 recedere,
921 2148 991 2170 nec-

247 2201 310 2225 non
335 2196 437 2224 taxam
453 2191 552 2235 ipsius
569 2190 697 2235 capituli
724 2190 904 2224 celebrandi
922 2191 987 2224 sol-

248 2254 322 2278 vere
346 2245 468 2278 valeant
493 2254 528 2277 ac
552 2244 683 2288 possint,
711 2255 806 2288 super
831 2244 915 2288 quod
941 2243 991 2276 de-

249 2302 371 2333 cretum
410 2308 427 2330 a
462 2297 604 2341 patribus
644 2297 806 2340 regiminis
850 2297 992 2330 obtinere

250 2351 417 2392 debebunt,
445 2351 483 2383 ad
509 2350 653 2384 effectum
691 2356 724 2383 ut
754 2357 915 2395 tamquam
947 2360 993 2383 ca-

250 2405 401 2450 pitulares
415 2404 533 2438 admitti
550 2404 687 2448 possint:
703 2404 785 2447 quod
803 2409 892 2448 pater
906 2414 993 2448 prae-

289 2486 300 2512 1
323 2484 372 2512 Ed.
393 2483 473 2512 Main.
497 2483 604 2511 turbate
619 2483 681 2519 legit
696 2484 813 2523 qratiis,
826 2484 994 2519 privileqiis

251 2530 456 2565 gaudeantque
471 2529 573 2555 iisdem
589 2532 628 2561 (n.
639 2531 687 2561 11).
706 2565 709 2567 Β

288 2574 304 2603 2
326 2574 415 2602 Potius
436 2574 494 2609 lege
514 2574 662 2608 yaudeane
681 2576 718 2608 (n.
739 2574 786 2606 τ.).

1000 220 1049 242 ses
1081 219 1116 241 ae
1149 208 1324 243 visitatores
1354 207 1513 252 praedicta
1549 205 1742 240 monasteria

1002 262 1136 295 unienda
1160 273 1218 306 per
1241 273 1273 295 se
1299 263 1404 306 ipsos,
1430 261 1519 295 sicuti
1552 260 1612 293 alia
1638 269 1742 293 mona-

1001 316 1096 349 steria
1121 315 1384 358 congregationis,
1411 315 1535 347 visitare
1561 318 1741 348 teneantur:

1003 368 1086 412 quod
1104 373 1148 402 tot
1161 369 1333 402 nationales
1349 369 1611 402 monasteriorum
1630 367 1742 400 unien-

1002 422 1115 456 dorum
1134 421 1173 455 ad
1197 421 1337 455 habitum
1356 422 1517 465 religionis
1530 421 1744 460 admittantur,

1003 481 1079 520 quot
1111 486 1147 509 ex
1179 475 1355 509 redditibus
1392 475 1536 520 ipsorum
1576 474 1745 507 sustentari

1004 535 1131 574 queant,
1157 529 1352 573 approbandi
1379 534 1482 561 tamen
1507 534 1536 561 et
1562 527 1745 561 admittendi

1004 582 1042 615 ad
1066 581 1207 615 habiturn
1233 582 1394 625 religionis
1424 581 1656 626 suscipiendum
1689 591 1746 625 per

1004 640 1109 680 patres
1139 635 1320 678 regiminis:
1348 646 1385 669 ex
1414 646 1451 669 eo
1481 635 1564 679 quod
1590 639 1746 668 monaste-

1006 689 1088 722 rium
1113 688 1142 722 S.
1168 688 1228 723 Viti
1254 694 1284 722 et
1308 688 1406 733 ipsius
1432 688 1574 722 redditus
1607 687 1748 721 instituta

1006 742 1066 775 sint
1090 752 1150 786 pro
1175 742 1309 785 collegio
1335 746 1363 775 et
1389 741 1576 775 educatione
1600 740 1747 774 iuvenum

1007 795 1271 829 monasteriorum
1284 795 1521 840 praedictorum
1535 805 1593 839 pro
1606 793 1748 827 navando

1008 859 1138 892 operam
1164 848 1296 890 studiis,
1322 849 1392 882 ideo
1423 848 1461 881 ad
1486 848 1578 882 talem
1603 847 1748 880 effectum

1008 906 1221 945 conservetur,
1244 903 1308 936 imo
1333 902 1438 946 potius
1462 907 1566 945 patres
1587 900 1750 944 regiminis

1009 955 1165 989 curabunt
1189 955 1298 999 augeri
1320 955 1474 996 redditus,
1492 959 1535 996 ut,
1552 954 1577 986 si
1598 953 1666 986 lieri
1683 963 1752 997 pos-

1009 1009 1058 1049 sit,
1073 1009 1280 1043 constituatur
1306 1009 1436 1043 formale
1462 1008 1630 1051 collegium
1657 1007 1752 1040 totius

1010 1063 1282 1105 congregationis:
1320 1068 1350 1096 et
1386 1062 1459 1106 quia
1497 1071 1589 1104 saepe
1627 1059 1752 1105 saepius

1011 1116 1165 1158 contingit
1188 1121 1222 1149 ut
1238 1116 1422 1160 superiores
1443 1115 1506 1148 sive
1526 1113 1665 1157 religiosi
1690 1123 1754 1146 mo-

1011 1169 1221 1202 nasteriorum
1247 1170 1475 1210 Fossaenovae,
1502 1166 1700 1207 Casaemarii‚
1725 1171 1755 1199 et

1012 1222 1146 1255 aliorum
1162 1222 1193 1254 in
1208 1233 1306 1265 regno
1322 1222 1527 1266 Neapolitano
1545 1219 1754 1260 existentium,

1012 1287 1070 1321 pro
1101 1276 1236 1319 negotiis
1273 1275 1455 1309 eorumdem
1490 1273 1754 1307 monasteriorum

1014 1339 1135 1363 moram
1151 1339 1213 1362 non
1227 1329 1418 1372 patientibus
1432 1327 1469 1360 ad
1480 1326 1596 1361 Urbem
1607 1326 1757 1360 accedero

1014 1383 1157 1423 debeant,
1172 1382 1243 1415 ideo
1265 1387 1371 1426 patres
1391 1381 1553 1425 regiminis
1571 1380 1693 1424 possint
1708 1380 1757 1413 de-

1015 1438 1120 1481 legare
1145 1437 1322 1471 facultatem
1349 1436 1453 1469 abbati
1471 1435 1579 1469 Trium
1600 1435 1756 1477 Fontium,

1016 1491 1080 1524 sive
1105 1491 1210 1524 abbati
1236 1491 1264 1524 S.
1291 1490 1367 1533 Viti,
1392 1494 1487 1535 prout
1513 1489 1556 1522 eis
1581 1489 1692 1521 melius
1718 1488 1759 1521 vi-

1017 1556 1085 1578 sum
1111 1545 1215 1587 fuerit,
1243 1544 1434 1578 concedendi
1460 1543 1617 1576 licentiam
1637 1542 1674 1576 ad
1700 1542 1758 1576 Ur-

1017 1598 1087 1631 bem
1105 1598 1284 1639 accedendi,
1302 1598 1385 1630 salva
1407 1602 1509 1630 tamen
1531 1596 1561 1629 in
1579 1595 1760 1629 huiusmodi

1018 1652 1151 1686 licentiis
1180 1651 1389 1685 concedendis
1413 1650 1618 1695 dispositione
1643 1649 1760 1683 consti-

1019 1706 1190 1739 tutionum:
1210 1705 1304 1749 quod,
1322 1715 1381 1748 pro
1402 1704 1547 1748 expensis
1567 1703 1701 1748 publicis
1718 1703 1762 1736 fa-

1019 1759 1138 1793 ciendis
1156 1759 1194 1791 ad
1210 1759 1328 1792 bonum
1347 1767 1514 1791 commune
1535 1762 1564 1789 et
1584 1756 1761 1790 universale

1020 1812 1275 1857 congregationis
1313 1810 1502 1845 monasteria
1541 1807 1760 1854 aggreganda,

1022 1876 1215 1900 concurrere
1240 1865 1392 1905 debeant,
1416 1864 1550 1897 taxanda
1575 1874 1632 1907 per
1657 1868 1762 1908 patres

1022 1919 1196 1963 regiminiS,
1221 1919 1286 1952 sive
1310 1923 1415 1963 patres
1440 1917 1632 1957 definitores,
1656 1916 1763 1949 habita

1022 1973 1144 2007 ratione
1169 1972 1349 2005 facultatum
1382 1981 1511 2004 eorum:
1537 1969 1621 2014 quod
1654 1980 1762 2003 mona-

1023 2026 1117 2060 steria
1142 2025 1303 2070 praedicta
1327 2024 1530 2068 aggreganda
1550 2023 1670 2057 debitas
1695 2033 1765 2056 con-

1024 2080 1210 2114 tributiones
1236 2079 1374 2123 capitulo
1407 2077 1569 2121 generali,
1594 2077 1658 2110 sive
1684 2076 1764 2122 patri

1025 2133 1185 2177 generali,
1218 2138 1271 2165 aut
1296 2131 1497 2177 procuratori
1529 2130 1668 2174 generali
1693 2130 1766 2173 legi-

1026 2187 1137 2219 timum
1174 2191 1203 2219 et
1236 2186 1370 2230 speciale
1401 2185 1583 2218 mandatum
1609 2194 1766 2228 procurae

1027 2240 1154 2273 habenti
1189 2240 1312 2273 solvere
1342 2244 1521 2272 teneantur:
1547 2238 1630 2283 quod
1656 2238 1766 2271 saltem

1028 2304 1107 2327 unus
1133 2294 1228 2326 abbas
1254 2304 1289 2326 ex
1314 2293 1482 2338 praedictis
1508 2292 1706 2326 monasteriis
1731 2303 1766 2325 u-

1027 2347 1160 2389 niendis,
1186 2352 1325 2380 cessante
1357 2347 1500 2391 legitimo
1524 2346 1766 2391 impedimento,

1029 2413 1100 2435 cum
1121 2401 1312 2435 sufficiente¹
1331 2406 1455 2445 patrum
1475 2401 1638 2444 regiminis
1655 2401 1693 2434 ad
1706 2412 1768 2443 ‘ca-

1028 2455 1160 2499 pitulum
1180 2455 1326 2498 generale
1344 2455 1375 2487 in
1389 2454 1488 2488 Gallia
1505 2454 1592 2488 adire
1609 2459 1766 2488 teneatur:

1067 2572 1075 2598 1
1100 2571 1211 2598 Videtur
1227 2571 1320 2599 deesse
1338 2579 1385 2599 vox
1402 2578 1524 2599 ’tannero
1543 2572 1578 2606 (n.
1595 2572 1642 2605 τ.).

1646 148 1708 182 543
1756 156 1805 184 An.
1823 156 1852 183 c.
1872 156 1939 184 1660
