2243 3205
24 224 70 250 An.
87 221 115 248 C.
134 219 203 246 1660

51 1397 212 1418 Cnntravenieu·

0 1429 1 1441 1
31 1424 78 1446 tium
93 1429 182 1450 poenae.

0 1719 6 1931 l

2 1939 9 2234 1

816 217 1001 242 ALEXANDER
1023 217 1066 240 Vll
1086 218 1134 240 ΙΨ.

217 267 361 307 lectores,
379 266 433 309 qui
454 266 515 299 sint
539 276 693 310 personae
718 265 956 307 ecclesiasticae,

217 320 255 352 ad
271 320 332 353 hoe
348 319 386 352 ab
405 319 480 364 ipsis
496 320 691 363 deputandos
708 318 956 363 percipiendum,

217 372 406 416 exigendum
432 379 462 406 et
486 373 664 413 levandum,
689 384 725 406 ac
750 373 821 406 duci
848 378 877 405 et
902 372 958 405 do-

218 425 317 459 minio
341 426 509 469 praedictis
534 437 604 459 cum
631 426 745 459 effectu
773 425 958 468 consignan-

219 478 305 519 dum,
319 484 353 511 ut
366 478 443 512 illud
461 479 491 511 in
509 490 658 523 expensas
675 478 868 512 necessarias
886 488 959 511 con-

220 535 266 565 tra
290 531 390 564 dictos
426 532 542 565 Tureas
567 538 597 565 et
620 542 684 565 non
717 532 748 564 in
784 531 861 564 alios
886 542 960 564 usus

219 587 404 617 convertere
428 585 560 625 valeant,
574 584 747 628 apostolica
764 583 960 624 auctoritate,

221 640 327 670 tenore
352 637 575 680 praesentium,
601 637 811 681 imponimus,
837 636 962 680 imposi-

221 694 350 733 tumque
382 690 448 723 fore
479 696 508 723 et
532 701 599 724 esse
624 691 824 724 decernimus
848 695 878 723 et
902 690 958 723 de-

221 742 397 783 elaramus3
422 753 546 776 necnon
582 743 701 777 eisdem
738 743 962 776 collectoribus

221 795 443 838 generalibus,
469 800 498 830 et
528 797 566 829 ab
600 796 644 830 eis
679 796 865 840 deputandis
891 796 962 828 sub-

222 848 444 882 colleetoribus
479 849 678 890 huiusmodi,
703 860 720 882 a
752 849 962 893 patriarchis,

221 901 478 946 archiepiscopis,
503 903 670 947 episcopis,
695 902 960 936 administratori-

221 954 290 995 bus,
316 955 432 996 electis‚
457 955 640 997 abbatibus,
666 956 962 997 commendatariis,

221 1008 404 1053 prioribus,
440 1010 720 1053 praeceptoribus,
753 1010 962 1054 praepositis,

221 1062 392 1108 praelatis,
425 1063 585 1107 capitulis,
611 1064 816 1096 conventibus
841 1069 870 1096 et
896 1064 963 1096 aliis

222 1116 367 1160 personis
392 1117 610 1150 ecclesiasticis
627 1118 806 1161 praedictis,
827 1123 964 1161 praeter-

223 1180 317 1214 quam
342 1175 376 1203 ut
399 1181 494 1215 supra
512 1172 663 1215 exceptis,
683 1177 782 1204 ratam
800 1171 874 1204 dicti
896 1171 965 1204 sub-

223 1223 304 1265 sidii,
322 1234 375 1257 eos
393 1229 423 1257 et
447 1234 557 1257 eorum
579 1225 751 1268 quemlibet
769 1230 802 1258 ut
819 1224 965 1268 praemit-

223 1277 300 1310 titur
324 1283 514 1321 tangentem,
534 1279 670 1322 petendi⁷
688 1278 832 1321 exigendi
858 1283 888 1310 et
906 1277 965 1311 eol-

224 1331 352 1374 ligendi,
377 1332 485 1376 eisque
507 1337 536 1365 et
561 1343 671 1365 eorum
697 1333 839 1375 singulis,
865 1338 898 1365 ut
923 1332 965 1364 il-

225 1387 287 1419 lam
312 1386 406 1420 modo
426 1386 599 1430 praemisso
617 1387 747 1427 solvant,
762 1397 819 1430 per
838 1396 966 1430 poenas,

227 1440 331 1485 quoad
348 1440 553 1484 patriarchas,
571 1440 826 1484 archiepiscopos
844 1446 874 1472 ct
891 1440 967 1484 epis-

228 1505 335 1539 copos,
352 1494 509 1527 interdicti
527 1500 557 1527 et
575 1494 789 1538 suspensionis
807 1494 968 1537 ingressus

228 1546 399 1587 ecclesiae,
424 1545 528 1590 quoad
560 1545 637 1578 alios
663 1555 757 1587 vero⁷
783 1545 968 1589 privationis

228 1599 456 1633 beneficiorum
501 1599 786 1632 ecclesiasticorum
822 1610 878 1642 per
916 1609 969 1632 eos

228 1653 467 1698 quomodolibet
502 1654 725 1695 obtentorum,
760 1658 789 1685 et
820 1653 896 1685 alias
931 1652 969 1685 de

228 1707 343 1752 quibus
367 1707 428 1741 illis
452 1707 619 1749 videbitur,
644 1707 736 1740 etiam
762 1707 968 1750 pecuniarias,

229 1771 265 1795 ac
289 1761 416 1794 demum
441 1771 498 1805 per
515 1760 699 1794 sententiam
717 1761 970 1793 excommunica-

230 1814 344 1856 tionis,
369 1815 508 1858 aliasque
541 1824 688 1848 censuras
721 1814 969 1857 ecclesiasticas,

230 1861 396 1912 ceteraque
421 1872 598 1912 opportuna
623 1867 700 1900 iuris
721 1872 750 1899 et
774 1867 844 1900 sacti
864 1878 967 1900 reme-

230 1921 290 1962 dia,
315 1921 482 1954 mandandi
508 1926 538 1954 et
561 1920 792 1964 praecipiendi,
818 1921 972 1953 contradi-

231 1980 334 2008 ctores
351 1974 518 2018 quoslibet,
545 1975 678 2007 rebelles
704 1979 733 2007 et
759 1985 847 2007 suam
873 1975 972 2017 ipsius

231 2029 372 2062 subsidii·
398 2034 520 2073 partem
546 2029 668 2062 solvere
694 2034 893 2069 recusantes,
919 2039 972 2061 seu

231 2082 421 2124 differentes,
447 2086 477 2114 et
500 2092 539 2114 ne
558 2081 610 2114 illa
630 2082 768 2115 solvatur
787 2081 974 2125 persuaden-

232 2141 278 2169 tes
302 2135 420 2169 directe
441 2135 488 2167 vel
506 2134 667 2175 indirecte,
684 2146 741 2178 per
758 2145 885 2178 poenas,
906 2144 974 2167 een-

233 2200 322 2223 suras
347 2195 377 2222 et
401 2189 539 2222 remedia
560 2188 752 2228 huiusmodi,
766 2188 974 2232 appellatione

235 2243 419 2288 postposita,
434 2243 677 2286 compescendi,
702 2243 823 2275 brachii
848 2253 974 2286 quoquc

233 2297 384 2330 secularis
406 2296 567 2337 auxilium,
592 2296 617 2329 si
642 2307 721 2340 opus
742 2296 845 2336 fuerit,
860 2296 897 2327 ad
915 2296 975 2329 hoc

234 2350 417 2392 invocandi,
444 2350 599 2383 solventes
624 2350 661 2382 dc
686 2349 796 2383 solutis
816 2348 975 2392 quietandi

235 2408 265 2438 et
289 2403 453 2444 liberandi,
478 2414 495 2436 a
520 2402 662 2436 censuris
687 2408 717 2435 et
741 2402 873 2446 poenis,
900 2412 975 2445 quas

235 2457 483 2502 praemissorum
528 2455 708 2489 occasione
737 2455 977 2498 quomodolibet

236 2510 438 2550 incurrerint,
456 2509 649 2550 absolvendi,
661 2515 689 2541 et
703 2509 893 2551 generaliter
914 2519 978 2542 om-

236 2564 288 2597 nia
312 2568 342 2596 et
365 2563 489 2606 singula
512 2563 572 2595 alia
597 2562 627 2594 in
653 2561 833 2605 praemissis
850 2562 977 2595 etcirca

238 2627 272 2651 ea
297 2616 471 2650 necessaria
506 2627 560 2649 seu
589 2615 827 2660 quomodolibet
858 2626 977 2659 oppor-

1637 206 1699 240 599

992 270 1076 306 tuna,
1103 264 1224 297 etiamsi
1250 265 1431 297 mandatum
1452 265 1615 307 exigerent
1635 264 1734 307 magis

992 317 1127 361 speciale
1147 329 1240 361 quam
1255 318 1473 362 praesentibus
1488 318 1526 352 sit
1540 328 1735 361 expressum,

993 371 1147 413 faciendi,
1173 372 1321 414 gerendi,
1347 371 1536 412 ordinandi,
1566 370 1735 404 mandandi

993 430 1022 458 et
1047 425 1232 468 exequendi,
1255 426 1379 469 plenam
1406 431 1435 458 et
1461 425 1604 465 liberam,
1628 430 1735 458 aucto-

993 476 1107 511 ritate¹
1133 483 1162 511 et
1198 484 1306 512 tenore
1342 478 1521 522 praedictis,
1558 479 1736 512 facultatem

994 531 1197 565 concedimus
1221 537 1251 564 et
1275 536 1470 575 potestatem.

1039 585 1107 628 §2
1142 585 1285 619 Volentes
1324 589 1427 619 tamen
1463 584 1548 628 quod
1583 594 1737 628 personae

996 638 1226 671 ecclesiasticae
1251 639 1372 671 ratione
1398 638 1528 671 subsidii
1554 637 1736 670 huiusmodi

997 702 1064 724 eam
1091 695 1209 725 tantum
1236 692 1442 735 quantitatem
1469 692 1591 724 solvere
1610 696 1737 723 tenean-

998 751 1056 787 tur⁷
1082 756 1175 788 quam
1201 746 1322 778 ratione
1348 745 1497 778 similium
1520 744 1737 777 subsidiorum

996 809 1014 831 a
1035 798 1138 831 felicis
1164 798 1391 831 recordationis
1408 797 1591 831 Innocentio
1616 797 1698 840 Papa
1714 796 1739 829 X

997 852 1240 895 praedecessore
1256 858 1365 886 nostro
1380 858 1410 885 et
1427 862 1444 884 a
1460 851 1553 884 nobis
1568 849 1741 894 respective

998 915 1221 939 concessorum
1247 906 1417 947 solverunt,
1432 910 1463 938 et
1487 904 1564 937 1111111
1590 903 1740 947 amplius,

997 959 1145 1002 quodque
1163 969 1326 1002 expensae,
1341 969 1421 1002 quae
1438 959 1521 991 circa
1546 957 1741 991 exactionem

998 1011 1130 1044 subsidii
1153 1012 1334 1045 huiusmodi
1359 1013 1465 1045 forsan
1491 1011 1650 1044 faciendae
1674 1011 1742 1044 sue-

998 1064 1081 1104 rint,
1111 1065 1141 1096 in
1174 1071 1299 1097 centum
1337 1065 1421 1097 mille
1453 1064 1549 1098 5011115
1574 1064 1742 1107 praedictis

999 1117 1127 1150 minime
1160 1118 1335 1161 computari
1373 1118 1524 1158 debeant,
1555 1117 1609 1150 sed
1641 1117 1743 1150 dictae

999 1181 1151 1214 personae
1174 1172 1403 1206 ecclesiasticae
1421 1182 1572 1215 expensas
1590 1171 1682 1214 ipsas,
1699 1171 1745 1203 ul-

1000 1229 1046 1257 tra
1072 1229 1170 1258 ratam
1194 1231 1315 1268 partem
1343 1236 1437 1269 quam
1458 1225 1580 1257 ratione
1605 1223 1744 1256 eiusdem

1000 1278 1132 1311 subsidii
1158 1280 1280 1312 solvere
1304 1279 1472 1319 debebunt,
1498 1278 1590 1311 etiam
1616 1277 1741 1321 persol-

1001 1343 1073 1365 vere
1098 1337 1271 1366 teneantur.

1046 1386 1060 1429 g
1084 1385 1114 1419 3.
1132 1387 1200 1419 Non
1229 1385 1425 1419 obstantibus
1443 1385 1605 1429 quibusvis
1630 1384 1745 1418 consti-

1003 1440 1175 1473 tutionibus
1201 1445 1230 1472 et
1255 1439 1506 1472 ordinationibus
1540 1438 1721 1482 apostolicis
1737 1465 1745 1479 ,

1003 1494 1095 1526 etiam
1129 1494 1160 1525 in
1193 1493 1334 1526 conciliis
1367 1493 1597 1525 universalibus
1633 1492 1745 1533 editis,

1002 1557 1125 1580 necnon
1139 1546 1355 1587 ecclesiarum,
1370 1546 1645 1587 monasteriorum,
1664 1545 1748 1589 prio-

1003 1606 1158 1637 ratuum,
1200 1600 1367 1640 ordinum,
1404 1599 1687 1642 congregationum
1718 1603 1748 1632 et

1004 1654 1186 1686 militiarum
1213 1653 1411 1694 huiusmodi,
1436 1653 1528 1686 etiam
1560 1653 1748 1694 iuramento,

1005 1707 1245 1741 confirmatione
1272 1707 1463 1750 apostolica,
1489 1707 1535 1739 rel
1561 1707 1668 1750 quavis
1692 1706 1748 1739 fir-

1006 1761 1122 1794 mitatis
1147 1761 1205 1793 alia
1231 1761 1397 1801 roboratis,
1417 1760 1538 1794 statutis
1563 1765 1592 1793 et
1617 1770 1750 1793 consue-

1006 1815 1177 1855 tudinibus,
1196 1814 1426 1856 stabilimentis,
1445 1814 1555 1847 usibus
1572 1819 1601 1846 et
1619 1813 1749 1855 naturis,

1006 1868 1178 1912 privilegiis
1196 1879 1333 1911 quoque,
1345 1867 1482 1907 indultis,
1497 1867 1749 1911 exemptionibus

1006 1927 1036 1954 et
1061 1921 1325 1961 immunitatibus,
1342 1921 1433 1954 etiam
1455 1921 1487 1953 in
1513 1931 1648 1964 corpore
1673 1920 1750 1953 iuris

1007 1975 1134 2017 clausis,
1160 1986 1195 2007 ac
1226 1975 1339 2007 litteris
1363 1974 1564 2018 apostolicis,
1590 1974 1750 2015 ecclesiis,

1007 2028 1224 2069 monasteriis,
1259 2028 1473 2071 prioratibus,
1505 2027 1750 2071 praeceptoriis,

1008 2083 1165 2126 praelatis,
1179 2082 1332 2125 capitulis,
1348 2081 1562 2123 conventibuS,
1577 2081 1751 2121 ordinibus,

1008 2136 1307 2179 congregationibus
1323 2142 1352 2168 et
1367 2135 1498 2175 militiis,
1515 2135 1647 2179 aliisque
1665 2145 1752 2178 prae-

1008 2190 1109 2229 dictis,
1136 2190 1165 2221 in
1191 2200 1308 2231 genere
1331 2189 1377 2221 vel
1397 2189 1427 2221 in
1452 2189 1566 2232 specie,
1591 2188 1649 2221 sub
1673 2198 1751 2231 qua-

1009 2253 1145 2286 cumque
1170 2243 1272 2275 sorma
1297 2247 1326 2274 et
1354 2242 1524 2275 verborum
1551 2241 1753 2285 expressione

1009 2307 1026 2328 a
1047 2296 1138 2329 nobis
1163 2301 1193 2329 et
1217 2296 1296 2329 Sede
1321 2296 1510 2339 Apostolica,
1536 2295 1629 2328 etiam
1654 2295 1753 2328 consi-

1010 2348 1190 2389 storialiter,
1216 2354 1245 2382 et
1270 2355 1358 2382 motu
1383 2348 1487 2389 simili,
1514 2359 1550 2381 ae
1574 2348 1649 2380 alias
1668 2358 1754 2391 ·qu0-

1012 2402 1055 2435 vis
1089 2402 1183 2435 inodo
1216 2402 1390 2443 emanatis,
1416 2401 1584 2442 concessis,
1609 2406 1639 2434 et
1659 2401 1752 2434 etiam

1012 2456 1130 2488 iteratis
1152 2456 1270 2489 vicibus
1288 2455 1491 2496 confirmatis,
1517 2455 1699 2499 approbatis
1724 2460 1755 2488 et

1012 2509 1185 2548 innovatis,
1215 2509 1329 2552 quibus
1360 2508 1509 2542 omnibus
1547 2513 1576 2541 et
1611 2507 1753 2551 singulis,

1052 2625 1059 2650 l
1084 2624 1229 2658 I’erperam
1240 2623 1283 2650 ed.
1294 2622 1372 2650 Maia.
1386 2622 1449 2658 legit
1459 2623 1661 2652 ‹nictoritacem
1671 2617 1755 2661 (11.1.)

1747 216 1796 242 An.
1813 215 1841 242 C.
1864 216 1933 242 loco

1778 597 1889 618 Decretum
1905 597 1935 617 ln-

1752 627 1843 644 1100011111
1854 624 1871 644 X
1886 630 1936 644 con-

1752 652 1828 672 firnnit.

1783 1395 1898 1415 contrariis
1908 1394 1944 1415 ito-

1761 1424 1828 1445 rogat.
