2185 3188
33 1496 37 1530 l

35 2082 39 2159 ἕ

36 2176 39 2213 Ι

37 2411 41 2555 l

50 188 96 214 An.
110 185 138 214 C.
159 186 225 212 ¹657

51 1291 123 1313 reiicit.

60 2516 80 2537 tn
93 2514 180 2539 rubrica.

242 241 512 276 quarumcumque
529 232 662 266 aliarum
679 242 869 277 pomparum
888 237 917 268 et
934 244 980 266 so-

241 285 435 318 lemnitatum
470 285 501 318 in
533 286 714 330 praemissis
748 287 898 319 hactenus
931 287 976 318 fa—

241 344 360 373 ctarum
377 366 384 380 ,
409 349 462 372 seu
488 339 557 373 fieri
582 345 826 381 consuetarum,
857 340 978 373 nullum

240 393 368 427 omnino
400 402 438 425 ne
464 393 630 427 minimum
661 394 789 438 quidem
822 394 979 438 praeiudi-

240 446 322 480 cium
346 445 436 480 nobis
463 452 492 479 et
517 447 675 481 Ecclesiae
704 458 739 481 ac
764 447 835 481 Sedi
860 447 981 491 praedi-

240 499 306 541 ctis,
320 499 500 543 nostrisque
520 506 550 532 et
568 501 691 533 illarum
712 501 834 533 iuribus
854 500 969 545 quibus

239 552 322 594 libet,
348 558 378 586 et
402 553 454 585 alii
479 553 667 598 cuicumque
693 554 812 587 illatum
839 565 906 587 esse
931 554 978 587 vel

238 606 342 650 fuisse,
375 617 477 651 neque
503 607 532 640 id
559 608 589 641 in
613 609 793 654 exemplum
819 609 899 642 tralii
931 609 979 642 vel

239 660 349 694 adduci
374 661 584 705 imposterum
609 672 746 707 unquam
782 673 895 707 posse,
921 663 979 696 sic-

239 725 300 760 que
321 720 351 748 ct
370 725 432 749 non
454 716 544 749 aliter
565 717 595 748 in
615 717 797 760 praemissis
814 727 871 761 per
889 728 980 762 quos-

238 779 372 813 cumque
405 769 522 803 iudices
555 769 731 803 ordinarios
761 776 787 803 et
818 771 979 814 delegatos

238 823 394 856 seculares
409 829 436 855 et
451 823 690 865 ecclesiasticos,
701 834 901 868 quacumque
915 825 980 857 sun-

238 881 347 919 gentes
377 876 563 909 auctoritate
594 883 624 909 et
649 877 831 919 suncturos‚
858 877 980 910 sublata

238 928 283 962 eis
311 933 341 961 et
365 939 477 962 eorum
502 929 631 963 cuilibet
655 930 764 974 quavis
789 930 879 963 aliter
904 930 981 963 iudi-

238 982 327 1015 candi
361 987 390 1016 et
427 983 652 1027 interpretandi
693 984 838 1018 facultate
870 990 900 1017 et
924 995 979 1017 au-

238 1035 391 1078 ctoritate,
417 1036 546 1070 iudicari
578 1042 608 1069 et
631 1037 755 1070 definiri
780 1037 916 1080 debere,
945 1049 981 1071 ac

238 1089 362 1122 irritum
388 1095 417 1123 et
442 1089 555 1132 inane,
581 1091 605 1123 si
638 1102 728 1125 secus
761 1103 859 1137 super
884 1092 931 1126 his
964 1104 981 1125 a

238 1152 407 1186 quoquam,
428 1144 537 1187 quavis
557 1145 753 1186 auctoritate,
780 1145 916 1179 scienter
932 1146 979 1178 vel

240 1197 432 1240 ignoranter,
461 1198 629 1242 contigerit
653 1199 808 1233 attentari.

283 1251 299 1295 ἓ
323 1250 353 1284 ⁶2.
379 1251 447 1285 Non
472 1252 669 1286 obstantibus
694 1253 897 1297 praemissis,
928 1264 979 1296 ac,

239 1310 393 1348 quatenus
413 1316 494 1350 opus
518 1306 567 1346 sit,
588 1308 696 1339 nostra
722 1312 751 1339 et
776 1307 981 1340 cancellariae

239 1359 428 1403 apostolicae
460 1360 569 1403 regula
594 1360 631 1393 de
656 1370 718 1394 non
752 1360 888 1394 tollendo
913 1361 981 1393 iuro

239 1413 391 1456 quaesito,
413 1418 443 1445 et
467 1413 633 1457 quibusvis
657 1414 726 1447 aliis
750 1414 981 1447 constitutioni-

239 1465 298 1499 bus
323 1471 353 1499 et
376 1466 627 1500 ordinationibus
652 1467 842 1512 apostolicis,
861 1468 983 1501 ceteris-

239 1529 300 1563 que
325 1520 492 1553 contrariis
517 1521 779 1565 quibuscumque.

282 1573 393 1606 Datum
415 1574 544 1614 Romae,
565 1575 648 1618 apud
677 1575 706 1608 S.
733 1575 860 1608 Mariam
888 1576 981 1609 Maio-

239 1637 316 1671 rem⁷
341 1628 400 1661 sub
429 1628 546 1662 annulo
575 1628 754 1670 PiscatoriS,
780 1629 830 1661 die
856 1639 885 1662 iv
917 1630 980 1662 iulii

240 1691 377 1725 MDCLVH,
391 1682 592 1726 pontificatus
606 1683 705 1716 nostri
729 1693 811 1716 anno
831 1693 872 1716 tit.

275 1744 334 1772 Dat.
352 1745 396 1772 die
413 1745 427 1772 4
444 1745 500 1772 iulii
518 1746 596 1779 1657,
618 1745 714 1781 pontif.
737 1754 781 1772 an.
798 1752 838 1772 111.

118 1264 225 1286 contraria

569 1890 650 1923 CLX.

242 1969 388 2004 Licentia
412 1971 543 2014 reqinae
567 1971 696 2004 Sveciae
722 1970 927 2014 ingrediendi
955 1976 982 2004 et

284 2024 498 2067 pernoctandi
533 2025 569 2058 in
604 2024 813 2058 monasteriis
849 2025 979 2058 monia-

286 2077 368 2111 lium
381 2078 418 2112 in
431 2078 548 2111 itinere
561 2078 647 2121 quod
660 2078 808 2122 suscepit,
822 2088 894 2111 cnm
906 2088 984 2122 qua-

286 2134 358 2163 tuor
381 2130 576 2164 mulieribus
601 2142 639 2164 ex
662 2142 719 2164 suo
744 2131 932 2165 comitatui

291 2211 469 2239 carissimae
501 2213 531 2238 in
559 2211 676 2239 Christo
702 2212 782 2239 filiae
812 2214 934 2239 nostrae

314 2256 494 2290 christinae,
510 2256 631 2291 reginae
647 2257 770 2285 Sveciae
786 2257 911 2287 illustri,

437 2309 606 2337 Alexander
625 2310 705 2343 Papa
724 2310 787 2337 VII.

392 2371 550 2399 Carissima
571 2372 602 2398 in
622 2372 739 2399 Christo
760 2372 841 2403 filia,

279 2417 409 2444 salutem
430 2419 461 2444 et
480 2417 678 2450 apostolicam
697 2417 947 2444 benedictionem.

77 2488 230 2517 excommun
288 2487 303 2530 ἓ
326 2487 355 2520 l.
381 2487 540 2532 Spirituali
567 2487 735 2520 maiestatis
773 2492 842 2520 tuae
866 2497 980 2520 conso-

245 2539 350 2574 lationi
376 2545 405 2575 ct
429 2540 655 2583 commoditati,
672 2551 730 2585 pro
748 2540 898 2584 singulari
921 2552 983 2586 quo

281 2605 292 2629 1
316 2603 351 2631 Ex
373 2604 479 2640 Regcst.
501 2605 525 2631 in
547 2607 650 2632 Seni-et.
673 2603 748 2630 Brev.

832 186 1017 210 ALEXANDER
1042 185 1086 210 vll
1111 187 1157 210 Pr.

1015 234 1099 267 illam
1133 234 1164 267 in
1199 234 1333 269 Domino
1362 236 1584 280 prosequimur
1608 240 1758 280 paternae

1015 287 1176 321 charitatis
1200 287 1324 329 affectu,
1341 294 1492 333 quantum
1519 289 1611 322 nobis
1635 300 1671 322 ex
1696 289 1758 322 alto

1015 340 1200 374 conceditur
1220 342 1384 375 consulere
1406 343 1555 383 volentes,
1574 342 1675 375 eidem
1695 353 1760 375 ma-

1015 394 1115 428 iestati
1140 400 1220 437 tuae,
1240 400 1282 438 ut,
1303 395 1333 428 in
1351 396 1463 428 itinero
1481 396 1564 439 quod
1583 396 1760 440 suscepisti,

1015 458 1233 492 quaecumque
1253 448 1436 481 monialium
1464 450 1600 483 cuiusvis
1625 449 1759 491 Ordinis,

1015 502 1270 545 congregationis
1291 507 1320 535 ct
1335 502 1464 537 instituti
1480 504 1679 545 monasteria,
1698 509 1759 536 tam

1014 556 1045 588 in
1071 556 1158 589 ltalia
1182 567 1275 600 quam
1302 556 1332 589 in
1358 557 1488 590 Francia
1514 557 1695 597 existentia,
1722 557 1760 590 de

1015 609 1198 642 earumdem
1224 610 1409 643 monialium
1435 621 1600 651 consensu,
1626 611 1758 654 ingredi⁷

1014 674 1049 697 ac
1074 663 1105 696 in
1130 664 1190 696 illis
1209 664 1301 697 etiam
1324 669 1511 708 pernoctare
1537 675 1606 697 cum
1625 670 1760 708 quatuor

1015 717 1201 751 mulieribus
1225 728 1261 751 ex
1288 719 1340 750 tua
1365 718 1494 758 familia,
1519 729 1573 751 scu
1599 719 1760 759 comitatu,

1015 771 1112 804 libere
1138 775 1167 805 et
1190 771 1275 805 licite
1295 771 1396 815 possis
1414 777 1444 804 ct
1462 772 1761 815 valeas,:1p0stotic;·1

1015 825 1210 865 auctoritate,
1236 828 1344 858 tenore
1369 825 1596 869 praesentium,
1615 825 1760 859 concedi-

1015 888 1084 911 mus
1110 883 1139 911 ct
1165 878 1375 922 indulgemus.

1060 932 1074 975 g
1099 931 1128 964 Ξ.
1154 932 1223 965 Non
1252 931 1450 965 obstantibus
1484 932 1760 966 constitutionibus

1016 991 1045 1018 et
1058 985 1333 1026 ordinationibus,
1347 996 1381 1018 ac
1397 986 1660 1019 monasteriorum
1676 997 1762 1030 prac-

1016 1038 1173 1072 dictorum
1198 1044 1228 1072 et
1251 1038 1416 1082 Ordinum,
1441 1050 1577 1083 quorum
1604 1039 1655 1072 illa
1680 1045 1761 1080 sunt,

1016 1092 1110 1125 etiam
1143 1093 1343 1135 iuramento,
1369 1092 1608 1127 confirmatione
1633 1099 1759 1138 aposto-

1017 1145 1087 1187 lica,
1113 1146 1160 1178 vel
1189 1145 1298 1189 quavis
1327 1146 1474 1179 firmitate
1504 1146 1562 1179 alia
1594 1147 1761 1188 roboratis,

1017 1199 1139 1232 statutis
1154 1204 1184 1232 et
1198 1199 1490 1241 consuetudinibus,
1501 1200 1675 1244 privilegiis
1689 1211 1763 1244 quo-

1018 1263 1088 1296 quc,
1105 1253 1232 1286 indultis
1250 1253 1404 1286 etlitteris
1430 1254 1611 1297 apostolicis
1636 1255 1666 1286 in
1693 1264 1763 1287 con-

1018 1308 1150 1340 trarium
1167 1307 1416 1351 praemissorum
1438 1308 1675 1352 quomodolibet
1693 1318 1763 1340 eon-

1018 1362 1134 1403 cessis,
1160 1362 1355 1395 confirmatis
1389 1367 1418 1394 et
1443 1362 1617 1400 innovatis3
1650 1363 1763 1407 quibus

1016 1415 1165 1449 omnibus
1180 1421 1209 1448 et
1223 1415 1365 1459 singulis,
1384 1416 1510 1449 illorum
1530 1422 1655 1449 tenores
1676 1427 1764 1460 prae-

1016 1469 1156 1501 sentibus
1181 1480 1239 1513 pro
1264 1470 1356 1513 plens·
1382 1473 1409 1503 ot
1431 1469 1763 1514 sullicientcrexpres-

1016 1522 1057 1554 sis
1086 1533 1122 1556 ac
1146 1523 1183 1555 de
1209 1523 1306 1556 verbo
1331 1523 1369 1555 ad
1396 1524 1526 1556 verbum
1555 1523 1677 1557 insertis
1712 1524 1763 1556 lia<

1017 1576 1134 1618 benles,
1154 1576 1214 1609 illis
1239 1576 1315 1609 alias
1342 1577 1371 1609 in
1397 1587 1454 1610 suo
1480 1577 1595 1609 robore
1620 1587 1763 1620 perman

1016 1630 1108 1672 suris,
1121 1629 1159 1662 ad
1176 1630 1424 1674 praemissorum
1443 1630 1600 1672 effectum,
1619 1631 1677 1664 liac
1696 1631 1761 1663 rico,

1017 1683 1188 1725 dumtaxat,
1214 1683 1392 1728 specialiter
1410 1688 1438 1718 el
1459 1694 1606 1728 expresse
1631 1685 1762 1727 deroga-

1017 1749 1102 1778 mus;
1121 1738 1296 1782 ceterisque
1315 1738 1481 1771 contrariis
1496 1738 1759 1783 quibuscumque.

1060 1792 1171 1824 Datum
1201 1793 1330 1833 Romae,
1354 1792 1436 1836 apud
1468 1793 1496 1826 S.
1526 1792 1651 1825 Mariam
1672 1793 1762 1825 Maio-

1018 1855 1094 1886 rem,
1115 1846 1174 1879 sub
1210 1846 1326 1879 annulo
1351 1846 1529 1886 piscatoris,
1548 1846 1597 1878 die
1627 1857 1658 1879 iv
1696 1847 1761 1879 iulii

1017 1909 1156 1941 nucm'n,
1182 1900 1384 1943 pontificatus
1410 1900 1507 1933 nostri
1530 1910 1612 1933 anno
1635 1910 1666 1932 m

1053 1961 1109 1988 Dat.
1128 1962 1171 1989 die
1187 1962 1204 1988 4
1220 1962 1277 1989 iulii
1296 1963 1374 1997 1657,
1397 1963 1491 1999 pontil'.
1509 1971 1579 1990 anno
1597 1969 1635 1990 111.

1777 971 1829 991 stell-t

1339 2090 1438 2124 CLXl.

1018 2170 1204 2204 Declaraeio
1225 2170 1393 2204 mcllitate's
1411 2170 1508 2204 edicti
1522 2171 1727 2214 promutssati
1743 2183 1761 2204 a

1060 2234 1195 2268 proreye
1219 2223 1385 2268 Neapolis,
1409 2224 1495 2268 quod
1509 2224 1653 2257 declara!
1670 2225 1762 2258 verle-

1061 2278 1208 2310 sz'ascicos
1233 2278 1461 2321 comprehendi
1485 2278 1541 2310 sub
1567 2278 1682 2311 bannis
1706 2290 1762 2322 prr

1062 2331 1170 2373 ‘ipsum
1196 2330 1292 2363 edilis
1317 2341 1413 2375 super
1438 2332 1677 2364 conservatione
1705 2343 1757 2364 sa—

1062 2384 1188 2425 nitatis,
1215 2389 1242 2417 et
1267 2395 1330 2428 quo
1353 2385 1543 2428 z'm'unyitur
1568 2385 1761 2427 officialibus

1063 2437 1206 2470 ciusdem
1235 2438 1404 2482 proreqt'S,
1439 2449 1477 2470 nc
1500 2439 1694 2482 permittunt
1720 2450 1763 2471 ec-

1062 2490 1251 2523 clesiasticis
1283 2492 1463 2534 i'nyressum
1500 2491 1642 2525 civitatis
1678 2492 1762 2525 Nea-

1059 2543 1145 2587 potis
1169 2545 1238 2577 sine
1263 2545 1332 2578 eius
1359 2545 1490 2578 licentia
1512 2546 1544 2578 in
1571 2547 1708 2589 scriptis,
1734 2550 1761 2578 et

1057 2609 1064 2633 1
1092 2608 1172 2634 Deest
1191 2607 1356 2642 apostolicis
1373 2609 1410 2642 (a.
1427 2608 1475 2644 r).

1664 177 1727 211 983
1774 187 1822 213 An.
1839 187 1867 213 c.
1890 188 1955 214 1657

1804 945 1913 965 Cssttlt'dl'ld
1932 951 1962 965 re·
