2185 3188
61 217 110 245 An.
126 218 154 245 C.
177 218 244 246 1655

63 600 170 622 contraria
186 600 245 621 toltit.

93 1882 231 1909 supplicatio.

852 215 1037 240 ALEXANDER
1063 216 1106 239 VII
1131 216 1177 239 PP.

257 266 382 310 plenam
397 292 404 306 ‚
428 265 561 298 liberam
586 270 615 298 et
646 264 783 309 amplam
820 263 999 298 facultatem

259 319 460 354 concedimus
492 324 521 353 et
553 319 773 364 impertimur,
804 318 942 352 volentes
967 322 1001 350 ut

259 373 395 417 simplici
433 378 502 406 tuae
535 373 745 414 attestationi,
777 371 870 405 etiam
907 371 1000 404 nullis

259 427 405 460 adhibitis
441 427 591 467 testibus,
620 426 787 460 accedente
820 431 922 458 tamen
948 427 1000 458 tua

259 481 505 525 subscriptione,
530 481 623 525 plena
655 485 684 513 et
715 479 897 514 omnimoda
922 479 999 512 fides

259 534 454 567 adhibeatur.

305 588 320 631 ξ
343 587 373 621 3.
398 589 467 623 Non
486 587 683 622 obstantibus
700 587 891 632 apostolicis,
912 597 948 620 ac
969 586 999 618 in

259 642 488 675 universalibus
517 641 828 685 provincialibusque
854 645 883 673 et
908 650 999 685 syno-

260 695 382 728 dalibus
414 694 555 728 conciliis
589 694 701 736 editis,
727 693 927 737 generalibus
952 693 999 727 vel

259 749 457 794 specialibus,
482 748 756 782 constitutionibus
774 753 804 781 et
828 748 1000 782 ordinatio-

259 802 371 846 nibus,
397 802 553 843 decretis,
578 814 637 836 usu
670 806 699 836 et
729 802 809 846 stylo
834 802 1000 835 tribunalis

259 856 354 890 officii
390 861 514 890 sanctae
549 856 734 889 universalis
767 855 999 899 inquisitionis,

260 910 434 955 ceterisque
459 911 625 944 contrariis
650 910 911 954 quibuscumque.

303 964 415 998 Datum
444 965 581 1006 Romae,
605 964 687 1009 apud
705 964 735 998 S.
752 964 881 997 Mariam
906 964 1001 998 Maio-

260 1028 345 1060 rem,
373 1018 431 1052 sub
452 1019 567 1052 annulo
595 1018 774 1060 Piscatoris,
804 1018 854 1052 die
872 1029 891 1052 x
920 1023 1002 1053 octo-

260 1071 326 1105 bris
343 1082 458 1114 MDCLV,
483 1072 684 1117 pontificatus
709 1072 809 1106 nostri
830 1082 911 1106 anno
937 1082 955 1106 1.

295 1136 356 1163 Dat.
373 1135 415 1163 die
433 1135 464 1163 10
480 1136 598 1164 octobris
613 1136 693 1170 1655,
709 1136 806 1172 pontif.
824 1144 893 1164 anno
915 1144 934 1163 1.

579 1281 678 1315 XLIII.

263 1362 490 1396 Hortatorium
514 1363 751 1408 archiepiscopo
777 1365 1001 1407 Caesarauqu-

307 1421 398 1449 siano
422 1427 460 1449 we
484 1417 709 1449 ecclesiasticos
737 1417 779 1450 ad
810 1417 1003 1450 solutionem

308 1470 513 1512 yabellarum
539 1470 638 1502 teneri
663 1470 830 1511 decernat,
858 1471 925 1503 nisi
947 1481 1002 1514 pe-

311 1523 368 1555 tilo
392 1523 532 1567 capituli
556 1523 737 1555 consensu&

264 1601 432 1629 Venerabili
452 1602 539 1629 fratri
559 1601 781 1637 archiepiscopo
803 1603 1004 1638 Caesaraugu-

300 1649 399 1680 stane,

456 1692 621 1720 Alexander
647 1693 726 1727 Papa
746 1694 808 1721 vn.

475 1756 658 1783 Venerabilis
678 1756 783 1788 frater,

298 1799 429 1826 salutem
452 1802 483 1826 et
505 1800 703 1833 apostolicam
722 1800 974 1828 benedictionem.

309 1870 324 1913 g
347 1870 377 1902 ‘l.
402 1871 519 1914 Nuper,
537 1876 590 1904 tuo
608 1877 637 1903 et
658 1871 844 1904 dilectorum
864 1871 1001 1904 filiorum

264 1924 498 1957 communitatis
512 1929 541 1956 et
554 1924 718 1957 hominum
734 1924 866 1957 civitatis
877 1925 1003 1959 Caesar-

263 1983 453 2021 augustanae
474 1978 599 2011 nomine
624 1978 714 2011 nobis
734 1979 885 2022 exposito,
907 1979 1002 2024 quod,

263 2041 321 2075 pro
345 2031 548 2066 dissolutione
579 2033 659 2066 aeris
690 2033 780 2066 alieni
807 2044 863 2078 per
888 2034 1001 2068 dietam

264 2085 418 2120 civitatem
450 2087 613 2120 occasione
645 2087 759 2130 pestis,
791 2098 871 2131 quae
902 2088 1001 2132 ipsam

265 2139 419 2173 civitatem
445 2140 483 2172 ab
507 2150 587 2174 anno
613 2150 764 2175 iincxtvii
781 2152 881 2185 usque
898 2142 935 2175 ad
952 2153 1002 2176 an-

264 2202 338 2225 num
353 2202 471 2226 MDCLHI
483 2193 601 2235 afflixit,
622 2194 784 2236 contracti,
802 2194 882 2228 duae
900 2195 1002 2238 gabel-

264 2246 311 2280 lae
335 2258 431 2291 super
462 2248 561 2281 farina
592 2254 621 2282 et
651 2259 744 2282 carne
776 2249 945 2283 vendendis
972 2251 1002 2283 in

264 2300 386 2333 civitate
411 2301 570 2345 praedicta
598 2302 727 2346 eiusque
744 2302 888 2337 districtu
906 2304 1002 2348 impo-

262 2353 339 2387 sitae
363 2354 501 2396 suissent,
526 2355 683 2399 quodque,
701 2361 817 2390 attento
837 2357 921 2401 quod
946 2358 1002 2390 lai-

263 2418 372 2441 corum
398 2409 557 2442 facultates
581 2410 618 2442 ad
644 2410 673 2444 id
698 2421 894 2455 nequaquam
921 2413 1002 2446 suffi-

263 2468 378 2505 cerent,
393 2466 424 2496 tu
441 2468 470 2496 et
487 2464 696 2498 communitas
710 2470 740 2498 ct
752 2465 897 2501 homines
914 2478 1001 2511 prae-

263 2515 336 2550 dicti
368 2527 569 2562 summopcrc
602 2518 826 2554 desiderabatis
859 2531 876 2554 a
910 2522 1001 2556 nobis

300 2635 311 2661 1
330 2633 367 2661 Ex
382 2633 488 2670 aegest.
506 2634 531 2662 in
546 2635 649 2663 Secret.
665 2635 743 2663 Brev.

1707 206 1748 239 75

1034 263 1196 307 permitti,
1232 266 1266 297 ut
1299 264 1329 296 in
1361 263 1550 296 solutionem
1580 262 1777 306 gabellarum

1035 316 1216 349 huiusmodi
1245 317 1339 349 etiam
1363 327 1518 361 personae
1548 317 1776 350 ecclesiasticae

1035 380 1226 403 concurrere
1244 375 1386 413 possent:
1404 380 1472 411 nos,
1490 369 1777 414 supplicationibus

1035 429 1089 456 tuo
1123 434 1158 456 ac
1185 423 1370 456 eorumdem
1397 424 1632 457 communitatis
1660 429 1690 456 et
1721 424 1777 457 ho-

1036 477 1155 510 minum
1180 477 1308 510 nomine
1332 477 1423 510 nobis
1448 488 1543 521 super
1568 478 1628 510 hoe
1652 477 1779 510 bumili-

1035 536 1081 563 ter
1101 531 1256 575 porrectis
1278 531 1428 572 inclinati,
1447 531 1527 563 inter
1545 531 1614 571 alia,
1632 530 1777 563 fraterni-

1035 585 1088 617 tati
1114 590 1185 618 tuae
1210 585 1267 618 sub
1293 586 1387 619 certis
1412 585 1507 618 modo
1528 591 1557 618 et
1581 585 1681 618 forma
1705 590 1778 618 tunc

1034 639 1191 682 expressis
1226 639 1452 672 committimus
1491 644 1521 672 et
1559 639 1744 672 mandamus
1758 637 1777 681 ¹,

1034 699 1198 737 quatenus,
1213 693 1385 727 dummodo
1399 693 1437 726 ad
1455 693 1484 725 id
1502 693 1577 726 cleri
1594 693 1777 726 eorumdem

1035 747 1168 779 civitatis
1200 752 1228 780 et
1261 747 1422 780 districtus
1455 747 1486 779 in
1518 746 1629 790 primis
1654 751 1683 779 et
1707 751 1778 780 ante

1035 800 1140 833 omnia
1157 800 1321 834 accederet
1338 811 1493 841 assensus,
1511 810 1661 844 personas
1679 800 1778 833 eccle-

1035 854 1191 897 siasticaS,
1218 861 1280 888 tam
1306 855 1474 895 seculares,
1496 864 1589 898 quam
1615 854 1779 897 regulares

1035 908 1200 952 utriusque
1217 919 1319 949 sexus,
1338 908 1470 942 civitatis
1491 913 1521 941 et
1541 908 1702 941 districtus
1727 908 1781 941 hu-

1037 962 1183 1004 iusmodi,
1201 963 1239 996 ad
1261 962 1449 996 solutionem
1472 962 1668 1005 gabellarum
1694 973 1781 1006 prae-

1036 1017 1171 1050 fatarum
1196 1017 1297 1050 teneri
1322 1022 1352 1050 et
1383 1017 1537 1060 obligatas
1562 1028 1628 1050 esse
1659 1022 1689 1050 et
1714 1017 1780 1050 fore

1036 1071 1221 1106 auctoritate
1235 1073 1342 1105 nostra
1362 1071 1536 1115 apostolica
1553 1070 1779 1112 decernente&⁷

1037 1131 1066 1158 et
1089 1125 1164 1158 alias
1189 1130 1285 1170 prout
1309 1126 1340 1158 in
1365 1125 1482 1159 nostris
1506 1124 1617 1159 litteris
1643 1124 1780 1168 desuper

1037 1179 1067 1211 in
1093 1179 1187 1212 simili
1212 1180 1315 1213 forma
1339 1179 1446 1212 Brevis
1470 1178 1520 1212 die
1545 1189 1576 1211 iv
1603 1178 1780 1223 iuniipro-

1036 1233 1117 1266 xime
1141 1234 1303 1277 praeteriti
1328 1233 1498 1277 expeditis,
1524 1243 1659 1277 quarum
1690 1239 1780 1267 teno-

1037 1298 1103 1320 rem
1118 1288 1337 1332 praesentibus
1354 1298 1412 1332 pro
1431 1288 1523 1332 plene
1541 1293 1571 1320 et
1587 1287 1782 1321 sufficienter

1037 1351 1186 1385 expresso
1211 1341 1319 1376 haberi
1345 1342 1502 1382 volumus,
1528 1341 1656 1375 uberius
1686 1341 1782 1375 conti-

1037 1400 1128 1428 netur
1139 1395 1158 1427 ³.

1081 1449 1096 1492 ἓ
1120 1448 1149 1481 2.
1175 1449 1250 1482 Cum
1276 1454 1391 1490 autem,
1417 1449 1497 1482 sicut
1513 1449 1718 1493 postmodum
1735 1449 1780 1482 di-

1038 1502 1108 1534 lecti
1141 1502 1260 1546 pariter
1296 1502 1350 1535 lilii
1387 1503 1559 1546 capitulum
1586 1508 1615 1536 et
1640 1502 1782 1536 canonici

1039 1556 1298 1599 metropolitanae
1312 1556 1462 1589 ecclesiae
1473 1556 1781 1600 Caesaraugustanae

1038 1608 1128 1642 nobis
1153 1609 1267 1652 exponi
1293 1610 1443 1651 fecerunt,
1470 1609 1538 1653 ipsi,
1564 1610 1636 1643 licet
1660 1610 1698 1643 ab
1723 1610 1781 1643 im-

1040 1662 1238 1696 memorabili
1258 1668 1410 1707 tempore,
1424 1663 1469 1696 uti
1487 1663 1626 1696 eiusdem
1641 1664 1717 1696 cleri
1735 1674 1782 1697 ca-

1038 1720 1103 1758 put,
1120 1721 1220 1748 totum
1244 1715 1326 1749 illius
1345 1726 1459 1760 corpus
1477 1717 1783 1760 repraesentaverint

1039 1774 1068 1801 et
1093 1774 1351 1812 repraesentent,
1377 1776 1406 1802 et
1439 1776 1609 1814 propterea
1639 1771 1781 1814 ipsorum

1039 1832 1210 1856 consensus
1222 1833 1347 1867 semper
1364 1823 1395 1855 in
1416 1823 1571 1857 similibus
1584 1824 1781 1867 gabellarum

1039 1875 1293 1919 impositionibus
1317 1876 1534 1921 principaliter
1559 1878 1729 1921 requisitus
1751 1883 1780 1912 et

1038 1929 1183 1962 obtentus
1197 1930 1301 1971 fuerit,
1314 1940 1371 1963 nec
1385 1941 1522 1974 unquam
1538 1931 1569 1964 in
1586 1932 1780 1965 contrarium

1037 1983 1206 2027 quicquam
1232 1983 1415 2026 obtinuerit,
1436 1984 1534 2018 nihilo
1556 1991 1659 2018 tamen
1677 1986 1781 2019 minus

1039 2042 1215 2079 vereantur,
1241 2048 1279 2071 ne
1304 2037 1365 2071 illis
1382 2038 1494 2082 spretis
1511 2039 1549 2072 ad
1566 2040 1779 2083 praefatarum

1037 2097 1217 2124 nostrarum
1234 2092 1410 2126 litterarum
1426 2093 1643 2127 executionem
1664 2094 1695 2126 in
1709 2104 1781 2137 gra-

1039 2155 1073 2178 ve
1098 2156 1207 2179 eorum
1232 2146 1460 2190 praeiudicium
1491 2148 1664 2191 procedas:
1689 2148 1780 2181 nobis

1036 2204 1206 2243 propterea
1222 2200 1304 2233 idem
1326 2200 1497 2245 capitulum
1520 2206 1549 2234 et
1569 2202 1710 2235 canonici
1725 2202 1779 2236 hu-

1038 2253 1153 2285 militer
1177 2254 1349 2297 supplicari
1376 2255 1526 2295 fecerunt,
1552 2260 1585 2288 ut
1611 2255 1669 2288 sibi
1687 2255 1779 2288 desu-

1038 2317 1093 2350 per
1117 2312 1295 2351 opportune
1327 2308 1494 2352 providere
1520 2309 1558 2342 de
1583 2309 1779 2352 benignitate

1036 2361 1208 2404 apostolica
1229 2361 1444 2404 dignaremur.

1081 2414 1095 2457 ,ξ
1128 2414 1157 2447 3.
1183 2415 1244 2448 Nos
1270 2415 1386 2458 igitur,
1411 2416 1512 2449 dictos
1545 2417 1715 2461 capitulum
1751 2423 1781 2452 et

1074 2506 1083 2530 1
1102 2503 1195 2531 Potius
1214 2503 1273 2539 lege
1293 2506 1491 2533 commisimus

1035 2549 1072 2583 (a.
1090 2551 1137 2582 Τ.).

1071 2594 1086 2619 2
1108 2593 1198 2620 Potius
1217 2593 1276 2629 lege
1296 2594 1461 2623 decerneres
1481 2600 1518 2627 (a.
1539 2599 1587 2629 T.).

1071 2638 1085 2664 3
1101 2638 1171 2669 Quas
1187 2637 1247 2666 vide
1261 2647 1343 2675 supra
1359 2647 1418 2675 pag.
1435 2640 1468 2666 it
1484 2640 1567 2667 huius
1583 2640 1649 2668 tomi
1669 2642 1706 2677 (a.
1728 2642 1776 2676 T.).

1513 2526 1549 2533 .,,
1572 2507 1776 2536 mandavimus

1795 215 1842 241 An.
1860 215 1887 242 C.
1913 215 1978 243 1055

1824 1458 1926 1485 Sequitur
1935 1464 1983 1487 sup·

1797 1486 1891 1511 plicatio.

1849 2424 1862 2442 A
1886 2427 1980 2444 censuris

1795 2449 1865 2470 absoli
1873 2451 1894 2470 «t.
