2243 3205
878 181 972 205 ixntzx
999 181 1102 204 arnor
1655 168 1712 202 791

223 237 353 269 Carolus
378 236 550 270 Clusiensis
576 237 755 280 episcopus,
783 234 847 267 5:20
873 234 908 271 ῥ’,

222 290 352 323 Carolus
376 291 416 323 de
440 290 584 324 Condren
610 289 752 333 superior
777 287 933 330 generalis
959 284 1221 327 Congrcgationis
1246 285 1381 318 Oratorii
1411 285 1576 323 Manciae,
1604 284 1666 317 506
1688 297 1705 317 a
1733 291 1760 317 ct

306 342 370 376 61⁹2
395 343 429 383 b;
454 353 487 376 se
511 343 642 376 dimittit
667 353 685 374 a
710 340 888 374 directione
910 338 1192 373 Carmelitanarum
1213 338 1468 371 Excalceataruin
1495 338 1679 370 mon··.sterii
1705 338 1762 370 Pa-

312 394 466 435 risiensis,
493 396 567 428 ibid.

224 447 354 480 Carolus
370 447 409 480 de
425 447 582 481 Gamache
599 458 681 481 unus
698 458 734 481 ex
753 446 855 480 tribus
876 444 1056 479 rectoribus
1078 443 1361 477 Carmelitanaruni
1388 445 1646 478 Ex‹‡·alceataruin
1668 445 1763 478 Fran-

313 500 390 540 ctae,
418 499 482 533 1315
506 510 535 532 α.

224 553 352 587 Carolus
378 553 567 586 Emmanuel
593 553 709 585 nobilis
734 552 857 586 iuvenis
879 551 1057 584 sabaudiae
1078 551 1153 591 dux,
1173 550 1213 583 88
1230 551 1265 591 b3
1286 551 1361 594 petit
1384 558 1412 584 et
1438 551 1561 584 obtinet
1585 551 1761 584 subsidium

311 615 405 650 super
429 605 521 638 bonis
546 605 768 638 ecclesiasticis
794 615 850 648 pro
876 603 1070 647 pauperibus
1096 604 1261 637 catholicis
1279 604 1413 636 Vallium
1431 605 1479 637 sui
1499 605 1646 645 dominii,
1670 605 1761 643 (luds,

310 659 451 702 postulat
475 669 532 702 pro
557 658 793 691 beatificatione
818 657 847 690 S.
877 657 1034 690 Francisci
1061 656 1184 697 Salesii‚
1210 657 1284 690 ibid.

226 712 521 755 Carpenctoratensi
547 711 664 745 civitati
690 710 854 754 privilegia
881 711 1125 747 confirmantur,
1154 709 1211 742 5911
1242 710 1257 742 h
1283 718 1310 743 et
1338 722 1399 753 seq.

224 765 411 798 Gai-thusiae
435 764 466 797 S.
494 764 655 798 Laurentii
680 765 711 797 in
737 775 837 807 regno
862 763 1011 807 Neapolis
1037 769 1278 797 conservatores
1304 764 1610 822 deputanturDTOZ)
1635 776 1653 796 a
1680 772 1707 797 et
1734 765 1760 797 l».

225 818 383 851 Casalensi
409 818 563 862 episcopo
588 818 802 851 committitur
827 817 968 860 cognitio
994 827 1090 860 super
1116 817 1340 850 controversiis
1366 818 1447 850 inter
1473 817 1648 861 principem
1678 818 1761 850 Mas-

313 871 417 904 serani
443 877 474 904 et
498 871 537 904 de
562 870 734 905 Crevacore
760 882 796 905 ac
820 871 887 904 eius
913 871 1063 904 vassallos
1089 871 1300 910 vertentibus,
1328 871 1384 904 tot
1408 872 1434 904 l».

223 921 692 968 Cassinensium'Congregatio
719 925 844 958 Ordinis
863 924 893 957 S.
913 924 1085 957 Benedicti.
1113 924 1327 958 Confirmatur
1352 925 1516 959 decretum
1544 925 1720 957 innocentii
1741 926 1763 956 X

311 988 407 1021 super
431 977 711 1011 administratione
732 978 972 1011 cellerariorum
999 978 1101 1011 dictae
1121 979 1393 1022 congregationis,
1421 978 1461 1011 50
1486 978 1518 1014 b:
1543 979 1618 1011 item
1645 978 1763 1011 consu·-

314 1037 421 1064 matur
453 1031 618 1065 decretum
649 1041 747 1074 super
779 1032 990 1064 oeconomico
1015 1036 1099 1065 statu
1124 1038 1153 1065 ct
1178 1034 1263 1065 recta
1295 1031 1572 1065 administratione
1606 1032 1765 1065 bonorum

315 1084 540 1128 temporalium
565 1083 666 1128 ipsius
692 1084 961 1128 congregationis,
983 1084 1046 1117 55¹.)
1064 1085 1099 1124 ῥ’,
1120 1086 1234 1119 modus
1255 1086 1388 1119 faciendi
1415 1086 1609 1130 provisiones
1634 1092 1663 1119 et
1687 1086 1766 1120 elec-

314 1139 417 1172 tiones
442 1138 474 1171 in
498 1137 647 1182 capitulis
672 1137 877 1180 generalibus
903 1144 933 1171 et
958 1138 1063 1177 dietis,
1091 1138 1155 1171 504
1180 1139 1207 1172 b.

226 1190 379 1225 Castellar
404 1191 455 1233 (fr.
479 1191 613 1225 Ioannes
639 1191 754 1225 Paulus
780 1191 937 1234 Lascaris)
963 1192 1033 1224 'vitto
1058 1193 1192 1225 Ioannes
1215 1192 1345 1226 Paulus

226 1243 379 1279 Catalonii
403 1245 523 1278 violant
547 1244 784 1278 immunitatem
811 1245 1065 1279 ecclesiasticam
1090 1251 1118 1278 et
1145 1247 1177 1279 in
1206 1256 1358 1279 censuras
1390 1246 1575 1283 incurrunt,
1600 1256 1617 1278 a
1649 1245 1766 1288 quibus

316 1298 525 1332 absolvuntur
549 1310 566 1331 a
591 1298 656 1332 suis
682 1298 854 1342 episcopis,
882 1298 944 1332 167
973 1311 1004 1332 ιι.

227 1350 398 1384 catharina
426 1351 576 1395 Angelica
608 1351 773 1385 d'Orleans
805 1352 964 1385 abbatissa
998 1353 1181 1386 monasterii
1215 1353 1401 1386 monialium
1436 1354 1466 1385 B.
1498 1352 1613 1386 Mariae
1643 1353 1768 1395 Regalis

317 1404 356 1436 de
381 1404 596 1446 Maubuisson,
624 1405 687 1438 692
712 1405 738 1438 b.

208 1457 481 1492 'Caelestinorum
507 1459 712 1502 congregatio
738 1459 866 1493 Ordinis
892 1459 991 1492 sancti
1018 1459 1194 1493 Benedicti.
1220 1460 1366 1493 Ambitus
1393 1459 1576 1493 Caelestinis
1608 1459 1770 1492 interdici-

320 1516 372 1544 tur
395 1511 428 1544 in
453 1512 586 1545 virtutae
608 1518 738 1547 sanctae
759 1513 960 1546 obedientiae
978 1518 1007 1545 et
1035 1514 1094 1546 sub
1113 1513 1454 1546 excommunicationis
1478 1514 1571 1546 ctiam
1600 1514 1680 1546 latae
1701 1524 1770 1545 scn-

320 1564 440 1599 tentiae
465 1576 586 1609 poena,
614 1565 655 1599 30
680 1566 715 1607 {73
743 1567 910 1600 innovatur
940 1567 1102 1600 decretum
1129 1567 1216 1599 Pauli
1244 1567 1265 1598 V
1291 1567 1347 1599 hac
1372 1566 1411 1600 de
1445 1578 1478 1600 rc
1509 1567 1650 1606 editum,
1679 1566 1769 1606 ibitt,

322 1625 518 1661 paramenta,
547 1625 623 1659 ete.‚
651 1620 691 1652 ab
716 1631 826 1653 eorum
853 1620 994 1654 ecclesiis
1019 1620 1138 1653 extrahi
1164 1619 1385 1664 prohibentur,
1414 1620 1478 1653 0290
1502 1631 1522 1652 α
1542 1627 1568 1653 et
1595 1631 1659 1663 seq.

233 1671 358 1705 Cbisius
383 1671 513 1712 Fabius,
540 1673 609 1706 vide
632 1673 812 1706 Alexander
837 1673 899 1706 vlt.

231 1724 374 1758 Chisium
399 1724 583 1767 collegium,
609 1727 679 1758 ride
705 1726 886 1770 collegium.

231 1778 392 1812 Christina
417 1779 528 1822 regina
553 1779 681 1813 Sveciae
705 1779 743 1812 ad
769 1780 943 1813 Ecclesiam
968 1780 1156 1813 catholicam
1184 1780 1312 1813 veniens
1344 1779 1517 1812 absolvitur
1548 1779 1587 1812 ab
1624 1780 1771 1812 omnibus

320 1832 464 1865 censuris
490 1838 520 1865 et
545 1833 675 1876 poenis,
704 1832 746 1865 74
770 1834 804 1873 lv,
829 1838 967 1876 quatuor
1000 1833 1130 1876 praelati
1164 1833 1359 1877 deputantur
1382 1834 1490 1866 nuncii
1524 1834 1770 1866 extraordinarii

319 1885 358 1917 ad
392 1885 612 1928 excipiendam
645 1886 788 1929 reginam
821 1886 949 1920 Sveciae
983 1887 1116 1919 Romam
1153 1887 1353 1925 venientem,
1381 1886 1422 1919 83
1452 1899 1490 1922 ω’,
1515 1887 1641 1920 obviam
1667 1887 1770 1919 cidem

319 1938 490 1971 mittuntur
514 1938 577 1971 duo
604 1939 780 1973 cardinales
806 1940 938 1974 Ioannes
963 1939 1091 1973 Carolus
1117 1939 1148 1973 S.
1167 1939 1283 1972 Mariae
1310 1939 1413 1972 Novae
1440 1940 1478 1972 dc
1503 1940 1637 1973 sicilicos
1658 1946 1688 1973 et
1707 1940 1770 1972 Fri-

319 1990 444 2024 dericus
469 1990 500 2024 S.
525 1992 640 2024 Mariae
666 1992 696 2024 in
722 1992 842 2036 Aquiro
860 1992 900 2026 de
918 1993 1029 2026 [Iassia
1055 1993 1330 2036 ntincupat,i1s‚07
1357 2005 1394 2029 a:
1421 1994 1551 2026 facultas
1576 1994 1677 2026 eidem
1697 2004 1771 2026 con-

321 2043 446 2077 ceditur
478 2043 677 2087 ingrediendi
709 2055 932 2089 quaecumque
964 2046 1104 2079 virorum
1131 2046 1354 2089 religiosorum
1381 2047 1411 2078 in
1439 2048 1521 2080 Urbe
1555 2047 1770 2086 monasteriay

323 2095 387 2129 102
412 2107 451 2136 a;
479 2097 555 2130 item
582 2098 782 2139 monialium,
809 2099 888 2131 ibid.
916 2099 950 2137 tr,
976 2100 1073 2132 imino
1099 2106 1129 2132 et
1155 2105 1280 2144 cryptas
1306 2099 1457 2132 basilicae
1475 2100 1504 2133 S.
1522 2100 1618 2139 Petri,
1646 2101 1771 2143 cappel-

322 2150 384 2182 lam
411 2150 450 2183 ad
475 2149 591 2183 Sancta
616 2151 805 2185 Sanctorum
838 2157 868 2186 ct
892 2153 922 2185 S.
952 2153 1091 2187 Helenae
1117 2153 1147 2185 in
1174 2154 1306 2187 ccclesia
1331 2154 1360 2186 S.
1390 2153 1518 2193 Criu-is,
1548 2154 1629 2193 103,
1656 2160 1683 2186 et
1710 2154 1770 2186 alia

322 2203 389 2235 loca
420 2209 531 2236 sancta
556 2214 780 2249 quaecumque
805 2205 837 2238 in
864 2206 967 2246 Urbe,
999 2206 1061 2240 105
1086 2218 1104 2239 a
1131 2213 1159 2239 et
1186 2207 1202 2238 lt
1226 2217 1300 2249 seqs,
1326 2206 1555 2239 monasterium
1582 2206 1674 2239 ctiam
1700 2208 1771 2238 (lar-

326 2256 548 2290 thusianorum
575 2257 613 2290 de
640 2258 720 2291 Urbe
745 2263 773 2291 et
804 2259 1092 2293 Camaldulcnsium
1126 2270 1224 2303 prope
1256 2260 1449 2297 Tusculum,
1488 2260 1545 2291 100
1571 2260 1606 2294 li:
1643 2261 1770 2292 mandat

324 2310 419 2343 etiam
444 2310 624 2344 Alexander
648 2311 716 2352 Vll,
745 2318 779 2345 ut
804 2312 925 2354 eidem,
953 2313 1078 2356 quoties
1104 2312 1246 2348 voluerit,
1266 2312 1448 2345 ‹lesui-:intur
1475 2324 1574 2355 usque
1600 2312 1637 2344 ad
1669 2319 1770 2345 certos

324 2362 442 2396 limites
469 2363 577 2396 Vultus
601 2363 748 2406 Sanctus,
775 2366 867 2398 Sacra
892 2367 1024 2407 Lancea,
1059 2377 1141 2408 quae
1166 2365 1197 2398 in
1224 2366 1354 2398 basilica
1387 2367 1417 2398 S.
1446 2365 1528 2398 reu-i
1556 2371 1768 2401 asservantur,

326 2415 390 2449 105
414 2426 449 2455 α;
474 2416 579 2449 variae
604 2417 705 2451 eidem
723 2419 906 2462 personales
926 2419 1145 2461 indulgentiae
1164 2429 1343 2456 concessae,
1366 2418 1428 2451 tos
1455 2419 1490 2454 lt:
1518 2418 1648 2451 l'acultas
1668 2418 1771 2451 cidem

327 2468 361 2501 fit
378 2470 588 2512 pernoctandi
615 2470 648 2503 iu
675 2472 876 2506 monasteriis
902 2473 1087 2506 monialium
1113 2472 1144 2504 iu
1169 2471 1294 2510 itinere,
1322 2472 1385 2503 ‘fisa
1410 2472 1436 2504 h.

235 2522 494 2557 Cisterciensium
518 2523 615 2565 Ordo,
642 2524 684 2557 43
709 2537 749 2566 a;
775 2537 832 2570 pro
857 2526 1102 2570 congregatione
1129 2526 1297 2558 reformata
1324 2527 1353 2557 5.
1377 2525 1526 2558 lterum-di
1551 2525 1692 2558 eiusdem
1710 2524 1768 2558 Or-

324 2574 407 2608 dinis
434 2575 643 2610 confirmatur
667 2578 850 2613 constitutio
879 2589 974 2622 super
999 2577 1140 2619 ambitu,
1165 2577 1206 2611 43
1231 2579 1266 2619 (13
1302 2579 1400 2623 ipsiu>
1427 2579 1553 2612 Ordinis
1579 2579 1768 2611 iiiomtst‹=i·i;i
