<?xml version="1.0" encoding="UTF-8"?>
<!DOCTYPE html PUBLIC "-//W3C//DTD XHTML 1.0 Transitional//EN"
    "http://www.w3.org/TR/xhtml1/DTD/xhtml1-transitional.dtd">
<html xmlns="http://www.w3.org/1999/xhtml" xml:lang="en" lang="en">
 <head>
  <title>
</title>
<meta http-equiv="Content-Type" content="text/html;charset=utf-8" />
  <meta name='ocr-system' content='tesseract 3.04.00' />
  <meta name='ocr-capabilities' content='ocr_page ocr_carea ocr_par ocr_line ocrx_word'/>
</head>
<body>
  <div class='ocr_page' id='page_1' title='image "./bullarumdiplomat16cath_0138.png"; bbox 0 0 2263 3215; ppageno 0'>
   <div class='ocr_carea' id='block_1_1' title="bbox 324 224 507 251">
    <p class='ocr_par' dir='ltr' id='par_1_1' title="bbox 324 224 507 251">
     <span class='ocr_line' id='line_1_1' title="bbox 324 224 507 251; baseline 0.011 -2"><span class='ocrx_word' id='word_1_1' title='bbox 324 225 372 250; x_wconf 79' lang='lat' dir='ltr'>An.</span> <span class='ocrx_word' id='word_1_2' title='bbox 390 224 416 250; x_wconf 91' lang='lat' dir='ltr'>C.</span> <span class='ocrx_word' id='word_1_3' title='bbox 442 224 507 251; x_wconf 78' lang='lat'>1650</span> 
     </span>
    </p>
   </div>
   <div class='ocr_carea' id='block_1_2' title="bbox 518 215 1254 581">
    <p class='ocr_par' dir='ltr' id='par_1_2' title="bbox 518 215 1254 581">
     <span class='ocr_line' id='line_1_2' title="bbox 555 215 617 247; baseline 0.032 -4"><span class='ocrx_word' id='word_1_4' title='bbox 555 215 617 247; x_wconf 69' lang='lat' dir='ltr'>iat</span> 
     </span>
     <span class='ocr_line' id='line_1_3' title="bbox 521 271 1254 314; baseline 0.003 -10"><span class='ocrx_word' id='word_1_5' title='bbox 521 272 681 305; x_wconf 74' lang='lat' dir='ltr'>facultates</span> <span class='ocrx_word' id='word_1_6' title='bbox 699 272 826 304; x_wconf 87' lang='lat' dir='ltr'>minime</span> <span class='ocrx_word' id='word_1_7' title='bbox 845 271 1008 314; x_wconf 83' lang='lat' dir='ltr'>sufficiant,</span> <span class='ocrx_word' id='word_1_8' title='bbox 1027 273 1254 306; x_wconf 84' lang='lat' dir='ltr'>ecclesiasticae</span> 
     </span>
     <span class='ocr_line' id='line_1_4' title="bbox 519 326 1254 369; baseline 0.001 -11"><span class='ocrx_word' id='word_1_9' title='bbox 519 336 593 359; x_wconf 84' lang='lat' dir='ltr'>vero</span> <span class='ocrx_word' id='word_1_10' title='bbox 618 336 768 369; x_wconf 71' lang='lat' dir='ltr'>personae</span> <span class='ocrx_word' id='word_1_11' title='bbox 791 326 878 368; x_wconf 72' lang='lat' dir='ltr'>regni</span> <span class='ocrx_word' id='word_1_12' title='bbox 904 326 1095 366; x_wconf 83' lang='lat' dir='ltr'>huiusmodi,</span> <span class='ocrx_word' id='word_1_13' title='bbox 1116 326 1205 359; x_wconf 89' lang='lat' dir='ltr'>bonis</span> <span class='ocrx_word' id='word_1_14' title='bbox 1226 332 1254 360; x_wconf 90' lang='lat' dir='ltr'>et</span> 
     </span>
     <span class='ocr_line' id='line_1_5' title="bbox 519 379 1251 424; baseline 0.004 -14"><span class='ocrx_word' id='word_1_15' title='bbox 519 379 692 411; x_wconf 68' lang='lat' dir='ltr'>redditibus</span> <span class='ocrx_word' id='word_1_16' title='bbox 709 380 747 411; x_wconf 82' lang='lat' dir='ltr'>ab</span> <span class='ocrx_word' id='word_1_17' title='bbox 766 379 873 412; x_wconf 76' lang='lat' dir='ltr'>iisdem</span> <span class='ocrx_word' id='word_1_18' title='bbox 889 379 998 412; x_wconf 65' lang='grc' dir='ltr'>Δ1105015</span> <span class='ocrx_word' id='word_1_19' title='bbox 1016 386 1045 412; x_wconf 77' lang='lat' dir='ltr'>et</span> <span class='ocrx_word' id='word_1_20' title='bbox 1065 380 1170 413; x_wconf 83' lang='lat' dir='ltr'>Svecis</span> <span class='ocrx_word' id='word_1_21' title='bbox 1187 391 1251 424; x_wconf 29' lang='lat' dir='ltr'>spor</span> 
     </span>
     <span class='ocr_line' id='line_1_6' title="bbox 520 432 1252 475; baseline 0.001 -11"><span class='ocrx_word' id='word_1_22' title='bbox 520 432 620 471; x_wconf 78' lang='lat' dir='ltr'>liatae,</span> <span class='ocrx_word' id='word_1_23' title='bbox 646 444 682 464; x_wconf 78' lang='lat' dir='ltr'>co</span> <span class='ocrx_word' id='word_1_24' title='bbox 707 433 921 475; x_wconf 75' lang='lat' dir='ltr'>angustiarum</span> <span class='ocrx_word' id='word_1_25' title='bbox 949 433 1108 466; x_wconf 67' lang='grc' dir='ltr'>10330130ι</span> <span class='ocrx_word' id='word_1_26' title='bbox 1130 434 1200 474; x_wconf 87' lang='lat' dir='ltr'>sint,</span> <span class='ocrx_word' id='word_1_27' title='bbox 1223 439 1252 465; x_wconf 93' lang='lat' dir='ltr'>ut</span> 
     </span>
     <span class='ocr_line' id='line_1_7' title="bbox 518 485 1253 528; baseline 0.003 -12"><span class='ocrx_word' id='word_1_28' title='bbox 518 485 595 517; x_wconf 84' lang='grc'><strong>311111</strong></span> <span class='ocrx_word' id='word_1_29' title='bbox 621 489 673 518; x_wconf 85' lang='lat' dir='ltr'>aut</span> <span class='ocrx_word' id='word_1_30' title='bbox 709 496 820 528; x_wconf 88' lang='lat' dir='ltr'>parum</span> <span class='ocrx_word' id='word_1_31' title='bbox 849 485 878 517; x_wconf 90' lang='lat' dir='ltr'>in</span> <span class='ocrx_word' id='word_1_32' title='bbox 902 496 1103 518; x_wconf 86' lang='lat' dir='ltr'>communem</span> <span class='ocrx_word' id='word_1_33' title='bbox 1129 496 1253 518; x_wconf 84' lang='lat' dir='ltr'>causam</span> 
     </span>
     <span class='ocr_line' id='line_1_8' title="bbox 519 538 1253 581; baseline -0.001 -10"><span class='ocrx_word' id='word_1_34' title='bbox 519 538 719 571; x_wconf 72' lang='lat' dir='ltr'>contribuet-0</span> <span class='ocrx_word' id='word_1_35' title='bbox 737 538 872 581; x_wconf 85' lang='lat' dir='ltr'>possint:</span> <span class='ocrx_word' id='word_1_36' title='bbox 890 549 956 581; x_wconf 91' lang='lat' dir='ltr'>nos⁷</span> <span class='ocrx_word' id='word_1_37' title='bbox 971 539 1203 572; x_wconf 69' lang='lat' dir='ltr'>considerantes</span> <span class='ocrx_word' id='word_1_38' title='bbox 1220 541 1253 571; x_wconf 73' lang='lat' dir='ltr'>ez&#39;t</span> 
     </span>
    </p>
   </div>
   <div class='ocr_carea' id='block_1_3' title="bbox 519 591 1272 635">
    <p class='ocr_par' dir='ltr' id='par_1_3' title="bbox 519 591 1272 635">
     <span class='ocr_line' id='line_1_9' title="bbox 519 591 1272 635; baseline 0.001 -12"><span class='ocrx_word' id='word_1_39' title='bbox 519 591 550 623; x_wconf 90' lang='lat' dir='ltr'>in</span> <span class='ocrx_word' id='word_1_40' title='bbox 580 602 613 623; x_wconf 90' lang='lat' dir='ltr'>re</span> <span class='ocrx_word' id='word_1_41' title='bbox 649 601 710 624; x_wconf 92' lang='grc'>303</span> <span class='ocrx_word' id='word_1_42' title='bbox 737 591 837 623; x_wconf 87' lang='lat' dir='ltr'>minus</span> <span class='ocrx_word' id='word_1_43' title='bbox 862 592 937 631; x_wconf 87' lang='lat' dir='ltr'>Dei,</span> <span class='ocrx_word' id='word_1_44' title='bbox 963 591 1050 624; x_wconf 83' lang='lat' dir='ltr'>cuius</span> <span class='ocrx_word' id='word_1_45' title='bbox 1087 592 1201 635; x_wconf 84' lang='lat' dir='ltr'>templa</span> <span class='ocrx_word' id='word_1_46' title='bbox 1226 597 1272 628; x_wconf 68' lang='grc'>01,</span> 
     </span>
    </p>
   </div>
   <div class='ocr_carea' id='block_1_4' title="bbox 517 644 1254 1060">
    <p class='ocr_par' dir='ltr' id='par_1_4' title="bbox 517 644 1254 1060">
     <span class='ocr_line' id='line_1_10' title="bbox 518 644 1250 684; baseline 0.001 -9"><span class='ocrx_word' id='word_1_47' title='bbox 518 653 605 676; x_wconf 86' lang='lat' dir='ltr'>sacra</span> <span class='ocrx_word' id='word_1_48' title='bbox 632 644 787 676; x_wconf 84' lang='lat' dir='ltr'>violantur</span> <span class='ocrx_word' id='word_1_49' title='bbox 817 649 846 676; x_wconf 79' lang='lat' dir='ltr'>ot</span> <span class='ocrx_word' id='word_1_50' title='bbox 870 644 972 676; x_wconf 82' lang='lat' dir='ltr'>cultus</span> <span class='ocrx_word' id='word_1_51' title='bbox 996 648 1105 684; x_wconf 83' lang='lat' dir='ltr'>cessat,</span> <span class='ocrx_word' id='word_1_52' title='bbox 1130 654 1165 676; x_wconf 86' lang='lat' dir='ltr'>ac</span> <span class='ocrx_word' id='word_1_53' title='bbox 1190 645 1250 676; x_wconf 90' lang='lat' dir='ltr'>mi-</span> 
     </span>
     <span class='ocr_line' id='line_1_11' title="bbox 518 696 1251 740; baseline 0.001 -12"><span class='ocrx_word' id='word_1_54' title='bbox 518 696 689 729; x_wconf 86' lang='lat' dir='ltr'>nistrorum</span> <span class='ocrx_word' id='word_1_55' title='bbox 717 697 793 737; x_wconf 68' lang='grc'><strong>0135,</strong></span> <span class='ocrx_word' id='word_1_56' title='bbox 810 708 902 740; x_wconf 86' lang='lat' dir='ltr'>quam</span> <span class='ocrx_word' id='word_1_57' title='bbox 928 697 1078 730; x_wconf 90' lang='lat' dir='ltr'>carissimi</span> <span class='ocrx_word' id='word_1_58' title='bbox 1105 698 1134 730; x_wconf 90' lang='lat' dir='ltr'>in</span> <span class='ocrx_word' id='word_1_59' title='bbox 1160 698 1251 730; x_wconf 83' lang='lat' dir='ltr'>Chri-</span> 
     </span>
     <span class='ocr_line' id='line_1_12' title="bbox 519 749 1253 783; baseline 0.001 -2"><span class='ocrx_word' id='word_1_60' title='bbox 519 753 566 783; x_wconf 88' lang='lat' dir='ltr'>sto</span> <span class='ocrx_word' id='word_1_61' title='bbox 591 749 646 782; x_wconf 86' lang='grc'><strong>11111</strong></span> <span class='ocrx_word' id='word_1_62' title='bbox 671 750 768 783; x_wconf 85' lang='lat' dir='ltr'>nostri</span> <span class='ocrx_word' id='word_1_63' title='bbox 795 750 918 783; x_wconf 90' lang='lat' dir='ltr'>loannis</span> <span class='ocrx_word' id='word_1_64' title='bbox 942 750 1082 783; x_wconf 88' lang='lat' dir='ltr'>Casimiri</span> <span class='ocrx_word' id='word_1_65' title='bbox 1109 750 1253 783; x_wconf 81' lang='lat' dir='ltr'>Poloniae</span> 
     </span>
     <span class='ocr_line' id='line_1_13' title="bbox 518 803 1252 847; baseline 0 -12"><span class='ocrx_word' id='word_1_66' title='bbox 518 808 547 835; x_wconf 89' lang='lat' dir='ltr'>et</span> <span class='ocrx_word' id='word_1_67' title='bbox 561 803 687 836; x_wconf 85' lang='lat' dir='ltr'>Sveciae</span> <span class='ocrx_word' id='word_1_68' title='bbox 705 804 787 845; x_wconf 68' lang='lat' dir='ltr'>regis</span> <span class='ocrx_word' id='word_1_69' title='bbox 802 803 940 843; x_wconf 87' lang='lat' dir='ltr'>illustris,</span> <span class='ocrx_word' id='word_1_70' title='bbox 955 804 1152 847; x_wconf 80' lang='lat' dir='ltr'>possessione</span> <span class='ocrx_word' id='word_1_71' title='bbox 1164 804 1252 846; x_wconf 74' lang='lat' dir='ltr'>regni</span> 
     </span>
     <span class='ocr_line' id='line_1_14' title="bbox 518 856 1254 900; baseline 0.001 -13"><span class='ocrx_word' id='word_1_72' title='bbox 518 856 670 889; x_wconf 85' lang='lat' dir='ltr'>violenter</span> <span class='ocrx_word' id='word_1_73' title='bbox 684 861 713 888; x_wconf 89' lang='lat' dir='ltr'>et</span> <span class='ocrx_word' id='word_1_74' title='bbox 727 857 839 889; x_wconf 88' lang='lat' dir='ltr'>iniuste</span> <span class='ocrx_word' id='word_1_75' title='bbox 856 857 949 896; x_wconf 80' lang='lat' dir='ltr'>exuti,</span> <span class='ocrx_word' id='word_1_76' title='bbox 964 867 1088 889; x_wconf 76' lang='lat' dir='ltr'>causam</span> <span class='ocrx_word' id='word_1_77' title='bbox 1103 857 1167 898; x_wconf 69' lang='lat' dir='ltr'>agi,</span> <span class='ocrx_word' id='word_1_78' title='bbox 1181 867 1254 900; x_wconf 81' lang='lat' dir='ltr'>qua-</span> 
     </span>
     <span class='ocr_line' id='line_1_15' title="bbox 518 909 1251 953; baseline -0.001 -11"><span class='ocrx_word' id='word_1_79' title='bbox 518 920 653 952; x_wconf 81' lang='lat' dir='ltr'>cumque</span> <span class='ocrx_word' id='word_1_80' title='bbox 686 909 745 941; x_wconf 73' lang='lat' dir='ltr'>atta</span> <span class='ocrx_word' id='word_1_81' title='bbox 779 910 966 953; x_wconf 71' lang='lat' dir='ltr'>promptiori</span> <span class='ocrx_word' id='word_1_82' title='bbox 994 910 1112 942; x_wconf 88' lang='lat' dir='ltr'>ratione</span> <span class='ocrx_word' id='word_1_83' title='bbox 1138 910 1168 942; x_wconf 91' lang='lat' dir='ltr'>in</span> <span class='ocrx_word' id='word_1_84' title='bbox 1192 916 1251 941; x_wconf 85' lang='lat' dir='ltr'>tam</span> 
     </span>
     <span class='ocr_line' id='line_1_16' title="bbox 518 962 1252 1005; baseline 0 -10"><span class='ocrx_word' id='word_1_85' title='bbox 518 962 642 1005; x_wconf 70' lang='lat' dir='ltr'>urgenti</span> <span class='ocrx_word' id='word_1_86' title='bbox 654 968 681 995; x_wconf 89' lang='grc'>01</span> <span class='ocrx_word' id='word_1_87' title='bbox 694 963 826 995; x_wconf 77' lang='lat' dir='ltr'>evidenti</span> <span class='ocrx_word' id='word_1_88' title='bbox 842 963 1024 995; x_wconf 86' lang='lat' dir='ltr'>necessitate</span> <span class='ocrx_word' id='word_1_89' title='bbox 1034 963 1134 995; x_wconf 70' lang='lat' dir='ltr'>cidem</span> <span class='ocrx_word' id='word_1_90' title='bbox 1147 962 1252 995; x_wconf 88' lang='lat' dir='ltr'>loanni</span> 
     </span>
     <span class='ocr_line' id='line_1_17' title="bbox 517 1015 1251 1060; baseline -0.003 -11"><span class='ocrx_word' id='word_1_91' title='bbox 517 1015 668 1049; x_wconf 89' lang='lat' dir='ltr'>Casimiro</span> <span class='ocrx_word' id='word_1_92' title='bbox 702 1016 767 1057; x_wconf 72' lang='lat' dir='ltr'>regi</span> <span class='ocrx_word' id='word_1_93' title='bbox 803 1026 861 1059; x_wconf 89' lang='lat' dir='ltr'>pro</span> <span class='ocrx_word' id='word_1_94' title='bbox 896 1016 1136 1060; x_wconf 81' lang='lat' dir='ltr'>recuperatione</span> <span class='ocrx_word' id='word_1_95' title='bbox 1165 1016 1251 1058; x_wconf 78' lang='lat' dir='ltr'>regni</span> 
     </span>
    </p>
   </div>
   <div class='ocr_carea' id='block_1_5' title="bbox 518 1069 1271 1118">
    <p class='ocr_par' dir='ltr' id='par_1_5' title="bbox 518 1069 1271 1118">
     <span class='ocr_line' id='line_1_18' title="bbox 518 1069 1271 1118; baseline 0 -17"><span class='ocrx_word' id='word_1_96' title='bbox 518 1069 717 1111; x_wconf 64' lang='lat' dir='ltr'>praedic-tiae</span> <span class='ocrx_word' id='word_1_97' title='bbox 732 1069 962 1101; x_wconf 75' lang='lat' dir='ltr'>haereticorum</span> <span class='ocrx_word' id='word_1_98' title='bbox 978 1069 1048 1101; x_wconf 82' lang='lat' dir='ltr'>inde</span> <span class='ocrx_word' id='word_1_99' title='bbox 1072 1069 1253 1112; x_wconf 75' lang='lat' dir='ltr'>expulsione</span> <span class='ocrx_word' id='word_1_100' title='bbox 1270 1106 1271 1118; x_wconf 16' lang='grc' dir='ltr'>ἵ</span> 
     </span>
    </p>
   </div>
   <div class='ocr_carea' id='block_1_6' title="bbox 517 1122 1254 1433">
    <p class='ocr_par' dir='ltr' id='par_1_6' title="bbox 517 1122 1254 1433">
     <span class='ocr_line' id='line_1_19' title="bbox 518 1122 1254 1166; baseline 0.001 -12"><span class='ocrx_word' id='word_1_101' title='bbox 518 1122 764 1155; x_wconf 83' lang='lat' dir='ltr'>subveniendum</span> <span class='ocrx_word' id='word_1_102' title='bbox 781 1133 954 1155; x_wconf 81' lang='lat' dir='ltr'>censemus.</span> <span class='ocrx_word' id='word_1_103' title='bbox 971 1123 1053 1155; x_wconf 84' lang='lat' dir='ltr'>Motu</span> <span class='ocrx_word' id='word_1_104' title='bbox 1069 1123 1171 1165; x_wconf 85' lang='lat' dir='ltr'>itaque</span> <span class='ocrx_word' id='word_1_105' title='bbox 1185 1133 1254 1166; x_wconf 83' lang='lat' dir='ltr'>pro-</span> 
     </span>
     <span class='ocr_line' id='line_1_20' title="bbox 517 1175 1253 1220; baseline 0.001 -13"><span class='ocrx_word' id='word_1_106' title='bbox 517 1175 597 1220; x_wconf 91' lang='lat' dir='ltr'>prio,</span> <span class='ocrx_word' id='word_1_107' title='bbox 623 1181 652 1208; x_wconf 87' lang='lat' dir='ltr'>et</span> <span class='ocrx_word' id='word_1_108' title='bbox 681 1187 715 1208; x_wconf 85' lang='lat' dir='ltr'>ex</span> <span class='ocrx_word' id='word_1_109' title='bbox 744 1178 829 1209; x_wconf 69' lang='lat' dir='ltr'>cet-ta</span> <span class='ocrx_word' id='word_1_110' title='bbox 858 1176 986 1208; x_wconf 75' lang='lat' dir='ltr'>scientia</span> <span class='ocrx_word' id='word_1_111' title='bbox 1015 1178 1132 1217; x_wconf 78' lang='lat' dir='ltr'>nostra,</span> <span class='ocrx_word' id='word_1_112' title='bbox 1153 1176 1253 1218; x_wconf 78' lang='lat' dir='ltr'>deque</span> 
     </span>
     <span class='ocr_line' id='line_1_21' title="bbox 517 1229 1252 1273; baseline -0.001 -11"><span class='ocrx_word' id='word_1_113' title='bbox 517 1229 705 1273; x_wconf 73' lang='lat' dir='ltr'>apostoticao</span> <span class='ocrx_word' id='word_1_114' title='bbox 730 1229 890 1272; x_wconf 87' lang='lat' dir='ltr'>potcstatis</span> <span class='ocrx_word' id='word_1_115' title='bbox 914 1229 1116 1272; x_wconf 74' lang='lat' dir='ltr'>plenitudine,</span> <span class='ocrx_word' id='word_1_116' title='bbox 1142 1229 1252 1261; x_wconf 85' lang='lat' dir='ltr'>frater-</span> 
     </span>
     <span class='ocr_line' id='line_1_22' title="bbox 517 1282 1253 1326; baseline -0.001 -11"><span class='ocrx_word' id='word_1_117' title='bbox 517 1283 605 1315; x_wconf 85' lang='lat' dir='ltr'>nitati</span> <span class='ocrx_word' id='word_1_118' title='bbox 630 1288 700 1315; x_wconf 89' lang='lat' dir='ltr'>tuae</span> <span class='ocrx_word' id='word_1_119' title='bbox 734 1293 790 1326; x_wconf 86' lang='lat' dir='ltr'>per</span> <span class='ocrx_word' id='word_1_120' title='bbox 821 1288 1001 1326; x_wconf 72' lang='lat' dir='ltr'>praesentes</span> <span class='ocrx_word' id='word_1_121' title='bbox 1027 1282 1253 1315; x_wconf 67' lang='lat' dir='ltr'>comminitans</span> 
     </span>
     <span class='ocr_line' id='line_1_23' title="bbox 518 1337 1252 1379; baseline -0.001 -10"><span class='ocrx_word' id='word_1_122' title='bbox 518 1343 548 1369; x_wconf 60' lang='lat' dir='ltr'>et,</span> <span class='ocrx_word' id='word_1_123' title='bbox 572 1337 764 1377; x_wconf 81' lang='lat' dir='ltr'>mandamus,</span> <span class='ocrx_word' id='word_1_124' title='bbox 791 1342 824 1369; x_wconf 87' lang='lat' dir='ltr'>ut</span> <span class='ocrx_word' id='word_1_125' title='bbox 848 1347 956 1369; x_wconf 81' lang='lat' dir='ltr'>omnes</span> <span class='ocrx_word' id='word_1_126' title='bbox 986 1341 1015 1369; x_wconf 87' lang='lat' dir='ltr'>et</span> <span class='ocrx_word' id='word_1_127' title='bbox 1039 1337 1177 1379; x_wconf 79' lang='lat' dir='ltr'>singulos</span> <span class='ocrx_word' id='word_1_128' title='bbox 1203 1347 1252 1368; x_wconf 86' lang='lat' dir='ltr'>ar-</span> 
     </span>
     <span class='ocr_line' id='line_1_24' title="bbox 518 1389 1249 1433; baseline -0.001 -11"><span class='ocrx_word' id='word_1_129' title='bbox 518 1389 752 1433; x_wconf 84' lang='lat' dir='ltr'>chiepiscopos,</span> <span class='ocrx_word' id='word_1_130' title='bbox 777 1390 958 1433; x_wconf 73' lang='lat' dir='ltr'>episcopos,</span> <span class='ocrx_word' id='word_1_131' title='bbox 984 1390 1128 1433; x_wconf 86' lang='lat' dir='ltr'>capitula,</span> <span class='ocrx_word' id='word_1_132' title='bbox 1154 1399 1249 1422; x_wconf 87' lang='lat' dir='ltr'>cano-</span> 
     </span>
    </p>
   </div>
   <div class='ocr_carea' id='block_1_7' title="bbox 518 1443 1271 1486">
    <p class='ocr_par' dir='ltr' id='par_1_7' title="bbox 518 1443 1271 1486">
     <span class='ocr_line' id='line_1_25' title="bbox 518 1443 1271 1486; baseline -0.001 -11"><span class='ocrx_word' id='word_1_133' title='bbox 518 1443 604 1475; x_wconf 85' lang='lat' dir='ltr'>nicos</span> <span class='ocrx_word' id='word_1_134' title='bbox 629 1448 658 1475; x_wconf 89' lang='lat' dir='ltr'>et</span> <span class='ocrx_word' id='word_1_135' title='bbox 683 1443 884 1476; x_wconf 81' lang='lat' dir='ltr'>ecclesiarum</span> <span class='ocrx_word' id='word_1_136' title='bbox 904 1454 938 1476; x_wconf 85' lang='lat' dir='ltr'>ac</span> <span class='ocrx_word' id='word_1_137' title='bbox 958 1444 1097 1476; x_wconf 88' lang='lat' dir='ltr'>locorum</span> <span class='ocrx_word' id='word_1_138' title='bbox 1128 1443 1252 1486; x_wconf 84' lang='lat' dir='ltr'>piorum</span> <span class='ocrx_word' id='word_1_139' title='bbox 1270 1467 1271 1470; x_wconf 21' lang='grc' dir='ltr'>η</span> 
     </span>
    </p>
   </div>
   <div class='ocr_carea' id='block_1_8' title="bbox 517 1496 1253 1539">
    <p class='ocr_par' dir='ltr' id='par_1_8' title="bbox 517 1496 1253 1539">
     <span class='ocr_line' id='line_1_26' title="bbox 517 1496 1253 1539; baseline 0 -11"><span class='ocrx_word' id='word_1_140' title='bbox 517 1496 731 1539; x_wconf 86' lang='lat' dir='ltr'>quorumlibet</span> <span class='ocrx_word' id='word_1_141' title='bbox 755 1502 894 1529; x_wconf 83' lang='lat' dir='ltr'>rectores</span> <span class='ocrx_word' id='word_1_142' title='bbox 920 1501 949 1528; x_wconf 87' lang='lat' dir='ltr'>et</span> <span class='ocrx_word' id='word_1_143' title='bbox 973 1496 1253 1535; x_wconf 81' lang='lat' dir='ltr'>administratores,</span> 
     </span>
    </p>
   </div>
   <div class='ocr_carea' id='block_1_9' title="bbox 518 1549 1271 1593">
    <p class='ocr_par' dir='ltr' id='par_1_9' title="bbox 518 1549 1271 1593">
     <span class='ocr_line' id='line_1_27' title="bbox 518 1549 1271 1593; baseline -0.003 -10"><span class='ocrx_word' id='word_1_144' title='bbox 518 1555 699 1593; x_wconf 84' lang='lat' dir='ltr'>ceterasque</span> <span class='ocrx_word' id='word_1_145' title='bbox 730 1560 880 1593; x_wconf 77' lang='lat' dir='ltr'>personas</span> <span class='ocrx_word' id='word_1_146' title='bbox 915 1549 1140 1582; x_wconf 77' lang='lat' dir='ltr'>ecclesiasticas</span> <span class='ocrx_word' id='word_1_147' title='bbox 1166 1549 1271 1591; x_wconf 58' lang='lat' dir='ltr'>regni&gt;</span> 
     </span>
    </p>
   </div>
   <div class='ocr_carea' id='block_1_10' title="bbox 517 1602 1253 1698">
    <p class='ocr_par' dir='ltr' id='par_1_10' title="bbox 517 1602 1253 1698">
     <span class='ocr_line' id='line_1_28' title="bbox 517 1602 1253 1646; baseline -0.003 -11"><span class='ocrx_word' id='word_1_148' title='bbox 517 1603 680 1646; x_wconf 83' lang='lat' dir='ltr'>praedicti,</span> <span class='ocrx_word' id='word_1_149' title='bbox 707 1609 767 1635; x_wconf 85' lang='lat' dir='ltr'>tam</span> <span class='ocrx_word' id='word_1_150' title='bbox 799 1604 973 1642; x_wconf 77' lang='lat' dir='ltr'>seculares,</span> <span class='ocrx_word' id='word_1_151' title='bbox 998 1613 1090 1645; x_wconf 89' lang='lat' dir='ltr'>quam</span> <span class='ocrx_word' id='word_1_152' title='bbox 1118 1602 1253 1635; x_wconf 83' lang='lat' dir='ltr'>cuiusvis</span> 
     </span>
     <span class='ocr_line' id='line_1_29' title="bbox 517 1655 1253 1698; baseline -0.001 -10"><span class='ocrx_word' id='word_1_153' title='bbox 517 1655 656 1695; x_wconf 81' lang='lat' dir='ltr'>ordinis,</span> <span class='ocrx_word' id='word_1_154' title='bbox 689 1656 942 1698; x_wconf 78' lang='lat' dir='ltr'>congregationis</span> <span class='ocrx_word' id='word_1_155' title='bbox 975 1662 1004 1687; x_wconf 86' lang='lat' dir='ltr'>et</span> <span class='ocrx_word' id='word_1_156' title='bbox 1040 1655 1192 1696; x_wconf 65' lang='lat' dir='ltr'>instituti,</span> <span class='ocrx_word' id='word_1_157' title='bbox 1218 1666 1253 1687; x_wconf 88' lang='lat' dir='ltr'>ac</span> 
     </span>
    </p>
   </div>
   <div class='ocr_carea' id='block_1_11' title="bbox 517 1709 1270 1753">
    <p class='ocr_par' dir='ltr' id='par_1_11' title="bbox 517 1709 1270 1753">
     <span class='ocr_line' id='line_1_30' title="bbox 517 1709 1270 1753; baseline 0 -12"><span class='ocrx_word' id='word_1_158' title='bbox 517 1709 609 1742; x_wconf 90' lang='lat' dir='ltr'>etiam</span> <span class='ocrx_word' id='word_1_159' title='bbox 624 1709 786 1743; x_wconf 84' lang='lat' dir='ltr'>Societatis</span> <span class='ocrx_word' id='word_1_160' title='bbox 804 1711 882 1749; x_wconf 76' lang='lat' dir='ltr'>lesu,</span> <span class='ocrx_word' id='word_1_161' title='bbox 901 1715 929 1741; x_wconf 79' lang='lat' dir='ltr'>et</span> <span class='ocrx_word' id='word_1_162' title='bbox 947 1709 1141 1749; x_wconf 74' lang='lat' dir='ltr'>militiarum,</span> <span class='ocrx_word' id='word_1_163' title='bbox 1159 1710 1251 1742; x_wconf 85' lang='lat' dir='ltr'>etiam</span> <span class='ocrx_word' id='word_1_164' title='bbox 1269 1745 1270 1753; x_wconf 14' lang='grc' dir='ltr'>ἵ</span> 
     </span>
    </p>
   </div>
   <div class='ocr_carea' id='block_1_12' title="bbox 517 1763 1253 1808">
    <p class='ocr_par' dir='ltr' id='par_1_12' title="bbox 517 1763 1253 1808">
     <span class='ocr_line' id='line_1_31' title="bbox 517 1763 1253 1808; baseline 0 -13"><span class='ocrx_word' id='word_1_165' title='bbox 517 1763 678 1807; x_wconf 88' lang='lat' dir='ltr'>hospitalis</span> <span class='ocrx_word' id='word_1_166' title='bbox 696 1763 792 1796; x_wconf 84' lang='lat' dir='ltr'>sancti</span> <span class='ocrx_word' id='word_1_167' title='bbox 824 1764 946 1796; x_wconf 87' lang='lat' dir='ltr'>loannis</span> <span class='ocrx_word' id='word_1_168' title='bbox 967 1764 1253 1808; x_wconf 75' lang='lat' dir='ltr'>Hierosolymitani,</span> 
     </span>
    </p>
   </div>
   <div class='ocr_carea' id='block_1_13' title="bbox 517 1816 1270 1859">
    <p class='ocr_par' dir='ltr' id='par_1_13' title="bbox 517 1816 1270 1859">
     <span class='ocr_line' id='line_1_32' title="bbox 517 1816 1270 1859; baseline -0.001 -11"><span class='ocrx_word' id='word_1_169' title='bbox 517 1817 689 1859; x_wconf 78' lang='lat' dir='ltr'>regulares,</span> <span class='ocrx_word' id='word_1_170' title='bbox 707 1817 743 1848; x_wconf 88' lang='lat' dir='ltr'>ad</span> <span class='ocrx_word' id='word_1_171' title='bbox 763 1816 947 1849; x_wconf 90' lang='lat' dir='ltr'>tradendum</span> <span class='ocrx_word' id='word_1_172' title='bbox 962 1822 992 1849; x_wconf 85' lang='lat' dir='ltr'>et</span> <span class='ocrx_word' id='word_1_173' title='bbox 1005 1816 1251 1858; x_wconf 78' lang='lat' dir='ltr'>consignandum</span> <span class='ocrx_word' id='word_1_174' title='bbox 1268 1855 1270 1859; x_wconf 19' lang='lat' dir='ltr'><em>V</em></span> 
     </span>
    </p>
   </div>
   <div class='ocr_carea' id='block_1_14' title="bbox 518 1869 1253 1902">
    <p class='ocr_par' dir='ltr' id='par_1_14' title="bbox 518 1869 1253 1902">
     <span class='ocr_line' id='line_1_33' title="bbox 518 1869 1253 1902; baseline 0 -1"><span class='ocrx_word' id='word_1_175' title='bbox 518 1870 747 1902; x_wconf 86' lang='lat' dir='ltr'>venerabilibus</span> <span class='ocrx_word' id='word_1_176' title='bbox 768 1869 916 1902; x_wconf 82' lang='lat' dir='ltr'>fratribus</span> <span class='ocrx_word' id='word_1_177' title='bbox 931 1869 1102 1902; x_wconf 82' lang='lat' dir='ltr'>Gnesnensi</span> <span class='ocrx_word' id='word_1_178' title='bbox 1130 1874 1159 1901; x_wconf 87' lang='lat' dir='ltr'>ct</span> <span class='ocrx_word' id='word_1_179' title='bbox 1180 1870 1253 1902; x_wconf 89' lang='lat' dir='ltr'>Leo-</span> 
     </span>
    </p>
   </div>
   <div class='ocr_carea' id='block_1_15' title="bbox 517 1922 1269 1966">
    <p class='ocr_par' dir='ltr' id='par_1_15' title="bbox 517 1922 1269 1966">
     <span class='ocr_line' id='line_1_34' title="bbox 517 1922 1269 1966; baseline 0 -12"><span class='ocrx_word' id='word_1_180' title='bbox 517 1922 648 1966; x_wconf 81' lang='lat' dir='ltr'>poliensi</span> <span class='ocrx_word' id='word_1_181' title='bbox 681 1922 926 1965; x_wconf 78' lang='lat' dir='ltr'>archiepiscopis</span> <span class='ocrx_word' id='word_1_182' title='bbox 954 1932 988 1954; x_wconf 87' lang='lat' dir='ltr'>ac</span> <span class='ocrx_word' id='word_1_183' title='bbox 1020 1922 1168 1965; x_wconf 85' lang='lat' dir='ltr'>episcopo</span> <span class='ocrx_word' id='word_1_184' title='bbox 1196 1922 1269 1966; x_wconf 43' lang='lat' dir='ltr'>Lug</span> 
     </span>
    </p>
   </div>
   <div class='ocr_carea' id='block_1_16' title="bbox 516 1976 1253 2550">
    <p class='ocr_par' dir='ltr' id='par_1_16' title="bbox 516 1976 1253 2550">
     <span class='ocr_line' id='line_1_35' title="bbox 517 1976 1251 2016; baseline -0.001 -8"><span class='ocrx_word' id='word_1_185' title='bbox 517 1976 692 2016; x_wconf 85' lang='lat' dir='ltr'>ceoriensi,</span> <span class='ocrx_word' id='word_1_186' title='bbox 728 1982 780 2008; x_wconf 84' lang='lat' dir='ltr'>aut</span> <span class='ocrx_word' id='word_1_187' title='bbox 815 1976 937 2008; x_wconf 89' lang='lat' dir='ltr'>duobus</span> <span class='ocrx_word' id='word_1_188' title='bbox 970 1976 1078 2008; x_wconf 83' lang='lat' dir='ltr'>saltem</span> <span class='ocrx_word' id='word_1_189' title='bbox 1104 1986 1139 2007; x_wconf 84' lang='lat' dir='ltr'>ex</span> <span class='ocrx_word' id='word_1_190' title='bbox 1170 1976 1251 2016; x_wconf 75' lang='lat' dir='ltr'>illis⁷</span> 
     </span>
     <span class='ocr_line' id='line_1_36' title="bbox 516 2028 1253 2072; baseline -0.001 -11"><span class='ocrx_word' id='word_1_191' title='bbox 516 2039 734 2072; x_wconf 86' lang='lat' dir='ltr'>quaecumque</span> <span class='ocrx_word' id='word_1_192' title='bbox 770 2034 800 2061; x_wconf 82' lang='lat' dir='ltr'>ct</span> <span class='ocrx_word' id='word_1_193' title='bbox 831 2028 1071 2071; x_wconf 78' lang='lat' dir='ltr'>qualiacumque</span> <span class='ocrx_word' id='word_1_194' title='bbox 1104 2038 1198 2061; x_wconf 85' lang='lat' dir='ltr'>aurea</span> <span class='ocrx_word' id='word_1_195' title='bbox 1224 2035 1253 2060; x_wconf 85' lang='lat' dir='ltr'>et</span> 
     </span>
     <span class='ocr_line' id='line_1_37' title="bbox 516 2081 1251 2125; baseline -0.001 -10"><span class='ocrx_word' id='word_1_196' title='bbox 516 2087 663 2125; x_wconf 81' lang='lat' dir='ltr'>argentea</span> <span class='ocrx_word' id='word_1_197' title='bbox 681 2081 884 2115; x_wconf 86' lang='lat' dir='ltr'>ecclesiarum</span> <span class='ocrx_word' id='word_1_198' title='bbox 910 2087 939 2114; x_wconf 91' lang='lat' dir='ltr'>et</span> <span class='ocrx_word' id='word_1_199' title='bbox 963 2082 1104 2114; x_wconf 88' lang='lat' dir='ltr'>locorum</span> <span class='ocrx_word' id='word_1_200' title='bbox 1126 2082 1251 2125; x_wconf 90' lang='lat' dir='ltr'>piorum</span> 
     </span>
     <span class='ocr_line' id='line_1_38' title="bbox 516 2134 1253 2176; baseline -0.003 -8"><span class='ocrx_word' id='word_1_201' title='bbox 516 2135 695 2168; x_wconf 88' lang='lat' dir='ltr'>huiusmodi</span> <span class='ocrx_word' id='word_1_202' title='bbox 721 2145 801 2176; x_wconf 89' lang='lat' dir='ltr'>vasa,</span> <span class='ocrx_word' id='word_1_203' title='bbox 828 2134 1023 2175; x_wconf 86' lang='lat' dir='ltr'>candelabra,</span> <span class='ocrx_word' id='word_1_204' title='bbox 1044 2145 1163 2175; x_wconf 87' lang='lat' dir='ltr'>cruces,</span> <span class='ocrx_word' id='word_1_205' title='bbox 1190 2135 1253 2168; x_wconf 83' lang='lat' dir='ltr'>thu-</span> 
     </span>
     <span class='ocr_line' id='line_1_39' title="bbox 516 2188 1252 2229; baseline -0.001 -8"><span class='ocrx_word' id='word_1_206' title='bbox 516 2189 618 2222; x_wconf 86' lang='lat' dir='ltr'>ribula</span> <span class='ocrx_word' id='word_1_207' title='bbox 650 2194 680 2221; x_wconf 88' lang='lat' dir='ltr'>et</span> <span class='ocrx_word' id='word_1_208' title='bbox 711 2189 770 2221; x_wconf 88' lang='lat' dir='ltr'>alia</span> <span class='ocrx_word' id='word_1_209' title='bbox 795 2189 949 2229; x_wconf 87' lang='lat' dir='ltr'>utensilia,</span> <span class='ocrx_word' id='word_1_210' title='bbox 974 2188 1038 2221; x_wconf 88' lang='lat' dir='ltr'>sive</span> <span class='ocrx_word' id='word_1_211' title='bbox 1070 2189 1150 2220; x_wconf 87' lang='lat' dir='ltr'>intra</span> <span class='ocrx_word' id='word_1_212' title='bbox 1175 2188 1252 2221; x_wconf 78' lang='lat' dir='ltr'>sines</span> 
     </span>
     <span class='ocr_line' id='line_1_40' title="bbox 516 2241 1253 2285; baseline -0.003 -10"><span class='ocrx_word' id='word_1_213' title='bbox 516 2242 605 2285; x_wconf 82' lang='lat' dir='ltr'>regni</span> <span class='ocrx_word' id='word_1_214' title='bbox 631 2241 793 2285; x_wconf 87' lang='lat' dir='ltr'>praedicti,</span> <span class='ocrx_word' id='word_1_215' title='bbox 808 2241 872 2274; x_wconf 88' lang='lat' dir='ltr'>sive</span> <span class='ocrx_word' id='word_1_216' title='bbox 897 2245 983 2275; x_wconf 87' lang='lat' dir='ltr'>extra</span> <span class='ocrx_word' id='word_1_217' title='bbox 1015 2242 1084 2275; x_wconf 90' lang='lat' dir='ltr'>illos</span> <span class='ocrx_word' id='word_1_218' title='bbox 1114 2241 1253 2274; x_wconf 91' lang='lat' dir='ltr'>ubicum-</span> 
     </span>
     <span class='ocr_line' id='line_1_41' title="bbox 517 2294 1252 2339; baseline -0.001 -11"><span class='ocrx_word' id='word_1_219' title='bbox 517 2305 578 2339; x_wconf 86' lang='lat' dir='ltr'>que</span> <span class='ocrx_word' id='word_1_220' title='bbox 602 2295 740 2338; x_wconf 84' lang='lat' dir='ltr'>gentium</span> <span class='ocrx_word' id='word_1_221' title='bbox 766 2300 797 2327; x_wconf 92' lang='lat' dir='ltr'>et</span> <span class='ocrx_word' id='word_1_222' title='bbox 813 2295 955 2328; x_wconf 88' lang='lat' dir='ltr'>locorum</span> <span class='ocrx_word' id='word_1_223' title='bbox 978 2295 1111 2327; x_wconf 80' lang='lat' dir='ltr'>existant</span> <span class='ocrx_word' id='word_1_224' title='bbox 1135 2294 1252 2337; x_wconf 83' lang='lat' dir='ltr'>(calici-</span> 
     </span>
     <span class='ocr_line' id='line_1_42' title="bbox 516 2348 1252 2391; baseline 0 -11"><span class='ocrx_word' id='word_1_225' title='bbox 516 2348 575 2381; x_wconf 90' lang='lat' dir='ltr'>bus</span> <span class='ocrx_word' id='word_1_226' title='bbox 606 2353 636 2380; x_wconf 87' lang='lat' dir='ltr'>et</span> <span class='ocrx_word' id='word_1_227' title='bbox 669 2348 790 2391; x_wconf 85' lang='lat' dir='ltr'>patenis</span> <span class='ocrx_word' id='word_1_228' title='bbox 825 2358 861 2380; x_wconf 90' lang='lat' dir='ltr'>ac</span> <span class='ocrx_word' id='word_1_229' title='bbox 891 2348 959 2380; x_wconf 90' lang='lat' dir='ltr'>aliis</span> <span class='ocrx_word' id='word_1_230' title='bbox 991 2350 1080 2381; x_wconf 78' lang='lat' dir='ltr'>sacra</span> <span class='ocrx_word' id='word_1_231' title='bbox 1105 2348 1252 2381; x_wconf 88' lang='lat' dir='ltr'>unctione</span> 
     </span>
     <span class='ocr_line' id='line_1_43' title="bbox 517 2401 1248 2445; baseline 0 -12"><span class='ocrx_word' id='word_1_232' title='bbox 517 2401 663 2434; x_wconf 88' lang='lat' dir='ltr'>delibutis</span> <span class='ocrx_word' id='word_1_233' title='bbox 688 2401 847 2434; x_wconf 81' lang='lat' dir='ltr'>dumtaxat</span> <span class='ocrx_word' id='word_1_234' title='bbox 870 2401 1031 2445; x_wconf 83' lang='lat' dir='ltr'>exceptis),</span> <span class='ocrx_word' id='word_1_235' title='bbox 1045 2407 1078 2434; x_wconf 90' lang='lat' dir='ltr'>ut</span> <span class='ocrx_word' id='word_1_236' title='bbox 1103 2402 1153 2434; x_wconf 87' lang='lat' dir='ltr'>illa</span> <span class='ocrx_word' id='word_1_237' title='bbox 1178 2412 1248 2435; x_wconf 89' lang='lat' dir='ltr'>con-</span> 
     </span>
     <span class='ocr_line' id='line_1_44' title="bbox 517 2453 1253 2497; baseline 0.001 -12"><span class='ocrx_word' id='word_1_238' title='bbox 517 2453 596 2492; x_wconf 86' lang='lat' dir='ltr'>flari,</span> <span class='ocrx_word' id='word_1_239' title='bbox 613 2459 643 2486; x_wconf 89' lang='lat' dir='ltr'>et</span> <span class='ocrx_word' id='word_1_240' title='bbox 660 2454 690 2486; x_wconf 92' lang='lat' dir='ltr'>in</span> <span class='ocrx_word' id='word_1_241' title='bbox 708 2464 864 2495; x_wconf 85' lang='lat' dir='ltr'>nummos,</span> <span class='ocrx_word' id='word_1_242' title='bbox 889 2454 1051 2497; x_wconf 87' lang='lat' dir='ltr'>praedicto</span> <span class='ocrx_word' id='word_1_243' title='bbox 1076 2454 1180 2487; x_wconf 90' lang='lat' dir='ltr'>Ioanni</span> <span class='ocrx_word' id='word_1_244' title='bbox 1201 2453 1253 2487; x_wconf 85' lang='lat' dir='ltr'>Ca-</span> 
     </span>
     <span class='ocr_line' id='line_1_45' title="bbox 518 2506 1252 2550; baseline 0.001 -12"><span class='ocrx_word' id='word_1_245' title='bbox 518 2506 626 2539; x_wconf 84' lang='lat' dir='ltr'>simiro</span> <span class='ocrx_word' id='word_1_246' title='bbox 644 2507 711 2549; x_wconf 80' lang='lat' dir='ltr'>regi</span> <span class='ocrx_word' id='word_1_247' title='bbox 729 2517 782 2540; x_wconf 91' lang='lat' dir='ltr'>seu</span> <span class='ocrx_word' id='word_1_248' title='bbox 808 2507 874 2540; x_wconf 86' lang='lat' dir='ltr'>eius</span> <span class='ocrx_word' id='word_1_249' title='bbox 892 2506 1042 2540; x_wconf 87' lang='lat' dir='ltr'>ministris</span> <span class='ocrx_word' id='word_1_250' title='bbox 1066 2507 1252 2550; x_wconf 80' lang='lat' dir='ltr'>consignan-</span> 
     </span>
    </p>
   </div>
   <div class='ocr_carea' id='block_1_17' title="bbox 557 2622 1102 2658">
    <p class='ocr_par' dir='ltr' id='par_1_17' title="bbox 557 2622 1102 2658">
     <span class='ocr_line' id='line_1_46' title="bbox 557 2622 1102 2658; baseline 0 -9"><span class='ocrx_word' id='word_1_251' title='bbox 557 2623 565 2649; x_wconf 86' lang='grc'>1</span> <span class='ocrx_word' id='word_1_252' title='bbox 589 2623 660 2652; x_wconf 84' lang='lat' dir='ltr'>Edit.</span> <span class='ocrx_word' id='word_1_253' title='bbox 681 2622 759 2652; x_wconf 77' lang='lat' dir='ltr'>Maia.</span> <span class='ocrx_word' id='word_1_254' title='bbox 780 2624 845 2658; x_wconf 80' lang='lat' dir='ltr'>legit</span> <span class='ocrx_word' id='word_1_255' title='bbox 862 2625 981 2653; x_wconf 73' lang='lat' dir='ltr'>redacta</span> <span class='ocrx_word' id='word_1_256' title='bbox 999 2625 1037 2658; x_wconf 76' lang='lat' dir='ltr'>(a.</span> <span class='ocrx_word' id='word_1_257' title='bbox 1053 2624 1102 2658; x_wconf 72' lang='lat' dir='ltr'>r.).</span> 
     </span>
    </p>
   </div>
   <div class='ocr_carea' id='block_1_18' title="bbox 1093 225 1447 248">
    <p class='ocr_par' dir='ltr' id='par_1_18' title="bbox 1093 225 1447 248">
     <span class='ocr_line' id='line_1_47' title="bbox 1093 225 1447 248; baseline 0 -1"><span class='ocrx_word' id='word_1_258' title='bbox 1093 226 1269 248; x_wconf 29' lang='lat' dir='ltr'>ntttftffittttt&#39;tt</span> <span class='ocrx_word' id='word_1_259' title='bbox 1295 225 1447 248; x_wconf 52' lang='lat' dir='ltr'>[intumuit</span> 
     </span>
    </p>
   </div>
   <div class='ocr_carea' id='block_1_19' title="bbox 1269 271 2027 2659">
    <p class='ocr_par' dir='ltr' id='par_1_19' title="bbox 1269 271 2027 1008">
     <span class='ocr_line' id='line_1_48' title="bbox 1269 271 2026 320; baseline -0.004 -14"><span class='ocrx_word' id='word_1_260' title='bbox 1269 272 1343 320; x_wconf 62' lang='lat' dir='ltr'>ldos</span> <span class='ocrx_word' id='word_1_261' title='bbox 1368 278 1398 305; x_wconf 88' lang='lat' dir='ltr'>et</span> <span class='ocrx_word' id='word_1_262' title='bbox 1422 272 1453 304; x_wconf 90' lang='lat' dir='ltr'>in</span> <span class='ocrx_word' id='word_1_263' title='bbox 1478 271 1687 315; x_wconf 84' lang='lat' dir='ltr'>supradictam</span> <span class='ocrx_word' id='word_1_264' title='bbox 1715 280 1839 303; x_wconf 85' lang='lat' dir='ltr'>causam</span> <span class='ocrx_word' id='word_1_265' title='bbox 1866 271 2026 304; x_wconf 85' lang='lat' dir='ltr'>dumtaxat</span> 
     </span>
     <span class='ocr_line' id='line_1_49' title="bbox 1270 321 2026 370; baseline -0.004 -11"><span class='ocrx_word' id='word_1_266' title='bbox 1270 321 1272 369; x_wconf 80' lang='lat'>!</span> <span class='ocrx_word' id='word_1_267' title='bbox 1288 325 1518 370; x_wconf 77' lang='lat' dir='ltr'>expendendos,</span> <span class='ocrx_word' id='word_1_268' title='bbox 1536 324 1605 357; x_wconf 87' lang='lat' dir='ltr'>cudi</span> <span class='ocrx_word' id='word_1_269' title='bbox 1633 324 1762 367; x_wconf 86' lang='lat' dir='ltr'>possint,</span> <span class='ocrx_word' id='word_1_270' title='bbox 1783 324 1854 356; x_wconf 72' lang='lat' dir='ltr'>data</span> <span class='ocrx_word' id='word_1_271' title='bbox 1873 324 2026 357; x_wconf 86' lang='lat' dir='ltr'>securiori</span> 
     </span>
     <span class='ocr_line' id='line_1_50' title="bbox 1270 371 2026 425; baseline -0.005 -11"><span class='ocrx_word' id='word_1_272' title='bbox 1270 371 1368 425; x_wconf 39' lang='lat' dir='ltr'>⁴&#39;quae</span> <span class='ocrx_word' id='word_1_273' title='bbox 1408 380 1522 425; x_wconf 79' lang='lat' dir='ltr'>poterit</span> <span class='ocrx_word' id='word_1_274' title='bbox 1555 379 1696 412; x_wconf 84' lang='lat' dir='ltr'>cautione</span> <span class='ocrx_word' id='word_1_275' title='bbox 1729 379 1766 411; x_wconf 90' lang='lat' dir='ltr'>de</span> <span class='ocrx_word' id='word_1_276' title='bbox 1803 379 2026 419; x_wconf 86' lang='lat' dir='ltr'>restituendis,</span> 
     </span>
     <span class='ocr_line' id='line_1_51' title="bbox 1271 431 2027 477; baseline -0.003 -11"><span class='ocrx_word' id='word_1_277' title='bbox 1271 438 1273 472; x_wconf 58' lang='grc' dir='ltr'><em>ξ</em></span> <span class='ocrx_word' id='word_1_278' title='bbox 1288 434 1520 477; x_wconf 85' lang='lat' dir='ltr'>quamprimum</span> <span class='ocrx_word' id='word_1_279' title='bbox 1537 432 1664 464; x_wconf 80' lang='lat' dir='ltr'>facultas</span> <span class='ocrx_word' id='word_1_280' title='bbox 1679 437 1831 474; x_wconf 81' lang='lat' dir='ltr'>suppetet,</span> <span class='ocrx_word' id='word_1_281' title='bbox 1844 431 1983 463; x_wconf 89' lang='lat' dir='ltr'>ecclesiis</span> <span class='ocrx_word' id='word_1_282' title='bbox 1997 436 2027 464; x_wconf 88' lang='lat' dir='ltr'>et</span> 
     </span>
     <span class='ocr_line' id='line_1_52' title="bbox 1271 484 2026 529; baseline -0.003 -10"><span class='ocrx_word' id='word_1_283' title='bbox 1271 485 1365 519; x_wconf 62' lang='grc'><strong>110015</strong></span> <span class='ocrx_word' id='word_1_284' title='bbox 1383 486 1442 529; x_wconf 78' lang='lat' dir='ltr'>piis</span> <span class='ocrx_word' id='word_1_285' title='bbox 1467 484 1645 518; x_wconf 83' lang='lat' dir='ltr'>huiusmodi</span> <span class='ocrx_word' id='word_1_286' title='bbox 1672 484 1740 516; x_wconf 88' lang='lat' dir='ltr'>aliis</span> <span class='ocrx_word' id='word_1_287' title='bbox 1764 484 1948 516; x_wconf 84' lang='lat' dir='ltr'>utensilibus</span> <span class='ocrx_word' id='word_1_288' title='bbox 1972 495 2026 517; x_wconf 88' lang='lat' dir='ltr'>au-</span> 
     </span>
     <span class='ocr_line' id='line_1_53' title="bbox 1271 531 2025 581; baseline -0.003 -10"><span class='ocrx_word' id='word_1_289' title='bbox 1271 531 1272 536; x_wconf 31' lang='lat'><em>*</em></span> <span class='ocrx_word' id='word_1_290' title='bbox 1290 539 1350 572; x_wconf 88' lang='lat' dir='ltr'>reis</span> <span class='ocrx_word' id='word_1_291' title='bbox 1368 544 1398 571; x_wconf 90' lang='lat' dir='ltr'>et</span> <span class='ocrx_word' id='word_1_292' title='bbox 1413 538 1568 581; x_wconf 80' lang='lat' dir='ltr'>argenteis</span> <span class='ocrx_word' id='word_1_293' title='bbox 1583 537 1721 570; x_wconf 82' lang='lat' dir='ltr'>eiusdem</span> <span class='ocrx_word' id='word_1_294' title='bbox 1737 537 1896 581; x_wconf 82' lang='lat' dir='ltr'>ponderis,</span> <span class='ocrx_word' id='word_1_295' title='bbox 1912 537 2025 570; x_wconf 85' lang='lat' dir='ltr'>valoris</span> 
     </span>
     <span class='ocr_line' id='line_1_54' title="bbox 1289 590 2025 636; baseline -0.001 -11"><span class='ocrx_word' id='word_1_296' title='bbox 1289 598 1318 625; x_wconf 85' lang='lat' dir='ltr'>et</span> <span class='ocrx_word' id='word_1_297' title='bbox 1335 592 1501 636; x_wconf 86' lang='lat' dir='ltr'>qualitatis,</span> <span class='ocrx_word' id='word_1_298' title='bbox 1516 591 1686 634; x_wconf 73' lang='lat' dir='ltr'>apostolica</span> <span class='ocrx_word' id='word_1_299' title='bbox 1708 593 1814 624; x_wconf 76' lang='lat' dir='ltr'>nostra</span> <span class='ocrx_word' id='word_1_300' title='bbox 1830 590 2025 632; x_wconf 81' lang='lat' dir='ltr'>auctoritate,</span> 
     </span>
     <span class='ocr_line' id='line_1_55' title="bbox 1270 635 2024 689; baseline -0.004 -11"><span class='ocrx_word' id='word_1_301' title='bbox 1270 635 1473 689; x_wconf 60' lang='lat' dir='ltr'>*opportunis</span> <span class='ocrx_word' id='word_1_302' title='bbox 1504 645 1580 677; x_wconf 92' lang='lat' dir='ltr'>iuris</span> <span class='ocrx_word' id='word_1_303' title='bbox 1609 650 1638 676; x_wconf 88' lang='lat' dir='ltr'>et</span> <span class='ocrx_word' id='word_1_304' title='bbox 1662 644 1732 677; x_wconf 84' lang='lat' dir='ltr'>sacti</span> <span class='ocrx_word' id='word_1_305' title='bbox 1760 644 1917 684; x_wconf 79' lang='lat' dir='ltr'>remediis,</span> <span class='ocrx_word' id='word_1_306' title='bbox 1931 644 2024 676; x_wconf 90' lang='lat' dir='ltr'>etiam</span> 
     </span>
     <span class='ocr_line' id='line_1_56' title="bbox 1289 697 2024 741; baseline -0.004 -10"><span class='ocrx_word' id='word_1_307' title='bbox 1289 709 1345 741; x_wconf 86' lang='lat' dir='ltr'>per</span> <span class='ocrx_word' id='word_1_308' title='bbox 1369 708 1518 731; x_wconf 76' lang='lat' dir='ltr'>censuras</span> <span class='ocrx_word' id='word_1_309' title='bbox 1543 697 1778 739; x_wconf 80' lang='lat' dir='ltr'>ecclesiasticas,</span> <span class='ocrx_word' id='word_1_310' title='bbox 1800 697 1884 730; x_wconf 92' lang='lat' dir='ltr'>omni</span> <span class='ocrx_word' id='word_1_311' title='bbox 1903 702 1932 729; x_wconf 94' lang='lat' dir='ltr'>et</span> <span class='ocrx_word' id='word_1_312' title='bbox 1949 707 2024 740; x_wconf 87' lang='lat' dir='ltr'>qua-</span> 
     </span>
     <span class='ocr_line' id='line_1_57' title="bbox 1289 750 2022 795; baseline -0.004 -10"><span class='ocrx_word' id='word_1_313' title='bbox 1289 762 1423 795; x_wconf 84' lang='lat' dir='ltr'>cumque</span> <span class='ocrx_word' id='word_1_314' title='bbox 1447 752 1667 795; x_wconf 84' lang='lat' dir='ltr'>appellatione,</span> <span class='ocrx_word' id='word_1_315' title='bbox 1688 761 1818 783; x_wconf 86' lang='lat' dir='ltr'>recursu</span> <span class='ocrx_word' id='word_1_316' title='bbox 1836 777 1842 791; x_wconf 91' lang='lat'>‚</span> <span class='ocrx_word' id='word_1_317' title='bbox 1869 750 2022 783; x_wconf 85' lang='lat' dir='ltr'>reclama-</span> 
     </span>
     <span class='ocr_line' id='line_1_58' title="bbox 1290 804 2027 847; baseline -0.003 -10"><span class='ocrx_word' id='word_1_318' title='bbox 1290 805 1372 837; x_wconf 87' lang='lat' dir='ltr'>tione</span> <span class='ocrx_word' id='word_1_319' title='bbox 1389 808 1419 838; x_wconf 89' lang='lat' dir='ltr'>et</span> <span class='ocrx_word' id='word_1_320' title='bbox 1432 804 1615 847; x_wconf 80' lang='lat' dir='ltr'>exceptione</span> <span class='ocrx_word' id='word_1_321' title='bbox 1635 804 1774 844; x_wconf 85' lang='lat' dir='ltr'>remotis,</span> <span class='ocrx_word' id='word_1_322' title='bbox 1789 813 1883 846; x_wconf 79' lang='lat' dir='ltr'>cogas</span> <span class='ocrx_word' id='word_1_323' title='bbox 1899 808 1929 836; x_wconf 90' lang='lat' dir='ltr'>et</span> <span class='ocrx_word' id='word_1_324' title='bbox 1944 813 2027 836; x_wconf 91' lang='lat' dir='ltr'>com-</span> 
     </span>
     <span class='ocr_line' id='line_1_59' title="bbox 1287 857 2026 901; baseline -0.003 -11"><span class='ocrx_word' id='word_1_325' title='bbox 1287 859 1404 901; x_wconf 88' lang='lat' dir='ltr'>pellas;</span> <span class='ocrx_word' id='word_1_326' title='bbox 1429 868 1523 900; x_wconf 88' lang='lat' dir='ltr'>super</span> <span class='ocrx_word' id='word_1_327' title='bbox 1556 857 1671 900; x_wconf 87' lang='lat' dir='ltr'>quibus</span> <span class='ocrx_word' id='word_1_328' title='bbox 1707 857 1761 889; x_wconf 90' lang='lat' dir='ltr'>tibi</span> <span class='ocrx_word' id='word_1_329' title='bbox 1794 866 2026 900; x_wconf 86' lang='lat' dir='ltr'>quamcumque</span> 
     </span>
     <span class='ocr_line' id='line_1_60' title="bbox 1288 909 2025 954; baseline -0.004 -10"><span class='ocrx_word' id='word_1_330' title='bbox 1288 911 1495 944; x_wconf 84' lang='lat' dir='ltr'>necessariam</span> <span class='ocrx_word' id='word_1_331' title='bbox 1511 917 1541 943; x_wconf 87' lang='lat' dir='ltr'>et</span> <span class='ocrx_word' id='word_1_332' title='bbox 1555 916 1763 954; x_wconf 81' lang='lat' dir='ltr'>opportunam</span> <span class='ocrx_word' id='word_1_333' title='bbox 1782 910 1958 942; x_wconf 85' lang='lat' dir='ltr'>facultatem</span> <span class='ocrx_word' id='word_1_334' title='bbox 1975 909 2025 942; x_wconf 89' lang='lat' dir='ltr'>tri-</span> 
     </span>
     <span class='ocr_line' id='line_1_61' title="bbox 1269 964 1693 1008; baseline -0.002 -12"><span class='ocrx_word' id='word_1_335' title='bbox 1269 965 1271 995; x_wconf 85' lang='lat'>!</span> <span class='ocrx_word' id='word_1_336' title='bbox 1288 965 1413 997; x_wconf 89' lang='lat' dir='ltr'>buimus</span> <span class='ocrx_word' id='word_1_337' title='bbox 1434 968 1463 998; x_wconf 88' lang='lat' dir='ltr'>et</span> <span class='ocrx_word' id='word_1_338' title='bbox 1482 964 1693 1008; x_wconf 86' lang='lat' dir='ltr'>impertimur.</span> 
     </span>
    </p>

    <p class='ocr_par' dir='ltr' id='par_1_20' title="bbox 1269 1015 2027 2659">
     <span class='ocr_line' id='line_1_62' title="bbox 1332 1015 2025 1060; baseline -0.003 -10"><span class='ocrx_word' id='word_1_339' title='bbox 1332 1018 1347 1060; x_wconf 61' lang='lat' dir='ltr'>g</span> <span class='ocrx_word' id='word_1_340' title='bbox 1370 1017 1399 1050; x_wconf 66' lang='lat'>2.</span> <span class='ocrx_word' id='word_1_341' title='bbox 1424 1017 1492 1050; x_wconf 88' lang='lat' dir='ltr'>Non</span> <span class='ocrx_word' id='word_1_342' title='bbox 1517 1016 1711 1050; x_wconf 84' lang='lat' dir='ltr'>obstantibus</span> <span class='ocrx_word' id='word_1_343' title='bbox 1730 1015 1917 1059; x_wconf 49' lang='lat' dir='ltr'>apostolicis</span> <span class='ocrx_word' id='word_1_344' title='bbox 1935 1026 1970 1048; x_wconf 87' lang='lat' dir='ltr'>ac</span> <span class='ocrx_word' id='word_1_345' title='bbox 1994 1015 2025 1048; x_wconf 93' lang='lat' dir='ltr'>in</span> 
     </span>
     <span class='ocr_line' id='line_1_63' title="bbox 1288 1069 2025 1113; baseline 0.001 -12"><span class='ocrx_word' id='word_1_346' title='bbox 1288 1070 1516 1103; x_wconf 81' lang='lat' dir='ltr'>universalibus</span> <span class='ocrx_word' id='word_1_347' title='bbox 1545 1069 1852 1113; x_wconf 82' lang='lat' dir='ltr'>provincialibusque</span> <span class='ocrx_word' id='word_1_348' title='bbox 1880 1072 1909 1102; x_wconf 84' lang='lat' dir='ltr'>et</span> <span class='ocrx_word' id='word_1_349' title='bbox 1932 1079 2025 1113; x_wconf 78' lang='lat' dir='ltr'>syno-</span> 
     </span>
     <span class='ocr_line' id='line_1_64' title="bbox 1269 1121 2023 1163; baseline -0.003 -8"><span class='ocrx_word' id='word_1_350' title='bbox 1269 1123 1409 1155; x_wconf 60' lang='lat' dir='ltr'>tdalibus</span> <span class='ocrx_word' id='word_1_351' title='bbox 1435 1122 1586 1155; x_wconf 90' lang='lat' dir='ltr'>conciliiis</span> <span class='ocrx_word' id='word_1_352' title='bbox 1611 1122 1723 1162; x_wconf 86' lang='lat' dir='ltr'>editis,</span> <span class='ocrx_word' id='word_1_353' title='bbox 1748 1121 1950 1163; x_wconf 79' lang='lat' dir='ltr'>generalibus</span> <span class='ocrx_word' id='word_1_354' title='bbox 1975 1121 2023 1153; x_wconf 88' lang='lat' dir='ltr'>vel</span> 
     </span>
     <span class='ocr_line' id='line_1_65' title="bbox 1288 1174 2027 1220; baseline -0.001 -12"><span class='ocrx_word' id='word_1_355' title='bbox 1288 1176 1484 1220; x_wconf 82' lang='lat' dir='ltr'>specialibus,</span> <span class='ocrx_word' id='word_1_356' title='bbox 1498 1175 1772 1209; x_wconf 83' lang='lat' dir='ltr'>constitutionibus</span> <span class='ocrx_word' id='word_1_357' title='bbox 1782 1180 1811 1207; x_wconf 88' lang='lat' dir='ltr'>et</span> <span class='ocrx_word' id='word_1_358' title='bbox 1825 1174 2027 1208; x_wconf 86' lang='lat' dir='ltr'>ordinationi-</span> 
     </span>
     <span class='ocr_line' id='line_1_66' title="bbox 1287 1230 2025 1274; baseline -0.001 -11"><span class='ocrx_word' id='word_1_359' title='bbox 1287 1231 1354 1269; x_wconf 85' lang='lat' dir='ltr'>bus,</span> <span class='ocrx_word' id='word_1_360' title='bbox 1380 1241 1499 1263; x_wconf 84' lang='lat' dir='ltr'>necnon</span> <span class='ocrx_word' id='word_1_361' title='bbox 1525 1240 1797 1274; x_wconf 87' lang='lat' dir='ltr'>quarumcumque</span> <span class='ocrx_word' id='word_1_362' title='bbox 1821 1230 2025 1263; x_wconf 87' lang='lat' dir='ltr'>ecclesiarum</span> 
     </span>
     <span class='ocr_line' id='line_1_67' title="bbox 1288 1283 2026 1327; baseline -0.001 -10"><span class='ocrx_word' id='word_1_363' title='bbox 1288 1289 1316 1317; x_wconf 78' lang='lat' dir='ltr'>et</span> <span class='ocrx_word' id='word_1_364' title='bbox 1340 1285 1482 1317; x_wconf 84' lang='lat' dir='ltr'>locorum</span> <span class='ocrx_word' id='word_1_365' title='bbox 1499 1285 1635 1327; x_wconf 87' lang='lat' dir='ltr'>piorum,</span> <span class='ocrx_word' id='word_1_366' title='bbox 1653 1294 1688 1316; x_wconf 86' lang='lat' dir='ltr'>ac</span> <span class='ocrx_word' id='word_1_367' title='bbox 1713 1283 1870 1323; x_wconf 87' lang='lat' dir='ltr'>ordinum,</span> <span class='ocrx_word' id='word_1_368' title='bbox 1896 1293 2026 1326; x_wconf 79' lang='lat' dir='ltr'>congre-</span> 
     </span>
     <span class='ocr_line' id='line_1_68' title="bbox 1269 1334 2027 1379; baseline -0.001 -10"><span class='ocrx_word' id='word_1_369' title='bbox 1269 1334 1458 1379; x_wconf 58' lang='lat' dir='ltr'>igationum,</span> <span class='ocrx_word' id='word_1_370' title='bbox 1477 1336 1642 1378; x_wconf 80' lang='lat' dir='ltr'>societatis⁷</span> <span class='ocrx_word' id='word_1_371' title='bbox 1665 1336 1845 1368; x_wconf 85' lang='lat' dir='ltr'>militiarum</span> <span class='ocrx_word' id='word_1_372' title='bbox 1867 1340 1897 1368; x_wconf 88' lang='lat' dir='ltr'>et</span> <span class='ocrx_word' id='word_1_373' title='bbox 1920 1335 2027 1379; x_wconf 85' lang='lat' dir='ltr'>hospi-</span> 
     </span>
     <span class='ocr_line' id='line_1_69' title="bbox 1269 1388 2024 1433; baseline -0.003 -11"><span class='ocrx_word' id='word_1_374' title='bbox 1269 1391 1395 1423; x_wconf 64' lang='lat' dir='ltr'>sstaliuni</span> <span class='ocrx_word' id='word_1_375' title='bbox 1421 1390 1674 1433; x_wconf 76' lang='lat' dir='ltr'>praedictorum,</span> <span class='ocrx_word' id='word_1_376' title='bbox 1700 1394 1729 1421; x_wconf 88' lang='lat' dir='ltr'>et</span> <span class='ocrx_word' id='word_1_377' title='bbox 1753 1388 1914 1431; x_wconf 83' lang='lat' dir='ltr'>quibusvis</span> <span class='ocrx_word' id='word_1_378' title='bbox 1938 1388 2024 1428; x_wconf 84' lang='lat' dir='ltr'>aliis,</span> 
     </span>
     <span class='ocr_line' id='line_1_70' title="bbox 1287 1441 2025 1484; baseline -0.004 -9"><span class='ocrx_word' id='word_1_379' title='bbox 1287 1443 1379 1476; x_wconf 84' lang='lat' dir='ltr'>etiam</span> <span class='ocrx_word' id='word_1_380' title='bbox 1393 1443 1577 1484; x_wconf 74' lang='lat' dir='ltr'>iuramento7</span> <span class='ocrx_word' id='word_1_381' title='bbox 1589 1442 1826 1475; x_wconf 80' lang='lat' dir='ltr'>confirmatione</span> <span class='ocrx_word' id='word_1_382' title='bbox 1840 1441 2025 1484; x_wconf 76' lang='lat' dir='ltr'>apostolica,</span> 
     </span>
     <span class='ocr_line' id='line_1_71' title="bbox 1269 1493 2026 1539; baseline -0.003 -11"><span class='ocrx_word' id='word_1_383' title='bbox 1269 1493 1271 1524; x_wconf 74' lang='grc' dir='ltr'>ἔ</span> <span class='ocrx_word' id='word_1_384' title='bbox 1288 1497 1335 1528; x_wconf 86' lang='lat' dir='ltr'>vel</span> <span class='ocrx_word' id='word_1_385' title='bbox 1355 1495 1463 1539; x_wconf 87' lang='lat' dir='ltr'>quavis</span> <span class='ocrx_word' id='word_1_386' title='bbox 1474 1495 1623 1527; x_wconf 80' lang='lat' dir='ltr'>firmitate</span> <span class='ocrx_word' id='word_1_387' title='bbox 1643 1495 1703 1526; x_wconf 72' lang='lat' dir='ltr'>alia</span> <span class='ocrx_word' id='word_1_388' title='bbox 1719 1493 1886 1534; x_wconf 84' lang='lat' dir='ltr'>roboratis,</span> <span class='ocrx_word' id='word_1_389' title='bbox 1904 1493 2026 1526; x_wconf 84' lang='lat' dir='ltr'>statutis</span> 
     </span>
     <span class='ocr_line' id='line_1_72' title="bbox 1269 1546 2027 1596; baseline -0.004 -15"><span class='ocrx_word' id='word_1_390' title='bbox 1269 1581 1271 1596; x_wconf 54' lang='lat'><em>,</em></span> <span class='ocrx_word' id='word_1_391' title='bbox 1288 1554 1317 1581; x_wconf 79' lang='lat' dir='ltr'>et</span> <span class='ocrx_word' id='word_1_392' title='bbox 1337 1548 1624 1587; x_wconf 84' lang='lat' dir='ltr'>consuetudinibus,</span> <span class='ocrx_word' id='word_1_393' title='bbox 1643 1547 1814 1590; x_wconf 77' lang='lat' dir='ltr'>privilegiis</span> <span class='ocrx_word' id='word_1_394' title='bbox 1830 1557 1967 1590; x_wconf 82' lang='lat' dir='ltr'>quoque,</span> <span class='ocrx_word' id='word_1_395' title='bbox 1984 1546 2027 1578; x_wconf 91' lang='lat' dir='ltr'>in-</span> 
     </span>
     <span class='ocr_line' id='line_1_73' title="bbox 1269 1600 2022 1645; baseline -0.001 -11"><span class='ocrx_word' id='word_1_396' title='bbox 1269 1627 1270 1641; x_wconf 59' lang='grc'>,</span> <span class='ocrx_word' id='word_1_397' title='bbox 1287 1603 1380 1635; x_wconf 79' lang='grc'><strong>(131115</strong></span> <span class='ocrx_word' id='word_1_398' title='bbox 1398 1608 1428 1634; x_wconf 88' lang='lat' dir='ltr'>et</span> <span class='ocrx_word' id='word_1_399' title='bbox 1448 1602 1558 1634; x_wconf 88' lang='lat' dir='ltr'>litteris</span> <span class='ocrx_word' id='word_1_400' title='bbox 1574 1601 1763 1645; x_wconf 87' lang='lat' dir='ltr'>apostolicis,</span> <span class='ocrx_word' id='word_1_401' title='bbox 1781 1600 1897 1633; x_wconf 91' lang='lat' dir='ltr'>eisdem</span> <span class='ocrx_word' id='word_1_402' title='bbox 1920 1600 2022 1633; x_wconf 86' lang='lat' dir='ltr'>eccle-</span> 
     </span>
     <span class='ocr_line' id='line_1_74' title="bbox 1287 1653 2024 1698; baseline -0.003 -11"><span class='ocrx_word' id='word_1_403' title='bbox 1287 1656 1341 1687; x_wconf 79' lang='lat' dir='ltr'>siis</span> <span class='ocrx_word' id='word_1_404' title='bbox 1365 1660 1395 1688; x_wconf 88' lang='lat' dir='ltr'>et</span> <span class='ocrx_word' id='word_1_405' title='bbox 1420 1654 1495 1687; x_wconf 86' lang='lat' dir='ltr'>locis</span> <span class='ocrx_word' id='word_1_406' title='bbox 1521 1654 1602 1698; x_wconf 89' lang='lat' dir='ltr'>piis,</span> <span class='ocrx_word' id='word_1_407' title='bbox 1628 1665 1663 1687; x_wconf 87' lang='lat' dir='ltr'>ac</span> <span class='ocrx_word' id='word_1_408' title='bbox 1688 1653 1861 1693; x_wconf 76' lang='lat' dir='ltr'>ordinibus,</span> <span class='ocrx_word' id='word_1_409' title='bbox 1886 1663 2024 1696; x_wconf 81' lang='lat' dir='ltr'>congre-</span> 
     </span>
     <span class='ocr_line' id='line_1_75' title="bbox 1287 1707 2024 1751; baseline -0.001 -11"><span class='ocrx_word' id='word_1_410' title='bbox 1287 1708 1476 1751; x_wconf 80' lang='lat' dir='ltr'>gationibus,</span> <span class='ocrx_word' id='word_1_411' title='bbox 1502 1707 1652 1747; x_wconf 85' lang='lat' dir='ltr'>societati,</span> <span class='ocrx_word' id='word_1_412' title='bbox 1678 1707 1796 1739; x_wconf 88' lang='lat' dir='ltr'>militiis</span> <span class='ocrx_word' id='word_1_413' title='bbox 1826 1712 1855 1739; x_wconf 85' lang='lat' dir='ltr'>et</span> <span class='ocrx_word' id='word_1_414' title='bbox 1879 1707 2024 1750; x_wconf 83' lang='lat' dir='ltr'>hospitali</span> 
     </span>
     <span class='ocr_line' id='line_1_76' title="bbox 1287 1759 2025 1804; baseline -0.003 -11"><span class='ocrx_word' id='word_1_415' title='bbox 1287 1761 1464 1804; x_wconf 84' lang='lat' dir='ltr'>praedictis,</span> <span class='ocrx_word' id='word_1_416' title='bbox 1490 1761 1679 1802; x_wconf 87' lang='lat' dir='ltr'>illorumque</span> <span class='ocrx_word' id='word_1_417' title='bbox 1706 1760 1914 1803; x_wconf 84' lang='lat' dir='ltr'>praesulibus,</span> <span class='ocrx_word' id='word_1_418' title='bbox 1940 1759 2025 1803; x_wconf 87' lang='lat' dir='ltr'>capi-</span> 
     </span>
     <span class='ocr_line' id='line_1_77' title="bbox 1289 1813 2025 1857; baseline 0 -11"><span class='ocrx_word' id='word_1_419' title='bbox 1289 1815 1368 1855; x_wconf 86' lang='lat' dir='ltr'>tulis,</span> <span class='ocrx_word' id='word_1_420' title='bbox 1394 1814 1558 1846; x_wconf 82' lang='lat' dir='ltr'>abbatibus</span> <span class='ocrx_word' id='word_1_421' title='bbox 1583 1819 1613 1845; x_wconf 88' lang='lat' dir='ltr'>et</span> <span class='ocrx_word' id='word_1_422' title='bbox 1636 1813 1704 1845; x_wconf 87' lang='lat' dir='ltr'>aliis</span> <span class='ocrx_word' id='word_1_423' title='bbox 1729 1813 1965 1857; x_wconf 79' lang='lat' dir='ltr'>superioribus,</span> <span class='ocrx_word' id='word_1_424' title='bbox 1990 1823 2025 1846; x_wconf 87' lang='lat' dir='ltr'>ac</span> 
     </span>
     <span class='ocr_line' id='line_1_78' title="bbox 1287 1866 2025 1911; baseline -0.001 -11"><span class='ocrx_word' id='word_1_425' title='bbox 1287 1867 1428 1911; x_wconf 86' lang='lat' dir='ltr'>personis</span> <span class='ocrx_word' id='word_1_426' title='bbox 1452 1867 1665 1910; x_wconf 86' lang='lat' dir='ltr'>quibuslibet,</span> <span class='ocrx_word' id='word_1_427' title='bbox 1691 1867 1748 1899; x_wconf 91' lang='lat' dir='ltr'>sub</span> <span class='ocrx_word' id='word_1_428' title='bbox 1772 1866 2025 1910; x_wconf 83' lang='lat' dir='ltr'>quibuscumque</span> 
     </span>
     <span class='ocr_line' id='line_1_79' title="bbox 1287 1920 2025 1963; baseline -0.003 -9"><span class='ocrx_word' id='word_1_429' title='bbox 1287 1921 1448 1954; x_wconf 89' lang='lat' dir='ltr'>tenoribus</span> <span class='ocrx_word' id='word_1_430' title='bbox 1474 1926 1503 1953; x_wconf 88' lang='lat' dir='ltr'>et</span> <span class='ocrx_word' id='word_1_431' title='bbox 1528 1921 1646 1960; x_wconf 82' lang='lat' dir='ltr'>formis,</span> <span class='ocrx_word' id='word_1_432' title='bbox 1664 1931 1699 1952; x_wconf 86' lang='lat' dir='ltr'>ac</span> <span class='ocrx_word' id='word_1_433' title='bbox 1723 1931 1793 1953; x_wconf 86' lang='lat' dir='ltr'>cum</span> <span class='ocrx_word' id='word_1_434' title='bbox 1819 1920 1980 1963; x_wconf 89' lang='lat' dir='ltr'>quibusvis</span> <span class='ocrx_word' id='word_1_435' title='bbox 1997 1930 2025 1952; x_wconf 92' lang='lat' dir='ltr'>e-</span> 
     </span>
     <span class='ocr_line' id='line_1_80' title="bbox 1287 1974 2024 2017; baseline -0.001 -10"><span class='ocrx_word' id='word_1_436' title='bbox 1287 1975 1360 2007; x_wconf 83' lang='lat' dir='ltr'>tiam</span> <span class='ocrx_word' id='word_1_437' title='bbox 1372 1975 1643 2017; x_wconf 76' lang='lat' dir='ltr'>derogatoriarum</span> <span class='ocrx_word' id='word_1_438' title='bbox 1658 1974 1877 2016; x_wconf 83' lang='lat' dir='ltr'>derogatoriis,</span> <span class='ocrx_word' id='word_1_439' title='bbox 1891 1974 2024 2017; x_wconf 84' lang='lat' dir='ltr'>aliisque</span> 
     </span>
     <span class='ocr_line' id='line_1_81' title="bbox 1287 2027 2024 2068; baseline 0 -8"><span class='ocrx_word' id='word_1_440' title='bbox 1287 2028 1536 2068; x_wconf 83' lang='lat' dir='ltr'>efficacioribus,</span> <span class='ocrx_word' id='word_1_441' title='bbox 1565 2027 1789 2060; x_wconf 85' lang='lat' dir='ltr'>efficacissimis</span> <span class='ocrx_word' id='word_1_442' title='bbox 1826 2033 1855 2060; x_wconf 88' lang='lat' dir='ltr'>et</span> <span class='ocrx_word' id='word_1_443' title='bbox 1891 2027 2024 2060; x_wconf 88' lang='lat' dir='ltr'>insolitis</span> 
     </span>
     <span class='ocr_line' id='line_1_82' title="bbox 1287 2079 2023 2123; baseline -0.003 -9"><span class='ocrx_word' id='word_1_444' title='bbox 1287 2082 1442 2121; x_wconf 84' lang='lat' dir='ltr'>clausulis,</span> <span class='ocrx_word' id='word_1_445' title='bbox 1457 2081 1716 2123; x_wconf 82' lang='lat' dir='ltr'>irritantibusque</span> <span class='ocrx_word' id='word_1_446' title='bbox 1741 2085 1770 2112; x_wconf 85' lang='lat' dir='ltr'>et</span> <span class='ocrx_word' id='word_1_447' title='bbox 1795 2080 1862 2112; x_wconf 88' lang='lat' dir='ltr'>aliis</span> <span class='ocrx_word' id='word_1_448' title='bbox 1880 2079 2023 2119; x_wconf 83' lang='lat' dir='ltr'>decretis,</span> 
     </span>
     <span class='ocr_line' id='line_1_83' title="bbox 1287 2133 2023 2177; baseline -0.001 -10"><span class='ocrx_word' id='word_1_449' title='bbox 1287 2135 1317 2167; x_wconf 93' lang='lat' dir='ltr'>in</span> <span class='ocrx_word' id='word_1_450' title='bbox 1342 2144 1457 2177; x_wconf 83' lang='lat' dir='ltr'>genere</span> <span class='ocrx_word' id='word_1_451' title='bbox 1493 2135 1538 2166; x_wconf 85' lang='lat' dir='ltr'>vel</span> <span class='ocrx_word' id='word_1_452' title='bbox 1572 2135 1602 2166; x_wconf 90' lang='lat' dir='ltr'>in</span> <span class='ocrx_word' id='word_1_453' title='bbox 1627 2134 1740 2177; x_wconf 84' lang='lat' dir='ltr'>specie,</span> <span class='ocrx_word' id='word_1_454' title='bbox 1770 2134 1800 2166; x_wconf 93' lang='lat' dir='ltr'>in</span> <span class='ocrx_word' id='word_1_455' title='bbox 1829 2133 2023 2166; x_wconf 81' lang='lat' dir='ltr'>contrarium</span> 
     </span>
     <span class='ocr_line' id='line_1_84' title="bbox 1286 2186 2023 2231; baseline -0.001 -11"><span class='ocrx_word' id='word_1_456' title='bbox 1286 2187 1532 2231; x_wconf 82' lang='lat' dir='ltr'>praemissorum</span> <span class='ocrx_word' id='word_1_457' title='bbox 1573 2187 1810 2231; x_wconf 87' lang='lat' dir='ltr'>quomodolibet</span> <span class='ocrx_word' id='word_1_458' title='bbox 1844 2186 2023 2227; x_wconf 85' lang='lat' dir='ltr'>concessis,</span> 
     </span>
     <span class='ocr_line' id='line_1_85' title="bbox 1287 2240 2024 2284; baseline 0 -11"><span class='ocrx_word' id='word_1_459' title='bbox 1287 2241 1480 2274; x_wconf 81' lang='lat' dir='ltr'>confirmatis</span> <span class='ocrx_word' id='word_1_460' title='bbox 1500 2247 1530 2273; x_wconf 91' lang='lat' dir='ltr'>et</span> <span class='ocrx_word' id='word_1_461' title='bbox 1554 2241 1726 2281; x_wconf 87' lang='lat' dir='ltr'>innovatis;</span> <span class='ocrx_word' id='word_1_462' title='bbox 1747 2241 1860 2284; x_wconf 89' lang='lat' dir='ltr'>quibus</span> <span class='ocrx_word' id='word_1_463' title='bbox 1877 2240 2024 2274; x_wconf 89' lang='lat' dir='ltr'>omnibus</span> 
     </span>
     <span class='ocr_line' id='line_1_86' title="bbox 1287 2294 2021 2338; baseline -0.001 -11"><span class='ocrx_word' id='word_1_464' title='bbox 1287 2300 1316 2327; x_wconf 87' lang='lat' dir='ltr'>et</span> <span class='ocrx_word' id='word_1_465' title='bbox 1332 2294 1474 2337; x_wconf 83' lang='lat' dir='ltr'>singulis,</span> <span class='ocrx_word' id='word_1_466' title='bbox 1492 2294 1614 2327; x_wconf 87' lang='lat' dir='ltr'>etiamsi</span> <span class='ocrx_word' id='word_1_467' title='bbox 1631 2305 1689 2338; x_wconf 91' lang='lat' dir='ltr'>pro</span> <span class='ocrx_word' id='word_1_468' title='bbox 1707 2294 1870 2327; x_wconf 84' lang='lat' dir='ltr'>sufficienti</span> <span class='ocrx_word' id='word_1_469' title='bbox 1895 2294 2021 2327; x_wconf 91' lang='lat' dir='ltr'>illorum</span> 
     </span>
     <span class='ocr_line' id='line_1_87' title="bbox 1286 2347 2022 2391; baseline -0.001 -11"><span class='ocrx_word' id='word_1_470' title='bbox 1286 2347 1489 2390; x_wconf 75' lang='lat' dir='ltr'>derogatione</span> <span class='ocrx_word' id='word_1_471' title='bbox 1513 2347 1551 2380; x_wconf 84' lang='lat' dir='ltr'>de</span> <span class='ocrx_word' id='word_1_472' title='bbox 1582 2347 1642 2379; x_wconf 86' lang='lat' dir='ltr'>illis</span> <span class='ocrx_word' id='word_1_473' title='bbox 1672 2357 1847 2391; x_wconf 83' lang='lat' dir='ltr'>eorumque</span> <span class='ocrx_word' id='word_1_474' title='bbox 1871 2347 1944 2380; x_wconf 92' lang='lat' dir='ltr'>totis</span> <span class='ocrx_word' id='word_1_475' title='bbox 1979 2352 2022 2380; x_wconf 86' lang='lat' dir='ltr'>te-</span> 
     </span>
     <span class='ocr_line' id='line_1_88' title="bbox 1286 2401 2023 2444; baseline 0.001 -11"><span class='ocrx_word' id='word_1_476' title='bbox 1286 2401 1415 2434; x_wconf 87' lang='lat' dir='ltr'>noribus</span> <span class='ocrx_word' id='word_1_477' title='bbox 1440 2401 1604 2444; x_wconf 85' lang='lat' dir='ltr'>specialis,</span> <span class='ocrx_word' id='word_1_478' title='bbox 1630 2401 1795 2444; x_wconf 78' lang='lat' dir='ltr'>specifica,</span> <span class='ocrx_word' id='word_1_479' title='bbox 1821 2410 1968 2444; x_wconf 83' lang='lat' dir='ltr'>expressa</span> <span class='ocrx_word' id='word_1_480' title='bbox 1993 2403 2023 2434; x_wconf 85' lang='lat' dir='ltr'>et</span> 
     </span>
     <span class='ocr_line' id='line_1_89' title="bbox 1286 2453 2022 2494; baseline 0 -8"><span class='ocrx_word' id='word_1_481' title='bbox 1286 2454 1455 2494; x_wconf 89' lang='lat' dir='ltr'>individua,</span> <span class='ocrx_word' id='word_1_482' title='bbox 1480 2464 1515 2487; x_wconf 87' lang='lat' dir='ltr'>ac</span> <span class='ocrx_word' id='word_1_483' title='bbox 1539 2454 1577 2486; x_wconf 93' lang='lat' dir='ltr'>de</span> <span class='ocrx_word' id='word_1_484' title='bbox 1603 2454 1697 2487; x_wconf 89' lang='lat' dir='ltr'>verbo</span> <span class='ocrx_word' id='word_1_485' title='bbox 1723 2453 1760 2486; x_wconf 88' lang='lat' dir='ltr'>ad</span> <span class='ocrx_word' id='word_1_486' title='bbox 1785 2453 1934 2493; x_wconf 90' lang='lat' dir='ltr'>verbum,</span> <span class='ocrx_word' id='word_1_487' title='bbox 1959 2463 2022 2486; x_wconf 89' lang='lat' dir='ltr'>non</span> 
     </span>
     <span class='ocr_line' id='line_1_90' title="bbox 1285 2505 2021 2550; baseline -0.001 -11"><span class='ocrx_word' id='word_1_488' title='bbox 1285 2512 1388 2539; x_wconf 85' lang='lat' dir='ltr'>autem</span> <span class='ocrx_word' id='word_1_489' title='bbox 1413 2517 1470 2550; x_wconf 86' lang='lat' dir='ltr'>per</span> <span class='ocrx_word' id='word_1_490' title='bbox 1494 2507 1649 2539; x_wconf 85' lang='lat' dir='ltr'>clausulas</span> <span class='ocrx_word' id='word_1_491' title='bbox 1673 2507 1836 2549; x_wconf 81' lang='lat' dir='ltr'>generales</span> <span class='ocrx_word' id='word_1_492' title='bbox 1860 2505 1941 2538; x_wconf 89' lang='lat' dir='ltr'>idem</span> <span class='ocrx_word' id='word_1_493' title='bbox 1963 2505 2021 2538; x_wconf 89' lang='lat' dir='ltr'>im-</span> 
     </span>
     <span class='ocr_line' id='line_1_91' title="bbox 1286 2559 2021 2603; baseline -0.001 -11"><span class='ocrx_word' id='word_1_494' title='bbox 1286 2565 1455 2603; x_wconf 85' lang='lat' dir='ltr'>portantes‚</span> <span class='ocrx_word' id='word_1_495' title='bbox 1473 2560 1589 2593; x_wconf 89' lang='lat' dir='ltr'>mentio</span> <span class='ocrx_word' id='word_1_496' title='bbox 1607 2570 1660 2593; x_wconf 86' lang='lat' dir='ltr'>seu</span> <span class='ocrx_word' id='word_1_497' title='bbox 1678 2560 1804 2602; x_wconf 86' lang='lat' dir='ltr'>quaevis</span> <span class='ocrx_word' id='word_1_498' title='bbox 1819 2559 1879 2591; x_wconf 87' lang='lat' dir='ltr'>alia</span> <span class='ocrx_word' id='word_1_499' title='bbox 1894 2568 2021 2602; x_wconf 86' lang='lat' dir='ltr'>expres-</span> 
     </span>
     <span class='ocr_line' id='line_1_92' title="bbox 1286 2611 2021 2659; baseline -0.003 -13"><span class='ocrx_word' id='word_1_500' title='bbox 1286 2613 1332 2648; x_wconf 90' lang='lat' dir='ltr'>sio</span> <span class='ocrx_word' id='word_1_501' title='bbox 1370 2613 1511 2647; x_wconf 78' lang='lat' dir='ltr'>facienda</span> <span class='ocrx_word' id='word_1_502' title='bbox 1547 2618 1599 2646; x_wconf 82' lang='lat' dir='ltr'>aut</span> <span class='ocrx_word' id='word_1_503' title='bbox 1634 2613 1739 2659; x_wconf 84' lang='lat' dir='ltr'>aliqua</span> <span class='ocrx_word' id='word_1_504' title='bbox 1774 2612 1834 2646; x_wconf 75' lang='lat' dir='ltr'>alia</span> <span class='ocrx_word' id='word_1_505' title='bbox 1869 2611 2021 2656; x_wconf 84' lang='lat' dir='ltr'>exquisita</span> 
     </span>
    </p>
   </div>
   <div class='ocr_carea' id='block_1_20' title="bbox 1268 538 1274 2642">
    <p class='ocr_par' dir='ltr' id='par_1_21' title="bbox 1268 538 1274 2642">
     <span class='ocr_line' id='line_1_93' title="bbox 1268 538 1274 2642; baseline 0 0"><span class='ocrx_word' id='word_1_506' title='bbox 1268 538 1274 2642; x_wconf 95' lang='lat' dir='ltr'> </span> 
     </span>
    </p>
   </div>
   <div class='ocr_carea' id='block_1_21' title="bbox 2037 223 2220 251">
    <p class='ocr_par' dir='ltr' id='par_1_22' title="bbox 2037 223 2220 251">
     <span class='ocr_line' id='line_1_94' title="bbox 2037 223 2220 251; baseline 0.016 -3"><span class='ocrx_word' id='word_1_507' title='bbox 2037 224 2085 249; x_wconf 91' lang='grc' dir='ltr'>Λ3.</span> <span class='ocrx_word' id='word_1_508' title='bbox 2103 224 2132 250; x_wconf 92' lang='lat' dir='ltr'>C.</span> <span class='ocrx_word' id='word_1_509' title='bbox 2155 223 2220 251; x_wconf 81' lang='lat'>1656</span> 
     </span>
    </p>
   </div>
   <div class='ocr_carea' id='block_1_22' title="bbox 2041 1025 2251 1072">
    <p class='ocr_par' dir='ltr' id='par_1_23' title="bbox 2041 1025 2251 1072">
     <span class='ocr_line' id='line_1_95' title="bbox 2068 1025 2251 1055; baseline 0.005 -10"><span class='ocrx_word' id='word_1_510' title='bbox 2068 1025 2157 1055; x_wconf 62' lang='lat' dir='ltr'>Dnungat</span> <span class='ocrx_word' id='word_1_511' title='bbox 2175 1032 2223 1046; x_wconf 82' lang='lat' dir='ltr'>eon·</span> <span class='ocrx_word' id='word_1_512' title='bbox 2250 1039 2251 1042; x_wconf 65' lang='lat'>,</span> 
     </span>
     <span class='ocr_line' id='line_1_96' title="bbox 2041 1054 2119 1072; baseline -0.013 0"><span class='ocrx_word' id='word_1_513' title='bbox 2041 1054 2119 1072; x_wconf 69' lang='lat' dir='ltr'>trax-ns.</span> 
     </span>
    </p>
   </div>
   <div class='ocr_carea' id='block_1_23' title="bbox 2242 525 2263 1981">
    <p class='ocr_par' dir='ltr' id='par_1_24' title="bbox 2242 525 2263 1981">
     <span class='ocr_line' id='line_1_97' title="bbox 2242 525 2263 1981; baseline 0 0"><span class='ocrx_word' id='word_1_514' title='bbox 2242 525 2263 1981; x_wconf 95' lang='lat' dir='ltr'> </span> 
     </span>
    </p>
   </div>
  </div>
 </body>
</html>
