2263 3215
330 242 366 266 Αη
396 242 422 266 ιτ,
447 242 512 267 μῶυ
559 232 622 264 Qtt'i

331 1097 440 1122 inputem<
450 1103 504 1117 swin-

329 1133 330 1136 ¹
348 1131 365 1141 *⁸1

342 1133 389 1142 (μα
404 1132 425 1142 vs
456 1132 484 1143 su.

323 1151 414 1169 itm-taini
448 1152 504 1169 alit:-

721 290 885 317 Alexander
905 290 983 324 Papa
1003 290 1066 324 vn,

671 335 705 360 ad
723 334 854 361 futuram
874 335 918 362 rei
938 335 1119 362 memoriam.

745 387 827 414 Motu
843 388 973 422 proprio,
990 391 1045 416 etc.

570 450 641 489 Nos,
658 449 794 482 volentes
807 449 937 483 dilectos
952 450 1032 483 tilios
1048 456 1172 484 nostros
1189 451 1262 483 dum
1281 490 1283 497 Ι

526 503 735 535 cardinalatus
760 503 880 536 lionore
898 504 1107 546 fungebamur
1125 511 1154 537 et
1173 514 1264 536 vene·
1281 520 1282 532 t

527 555 670 588 rabilium
684 556 816 589 fratrum
841 562 1023 590 nostrorum
1047 557 1075 590 S.
1095 558 1128 590 It.
1150 557 1182 589 Ε.
1201 568 1264 590 car-

525 608 674 641 dinalIum
695 608 864 653 dapiferos,
890 610 944 653 qui
970 610 1120 649 conclavi,
1147 609 1176 641 in
1201 620 1263 652 quo

523 662 628 694 divina
655 662 774 695 favente
800 663 965 696 clementia
990 663 1027 695 ad
1052 663 1168 696 surmui
1193 673 1264 705 apo-

523 715 652 748 stolatus
676 715 796 758 apicem
829 715 980 759 assumpti
1005 715 1132 755 fuimus,
1166 715 1263 747 inser-

524 768 655 808 vierunt,
673 769 790 812 quique
812 770 847 801 ea
862 768 899 801 de
917 770 1009 801 causa
1034 768 1167 808 labores,
1189 767 1263 810 vigi-

521 821 578 853 lias
595 828 621 854 et
642 822 840 855 incommoda
858 822 947 865 plura
966 821 1139 863 subierunt,
1158 821 1262 855 babila

522 875 641 908 iatione
669 874 894 918 obsequiorum
923 874 1114 916 huiusmodi7
1142 874 1258 907 favori-

521 926 589 967 bus,
614 928 723 970 gratiis
741 933 771 960 et
794 928 978 970 privilegiis,
1004 938 1061 970 pro
1087 927 1262 960 cuiuscum-

520 991 580 1023 que
606 980 725 1013 meritis
750 991 912 1020 exornare,
937 981 987 1012 ac*
1015 980 1140 1014 eosdem
1166 980 1257 1023 dapi-

521 1033 657 1074 feroset
682 1044 791 1066 eorum
817 1033 976 1076 singulos,

564 1088 578 1130 ξ
600 1088 628 1121 Ἰ.
650 1087 733 1120 Motu
754 1087 894 1131 proprio,
917 1097 977 1120 non
995 1087 1032 1120 ad
1052 1087 1192 1131 ipsorum
1211 1087 1260 1120 da-

520 1140 692 1183 pifcrorum
709 1168 716 1181 ‚
742 1141 789 1173 vel
814 1141 942 1173 alterius
976 1152 1032 1184 pro
1063 1141 1138 1184 ipsis
1169 1141 1259 1174 nobis

406 1184 504 1222 mmmm
520 1205 614 1237 super
638 1194 698 1227 hoc
722 1194 844 1227 oblatae
874 1194 1033 1237 petitionis
1059 1194 1235 1227 instantiam
1251 1222 1258 1234 ,

519 1247 573 1279 sed
590 1247 628 1280 de
646 1248 733 1279 mera
759 1247 945 1280 liberalitate
964 1248 1112 1290 certaque
1130 1247 1257 1280 scientia

519 1301 645 1341 nostris,
669 1300 770 1344 deque
794 1301 983 1344 apostolicae
1008 1300 1171 1344 potcstatis
1196 1301 1259 1344 ple-

519 1353 670 1393 nitudine,
688 1354 719 1385 in
743 1363 843 1395 veros,
870 1353 1059 1386 indubitatos
1084 1359 1114 1386 ct
1133 1364 1195 1386 nou
1221 1354 1256 1386 fi-

518 1413 584 1439 ctos
603 1407 771 1440 familiares
785 1407 951 1440 continuos
965 1407 1192 1440 commensales
1206 1417 1258 1440 no-

517 1466 608 1502 sti-OS,
623 1465 653 1492 et
678 1471 741 1499 eos,
767 1461 821 1504 qui
842 1471 878 1493 ex
896 1460 957 1493 illis
977 1460 1083 1493 clerici
1109 1460 1256 1500 existunt,

516 1524 570 1545 seu
597 1513 726 1546 militiae
747 1513 883 1547 clericali
905 1513 1041 1546 adscribi
1067 1512 1255 1555 desiderant,

515 1577 657 1609 quosque
683 1571 746 1599 tres
766 1577 803 1599 ex
823 1567 971 1610 praefatis
988 1566 1200 1599 cardinalibus
1225 1566 1254 1598 in

514 1619 654 1662 quolibet
675 1619 786 1652 ordine
805 1620 1000 1663 antiquiores
1029 1619 1140 1662 gradu,
1165 1619 1254 1652 nobi-

514 1672 598 1705 litate
624 1678 653 1705 et
677 1673 746 1705 aliis
771 1672 891 1706 meritis
908 1672 1021 1715 dignos
1038 1672 1090 1705 tali
1104 1672 1255 1715 dignitate

514 1726 730 1769 iudicaverint,
749 1726 779 1758 in
793 1731 918 1759 nostros
934 1732 964 1758 et
988 1726 1186 1769 Apostolicae
1205 1726 1255 1759 Sc-

513 1778 560 1811 dis
584 1779 735 1819 notarios,
763 1778 829 1812 sine
855 1784 961 1812 tamen
990 1778 1185 1822 praeiudicio
1210 1778 1254 1810 di-

513 1832 666 1865 lectorum
690 1832 828 1865 filiorum
847 1832 1043 1864 notariorum
1061 1831 1099 1864 de
1120 1842 1253 1864 numero

511 1885 780 1929 participantium,
801 1889 908 1919 tenore
934 1885 1146 1928 praesentium
1173 1884 1251 1917 reci-

512 1938 627 1981 pimus,
652 1943 683 1971 et
702 1943 765 1971 tam
786 1938 865 1978 illos,
883 1948 976 1981 quam
997 1937 1074 1970 alios
1094 1937 1252 1981 dapiferos

513 1991 666 2034 singulos,
685 1991 738 2035 qui
756 1991 937 2033 singillatim
956 1990 994 2023 ab
1011 1990 1129 2023 eisdem
1151 1990 1251 2024 tribus

512 2044 724 2077 cardinalibus
755 2044 841 2087 digni
867 2043 920 2076 tali
946 2043 1066 2076 bonore
1086 2043 1252 2086 approbati

511 2097 636 2138 fuerint,
662 2097 742 2130 sacri
768 2096 873 2140 palatii
900 2102 929 2129 et
953 2097 1042 2129 aulae
1066 2097 1252 2129 Lateranen-

511 2151 553 2183 sis
569 2150 700 2184 comites
725 2155 754 2183 et
780 2150 905 2190 milites,
921 2161 957 2182 ac
975 2155 1037 2182 tam
1058 2150 1138 2190 illos,
1156 2161 1249 2193 quam

510 2204 588 2236 alios
612 2214 721 2237 omnes
746 2214 964 2246 quoscumque
988 2202 1146 2246 dapiferos
1174 2202 1251 2235 indi-

510 2257 642 2299 stincte,
668 2257 721 2299 qui
747 2257 869 2290 nobiles
899 2267 962 2289 non
991 2261 1082 2296 sunt,
1108 2256 1250 2296 nobiles,

509 2311 625 2355 quique
652 2310 754 2351 Urbis,
780 2310 826 2342 vel
852 2310 983 2342 alicuius
1008 2309 1136 2342 alterius
1156 2320 1191 2342 ex
1212 2309 1250 2342 ei-

511 2364 657 2396 vitatibus
690 2364 855 2407 temporali
889 2363 1029 2395 dominio
1061 2362 1160 2396 dictae
1190 2363 1248 2395 Ro-

510 2427 619 2449 manae
644 2416 801 2450 Ecclesiae
826 2415 959 2449 mediate
986 2416 1033 2448 vel
1069 2415 1249 2448 immediate

509 2470 668 2512 subiectis,
690 2471 773 2503 cives
789 2481 857 2503 esse
878 2470 1044 2511 voluerint⁷
1062 2470 1202 2512 singulos
1217 2468 1248 2500 in

509 2524 543 2555 ea
565 2523 631 2566 ipsa
649 2523 782 2564 civitate,
799 2534 893 2567 quam
914 2523 1094 2566 singillatim
1113 2522 1246 2565 quisque

546 2642 555 2665 1
579 2639 719 2665 Conium-t,
743 2648 775 2665 ac
795 2639 909 2666 delenda
929 2639 965 2674 (ti.
984 2639 1029 2673 12).

1110 242 1287 268 BULLAtutut
1312 243 1465 266 ROMXNUM
2054 242 2102 270 Λη.
2117 243 2145 270 C.
2166 245 2229 274 ¹656

1300 302 1410 323 eorum
1436 290 1588 332 elegerit,
1613 295 1643 323 et
1666 289 1704 322 ad
1730 300 1823 334 quam
1852 290 1890 322 ab
1919 290 2037 323 eisdem

1282 343 1511 380 ,cardinalibus
1535 353 1567 375 se
1592 342 1712 375 admitti
1738 343 1871 386 petierit,
1891 353 1981 376 veros
1999 343 2039 376 ci-

1300 407 1351 428 ves
1372 396 1408 428 ad
1431 396 1538 435 instar,
1556 401 1586 428 et.
1603 396 1687 428 nulla
1706 406 1836 439 prorsus
1861 396 2038 430 differentia

1300 449 1380 481 inter
1405 459 1458 482 eos
1482 455 1512 481 et
1537 449 1678 491 singulos
1709 449 1787 482 alios
1819 459 1919 490 veros,
1943 449 2039 491 origi-

1297 502 1403 535 narios
1429 507 1458 534 et
1483 502 1719 545 antiquissimos
1744 506 1773 536 et
1797 502 1918 535 nobiles
1946 502 2038 546 parti-

1298 555 1439 598 cipantes
1465 556 1548 588 cives
1573 555 1672 598 ipsius
1698 555 1789 588 Urbis
1816 556 1861 588 vel
1893 555 2036 596 civitatis,

1299 609 1338 640 ita
1357 615 1390 641 ut
1414 608 1517 652 ipsum
1540 608 1586 641 ius
1607 608 1739 641 civitatis
1759 609 1796 641 ad
1822 619 2037 652 quoscumque

1298 673 1407 695 eorum
1434 662 1585 695 haeredes
1617 662 1726 695 eodem
1762 662 1854 695 modo
1880 667 2036 702 transeat,

1297 726 1450 755 creamus,
1472 715 1693 748 constituimus
1718 720 1747 747 et
1771 716 1977 758 assignamus,
2001 725 2036 748 ac

1297 768 1468 801 nobilitatis
1493 774 1523 801 et
1547 768 1704 800 civilitatis
1730 768 1838 808 titulo,
1863 768 1984 801 bonore
2007 773 2036 801 et

1298 821 1471 863 insignibus
1492 820 1689 862 decoramus,
1714 821 1913 865 aliorumque
1940 821 2032 854 fami-

1297 873 1421 905 liarium
1448 874 1669 907 continuorum
1695 874 1955 907 commensalium
1982 883 2034 906 no-

1296 926 1344 960 his
1382 932 1453 959 actu
1494 926 1523 959 in
1563 927 1678 970 palatio
1715 932 1824 960 nostro
1860 926 2035 971 apostolico

1295 980 1498 1012 servientium
1525 984 1554 1013 ct
1579 980 1608 1012 in
1637 979 1719 1012 illius
1745 980 1851 1013 tinello
1869 979 2035 1013 comeden-

1296 1032 1370 1066 tium
1406 1039 1435 1065 et
1456 1033 1653 1073 bibentium,
1679 1038 1861 1067 nostrorum
1887 1038 1917 1066 et
1947 1033 2034 1066 Sedis
2106 1038 2126 1059 0

1294 1086 1491 1130 Apostolicae
1516 1086 1724 1127 notariorum,
1751 1086 1920 1131 palatiique
1938 1091 2036 1119 etau-

1294 1140 1341 1172 lae
1362 1140 1519 1183 praefatae
1538 1140 1703 1180 comitum,
1726 1140 1859 1172 militum
1892 1144 1922 1172 et
1945 1139 2034 1173 nobi-

1294 1193 1380 1235 lium,
1402 1199 1427 1225 ct
1449 1193 1562 1225 civium
1581 1193 1763 1226 huiusmodi
1785 1192 2033 1236 originariorum

1292 1256 1426 1278 numero
1452 1252 1481 1279 et
1505 1247 1665 1279 consortio
1690 1246 1903 1279 favorabiliter
1920 1256 2033 1289 aggre-

1292 1309 1413 1342 gamus,
1439 1305 1468 1331 et
1494 1310 1552 1342 pro
1583 1299 1681 1339 veris,
1703 1299 1884 1333 indubitatis
1913 1305 1943 1332 et
1970 1309 2033 1332 non

1291 1352 1371 1385 lictis
1397 1352 1604 1385 familiaribus
1630 1352 1786 1385 continuis
1811 1351 2032 1385 commensali-

1291 1404 1359 1445 bus,
1388 1415 1423 1437 ae
1453 1405 1583 1438 notariis
1620 1405 1757 1445 nostris,
1782 1404 2031 1448 comitibusque,

1291 1458 1452 1500 militibus,
1477 1458 1712 1502 nobilibusque,
1737 1469 1772 1491 ae
1797 1458 1919 1492 civibus
1947 1458 2034 1492 dein-

1290 1522 1362 1555 ceps
1380 1511 1489 1545 baberi
1507 1517 1535 1545 et
1554 1512 1692 1555 reputari
1712 1513 1857 1545 volumus
1882 1517 1912 1544 et
1936 1522 2028 1545 man-

1289 1558 1413 1598 damus.

1333 1619 1347 1662 ἓ
1372 1619 1400 1651 2.
1427 1619 1551 1662 Eisque,
1577 1624 1610 1652 ut
1635 1619 1665 1651 in
1690 1619 1944 1663 quibuscumque
1974 1616 2238 1674 im-b‚›x,1t‡·u‚r³5›u35g-f‘

1289 1672 1518 1715 peti-attonitum
1547 1683 1582 1705 ac
1611 1672 1869 1705 concessionibus
1896 1677 1926 1705 et
1946 1672 2029 1705 litte·
2046 1658 2176 1700 ιεῖιΓιῘω-ωη
2213 1662 2234 1685 ”

1289 1725 1341 1764 ris,
1370 1730 1431 1757 tam
1454 1724 1586 1767 gratiam
1612 1734 1706 1768 quam
1731 1724 1882 1757 iustitiam
1903 1734 2029 1768 separa-

1289 1777 1342 1809 tim
1361 1788 1414 1810 seu
1433 1782 1598 1820 utramque
1617 1777 1737 1809 mixtim
1756 1777 2029 1819 concernentibus,

1287 1841 1319 1863 se
1338 1830 1517 1872 familiares,
1539 1830 1705 1863 continuos
1730 1831 1957 1864 commensales
1977 1840 2030 1864 no-

1287 1887 1377 1924 stros,
1396 1887 1424 1918 et
1442 1883 1583 1924 comites,
1602 1883 1727 1924 milites,
1748 1883 1879 1925 nobiles,
1893 1894 1928 1918 ac
1946 1884 2029 1918 cives

1286 1941 1316 1970 et
1339 1936 1529 1979 originarios
1562 1937 1748 1978 nominare,
1773 1947 1829 1970 nec
1861 1941 2029 1981 propterea

1286 1989 1522 2033 impetrationes
1543 2016 1550 2030 ,
1576 1990 1795 2023 concessiones
1835 1996 1864 2023 et
1904 1990 2027 2023 litterae

1286 2043 1372 2086 ipsae
1407 2043 1622 2087 subreptionis
1648 2043 1722 2076 vitio
1747 2043 1937 2084 subiaceant,
1973 2043 2027 2076 sed

1286 2097 1404 2130 validae
1429 2103 1458 2130 et
1483 2098 1625 2131 efficaces
1653 2097 1796 2138 existant,
1813 2108 1849 2130 ae
1882 2107 1917 2130 ex
1942 2106 2026 2131 nunc

1285 2150 1431 2194 deinceps
1449 2156 1479 2183 et
1496 2150 1526 2183 in
1547 2156 1734 2195 perpetuum
1752 2150 1898 2184 omnibus
1915 2155 1944 2184 et
1961 2149 2027 2195 qui-

1285 2203 1479 2247 buscumque
1503 2209 1535 2236 et
1559 2215 1691 2247 prorsus
1725 2203 1880 2237 similibus
1912 2204 2027 2238 antela-

1284 2257 1430 2297 tionibus,
1445 2257 1671 2290 antelationum
1696 2256 1938 2301 praerogativis,
1962 2257 2026 2301 pri·

1284 2309 1414 2352 vilegiis,
1446 2308 1655 2349 libertatibus,
1681 2309 1943 2350 immunitatibus,
1968 2320 2024 2343 ex-

1282 2362 1495 2405 emptionibus
1509 2390 1516 2403 ,
1550 2362 1684 2395 decretis
1699 2389 1706 2402 ‚
1737 2362 2022 2405 declarationibus,

1282 2415 1550 2457 derogationibus,
1576 2415 1739 2457 mandatis,
1755 2415 2023 2459 suspensionibus,

1281 2468 1452 2511 favoribus,
1478 2469 1597 2511 gratiis,
1622 2468 1806 2512 privilegiis
1831 2468 1969 2511 indultis,
1987 2478 2023 2502 ac

1280 2521 1411 2562 iuribus,
1437 2521 1550 2565 quibus
1569 2521 1621 2554 alii
1638 2521 1737 2555 nostri
1762 2521 1931 2554 familiares
1949 2526 2023 2554 tem-

1278 2585 1355 2618 pore
1379 2574 1480 2608 dictae
1500 2575 1722 2618 assumptionis
1740 2580 1866 2608 nostrae
1882 2574 1920 2607 ad
1939 2584 2022 2607 sum-

1278 2629 1319 2660 mi
1344 2628 1535 2671 apostolatus
1571 2628 1714 2671 apicem,
1747 2638 1781 2661 ae
1813 2627 1928 2671 quibus
1963 2627 2021 2660 alii
