2243 3205
248 215 429 241 An.‹'..1658
475 206 538 238 liti>

244 676 298 696 bum
322 677 428 696 distribuit

244 704 373 732 cunum-nili>
399 711 418 723 in

244 732 327 749 stitutus.

447 263 694 307 propriariinus‚
720 269 749 296 et
775 265 869 305 alias,
895 269 989 308 prout
1015 266 1043 298 in
1069 266 1202 299 nostris}

446 317 580 359 desuper
608 316 636 348 in
664 317 755 349 simili
783 318 883 351 forma
912 318 1015 351 Brevis
1037 319 1086 351 die
1112 317 1202 352 xxvli

447 369 594 401 februarii
622 371 766 413 proxime
792 372 950 414 praeteriti
970 372 1120 415 expeditis
1138 372 1185 403 lit-

447 423 531 462 teris,
557 435 689 466 quarum
717 430 857 457 tenorem
885 426 1102 468 praesentilssius
1126 428 1202 469 pro:

446 477 535 519 plene
561 483 587 508 et
608 477 797 511 sufficienter
815 489 965 522 expresso
982 485 1012 511 et
1029 479 1182 511 verbatim

447 530 563 563 inserto
589 530 695 563 liaberi
722 531 875 574 volumus,
895 532 1023 565 uberius
1046 533 1185 566 contine-

446 581 526 615 tur'.

488 638 503 680 ἓ
527 637 556 670 9..
582 638 669 670 Nunc
694 643 809 679 autem,
835 650 913 683 quae
936 640 1017 673 bona
1035 643 1064 673 et
1085 640 1182 672 eccle-

444 690 506 722 siae
531 691 568 722 ad
588 691 726 734 singulas
740 702 774 724 ex
791 693 960 736 praedictis
978 693 1078 725 tribus
1098 703 1184 735 prae-

444 745 590 787 ceptoriis
615 755 668 777 seu
694 746 888 779 commendis
908 756 965 789 per
989 756 1045 779 nos
1072 746 1183 779 erectis

443 803 471 829 et
505 797 654 830 institutis
679 809 713 830 ex
745 798 949 842 infrascriptis
981 798 1121 831 ecclesiis
1154 803 1181 831 et

443 849 533 883 bonis
550 851 748 894 supradictae
765 851 1000 895 praeceptoriac
1026 862 1080 884 seu
1101 862 1183 884 com-

442 903 572 936 mendae
609 914 795 948 suppressae
829 909 855 937 et
888 905 1042 937 extinctae
1076 915 1181 948 respe—

442 957 521 990 ctive
539 963 680 1001 spectare
694 957 836 997 debeant,
851 958 1026 991 distinctius
1044 963 1073 990 et
1091 968 1181 1002 aper-

442 1010 502 1043 tius
526 1011 750 1043 declarandum
778 1017 806 1044 et
832 1011 1083 1044 constituendum
1114 1022 1181 1044 esse

442 1065 522 1104 rati,
548 1069 635 1097 motu
661 1065 792 1108 proprio
829 1070 857 1097 et
883 1075 917 1097 ex
944 1063 1027 1097 certa
1053 1064 1180 1098 scientia

442 1123 471 1150 et
496 1119 618 1150 matura
651 1118 875 1152 deliberatione
910 1118 1046 1159 nostris,
1079 1118 1180 1163 deque

441 1171 630 1214 apostolicae
655 1171 818 1214 potestatis
832 1171 1034 1214 plenitudino,
1056 1172 1180 1215 cappel-

441 1224 501 1255 lam
527 1224 555 1257 S.
581 1224 695 1257 Mariae
719 1224 756 1257 de
782 1224 878 1257 Bodio
899 1225 1094 1257 Maestadetta
1120 1225 1181 1257 vul-

440 1277 559 1319 gariter
590 1283 802 1322 nuncupatam
829 1278 859 1310 in
885 1278 1045 1311 territorio
1079 1283 1180 1311 terrac

441 1331 610 1371 Mondolfi,
643 1342 676 1364 ac
709 1332 872 1364 eeclesiam
910 1332 938 1364 S.
965 1332 1116 1364 Anastasii
1142 1333 1179 1365 de

440 1385 636 1429 Scapezzano
672 1386 772 1428 (quae
808 1386 966 1429 cappellae
1000 1386 1178 1418 huiusmodi

440 1438 618 1472 membrum
634 1439 761 1482 existit),
780 1449 849 1471 cum
865 1439 1011 1471 omnibus
1025 1443 1053 1472 et
1074 1439 1180 1481 singu-

439 1491 477 1523 lis
502 1492 639 1535 ipsarum
666 1492 827 1536 cappellae
853 1498 882 1524 et
907 1493 1057 1525 eeclesiae
1078 1493 1178 1533 lionis,

440 1546 557 1585 rebus,
582 1546 850 1589 proprietatibus,
877 1546 997 1579 iuribus
1023 1553 1051 1579 et
1077 1547 1175 1590 perti-

439 1599 552 1633 nentiis
577 1599 731 1632 universis
757 1600 890 1642 (canone
915 1605 1017 1632 tamen
1044 1610 1097 1632 seu
1127 1610 1178 1633 ca-

439 1652 575 1684 nonibus
601 1658 703 1685 certae
733 1652 913 1695 quantitatis
947 1653 1094 1685 frumenti
1129 1664 1177 1685 ra-

440 1706 523 1738 tione
551 1711 750 1738 terrenorum
772 1705 914 1738 dell'otto
942 1706 1112 1749 vulgariter
1129 1717 1179 1740 vo-

439 1765 580 1792 catorum
607 1759 636 1791 in
667 1759 750 1791 dieto
777 1759 934 1793 territorio
960 1765 1061 1792 terrae
1086 1760 1175 1793 Mon-

439 1812 513 1845 dolfi
538 1813 737 1856 positorum,
763 1818 792 1845 et
824 1822 840 1844 a
872 1812 1004 1845 diversis
1034 1813 1178 1856 personis

439 1876 666 1909 possessorum,
685 1866 784 1898 dictae
803 1866 962 1909 cappellae
980 1865 1102 1906 debitis,
1120 1877 1178 1899 nec

439 1929 511 1959 non,
521 1930 556 1952 ex
571 1920 661 1953 bonis
675 1919 814 1952 eiusdem
830 1919 998 1963 cappellae,
1011 1919 1177 1952 medietate

439 1973 601 2005 cuiusdam
624 1972 794 2005 molendini
818 1973 930 2005 veteris
950 1973 1118 2016 nuncupati
1138 1973 1175 2005 ad

439 2026 552 2059 dietam
579 2026 751 2069 cappellam
778 2026 808 2058 in
833 2025 996 2069 praedicto
1015 2027 1176 2060 territorio

439 2085 540 2112 terrae
557 2079 703 2113 Mondolti
723 2079 990 2123 speetante,cuius
1005 2080 1175 2113 molendini

438 2133 566 2165 alteram
594 2132 790 2165 medietatem
821 2132 1006 2165 universitas
1037 2133 1174 2167 eiusdem

439 2191 539 2219 terrac
559 2186 705 2219 Mondolfi
730 2186 878 2230 possidet,
891 2197 925 2219 ae
944 2186 1071 2230 insuper
1088 2188 1176 2231 quin-

437 2250 498 2283 que
523 2240 640 2273 octavis
669 2240 813 2283 partibus
845 2240 972 2272 alterius
1004 2240 1174 2273 molendini

437 2292 520 2325 delle
544 2303 618 2326 rone
639 2293 732 2335 vulgo
752 2292 910 2336 appellati,
935 2292 972 2325 ad
991 2292 1104 2325 dietam
1130 2304 1175 2326 ec-

437 2346 562 2379 clesiam
588 2347 616 2379 S.
642 2347 792 2379 Anastasii
818 2346 1067 2390 pertinentibus,
1089 2358 1176 2380 exce-

436 2399 510 2442 ptis)
535 2400 572 2432 ad
605 2399 796 2443 praedictam
822 2399 860 2432 de
885 2400 1078 2443 Scapezzano
1103 2412 1174 2434 cum

437 2453 650 2496 responsionis
676 2458 888 2486 trecentorum
914 2454 1023 2497 viginti
1042 2464 1110 2494 sex3
1129 2465 1176 2487 ec-

437 2504 561 2538 clesiam
594 2516 668 2539 vero
699 2506 911 2550 parochialem
936 2506 964 2539 S.
995 2507 1174 2550 Petrignani

471 2575 483 2601 1
514 2575 625 2602 Litteras
650 2576 800 2610 praedictas
824 2576 908 2602 habes
931 2584 1011 2611 supra
1036 2584 1097 2611 pag.
1123 2576 1174 2604 333

436 2619 515 2646 buius
533 2619 595 2645 tomi
611 2621 650 2649 (n.
669 2621 717 2654 T.).

1030 218 1206 242 BULLARIUM
1231 218 1247 241 n
1254 217 1384 242 otttANUM

1220 266 1277 298 loci
1311 266 1360 298 rio
1385 265 1503 298 rilroso
1535 266 1708 309 nuncupati
1737 266 1767 298 in
1801 266 1962 314 territorio

1219 324 1320 351 terrae
1335 318 1524 351 Saxoferrati
1539 323 1568 352 et
1585 319 1654 351 villa
1676 319 1847 353 Porticano
1865 319 1959 362 vulgo

1220 372 1336 412 vocata,
1360 371 1480 414 pariter
1505 382 1575 404 cum
1601 371 1746 403 omnibus
1772 375 1800 404 et
1829 373 1959 415 singulis

1219 423 1318 463 bonis,
1338 424 1441 465 rebus,
1463 424 1708 468 proprietatibus
1728 430 1757 457 et
1782 424 1902 457 iuribus
1917 425 1958 457 ad

1200 474 1303 508 'illam
1334 482 1395 509 tam
1423 477 1451 509 in
1477 477 1560 510 dicto
1586 477 1746 510 territorio
1772 482 1874 510 terrae
1898 478 1955 512 Sa-

1220 529 1366 561 xoserrati
1393 525 1485 573 quam
1513 530 1543 562 in
1564 530 1725 564 territorio
1750 531 1882 564 civitatis
1902 531 1960 564 Eu-

1200 613 1201 616 ,
1218 581 1355 623 gubinae
1373 583 1604 626 spectantibus,
1625 588 1789 627 praeterea
1806 584 1912 617 omnia
1929 590 1959 617 et

1218 634 1340 676 singula
1373 635 1524 668 ecelesiae
1560 636 1635 668 olim
1671 637 1728 669 sub
1761 637 1956 671 invocatione

1218 687 1246 720 S.
1270 688 1394 720 Ioannis
1418 688 1565 731 Dedignis
1594 689 1623 721 in
1650 689 1811 733 praedicto
1832 690 1956 724 territo-

1219 740 1265 773 rio
1295 746 1397 774 terrae
1426 741 1617 783 Saxiserrati,
1647 753 1682 775 ac
1707 743 1857 776 ecelesiae
1881 743 1956 777 olim

1218 794 1246 826 S.
1273 794 1397 827 Ioannis
1423 795 1615 828 pisaurensis
1642 796 1671 828 in
1697 797 1857 830 territorio
1883 797 1958 830 civi-

1218 847 1287 880 tatis
1303 847 1495 880 Pisaurensis
1514 849 1790 892 respective-bona,
1808 861 1868 891 reS,
1888 861 1958 895 pro-

1218 901 1387 944 prietates,
1413 902 1480 934 iura
1505 908 1536 935 et
1561 903 1766 946 pertinentias
1789 904 1955 946 universa,

1217 954 1254 986 ad
1287 954 1364 987 llaec
1395 965 1532 988 annuum
1559 966 1709 989 canonem
1736 967 1791 990 seu
1822 967 1957 991 canones

1216 1013 1319 1040 certae
1337 1009 1518 1051 quantitatis
1532 1010 1678 1043 frumenti
1692 1010 1873 1054 praedictae
1890 1022 1958 1056 cap-

1215 1062 1315 1104 pellae
1329 1063 1358 1095 S.
1374 1063 1487 1095 Mariae
1501 1063 1539 1096 de
1553 1064 1649 1097 Bodio
1663 1064 1784 1097 ratione
1799 1064 1954 1098 dictorum

1216 1120 1416 1148 terrenorum
1449 1115 1601 1150 dell’otlo
1635 1117 1729 1160 vulgo
1753 1123 1952 1162 nuncupato-

1216 1179 1296 1208 rum,
1322 1174 1355 1201 ut
1379 1170 1602 1213 praemittitur,
1628 1171 1760 1211 debitos,
1777 1182 1812 1204 ac
1837 1172 1956 1216 primo-

1215 1221 1328 1254 dictam
1356 1223 1553 1256 medietatem
1585 1225 1749 1258 memorati
1784 1225 1956 1258 molendini

1216 1276 1327 1308 veteris
1353 1277 1521 1320 nuncupati
1541 1277 1578 1309 ad
1598 1278 1711 1310 dictam
1734 1279 1909 1322 cappellam
1924 1279 1955 1311 in

1216 1328 1375 1362 territorio
1401 1335 1503 1362 terrae
1529 1330 1675 1363 llonslolfi
1700 1335 1904 1374 spectantem,
1926 1338 1956 1364 et

1214 1384 1352 1427 quinque
1370 1390 1494 1416 octavas
1513 1389 1616 1426 partes
1638 1384 1766 1416 alterius
1784 1384 1954 1417 molendini

1216 1437 1364 1481 praedicti
1390 1437 1472 1469 delle
1497 1448 1571 1470 cone
1595 1438 1742 1481 appellati
1769 1438 1806 1470 ad
1838 1438 1953 1472 dietam

1214 1491 1376 1523 ecclesiam
1398 1491 1426 1523 S.
1445 1491 1595 1523 Anastasii
1618 1491 1655 1523 de
1673 1492 1866 1535 Seapezzano
1886 1502 1955 1535 per-

1216 1544 1357 1584 tinentes,
1384 1544 1548 1576 ecclesiam
1574 1555 1699 1587 quoque
1725 1544 1753 1576 S.
1772 1545 1896 1578 loannis
1922 1546 1954 1578 in

1216 1597 1298 1630 Valle
1325 1598 1354 1632 in
1380 1598 1467 1630 curia
1493 1597 1530 1630 de
1552 1598 1749 1640 Montcnovo,
1765 1609 1835 1630 cum
1852 1598 1955 1631 *onmi-

1215 1651 1272 1683 bus
1297 1656 1325 1684 et
1351 1651 1482 1693 singulis
1507 1651 1590 1683 illius
1616 1651 1716 1691 bonis,
1741 1652 1846 1694 rebus,
1872 1662 1951 1695 pro-

1213 1705 1418 1748 prietatibus,
1445 1704 1564 1737 iuribus
1596 1708 1625 1738 et
1655 1705 1853 1748 pertinentiis
1873 1706 1950 1738 mni-

1215 1758 1320 1797 versis,
1339 1758 1376 1790 ad
1392 1763 1596 1791 memoratam
1611 1758 1649 1790 de
1663 1758 1861 1792 Saxot'errato
1881 1769 1952 1792 cum

1214 1811 1429 1855 responsionis
1443 1816 1587 1851 centum;
1609 1821 1644 1843 ae
1664 1811 1791 1844 demum
1811 1811 1839 1844 S.
1856 1812 1952 1845 Marci

1214 1865 1371 1905 Fanensis,
1397 1874 1432 1897 ac
1458 1864 1487 1896 in
1514 1865 1673 1898 territorio
1698 1865 1830 1898 civitatis
1855 1865 1951 1898 Seno-

1212 1917 1322 1959 galliae
1348 1923 1375 1949 et
1401 1917 1471 1949 villa
1493 1917 1529 1949 de
1551 1918 1662 1950 Filetto
1683 1918 1816 1962 positam
1840 1918 1868 1952 S.
1891 1919 1952 1951 Ma-

1213 1971 1276 2003 riae
1300 1971 1337 2002 (le
1364 1971 1484 2009 Fiteuo‚
1509 1971 1705 2014 parochiales
1720 1971 1889 2012 eeclesias,
1909 1971 1950 2004 si-

1214 2025 1329 2057 militer
1354 2035 1423 2057 cum
1451 2025 1596 2057 omnibus
1622 2030 1651 2057 et
1676 2025 1808 2068 singulis
1843 2036 1950 2058 earum

1212 2078 1322 2117 bonis,
1348 2078 1461 2119 rebus,
1487 2078 1749 2122 proprietatibus,
1776 2078 1896 2112 iuribus
1921 2084 1951 2112 et

1210 2133 1404 2176 pertinentiis
1436 2133 1610 2175 universis,
1636 2143 1756 2166 necnon
1792 2134 1896 2167 omnia
1921 2139 1950 2167 et

1211 2186 1331 2229 singula
1357 2186 1506 2219 ecclesiae
1531 2187 1605 2219 olim
1631 2187 1660 2219 S.
1688 2187 1812 2220 Ioannis
1837 2187 1875 2220 de
1899 2188 1950 2221 Se-

1210 2240 1345 2283 nogalIIa
1366 2240 1463 2280 bona,
1489 2251 1557 2281 res,
1582 2241 1800 2284 proprietateS,
1827 2241 1895 2274 iura
1920 2245 1949 2276 et

1210 2293 1413 2336 pertinentias
1445 2293 1607 2326 universas
1621 2293 1639 2334 ¹,
1664 2293 1702 2327 ad
1734 2294 1947 2338 supradictam

1211 2347 1392 2386 Fanensem,
1415 2347 1589 2390 respective.
1605 2353 1800 2391 nuncupatas
1820 2358 1948 2392 pracce-

1210 2400 1327 2444 ptorias
1353 2410 1406 2432 seu
1439 2400 1641 2433 commendas
1669 2411 1686 2433 a
1710 2400 1801 2434 nobis
1827 2406 1946 2434 erectas

1210 2457 1238 2487 et
1263 2453 1439 2494 institutas,
1471 2465 1541 2486 cum
1574 2454 1788 2498 responsionis
1821 2460 1944 2488 centum

1209 2506 1432 2550 quinquaginta
1459 2512 1619 2540 scutorum
1640 2512 1780 2541 monetae
1798 2517 1945 2540 romanae

1246 2623 1254 2648 1
1279 2622 1361 2657 Supra
1383 2622 1480 2650 lectum
1501 2623 1551 2650 suit
1571 2623 1705 2653 universa
1726 2624 1763 2659 (n.
1779 2623 1826 2655 Τ.).

1976 216 2156 246 An.c.1658
2206 209 2208 235 ἰ
