2185 3188
23 186 72 211 An.
94 185 122 209 (J.
140 181 206 208 1656

214 225 464 261 christifidelium
482 226 581 258 salute
607 235 664 258 nos
685 224 882 258 continenter
901 233 953 256 ur-

214 285 266 325 get
288 278 509 320 sollicitudine,
534 279 681 323 pietatem
705 283 734 311 et
759 277 951 321 vigilantiam

215 339 297 367 tuam
323 332 513 377 pastoralem
539 332 655 366 nostris
680 330 952 365 cohortationibus

213 386 313 430 magis
331 385 509 425 incitemus;
525 389 616 429 teque
633 385 742 418 sedulo
757 395 951 427 moneamus,

213 439 412 485 utpraesatos
429 439 592 483 regulares
609 439 696 472 omni
713 437 952 471 benevolentiae

212 498 242 526 et
266 492 498 526 munificentiae
528 502 644 535 genere
673 491 712 524 ad
743 491 950 524 assistendum

212 550 242 578 et
265 544 499 578 inserviendum
517 550 604 588 peste
625 544 747 577 insectis
771 543 951 576 huiusmodi

211 597 333 637 invites,
351 602 438 630 certo
455 597 546 631 nobis
566 596 792 641 persuadentes
808 596 878 629 illos
900 598 951 629 tua

211 650 405 693 benignitate
420 655 449 683 et
463 650 649 684 liberalitate
673 650 794 683 illectos
813 660 884 682 eum
906 650 951 682 la-

211 703 319 737 borem
335 707 482 747 prompte
496 707 525 737 et
538 703 685 737 alacriter
699 703 856 747 (neglecto
872 703 951 735 vitae

211 757 365 802 periculo)
389 768 449 801 pro
465 757 563 791 salute
581 757 758 790 animarum
776 757 950 797 subituros;

211 814 242 843 et
265 809 581 854 circumspectionem
608 815 693 843 tuam
713 810 829 843 iterum
849 810 948 842 bene-

211 862 346 897 dictione
369 865 479 896 nostra
512 869 716 907 peramanter
740 863 950 907 impertimur.

248 916 360 950 Datum
370 917 499 958 Romae,
513 917 596 961 apud
610 917 638 950 S.
649 912 776 950 Mariam
792 916 950 957 Maiorem,

211 969 270 1002 sub
309 969 426 1003 annulo
463 970 653 1010 piscatoris,
679 970 728 1003 die
757 980 787 1003 1v
826 970 949 1013 augusti

209 1032 342 1064 MDCLV1‚
362 1021 566 1067 pontificatus
590 1023 690 1058 nostri
720 1033 801 1056 anno
825 1033 856 1056 11.

245 1085 301 1113 Dat.
320 1084 363 1112 die
380 1086 395 1112 4
411 1085 519 1121 augusti
538 1085 616 1119 1656,
633 1086 731 1121 pontif.
748 1093 820 1113 anno
837 1091 865 1112 11.

515 1201 624 1235 CXXV.

210 1272 420 1316 Confirmatio
445 1272 663 1316 emphyteusis
688 1272 843 1306 bonorum
860 1273 950 1316 prio-

252 1330 345 1360 ratus
377 1330 406 1359 ει
430 1326 579 1359 ecclesiae
607 1326 638 1360 S.
672 1326 816 1359 Solliciti
849 1330 952 1359 terrae

252 1379 423 1413 Matelicae
447 1379 684 1413 Camerinensis
708 1379 868 1412 dioecesis.

403 1451 572 1478 Alexander
592 1450 671 1486 Papa
691 1451 756 1484 VH,

351 1496 387 1523 ad
407 1496 542 1523 futuram
561 1496 605 1523 rei
625 1495 807 1523 memoriam.

252 1559 339 1599 Cum,
365 1558 445 1591 sicut
469 1557 659 1601 accepimus,
677 1557 766 1590 annis
783 1557 952 1601 superiori-

47 1625 122 1658 nonvq
133 1626 195 1648 huius
208 1611 277 1653 bus,
295 1611 380 1646 vim²
399 1612 518 1645 decreti
541 1611 801 1645 commissor-latis
827 1621 951 1644 venera-

0 1662 1 1673 *
21 1653 176 1675 ⁰⁰²¹²¹¹¹¹''‘¹⁰'¹'³‘
208 1665 263 1699 bili
287 1665 377 1698 fratri
409 1665 536 1698 AEmilio
563 1665 713 1709 episcopo
736 1663 949 1698 Camerinensi

0 1740 1 1758 i
207 1719 318 1753 directi
342 1724 373 1752 et
396 1729 414 1752 a
440 1718 670 1752 venerabilibus
685 1718 777 1751 etiam
799 1718 950 1751 fratribus

207 1773 324 1807 nostris
348 1778 473 1806 sanctae
490 1774 650 1806 Romanae
668 1773 825 1806 Ecclesiae
850 1773 949 1806 cardi-

0 1854 2 1867 ,
207 1827 330 1861 nalibus
355 1827 436 1860 sacri
452 1826 582 1861 Concilii
602 1826 775 1860 Tridentini
797 1826 950 1871 interpre-

0 1876 3 1904 ¹
208 1882 291 1916 tibus
316 1882 469 1922 emanati,
493 1892 549 1925 per
574 1881 705 1914 dilectos
729 1881 811 1914 filios
835 1882 948 1915 fratres

1 1931 3 1943 “
207 1935 369 1980 suppressi
389 1945 472 1969 nuuc
490 1934 676 1968 auctoritate
699 1935 871 1979 apostolica
896 1936 949 1969 Or-

206 1989 288 2023 dinis
317 1990 552 2024 Cruciserorum
578 1994 751 2022 conventus
776 1995 806 2022 et
829 1990 949 2033 priora-

208 2048 258 2076 tus
290 2044 320 2078 S.
352 2043 467 2076 Mariae
508 2042 546 2075 ad
582 2042 712 2076 Fontem
745 2042 841 2075 Trivii
874 2053 949 2075 nun-

208 2102 340 2141 cupatae
365 2097 402 2130 de
422 2096 514 2138 Urbe,
540 2096 697 2129 mediante
721 2096 794 2130 dicti
823 2096 948 2130 Ordinis

206 2155 414 2194 procuratore
446 2149 603 2192 generali,
635 2150 740 2182 onmia
764 2155 794 2181 et
826 2150 948 2192 singula

207 2202 288 2236 bona
305 2203 465 2247 prioratus
485 2206 515 2236 et
528 2202 678 2235 ecclesiae
695 2202 723 2235 S.
742 2202 873 2235 Solliciti
892 2207 950 2237 ter-

209 2267 262 2290 rae
279 2263 405 2290 nostrae
427 2257 585 2290 Matelieac
613 2257 843 2290 Caincrinensis
867 2256 950 2290 dioe-

209 2310 298 2351 cesis,
323 2310 519 2355 primodictis
544 2310 711 2342 conventui
737 2316 766 2342 ct
794 2309 948 2353 prioratui

209 2364 302 2397 etiarn
315 2364 489 2407 apostolica
507 2363 692 2396 auctoritate
716 2368 870 2406 perpetuo
886 2363 950 2395 uni—

7 2441 9 2461 1
209 2422 324 2458 torum,
341 2417 463 2450 dilectis
492 2416 564 2449 tiliis
579 2416 736 2449 Succurso
760 2421 789 2448 et
814 2417 949 2450 Antonio

7 2468 10 2520 l
209 2471 360 2504 fratribus
391 2471 429 2504 de
457 2469 630 2504 Cimarellis
655 2480 671 2502 e
699 2469 782 2502 dicta
809 2471 891 2503 terra
918 2470 949 2502 in

9 2521 10 2528 ¹
209 2523 439 2569 emphyteusim
450 2523 487 2556 ad
500 2533 609 2556 eorum
628 2522 751 2556 tertiam
772 2523 949 2566 generatio-

246 2588 256 2614 1
281 2586 371 2613 Potius
392 2587 451 2620 lege
470 2586 499 2613 vi
517 2588 558 2619 (n.
575 2586 622 2619 T.).

289 2641 366 2668 Buta.
388 2642 469 2668 Hom.
491 2654 524 2660 -—
546 2639 600 2667 Vol.
617 2639 693 2666 A'VJ.

875 2640 908 2667 26

803 176 989 200 ALENAabfflt

1015 175 1056 198 vn
1084 177 1130 199 rr.
1637 165 1694 197 {ot

988 233 1058 255 nem
1079 224 1284 256 masculinam
1300 230 1329 256 et
1350 223 1530 256 femininam
1551 223 1610 256 sub
1628 223 1730 254 annua

989 275 1193 320 responsione
1203 282 1365 310 scutorum
1373 276 1580 320 quadraginta
1588 281 1731 309 monetae

988 340 1148 371 romanae,
1161 340 1196 362 ac
1213 341 1284 363 curn
1304 341 1400 363 onere
1418 330 1571 363 celebrari
1598 329 1729 362 faciendi

988 383 1017 416 in
1042 383 1125 416 dicta
1152 384 1285 416 ecclesia
1311 384 1339 417 S.
1366 383 1499 416 Solliciti
1531 389 1594 417 tres
1620 383 1730 416 missas

987 436 1265 476 hebdomadatim,
1295 436 1427 480 aliisque
1461 442 1535 469 tunc
1572 437 1729 480 expressis

986 490 1085 534 pactis
1111 494 1140 524 et
1164 490 1408 530 conditionibus,
1429 500 1578 523 concessa
1604 490 1729 529 suerint,

986 544 1153 578 subsecuta
1179 545 1273 577 etiam
1305 544 1516 577 concessionis
1548 543 1728 577 huiusmodi

986 597 1201 639 ratiticatione,
1217 603 1247 630 et
1261 597 1347 637 alias,
1367 602 1461 640 prout
1479 597 1508 629 in
1523 596 1654 629 diversis
1676 608 1730 640 pu-

987 651 1077 683 blicis
1113 651 1283 695 superinde
1315 650 1465 684 confectis
1490 650 1728 690 instrumentis,

985 704 1108 747 plenius
1133 704 1249 736 dicitur
1274 703 1448 743 contineri3
1481 703 1623 736 firmiora
1655 714 1729 736 vero

985 757 1047 790 sint
1070 767 1116 798 ea,
1134 767 1215 801 quae
1239 757 1326 791 Sedis
1340 757 1538 801 Apostolicae
1556 756 1730 789 munimine

986 810 1194 844 roborantur:

1030 864 1045 908 ἓ
1062 864 1091 897 ’1.
1104 864 1183 898 Hinc
1199 869 1245 897 est
1262 863 1344 908 quod
1364 874 1432 904 nos,
1451 862 1623 896 inviolabili
1642 872 1729 906 prae-
1766 875 1928 896 cantantia...

986 918 1155 951 missorum
1171 917 1395 957 observationi,
1410 921 1562 962 quantum
1581 926 1651 948 cum
1670 916 1730 948 Do·
1744 902 1928 964 tillidi*“llha'llj

987 971 1071 1005 mino
1087 981 1267 1015 possumus,
1282 971 1460 1004 consultum
1476 980 1543 1002 esse
1556 969 1728 1013 cupientes,
1745 958 1785 976 1¹¹³*
1801 962 1839 976 Μ’

985 1025 1133 1068 ipsosque
1153 1024 1343 1057 Succursum
1371 1026 1401 1057 et
1424 1022 1595 1056 Antonium
1614 1021 1730 1065 specia-

984 1077 1066 1110 libus
1087 1077 1246 1110 favoribus
1263 1082 1293 1110 et
1317 1076 1427 1120 gratiis
1452 1074 1602 1119 prosequi
1620 1075 1728 1107 volen-

985 1134 1041 1168 tes,
1066 1134 1097 1164 et
1128 1140 1145 1163 a
1174 1130 1338 1174 quibusvis
1370 1127 1728 1168 excommunicationis,

985 1183 1202 1228 suspensionis
1227 1189 1257 1216 et
1281 1182 1451 1223 interdicti,
1475 1182 1607 1226 aliisque
1632 1183 1729 1215 eccle-

985 1237 1118 1271 siasticis
1142 1237 1319 1277 sententiis,
1345 1237 1487 1270 censuris
1512 1242 1541 1269 et
1567 1238 1686 1281 poeniS,
1713 1250 1729 1272 a

986 1291 1054 1324 iure
1081 1292 1126 1324 vel
1152 1291 1190 1324 ab
1207 1291 1347 1331 homine,
1364 1290 1474 1334 quavis
1499 1291 1665 1325 occasione
1683 1294 1729 1325 vel

985 1347 1078 1378 causa
1103 1345 1183 1387 tatis,
1204 1345 1229 1377 si
1246 1345 1361 1389 quibus
1381 1344 1620 1388 quomodolibet
1644 1346 1730 1379 inno-

985 1399 1048 1432 dati
1081 1399 1239 1440 existunt,
1265 1399 1304 1432 ad
1339 1399 1484 1433 effectum
1514 1400 1728 1443 praesentium

985 1453 1146 1486 dumtaxat
1180 1452 1461 1496 consequendum,
1498 1452 1611 1486 harum
1648 1454 1729 1487 serie

985 1506 1181 1539 absolventes
1207 1512 1237 1539 et
1261 1505 1423 1540 absolutos
1452 1507 1518 1539 l'ore
1543 1514 1706 1540 censentes
1721 1535 1728 1547 ‚

985 1563 1072 1593 motu
1097 1560 1238 1603 proprio,
1262 1569 1325 1592 non
1350 1559 1388 1592 ad
1413 1559 1556 1602 ipsorum
1581 1559 1728 1594 Succursi

985 1618 1015 1645 ct
1044 1613 1171 1645 Antonii
1204 1618 1257 1645 aut
1289 1612 1418 1645 alterius
1449 1622 1560 1645 eornm
1593 1613 1728 1657 desuper

984 1665 1075 1699 nobis
1100 1666 1222 1699 oblatae
1257 1665 1417 1709 petitionis
1447 1665 1647 1707 instantiam,
1674 1667 1729 1700 sed

985 1730 1019 1752 ex
1037 1722 1124 1752 certa
1142 1720 1272 1753 scientia
1290 1721 1407 1761 nostra,
1422 1720 1658 1753 concessionem
1677 1720 1728 1754 bo-

983 1784 1096 1807 norum
1122 1773 1304 1806 huiusmodi
1338 1773 1498 1817 prioratus
1523 1777 1552 1807 et
1577 1774 1728 1808 ecclesiae

983 1827 1012 1860 S.
1033 1827 1164 1860 Solliciti
1189 1826 1281 1859 dictis
1305 1826 1462 1860 Succnrso
1487 1832 1515 1859 ct
1541 1827 1676 1860 Antonio
1697 1828 1728 1861 in

983 1881 1214 1925 emphyteusim
1240 1880 1279 1913 ad
1304 1890 1414 1913 eorum
1442 1879 1567 1913 tertiam
1593 1892 1726 1923 genera-

984 1935 1116 1974 tionem,
1143 1940 1175 1967 ut
1199 1933 1388 1977 praefertur,
1411 1933 1536 1974 factam,
1562 1945 1608 1975 ac,
1634 1942 1728 1979 prout

983 1988 1067 2021 illam
1086 1992 1291 2029 concernunt,
1306 1987 1445 2020 confecta
1462 1986 1598 2030 desuper
1616 1988 1728 2021 instru-

983 2046 1087 2074 menta
1105 2040 1274 2085 praedicta,
1293 2050 1363 2073 cum
1383 2040 1530 2073 omnibus
1549 2046 1579 2073 et
1596 2040 1728 2083 singulis

984 2096 1014 2128 in
1027 2095 1072 2128 eis
1093 2094 1248 2128 contentis
1273 2093 1327 2127 ac¹
1345 2093 1438 2126 licitis
1463 2097 1493 2127 et
1514 2094 1653 2127 honestis
1671 2095 1728 2127 eis-

983 2149 1053 2181 dem
1070 2147 1223 2192 prioratui
1239 2153 1269 2180 et
1282 2147 1432 2180 ecclesiae
1448 2147 1577 2180 utilibus
1593 2153 1622 2180 et
1636 2148 1728 2191 proti-

984 2202 1061 2242 cuis⁷
1079 2202 1188 2235 eadem
1207 2201 1393 2235 auctoritate
1418 2201 1602 2245 apostolica,
1618 2207 1727 2235 tenore

983 2255 1208 2299 praesentium,
1219 2255 1446 2288 confirmamus
1460 2259 1489 2286 et
1503 2254 1725 2297 approbamus,

984 2310 1107 2352 illisque
1134 2308 1321 2341 inviolabilis
1345 2308 1537 2352 apostolicae
1568 2308 1726 2341 firmitatis

984 2362 1082 2395 robur
1106 2361 1292 2401 adiicimns,
1320 2371 1355 2394 ac
1388 2371 1499 2393 omnes
1524 2365 1553 2392 et
1585 2360 1726 2402 singulos

984 2420 1045 2448 tani
1071 2414 1148 2447 iuris
1176 2423 1271 2457 quam
1297 2413 1368 2446 sacti
1393 2413 1542 2453 desectus,
1560 2412 1584 2445 si
1605 2414 1658 2457 qni
1676 2413 1726 2446 do-

983 2479 1080 2512 super
1103 2466 1343 2511 quomodolibet
1367 2465 1613 2507 ii‘itetwenerint,
1648 2478 1725 2510 snp-

983 2522 1107 2566 plemus
1131 2525 1160 2554 et
1185 2530 1342 2552 sanamus.

1746 173 1795 199 Α11.
1817 173 1844 200 C.
1865 174 1929 199 tuot}

1021 2586 1032 2612 ‘l
1051 2583 1192 2612 Coniunct.
1208 2591 1242 2610 ac
1258 2590 1306 2610 nos
1321 2581 1448 2610 addimus
1463 2586 1502 2617 tn.
1519 2582 1568 2617 1.).
