2243 3205
276 185 324 211 Αη.
345 184 373 211 c.
393 184 453 211 tsssst
505 175 568 209 6602

1049 187 1226 211 BULLARIUM
1251 187 1405 211 ROMANUM

472 236 494 273 †
520 234 583 275 Ego
609 233 738 264 loannes
763 233 900 276 Baptista
920 233 1020 276 Spada
1039 235 1117 267 tituli
1141 246 1210 267 san-
1243 236 1267 277 -ζ-
1291 235 1356 277 Ego
1382 234 1566 267 Laurentius
1592 234 1620 267 S.
1646 235 1804 268 Eustachii
1830 236 1978 270 diaconus

560 285 598 317 cti
633 285 767 317 Marcelli
803 285 968 318 cardinalis
999 287 1026 320 S.
1053 288 1210 320 Susannae

561 338 720 380 promitto,
747 348 844 371 voveo
870 344 898 371 et
923 339 1002 373 iuro.

471 392 495 433 †
521 390 585 432 Ego
610 390 794 423 Franciscus
815 392 893 423 tituli
919 392 947 424 S.
973 393 1086 426 Mariae
1106 393 1134 424 in
1156 393 1210 425 Via

560 443 725 476 cardinalis
751 444 888 477 Albicius
913 447 1086 488 promitto,
1112 456 1209 479 voveo

560 502 589 528 et
614 507 692 529 iuro.

471 606 494 644 †
519 603 583 646 Ego
608 603 752 637 Octavius
777 604 855 637 tituli
881 605 909 637 S.
935 605 1084 638 Caeciliae
1111 604 1210 636 cardi-

559 656 638 688 nalis
663 656 700 689 de
725 657 881 700 Aquaviva
915 658 1086 701 promitto,
1113 667 1209 689 voveo

560 713 590 743 et
614 710 692 742 iuro.

471 765 493 803 †
519 762 583 804 Ego
608 763 731 795 Flavius
757 763 836 795 tituli
855 764 883 796 S.
902 764 1015 796 Mariae
1040 763 1077 795 de
1092 763 1210 806 Populo

559 815 725 847 cardinalis
745 815 866 848 Cliisius
887 816 1046 859 promitto,
1065 826 1164 848 voveo
1181 820 1211 847 et

560 879 638 901 iuro.

518 1027 583 1069 Ego
620 1027 715 1059 lulius
750 1027 830 1059 tituli
868 1028 897 1060 S.
931 1027 1006 1061 Sixti
1043 1028 1210 1060 cardinalis

559 1080 776 1122 Ruspigliosus
793 1081 953 1123 promitto,
969 1091 1067 1113 voveo
1084 1086 1113 1113 et
1131 1081 1209 1113 iuro.

518 1133 582 1175 Ego
607 1133 753 1166 Nieolaus
788 1133 816 1165 S.
850 1134 975 1166 Eusebii
1001 1134 1168 1167 cardinalis
1193 1144 1211 1166 a

560 1186 673 1219 Balneo
698 1186 863 1230 promitto,
888 1197 985 1220 voveo
1010 1193 1040 1219 et
1064 1187 1143 1220 iuro.

470 1135 493 1173 »ι-
470 924 494 1067 -t-—i-—t-

470 1242 493 1386 ›i-—t->i-

518 1345 583 1388 Ego
616 1345 800 1378 Franciscus
832 1347 911 1379 tituli
937 1347 965 1379 S.
992 1346 1115 1379 loannis
1140 1352 1210 1379 ante

560 1399 684 1431 Portam
706 1398 846 1432 Latinam
866 1399 1031 1431 cardinalis
1052 1400 1211 1432 Paulutius

560 1453 722 1495 promitto,
737 1463 834 1486 voveo
853 1458 882 1485 et
900 1454 978 1486 iuro.

472 1560 494 1598 †
520 1557 585 1599 Ego
611 1558 723 1590 Ssortia
741 1558 819 1590 tituli
846 1559 874 1591 S.
896 1559 1064 1591 Salvatoris
1083 1559 1113 1591 in
1132 1559 1211 1591 Lau-

559 1621 614 1643 reo
640 1611 807 1643 cardinalis
825 1612 1030 1644 Pallavicinus
1051 1613 1211 1655 promitto,

560 1675 657 1697 voveo
683 1670 712 1696 ot
737 1665 814 1697 iuro.

471 1720 497 2078 -t-—i-—i-—t-›t-—i-—f-

521 2036 586 2077 Ego
615 2036 771 2079 Virginius
805 2036 833 2068 S.
860 2036 972 2068 Mariae
1003 2037 1033 2069 in
1059 2037 1113 2069 Via
1150 2037 1211 2068 lata

562 2089 711 2122 diaconus
737 2089 903 2121 cardinalis
930 2089 1058 2122 Ursinus
1083 2090 1211 2133 promit-

562 2146 603 2182 to,
622 2152 717 2175 voveo
738 2147 767 2174 et
785 2142 863 2174 iuro.

472 2195 495 2234 †
520 2193 584 2236 Ego
616 2194 782 2227 Rainaldus
816 2194 843 2227 S.
874 2194 991 2227 Nicolai
1021 2195 1051 2226 in
1076 2195 1208 2228 Carcere

560 2247 700 2279 Tulliano
719 2247 868 2280 diaconus
886 2247 1052 2280 cardinalis
1073 2248 1210 2280 Estensis

561 2300 722 2343 promitto,
741 2311 838 2333 voveo
858 2305 888 2333 et
905 2300 984 2333 iuro.

474 2352 499 2394 ἢ

474 2405 498 2446 †
523 2404 587 2447 Ego
614 2406 724 2438 Paulus
750 2406 878 2439 Emilius
896 2406 924 2439 S.
946 2406 1058 2439 Mariae
1083 2406 1114 2438 in
1138 2406 1211 2439 Cos-

562 2459 687 2490 mendin
705 2459 854 2492 diaconus
872 2459 1038 2492 cardinalis
1056 2459 1207 2492 Rondini-

561 2520 619 2543 nus
635 2512 795 2553 promitto,
818 2523 914 2545 voveo
933 2518 961 2545 et
976 2513 1054 2545 iuro.

475 2575 480 2579 .
483 2565 495 2580 l-

483 2583 488 2601 ί

1332 287 1499 320 cardinalis
1524 287 1662 330 Raggius
1687 288 1857 331 promitto,
1882 299 1979 322 voveo

1335 345 1364 372 ct
1388 340 1467 372 iuro.

1243 502 1265 540 —i—
1242 446 1267 487 ›x-
1243 393 1266 435 -i-

1290 499 1355 541 Ego
1379 499 1508 533 Carolus
1522 500 1551 533 S.
1573 500 1682 543 Angeli
1696 500 1728 532 in
1744 500 1826 533 Foro
1847 499 1980 532 Piscium

1331 552 1480 585 diaconus
1505 552 1671 585 cardinalis
1696 552 1886 587 Barberinus
1910 562 1982 596 pro-

1331 606 1431 646 mitto,
1456 616 1553 639 voveo
1578 611 1607 638 et
1632 606 1710 639 iuro.

1243 659 1265 698 †
1291 657 1356 700 Ego
1375 658 1503 690 Carolus
1528 658 1556 690 S.
1573 659 1687 692 Mariae
1705 659 1736 691 in
1755 658 1904 705 Domnica
1920 657 1982 691 dia-

1332 721 1429 743 conus
1443 711 1608 745 cardinalis
1626 712 1697 745 Pius
1706 711 1866 756 promitto,
1883 721 1981 744 voveo

1331 769 1361 796 ct
1382 764 1461 797 iuro.

1243 817 1267 859 †

1243 872 1266 910 †
1290 869 1355 912 Ego
1380 870 1491 902 Decius
1515 870 1544 902 S.
1571 870 1718 903 Hadriani
1743 870 1892 903 diaconus
1916 880 1981 903 car-

1332 922 1443 956 dinalis
1466 923 1630 956 Azzolinus
1655 923 1816 967 promitto,
1836 933 1934 957 voveo
1951 928 1981 956 et

1333 986 1412 1008 mro.

1243 1082 1268 1175 ἶ
1290 1135 1356 1177 Ego
1380 1135 1564 1168 Franciscus
1589 1135 1684 1168 Maria
1708 1135 1754 1168 Ss.
1780 1134 1839 1167 Viti
1864 1139 1894 1167 et
1917 1134 1982 1167 Mo-

1331 1189 1408 1221 desti
1441 1189 1590 1222 diaconus
1623 1187 1791 1221 cardinalis
1820 1188 1981 1221 Mancinus

1332 1242 1494 1284 promitto,
1519 1252 1616 1274 voveo
1641 1246 1670 1274 et
1695 1241 1775 1274 iuro.

1517 1365 1701 1399 CCCXXXII.

1246 1436 1455 1478 Confirmatio
1488 1435 1606 1468 decreti
1636 1435 1895 1478 conqreyationis
1919 1435 1983 1478 epi·

1287 1499 1455 1532 scaporum
1480 1493 1508 1521 et
1533 1488 1750 1532 reynlarium,
1775 1487 1879 1532 quod,
1906 1488 1982 1532 qui-

1288 1553 1425 1586 cumque
1443 1542 1577 1576 Ordinis
1595 1547 1623 1575 et
1647 1542 1904 1585 conqreyationis
1920 1541 1984 1584 fra-

1291 1600 1376 1627 trum
1398 1595 1657 1638 conyreyationis
1678 1594 1868 1628 Gallicanae
1894 1594 1983 1627 tertii

1290 1648 1424 1681 Ordinis
1448 1649 1553 1681 sancti
1569 1648 1739 1681 Franciscz'
1751 1648 1821 1680 sine
1840 1647 1984 1680 obedien-

1290 1702 1335 1733 tia
1361 1702 1490 1745 proprii
1512 1701 1726 1744 provincialis
1750 1711 1806 1733 seu
1829 1700 1980 1743 definito-

1287 1755 1334 1787 rz's
1357 1765 1434 1787 suae
1455 1755 1642 1798 provinciae
1666 1755 1709 1788 ad
1736 1755 1851 1788 Urbem
1875 1764 1980 1787 acces-

1287 1807 1389 1840 serint
1421 1812 1448 1840 et
1483 1812 1553 1851 post
1579 1807 1727 1840 triduum
1758 1818 1824 1841 non
1852 1817 1983 1840 recesse-

1287 1861 1381 1900 rint,
1422 1861 1556 1893 omnino
1601 1865 1771 1893 teneantur
1813 1858 1985 1893 conventui

1287 1913 1324 1945 B.
1350 1913 1476 1946 Mariae
1492 1913 1730 1946 Ill-iraculorum
1750 1913 1787 1947 de
1807 1914 1888 1947 Urbe
1904 1913 1984 1946 dicti

1289 1966 1423 2000 Ordinis
1446 1977 1642 2010 unoquoque
1666 1966 1717 1999 die
1746 1966 1873 2010 singuli
1904 1965 1984 2000 duos

1287 2019 1386 2052 iulias
1411 2031 1431 2052 a
1454 2019 1506 2052 die
1530 2019 1583 2052 sai
1607 2019 1773 2059 adventus,
1794 2020 1823 2052 si
1835 2029 1900 2052 non
1912 2019 1982 2062 sue-

1287 2072 1357 2104 rint
1381 2071 1716 2112 sacerclotes,solvere,
1743 2073 1772 2105 si
1795 2076 1901 2105 aulem
1924 2083 1984 2104 sa-

1288 2125 1425 2158 cerdotes
1444 2126 1576 2168 suerint,
1590 2126 1713 2158 iulium
1729 2136 1843 2168 unum,
1863 2129 1892 2158 et
1907 2126 1984 2158 mis-

1287 2189 1366 2220 sam,
1385 2189 1442 2221 pro
1457 2179 1682 2211 exoneratione
1701 2178 1780 2211 dicti
1798 2182 1981 2219 conventus,

1287 2231 1330 2264 ad
1345 2232 1555 2264 intentionem
1572 2231 1748 2275 superioris
1768 2241 1804 2264 ac
1826 2230 1982 2264 sacristae

1287 2283 1432 2327 quotidie
1455 2284 1613 2317 celebrare
1628 2283 1648 2316 ¹.

1439 2356 1602 2382 Alexander
1627 2355 1706 2388 Papa
1725 2355 1788 2388 VII,

1388 2400 1424 2426 ad
1439 2400 1573 2426 futuram
1587 2399 1633 2426 rei
1652 2399 1835 2426 memoriam.

1288 2460 1302 2503 ἓ
1323 2461 1351 2492 l.
1377 2460 1470 2500 Alias,
1496 2470 1555 2503 pro
1579 2463 1666 2503 parte
1690 2459 1874 2492 dilectorum
1899 2459 1980 2492 silio-

1245 2524 1314 2545 rum
1340 2513 1504 2553 guardiam
1527 2517 1556 2544 et
1580 2512 1786 2544 discretorum
1813 2517 1982 2545 conventus

1283 2576 1288 2598 1
1316 2574 1350 2599 Ex
1373 2574 1478 2608 liegest.
1501 2573 1527 2599 in
1548 2573 1653 2599 Secret.
1676 2573 1752 2598 Brev.

1992 188 2039 214 An.
2060 188 2089 215 C.
2107 189 2169 218 ¹66¹
2196 199 2201 215 i

2025 2465 2163 2486 Prooemium.
