2263 3215
250 182 301 208 Αη.
319 182 346 208 c.
371 181 438 209 ¹655
483 172 525 206 26

298 664 312 685 Α
341 669 433 685 censuris

252 691 349 711 abst-ivit.

276 1245 387 1267 Conni-mat
396 1247 436 1265 sta-

255 1274 300 1292 tuta
329 1275 389 1298 prout
417 1278 437 1291 111

255 1302 346 1320 rubrica.

275 1983 399 2013 ‘neri-etum
417 1984 442 2004 ir·

263 2013 335 2031 riuus.

445 229 599 261 versitatis
624 227 777 269 regimine
802 226 924 259 condita
946 230 974 259 et
991 232 1090 265 aucta,
1116 237 1151 259 ac
1167 237 1183 258 a

444 282 542 316 seticis
559 281 780 315 recordationis
796 281 872 313 lulio
887 281 921 317 ll,
939 279 1092 321 Gregorio
1106 280 1182 320 Xlll,

446 336 541 369 Paulo
566 336 589 367 V
613 341 641 367 et
668 334 847 367 Innocentio
872 335 895 367 X
921 334 1070 367 Romanis
1102 334 1201 366 Pon-<¹

446 389 579 423 titieibns
606 387 897 431 praedecessoribus
925 387 1041 419 nostris
1067 386 1201 419 confir-1

447 447 538 479 mata,
559 440 630 483 quo‘
652 440 793 472 firmiora
815 440 982 483 persistant
1009 444 1039 471 et
1059 439 1097 471 ab
1117 449 1185 471 om-

446 493 537 525 nibus
572 493 687 525 arctius
726 492 953 532 observentur,
995 491 1184 535 apostolicae

447 551 571 577 nostrae
595 545 843 577 confirmationis
864 544 1021 588 praesidio
1042 554 1185 577 commu-

447 598 505 630 niri
531 608 729 640 summopere
755 597 941 629 desiderant.

492 651 506 694 ἓ
526 650 555 683 3.
574 651 635 683 Nos
654 651 757 691 igitur,
775 650 899 682 eosdem
915 652 1104 692 exponentes
1117 658 1184 691 spe-

449 704 579 736 cialibus
604 704 760 735 savoribus
779 709 809 735 et
829 703 938 745 gratiis
963 702 1111 745 prosequi
1133 712 1186 734 vo-

448 757 556 796 lentes,
582 762 611 788 ct
628 767 644 788 a
658 756 819 800 quibusvis
834 754 1166 789 excommunicationis
1178 781 1185 794 ‚

451 810 663 853 suspensionis
688 815 717 842 et
747 809 913 850 interdicti,
931 809 1061 852 aliisque
1088 808 1187 840 eccle-

449 863 581 895 siasticis
605 863 774 901 sententiis,
800 863 940 896 censuris
965 867 994 894 et
1019 861 1150 905 poenis,
1171 871 1187 893 a

450 915 516 948 iure
535 917 579 948 vel
605 916 642 948 ab
668 917 805 956 homine,
826 916 933 959 quavis
958 916 1123 949 occasione
1140 915 1186 947 vel

450 972 542 1003 causa
567 970 646 1008 latis,
664 970 687 1002 si
709 970 821 1013 quibus
841 970 1079 1013 quomodolibet
1103 970 1189 1002 inno-

450 1023 511 1056 dati
546 1024 700 1063 existunt,
730 1023 767 1055 ad
799 1023 942 1056 effectum
976 1022 1187 1066 praesentium

451 1076 609 1109 dumtaxat
629 1076 894 1118 consequendum,
911 1076 1022 1108 harum
1042 1076 1123 1108 serie
1140 1075 1189 1107 ab·

451 1130 604 1162 solventes
621 1134 650 1161 et
669 1130 828 1162 absolutos
844 1130 910 1162 sore
928 1134 1099 1166 censentes,
1120 1140 1189 1172 sup-

451 1182 671 1226 plicationibus
700 1182 825 1215 illorum
861 1182 988 1214 nomine
1018 1182 1110 1214 nobis
1143 1192 1190 1214 su-

452 1245 509 1278 per
532 1235 591 1267 hoc
611 1234 771 1266 humiliter
789 1235 944 1278 porrectis
965 1234 1114 1273 inclinati,
1132 1240 1190 1266 sta·

453 1293 517 1319 tuta
541 1287 718 1330 praedicta,
743 1298 778 1320 ac
802 1287 1029 1320 declarationes
1055 1287 1189 1331 desuper

453 1340 483 1372 in
498 1341 589 1384 plena
604 1341 703 1373 dictae
718 1341 928 1373 universitatis
942 1342 1191 1384 congregatione

453 1393 651 1437 postmodum
684 1394 800 1434 saetas,
832 1394 1002 1427 dnmmodo
1032 1400 1134 1427 tamen
1160 1394 1190 1426 in

455 1458 522 1487 usu,
547 1457 582 1479 ac
606 1447 688 1479 licita
713 1447 773 1479 sint
794 1453 823 1480 et
843 1448 983 1487 honesta,
1002 1453 1032 1480 et
1047 1458 1109 1480 non
1131 1448 1190 1480 sint

456 1505 609 1540 revocata,
622 1506 675 1533 aut
692 1501 748 1533 sub
762 1501 916 1544 aliquibus
938 1502 1191 1534 revocationibus

456 1555 692 1597 comprehensa,
705 1554 864 1597 sacrisque
886 1555 1058 1587 canonibus
1072 1559 1102 1588 et
1118 1555 1193 1588 Con-

456 1606 516 1639 cilii
530 1606 699 1639 Tridentini
720 1607 853 1639 decretis
868 1618 902 1640 ae
916 1608 1192 1641 constitutionibus

455 1660 632 1702 apostolicis
656 1671 716 1694 non
742 1661 957 1703 adversentur,
986 1672 1193 1705 cameracque

454 1718 577 1745 nostrae
601 1713 789 1756 apostolieae
807 1714 928 1747 iuribus
945 1725 1008 1747 non
1032 1715 1193 1758 praeiudi-

455 1771 534 1805 cent,
548 1773 576 1798 et
591 1766 778 1809 monopoliis
800 1777 905 1799 ansam
929 1778 992 1800 non
1013 1768 1193 1811 praebeant,

456 1819 624 1862 apostolica
640 1820 832 1859 auctoritate,
847 1825 955 1853 tenore
969 1821 1192 1864 praesentium,

457 1872 685 1914 approbamus,
709 1878 738 1904 et
762 1873 954 1906 confirmatis
979 1874 1079 1907 robur
1110 1874 1191 1906 adii-

459 1926 566 1957 cimus.

502 1979 517 2021 ,ξ
532 1978 561 2010 2.
579 1978 785 2012 Decernentes
800 1979 860 2019 illa,
874 1990 996 2013 necnon
1014 1986 1195 2023 praesentes

459 2031 586 2072 litteras,
604 2043 728 2075 semper
749 2038 777 2064 ct
794 2037 948 2076 perpetuo
974 2033 1075 2074 firma,
1096 2034 1196 2066 valida

460 2089 490 2116 et
513 2084 648 2117 efficacia
665 2086 796 2118 existere
822 2090 851 2119 et
877 2087 953 2126 sore,
975 2097 1110 2130 suosque
1136 2088 1197 2130 ple-

459 2137 563 2169 narios
588 2143 617 2169 ct
640 2138 778 2180 integros
803 2139 932 2172 effectus
956 2140 1062 2173 sortiri
1087 2144 1117 2174 et
1141 2140 1194 2172 ob-

461 2189 580 2229 tinere,
613 2201 646 2222 ac
677 2191 715 2222 ab
747 2191 893 2224 omnibus
921 2197 951 2224 ct
981 2192 1133 2235 siugulis,
1158 2192 1195 2225 ad

460 2252 538 2285 quos
557 2248 674 2285 spectat
691 2249 720 2275 et
737 2245 889 2287 spectabit
909 2246 1147 2288 quomodolibet
1168 2246 1197 2278 in

461 2294 610 2335 futurum,
628 2295 848 2330 inviolabiliter
873 2303 903 2330 et
926 2298 1111 2331 inconcusse
1136 2299 1194 2331 ob-

463 2348 598 2387 servari,
623 2349 728 2391 sieque
761 2361 816 2393 per
842 2361 1056 2395 quoscumque
1081 2352 1198 2384 iudices

464 2400 638 2433 ordinarios
660 2408 688 2433 et
713 2402 880 2444 delegatos,
911 2405 1003 2437 etiam
1032 2416 1197 2437 causarum

466 2453 571 2495 palatii
603 2455 763 2496 apostolici
797 2456 975 2498 auditores,
1007 2458 1137 2490 iudicari
1170 2464 1199 2491 et

501 2565 513 2592 1
533 2565 676 2602 perperam
692 2567 754 2595 edit.
776 2568 853 2597 Μαίη.
871 2570 1000 2606 tegitpro
1017 2572 1053 2608 (n.
1070 2579 1117 2608 T.).

1024 179 1202 203 BULLARIUM
1227 178 1381 203 Romnum

1217 226 1341 258 definiri
1367 225 1493 265 debere,
1506 234 1542 257 ac
1561 223 1686 257 irritum
1700 227 1729 257 et
1743 223 1849 265 inane,
1873 224 1960 269 quid·

1218 279 1292 323 quid
1309 289 1398 311 secus
1423 288 1519 321 super
1542 277 1591 310 his
1610 287 1628 309 a
1652 287 1825 321 quoquam,
1849 278 1960 322 quavis

1217 330 1412 369 auctoritate,
1427 329 1561 362 scienter
1581 328 1625 361 vel
1648 327 1839 370 ignoranter,
1864 329 1960 362 conti-

1217 383 1298 425 gerit
1314 382 1474 422 attentari3
1496 382 1527 414 in
1549 381 1744 414 contrarium
1761 381 1959 422 facientibus,

1217 444 1280 468 non
1303 434 1498 467 obstantibus
1522 434 1783 478 quibuscumque.

1262 487 1372 519 Datum
1397 487 1524 529 Rornae,
1549 486 1631 530 apud
1655 486 1684 519 S.
1710 485 1837 519 Mariam
1867 486 1961 520 Maio·

1219 550 1296 580 rem,
1320 540 1378 573 sub
1402 541 1518 574 annulo
1542 540 1720 581 piscatoris,
1745 539 1795 572 die
1821 550 1861 573 xx
1884 539 1960 573 iunii

1220 604 1336 635 iincnv,
1361 595 1562 638 pontificatus
1586 594 1685 628 nostri
1709 602 1791 627 anno
1815 603 1835 627 1.

1256 655 1313 682 Dat.
1332 655 1375 683 die
1390 655 1425 683 ΞΟ
1439 655 1506 683 iunii
1525 656 1603 688 1655,
1620 655 1714 691 pontif.
1732 663 1802 683 anno
1817 661 1836 682 1.

1554 824 1619 858 XV.

1225 913 1264 948 Ut
1287 914 1404 958 fratres
1428 913 1550 947 vocales
1581 913 1715 949 Ordinis
1749 914 1870 948 Bealoe
1893 913 1966 949 Ma-

1266 967 1335 1000 riae
1370 967 1613 1012 Redemptionis
1650 968 1855 1012 Captivorum
1883 978 1963 1012 pro-

1267 1021 1393 1053 vinciae
1429 1020 1592 1054 Franciae
1626 1031 1688 1053 non
1724 1020 1894 1064 indiqeant
1929 1020 1968 1054 de,

1267 1078 1365 1107 cetero
1392 1075 1584 1107 testimoniis
1605 1075 1721 1108 nuncii
1738 1075 1911 1115 Franciae,
1929 1078 1967 1108 ut

1266 1127 1487 1161 admittantur
1511 1128 1547 1160 in
1571 1129 1717 1171 capitulo
1737 1128 1896 1172 generali,
1912 1127 1968 1161 sed

1269 1182 1338 1214 iltis
1374 1182 1513 1225 sufficiat
1549 1182 1772 1215 testimonium
1805 1181 1968 1225 oriqinale

1269 1235 1408 1278 capituli
1431 1246 1508 1268 suae
1533 1236 1696 1269 electionis
1724 1246 1746 1269 α
1778 1235 1882 1269 tribus
1905 1246 1963 1269 no-

1273 1289 1368 1322 tariis
1395 1289 1605 1332 leyatizacum
1618 1288 1638 1323 ¹.

1419 1377 1585 1404 Alexander
1604 1378 1683 1411 Papa
1703 1377 1772 1409 vn,

1363 1422 1400 1448 ad
1419 1422 1553 1449 futuram
1575 1422 1621 1449 rei
1645 1422 1829 1449 memoriam.

1270 1501 1285 1545 ἓ
1310 1501 1340 1534 1.
1367 1502 1489 1545 Exponi
1514 1501 1605 1535 nobis
1628 1512 1730 1545 nuper
1750 1501 1823 1535 fecit
1839 1501 1971 1537 dilectus

1228 1554 1312 1586 silius
1337 1555 1468 1588 lllicliael
1493 1555 1531 1588 de
1557 1556 1733 1595 Alcantara,
1761 1555 1897 1588 vicarius
1921 1565 1972 1599 ge-

1228 1607 1344 1640 neralis
1369 1608 1475 1641 ltaliae.
1495 1614 1524 1641 et
1543 1614 1730 1652 procurator
1755 1609 1910 1651 generatis
1928 1614 1971 1642 to-

1230 1660 1290 1693 tius
1315 1660 1441 1694 Ordinis
1473 1661 1504 1694 B.
1535 1662 1650 1695 Mariae
1674 1661 1712 1694 de
1737 1661 1879 1695 Mercede
1909 1662 1970 1696 Re-

1227 1714 1418 1758 demptionis
1439 1716 1651 1758 Captivorum,
1676 1715 1760 1759 quod
1783 1716 1867 1757 (enm
1894 1715 1970 1748 alias

1228 1768 1400 1811 capitulum
1426 1769 1573 1811 generale
1598 1769 1721 1802 Ordinis
1750 1768 1902 1812 praedicti
1932 1769 1971 1802 de

1228 1831 1309 1854 anno
1326 1831 1479 1855 nncxxvu
1503 1822 1601 1854 Toleti
1627 1822 1833 1862 celebratum,
1851 1825 1880 1856 et
1902 1823 1972 1855 sub-

1230 1874 1299 1907 inde
1323 1875 1373 1907 die
1394 1885 1425 1908 iv
1446 1875 1626 1908 novembris
1651 1885 1817 1908 inncxxviu
1834 1888 1849 1907 a
1874 1876 1972 1909 seticis

1230 1928 1457 1961 recordationis
1483 1928 1608 1961 Urbano
1634 1929 1716 1972 Papa
1741 1928 1805 1962 Vlll
1837 1929 1971 1973 praede-

1229 1992 1354 2014 cessore
1374 1987 1493 2021 nostro,
1507 1986 1540 2014 ut
1557 1982 1719 2024 asseritur,
1738 1982 1971 2024 confirmatum,

1230 2035 1269 2067 ob
1294 2034 1446 2078 speciales
1464 2035 1611 2075 rationes,
1630 2045 1708 2078 quae
1727 2040 1800 2068 tunc
1821 2035 1972 2079 temporis

1230 2087 1368 2127 aderant,
1393 2087 1605 2129 decrevisset,
1639 2093 1673 2120 ut
1702 2088 1816 2121 fratres
1849 2090 1973 2123 vocales

1231 2141 1304 2173 dicti
1329 2140 1464 2181 Ordinis,
1489 2141 1542 2184 qui
1568 2151 1604 2173 ex
1630 2141 1791 2184 provincia
1822 2142 1973 2176 Franciae

1231 2194 1268 2225 ad
1290 2194 1387 2237 ipsius
1405 2193 1530 2227 Ordinis
1548 2194 1718 2237 capitulum
1737 2195 1884 2237 generale
1903 2205 1974 2228 con-

1232 2248 1331 2280 vocati
1353 2247 1560 2289 advenissent,
1578 2248 1755 2280 nullatenus
1776 2248 1897 2282 admitti
1918 2248 1973 2282 de-

1233 2301 1351 2338 berent,
1366 2300 1424 2332 nisi
1443 2300 1620 2333 testimonia
1637 2311 1764 2334 suarum
1783 2301 1971 2335 electionum

1233 2364 1288 2396 per
1312 2353 1450 2386 officium
1475 2353 1634 2386 existentis
1655 2365 1712 2397 pro
1732 2361 1875 2398 tempore
1888 2355 1972 2400 apud

1233 2416 1339 2448 regem
1363 2406 1555 2438 Francorum
1569 2407 1864 2440 christianissimum
1883 2408 1972 2441 Sedis

1232 2459 1428 2502 Apostolicae
1452 2459 1557 2491 nuncii
1584 2460 1758 2503 approbata
1781 2460 1970 2504 attulissent)

1267 2575 1278 2601 1
1302 2572 1339 2601 Ex
1359 2574 1466 2610 Regest.
1487 2574 1515 2601 in
1534 2574 1635 2603 Seeret.
1656 2574 1734 2604 Brev.

2011 1510 2098 1534 Moun-
