2202 3190
411 147 475 185 846
957 159 1133 184 nummum
1158 160 1308 185 Romnum

455 209 618 254 apostolici
636 211 668 244 in
692 220 790 254 regno
814 210 972 255 Neapolis,
998 218 1029 246 et
1053 224 1106 247 eo·
1246 213 1541 248 etSilvestrinorurn
1555 214 1896 259 nuncupatommrsub

454 274 524 297 rum
550 263 736 305 cuiuslibet,
763 263 837 298 764.
1246 266 1357 310 regula
1381 266 1410 300 S.
1431 266 1591 301 Benedicti
1617 267 1837 309 militantium,
1863 269 1894 303 in

366 316 578 350 CCCLXXXII.
604 317 706 361 Super
729 317 932 352 concessione
957 319 1105 353 ecclesiae
1245 329 1342 353 unam
1367 319 1667 363 Congregationem,
1694 331 1775 364 quae
1799 320 1894 354 Vallis

454 375 485 404 et
510 375 683 403 conventus
708 369 739 403 S.
766 371 922 404 Pancratii
957 377 1045 405 extra
1074 379 1105 406 et
1245 372 1420 406 Umbrosae
1437 379 1466 407 et
1484 373 1666 407 Silvestrina
1682 373 1811 407 Ordinis
1826 384 1897 407 san-

453 432 551 466 prope
584 432 693 456 muros
717 422 810 458 Urbis
840 424 923 458 sacta
954 425 1104 458 fratribus
1245 425 1286 458 cti
1310 426 1473 460 Benedicti
1497 426 1746 470 nuncupabitur,
1773 425 1847 460 776.

453 474 633 511 Carmelitis
658 476 861 511 Discalceatis
886 477 1012 512 Ordinis
1036 479 1107 512 bea·
1157 477 1381 511 CCCLXXXIV.
1409 478 1577 511 Decretum
1611 477 1693 511 circa
1718 477 1895 512 visitatores

453 534 504 561 tae
529 528 666 572 Virginis
690 530 804 563 Mariae
828 530 867 564 de
894 530 1001 564 Monte
1027 530 1101 564 Car-
1245 531 1351 564 officio
1367 531 1493 565 functos
1503 531 1760 575 Congregationis
1775 532 1896 565 Latera-

453 583 535 615 melo
553 609 560 622 ,
585 593 712 616 necnon
743 593 839 627 super
873 584 1102 624 transtatione,
1244 584 1352 618 nensis
1376 585 1604 619 canonicorum
1630 585 1826 628 regularium
1843 584 1897 619 Or-

452 634 514 669 sive
538 637 618 669 novit
646 636 808 670 erectione
837 637 998 671 seminarii
1022 636 1101 671 mis·
1245 638 1326 671 dinis
1350 639 1450 672 sancti
1475 637 1655 681 Augustini,
1684 637 1758 671 781.

452 689 579 722 sionum
612 688 756 722 eiusdem
781 690 1045 734 Congregationis
1072 690 1103 722 in
1156 689 1369 723 CCCLXXXV.
1395 691 1562 734 Deputatio
1591 690 1702 724 vicarii
1730 690 1894 735 apostolici

452 741 603 784 praefatis
621 739 755 776 ecc'lesizi
772 749 802 776 et
821 749 990 785 conventu,
1011 743 1085 777 766.
1245 744 1394 777 ecclesiae
1427 745 1633 786 Bisuntinae‚
1660 755 1732 778 cum
1765 752 1895 779 revoca-

364 792 597 828 CCCLxxxltt.
624 795 726 840 Super
743 797 863 831 unione
883 796 1105 840 Congregatio-
1244 797 1331 830 tione
1359 797 1528 831 cuiuslibet
1557 798 1687 832 alterius
1710 808 1728 832 a
1754 798 1895 842 capitulo

451 858 529 882 num
556 849 786 883 monachorum
812 849 908 882 Vallis
929 849 1104 883 Umbrosae
1245 850 1411 885 Bisuntino
1436 851 1539 893 electi,
1568 851 1640 885 789.

884 1427 982 1461 FINIS
1006 1427 1098 1462 Tottss
1121 1428 1372 1461 DECIMtSEXTl.

1011 2005 1046 2042 V.
1069 2018 1107 2041 ωε
1127 2004 1326 2052 deleqatione
1345 2006 1384 2042 D.
1409 2009 1447 2042 D.
1471 2008 1716 2054 Archiepiscopi
1742 2006 1840 2044 Taur.

1075 2071 1109 2104 P.
1133 2071 1344 2106 Cnonovmus
1363 2080 1382 2104 A
1401 2070 1605 2104 Cosrunoms
1625 2070 1701 2104 Ord.
1721 2071 1794 2103 Min.
