2243 3205
104 168 154 195 An.
173 167 203 194 C.
222 166 288 194 1660

124 1450 137 1462 “
153 1449 197 1471 Sic.

895 166 1079 188 ALEXANDEH
1105 165 1148 187 Vll
1173 166 1220 188 ΡΙ),

303 217 333 246 et
357 212 538 246 officialium
553 240 561 254 ,
586 223 622 246 ac
646 212 685 246 de
709 212 919 246 celebratione
944 212 1040 245 futuri

300 266 470 300 definitorii
495 266 708 310 provincialis,
734 277 805 299 cum
830 271 934 299 tamen
955 266 1040 298 nulla

300 319 441 363 legitima
465 330 558 353 causa
582 320 677 353 fuerit
702 320 770 353 talis
803 319 1040 364 protestationis

299 373 480 416 faciendae,
505 378 571 406 tum
596 373 669 418 quia
701 373 808 406 eadem
835 373 1040 416 congregatio

300 432 331 459 et
347 432 456 470 postea
476 427 575 460 felicis
592 426 821 460 recordationis
842 425 1040 460 Innocentius

300 480 382 524 Papa
395 481 418 513 X
432 479 658 523 praedecessor
682 485 790 513 noster
809 479 859 512 die
873 490 948 513 xxv1
967 479 1039 512 maii

299 543 439 567 nincxmx
462 533 699 566 declaraverant
724 534 820 566 fuisse
838 533 897 566 rite
913 537 943 567 et
959 533 1040 566 bene

299 591 435 619 erectam
450 585 564 619 dictam
583 586 791 630 provinciam,
810 592 874 619 tum
893 587 966 630 quia
982 587 1040 619 cle-

298 639 418 672 ctiones
443 638 578 672 ministri
609 639 811 682 provincialis
839 645 869 672 et
904 640 1038 673 aliorum

297 692 479 726 officialium
501 691 652 726 canonice
676 692 774 726 factae
802 693 946 735 suerunt,
971 693 1039 725 abs-

296 755 357 788 que
382 745 446 778 ullo
471 744 611 786 defectu,
636 744 717 779 sicut
740 751 932 778 memoratae
957 755 1035 778 con-

297 798 473 842 gregationi
489 803 648 832 ostensum
662 798 757 832 fuisse
770 798 930 831 asseritur.
949 798 1038 838 Quin-

296 852 371 894 imo,
397 852 491 886 tacito
515 852 656 896 praefato
682 852 809 885 decreto
827 852 877 884 die
893 861 967 885 xxlv
993 852 1037 884 ia-

296 905 398 939 nuarii
424 911 586 945 emanato,
611 905 710 938 inscio
736 910 765 938 et
789 905 919 937 minime
944 905 1037 938 citato

296 958 441 992 ministro
453 958 637 1002 provinciali
652 958 824 1002 praedicto,
835 957 892 990 sub
910 958 1037 991 assertis

296 1011 486 1056 quibusdam
512 1011 761 1053 narrationibus,
787 1010 919 1043 dilectus
943 1011 1035 1044 etiarn

295 1064 379 1098 filius
403 1065 464 1098 Leo
484 1064 656 1098 Tolosanus
676 1063 773 1098 frater
793 1063 867 1096 dicti
885 1063 968 1096 tertii
985 1064 1038 1098 Or-

295 1118 376 1151 dinis
392 1129 450 1162 per
466 1117 702 1162 subreptionem
720 1118 856 1151 obtinuit
873 1117 911 1150 ab
926 1117 1035 1151 eadem

296 1170 541 1214 congregatione
552 1170 601 1204 die
616 1180 690 1204 xxiv
704 1171 855 1204 februarii
873 1170 1035 1204 decretum

295 1224 388 1258 etiam
413 1235 469 1268 per
493 1229 616 1258 nostras
632 1224 664 1257 in
678 1225 779 1258 forma
797 1225 903 1257 Brevis
916 1225 1035 1258 litteras

295 1277 346 1311 die
371 1287 436 1311 xx11
461 1277 565 1310 martii
597 1277 741 1321 proxime
775 1278 936 1321 praeteriti
962 1288 1036 1311 eon-

295 1330 469 1373 firmatum,
494 1336 529 1363 ut
556 1331 735 1364 mitteretur
761 1331 798 1363 ad
823 1331 936 1364 dictam
961 1342 1035 1375 pro·

295 1384 430 1417 vinciam
455 1384 690 1417 commissarius
715 1395 785 1417 cum
812 1389 966 1428 potestate
997 1385 1036 1417 al-

297 1438 506 1471 ternativam‘
541 1437 767 1482 provincialem
801 1443 854 1470 aut
888 1438 1035 1471 commis-

296 1491 414 1524 sarium
438 1491 628 1524 nationalem
655 1491 845 1524 concedendi
863 1491 1035 1534 Aquitanis,

296 1548 326 1579 et
349 1545 408 1578 alia
433 1545 524 1589 plura
549 1544 703 1577 statuendi
740 1545 770 1576 in
806 1545 1035 1588 praeiudicium

296 1599 555 1633 constitutionum
581 1598 776 1642 generalium
802 1599 934 1643 praefati
953 1600 1035 1632 tertii

295 1653 436 1695 Ordinis,
463 1652 698 1686 consuetudinis
723 1653 914 1696 provinciae,
940 1659 969 1686 et
994 1654 1036 1686 iu-

295 1706 486 1740 risdictionis
511 1705 647 1738 ministri
672 1706 874 1750 provincialis
889 1735 896 1749 ,
921 1707 1035 1750 quibus

295 1760 441 1795 omnibus
479 1759 618 1804 providit
656 1760 796 1803 praefata
828 1760 1033 1793 cardinalium

295 1813 500 1858 congregatio
524 1824 582 1857 per
607 1823 698 1846 suum
724 1813 885 1846 decretum
910 1814 968 1847 sub
985 1814 1035 1847 die

294 1879 336 1902 xx
360 1867 437 1901 iunii
468 1867 610 1911 proxime
642 1867 802 1911 praeteriti
828 1867 955 1900 editum.
981 1869 1034 1901 At—

294 1921 387 1955 tentis
401 1924 504 1954 autem
518 1920 664 1965 pluribus
680 1920 820 1954 excitatis
837 1931 854 1953 a
874 1921 1034 1964 praedicto

294 1975 398 2008 Leone
427 1975 582 2008 Tolosano
618 1974 648 2006 in
679 1974 824 2018 partibus
850 1975 1034 2017 Aquitanis,

294 2029 403 2062 eadem
429 2028 633 2071 congregatio
658 2038 714 2071 per
745 2038 836 2061 suum
871 2028 1033 2062 decretum

294 2083 345 2117 dle
362 2093 440 2117 xxm
460 2082 564 2115 martii
589 2082 734 2126 proxime
759 2082 922 2125 praeteriti
948 2094 1035 2116 man-

294 2137 378 2171 davit
394 2136 452 2181 ipsi
470 2136 613 2169 ministro
632 2136 817 2179 provinciali
835 2136 1034 2180 supradictae

293 2191 475 2235 provinciae
493 2190 575 2223 tertii
590 2189 714 2223 Ordinis
728 2180 882 2233 quatenus
899 2191 1036 2233 assigna-

294 2249 343 2277 ret
373 2248 561 2278 conventum
596 2248 683 2276 extra
718 2242 915 2286 Aquitaniam
951 2243 1034 2278 dicto

295 2297 390 2331 Leoni
414 2297 578 2337 Tolosam,
599 2295 689 2329 sicuti
710 2295 880 2338 assignavit
904 2306 1035 2329 conven-

295 2356 361 2384 tum
387 2350 416 2383 S.
439 2348 589 2383 Ludovici
613 2358 709 2392 penes
730 2348 927 2391 Lugdunum,
948 2359 1034 2392 prae-

296 2403 443 2448 cepitque
467 2403 495 2435 ci
521 2408 549 2435 et
571 2402 637 2435 eius
662 2402 748 2435 socio
773 2402 887 2435 dilecto
916 2403 1034 2446 pariter

297 2457 362 2491 filio
387 2456 502 2490 Didaco
528 2455 769 2499 Pisquasquensi
795 2455 884 2496 laico,
914 2466 951 2488 nc
976 2457 1034 2489 sub

295 2510 405 2555 poenis
440 2509 615 2554 apostasiae
651 2509 831 2541 secederent
866 2509 895 2541 in
932 2514 1035 2552 partes

296 2563 501 2608 Aquitaniae:
535 2562 588 2595 sed
624 2562 718 2595 iidem
753 2562 813 2596 Leo
845 2566 874 2597 et
902 2562 1035 2596 Didacus

380 2625 455 2654 uult.
477 2626 560 2654 Rom.
581 2640 614 2645 —
638 2625 696 2655 Vol.
717 2625 792 2652 XVI.
937 2625 969 2652 67

1719 155 1782 188 529

1074 212 1280 245 nihilominus
1304 212 1371 246 ausi
1388 218 1460 246 sunt
1473 216 1579 257 petere
1603 212 1748 246 Tolosam
1761 223 1816 245 seu

1075 276 1207 309 pergere
1233 265 1265 297 in
1289 271 1392 309 partes
1412 266 1605 310 Aquitaniae.
1625 266 1668 299 Ac
1686 265 1815 309 insuper

1074 319 1207 352 dilectus
1224 319 1308 352 filius
1329 319 1472 353 minister
1492 320 1647 363 generalis
1664 319 1815 353 secundo-

1074 372 1148 405 dicti
1174 372 1298 406 Ordinis
1332 371 1527 416 praedictum
1554 374 1689 406 Leonem
1721 373 1814 406 Tolo-

1074 435 1185 458 sanum
1211 425 1249 458 ad
1273 425 1406 469 pristina
1432 426 1499 458 iura
1525 427 1572 468 (ut
1596 426 1709 469 fertur)
1727 425 1815 458 relia-

1074 478 1207 511 bilitavit
1232 483 1262 511 et
1286 479 1437 518 restituit;
1463 479 1576 522 quibus
1601 479 1694 512 etiam
1720 489 1815 522 supra

1074 532 1256 565 memoratis
1270 531 1406 576 providit
1419 532 1596 575 saepedicta
1611 532 1814 575 congregatio

1073 595 1129 629 per
1157 576 1249 617 atiud'
1269 595 1361 617 suum
1398 584 1560 618 decretum
1596 585 1645 618 die
1681 595 1713 618 x1
1747 584 1814 617 iulii

1073 637 1217 682 proxime
1241 637 1404 681 praeteriti
1429 644 1617 671 emanatum.

1117 692 1131 735 ξ
1156 691 1185 723 ⁹2.
1203 690 1279 724 Cum
1298 696 1413 731 autem,
1432 690 1512 724 sicut
1533 691 1641 724 eadem
1659 691 1814 735 expositio

1072 743 1291 787 subiungebat,
1314 744 1478 777 occasione
1496 743 1653 777 dictorum
1671 744 1814 777 decreto—

1072 808 1143 830 rum
1154 796 1307 841 quaedam
1319 796 1516 830 difficultates
1526 796 1606 829 inter
1616 796 1813 840 praedictum

1073 849 1249 882 ministrum
1281 849 1460 892 generalem
1486 859 1523 881 ex
1547 849 1610 881 una
1635 853 1665 881 et
1695 848 1813 882 dictum

1072 902 1250 935 ministrum
1286 902 1512 946 provincialem
1550 906 1741 945 exponentes
1778 912 1814 934 ex

1071 955 1168 988 altera
1193 955 1338 999 partibus
1362 959 1449 988 ortae
1474 954 1545 996 sint,
1570 964 1647 998 quas
1671 954 1730 998 ipsi
1754 964 1813 998 pro

1071 1007 1154 1041 bono
1178 1008 1264 1052 pacis
1289 1008 1386 1052 sopiri
1411 1007 1585 1052 plurimum
1618 1006 1812 1046 desiderant3

1070 1059 1162 1094 nobis
1186 1064 1354 1104 propterea
1378 1060 1471 1094 iidem
1497 1059 1654 1103 generalis
1678 1066 1708 1092 et
1738 1070 1811 1103 pro-

1073 1113 1211 1146 vincialis
1236 1113 1372 1146 ministri
1396 1113 1558 1146 humiliter
1576 1112 1748 1156 supplicari
1768 1112 1811 1145 fe-

1071 1170 1191 1205 cerunt,
1216 1171 1250 1198 ut
1275 1165 1306 1198 in
1330 1165 1512 1210 praemissis
1537 1170 1716 1209 opportune
1742 1175 1812 1208 pro-

1071 1218 1175 1251 videre
1206 1218 1244 1251 de
1277 1218 1470 1261 benignitate
1501 1218 1674 1262 apostolica
1706 1217 1812 1260 digna—

1070 1282 1186 1305 remur.
1219 1273 1281 1306 Nos
1308 1272 1424 1315 igitur,
1456 1272 1542 1315 ipsos
1576 1272 1756 1314 generalem
1782 1277 1812 1304 et

1069 1325 1294 1370 provincialem
1326 1325 1487 1358 ministros
1519 1325 1706 1369 specialibus
1732 1325 1812 1358 savo-

1070 1379 1157 1412 ribus
1182 1385 1212 1412 et
1236 1379 1345 1422 gratiis
1370 1378 1519 1423 prosequi
1546 1379 1695 1419 volentes,
1716 1383 1746 1411 et
1763 1388 1811 1411 eo-

1069 1443 1140 1465 rum
1166 1433 1341 1476 singulares
1366 1442 1517 1476 personas
1536 1442 1553 1464 a
1574 1431 1735 1475 quibusvis
1760 1442 1811 1464 ex-

1070 1487 1385 1529 communicationis,
1411 1492 1491 1527 ete.‚
1516 1486 1630 1518 harum
1655 1485 1736 1518 serie
1761 1485 1811 1517 ab·

1069 1540 1224 1573 solventes
1260 1545 1289 1572 et
1325 1539 1485 1573 absolutas
1522 1540 1590 1572 sore
1626 1544 1808 1580 censentes,

1070 1594 1249 1627 huiusmodi
1275 1593 1557 1638 supplicationibus
1589 1593 1747 1634 inclinati,
1772 1593 1810 1626 de

1069 1649 1281 1692 praefatorum
1300 1647 1580 1691 cai'dinaliuin‚qui
1602 1647 1705 1680 onmia
1720 1658 1809 1690 prae-

1070 1704 1131 1736 fata
1148 1708 1177 1737 et
1205 1703 1390 1747 pracsertim
1415 1702 1656 1746 appellationem
1677 1712 1735 1745 per
1752 1703 1811 1735 sra-

1071 1764 1132 1791 tres
1156 1758 1327 1801 Aquitanos
1359 1762 1388 1790 ct
1419 1756 1496 1789 alios
1530 1755 1743 1799 interpositam
1771 1755 1810 1788 vi-

1069 1812 1199 1853 derunt,
1226 1821 1373 1855 remque,
1398 1810 1540 1854 partibus
1565 1810 1808 1842 informantibus

1069 1871 1099 1898 et
1122 1865 1292 1909 praecipue
1312 1863 1474 1908 praedicto
1500 1863 1644 1896 ministro
1669 1863 1808 1905 generali

1068 1919 1193 1953 Ordinis
1213 1919 1367 1951 Minorum
1390 1917 1428 1950 de
1452 1916 1667 1959 observantia,
1685 1922 1808 1949 mature

1068 1974 1299 2014 discusserunt,
1326 1971 1479 2011 consilio,
1504 1970 1628 2004 attentis
1653 1970 1807 2009 narratis,

1068 2027 1253 2060 auctoritate
1263 2025 1448 2069 apostolica,
1460 2029 1568 2056 tenore
1583 2023 1806 2067 praesentium⁷

1068 2081 1267 2114 decernimus
1292 2084 1322 2112 et
1346 2079 1541 2111 declaramus
1570 2077 1713 2110 standum
1740 2087 1807 2109 esse

1069 2135 1099 2167 in
1129 2133 1263 2167 decretis
1295 2142 1352 2176 per
1384 2131 1567 2164 eorumdem
1600 2129 1806 2163 cardinalium
1824 2144 1872 2157 ‹wan›

1069 2187 1345 2230 congregationem
1384 2185 1440 2217 sub
1476 2184 1525 2216 die
1564 2193 1637 2216 xxiv
1676 2183 1807 2215 ianuarii

1068 2251 1185 2275 MDCle
1206 2239 1355 2273 cassanda
1380 2244 1409 2271 ct
1433 2237 1584 2270 irritanda
1610 2248 1677 2269 esse
1703 2237 1808 2269 onmia

1068 2299 1136 2327 aeta
1161 2299 1190 2326 et
1207 2298 1292 2336 gesta
1312 2303 1368 2336 per
1382 2290 1596 2335 supradictum
1620 2290 1806 2333 Eutropium

1069 2346 1275 2380 Bertrandum
1302 2344 1555 2378 commissarium
1574 2343 1649 2375 alias
1673 2354 1729 2386 per
1755 2343 1809 2375 mi-

1068 2401 1201 2433 nistrum
1228 2399 1407 2441 generalem
1433 2398 1616 2441 deputatum
1647 2402 1676 2430 et
1696 2397 1733 2429 ab
1759 2399 1809 2429 ea-

1069 2455 1138 2487 dem
1165 2452 1408 2496 congregatione
1433 2457 1582 2493 amotum,
1604 2451 1742 2494 exceptis
1760 2451 1809 2483 lit—

1069 2508 1143 2541 teris
1169 2505 1430 2540 obedientialibus
1463 2505 1613 2537 fratribus
1647 2505 1808 2548 Aquitanis

1070 2561 1225 2596 concessis
1249 2571 1307 2605 pro
1333 2559 1464 2592 transitu
1496 2558 1533 2592 de
1563 2569 1625 2591 uno
1656 2558 1686 2591 in
1712 2558 1806 2591 alium

1831 164 1880 191 An.
1897 164 1924 190 C.
1951 165 2016 192 ¹660

1856 703 1940 724 Petilio.

1851 2084 1952 2105 Stanilun)
1962 2090 2008 2105 essa

1823 2111 1843 2131 iu
1863 2112 1954 2131 decretis
1975 2117 2008 2131 sa.-

1890 2143 2007 2162 congrega-

1824 2167 1885 2183 liunt<
1913 2164 2009 2184 declar-‘it

1824 2194 1841 2210 et
1859 2192 1931 2210 statuit
1947 2191 2008 2210 Sum-

1823 2224 1868 2238 mus
1884 2218 1986 2238 t‘ontil'ux.
