2202 3190
264 221 311 246 An.
329 222 357 246 tl.
382 222 443 247 loct

496 213 558 244 704

1049 223 1227 246 BULLAltlUM
1248 222 1403 246 ROMANUM

461 268 861 311 ranturinterdesinitores,
874 275 1095 313 proponuntur
1108 270 1195 314 prius
1211 274 1213 290 '
1229 281 1281 302 cos
1300 270 1466 312 professos,
1483 270 1606 311 deinde,
1625 270 1671 302 vel
1691 270 1795 312 legere
1821 271 1966 305 scientias

462 327 522 353 tres
549 321 731 362 visitatores,
756 326 943 364 procurator
967 323 1133 365 generalis,
1166 328 1195 355 et

460 374 511 416 qui
537 374 704 416 aliquando
728 375 853 407 fuerunt
877 376 1049 418 generales,
1071 376 1193 408 tandem

462 533 530 565 torii
549 533 585 565 de
602 533 820 575 dignitatibus¹
840 539 870 567 ct
886 534 1060 578 aptioribus
1084 544 1196 577 propo-

460 586 625 625 nendis‚ab
638 586 746 619 iisdem
758 588 907 630 praestito
921 588 1009 631 prius
1019 587 1195 619 iuramento

459 640 497 672 de
518 640 677 672 servandis
693 640 750 672 sub
766 646 886 673 secreto
901 651 980 685 quae
1001 640 1041 672 ibi
1065 645 1194 672 tractata

460 694 583 726 suerint.
617 693 705 732 Quod
736 693 759 725 si
793 693 961 726 dissideant
997 693 1028 725 in
1064 693 1194 726 consiIIO

460 745 572 786 dando,
597 746 733 778 serantur
755 752 824 779 vota
841 752 959 779 secreta
983 756 1076 789 super
1093 745 1195 788 singu-

460 800 516 839 los,
542 798 579 831 de
604 799 718 842 quibus
742 799 799 831 fuit
823 798 1054 838 controversia,
1079 798 1195 842 quique

459 864 554 896 supra
579 853 775 885 medietatem
798 853 888 896 plura
906 858 975 885 vota
993 852 1119 885 sortitus
1133 853 1196 884 l'ue-

460 906 509 946 rit,
529 906 552 938 is
571 911 767 949 proponetur
786 906 839 939 toti
864 905 1002 948 capitulo
1024 905 1194 947 eligendus.

461 959 517 991 Per
542 959 602 991 hoc
627 963 729 992 tamen
754 969 816 992 non
843 959 961 992 tollitur
992 958 1067 1001 quin
1092 964 1196 1001 patres

459 1012 646 1055 capitulares
681 1011 801 1055 possint
830 1012 924 1043 alium
962 1021 1196 1054 quemcumque

460 1065 556 1097 libere
575 1065 702 1107 eligere,
717 1071 744 1097 et
759 1065 869 1098 electio
879 1065 938 1097 erit
949 1065 1057 1106 valida,
1072 1065 1096 1097 si
1112 1064 1196 1097 aliud

459 1118 644 1150 canonicum
666 1128 727 1150 non
748 1117 850 1150 obstet
871 1117 1141 1160 impedimentum.
1160 1118 1197 1149 Et

460 1171 536 1203 haec
560 1171 686 1214 quidem
713 1171 742 1202 iu
769 1170 906 1214 capitulo
925 1170 1073 1213 generali.
1102 1171 1196 1203 Extra

461 1235 533 1258 vero
559 1225 728 1268 capitulum
750 1224 918 1266 generale,
949 1229 1074 1256 vacante
1100 1224 1198 1267 digni—

460 1283 520 1310 tate
545 1288 753 1320 quacumque,
767 1287 829 1310 non
854 1276 986 1309 sufficiat
1003 1277 1195 1320 quempiam,

459 1331 518 1364 nisi
538 1331 576 1364 de
601 1331 733 1364 consilio
754 1336 783 1363 et
808 1340 962 1363 consensu
987 1340 1043 1373 per
1064 1333 1133 1363 vota
1153 1340 1198 1364 se-

460 1390 543 1418 creta
567 1385 701 1417 duorum
728 1384 836 1416 saltem
855 1384 1066 1423 visitatorum,
1092 1384 1196 1416 nullus

459 1438 593 1480 eligetur
619 1438 648 1469 in
674 1438 810 1480 priorem
836 1437 895 1469 nisi
921 1436 1050 1469 idoneus
1079 1436 1117 1468 ad
1142 1446 1196 1468 au-

459 1491 587 1523 diendas
597 1490 818 1530 consessiones,
831 1490 919 1522 aliter
928 1489 1038 1522 electio
1052 1489 1090 1522 sit
1102 1489 1195 1529 nulla,

460 1543 548 1576 illum
567 1544 667 1576 solum
686 1548 789 1575 autem
810 1542 944 1574 dicimus
965 1541 1128 1582 idoneum„
1143 1541 1196 1585 qui

461 1596 506 1628 vel
531 1606 588 1639 per
613 1595 781 1628 triennium
805 1594 1025 1628 antecedenter
1050 1605 1120 1627 cum
1147 1595 1193 1627 sa-

460 1650 575 1682 cultate
599 1648 755 1682 Ordinarii
780 1648 840 1680 hoc
861 1658 975 1680 munus
1000 1647 1196 1687 exercuerit,

461 1703 507 1734 vel
532 1702 570 1734 ab
588 1701 853 1734 examinatoribus
870 1711 887 1732 a
904 1700 1039 1744 capitulo
1057 1700 1196 1743 generali

460 1756 629 1797 destinatis,
656 1755 783 1798 praevio
808 1754 948 1796 diligenti
973 1753 1125 1794 examine,
1141 1764 1197 1797 per

461 1814 530 1841 vota
555 1813 675 1841 secreta
695 1807 764 1839 talis
789 1806 942 1839 iudicatus
959 1806 1062 1838 suerit.

505 1861 615 1895 Clerici
640 1870 749 1893 omnes
773 1865 802 1892 et
827 1858 1022 1901 sacerdotes,
1043 1858 1094 1902 qui
1116 1869 1196 1892 anno

461 1925 569 1948 Mnch
604 1914 776 1947 emiserunt
813 1912 1064 1956 professionem,
1104 1912 1197 1955 quive

461 1968 608 2011 deinceps
632 1967 784 2006 emittent,
805 1969 967 1999 teneantur
990 1975 1104 1998 navare
1122 1975 1197 2008 ope-

463 2032 528 2052 ram
553 2020 689 2053 scientiis
713 2024 833 2062 septem
859 2018 963 2059 annis,
987 2018 1195 2050 humanarum

463 2074 636 2106 litterarum
658 2072 760 2105 studio
781 2071 908 2104 minime
929 2076 1125 2114 computato,
1151 2072 1197 2103 vel

463 2126 591 2160 totidem
610 2126 735 2158 erudire
761 2123 928 2168 professis²
953 2125 984 2156 in
1008 2125 1120 2157 litteris
1139 2125 1197 2157 liu-

463 2180 572 2221 manis,
598 2179 736 2222 alioquin
753 2189 814 2211 non
832 2178 951 2222 possint
972 2177 1055 2220 eligi,
1080 2177 1138 2210 nisi
1160 2177 1198 2210 ad

463 2232 646 2265 vicariatum
672 2237 701 2264 et
725 2232 911 2275 prioratum,
934 2236 963 2263 et
983 2231 1007 2262 si
1033 2241 1122 2262 secus
1147 2230 1199 2263 fiat

463 2286 574 2318 electio
599 2286 637 2318 sit
660 2285 754 2318 nulla.
779 2284 935 2324 Quinimo,
953 2284 988 2323 si,
1011 2284 1093 2316 iuxta
1114 2294 1200 2326 prae-

464 2340 614 2382 scriptum
640 2337 896 2371 constitutionum
923 2337 1060 2370 lauream
1090 2337 1198 2370 docto—

464 2398 549 2424 ratus
570 2391 772 2434 consequuti,
798 2390 955 2423 consuetis
977 2390 1197 2433 magistrorum

465 2444 637 2487 privilegiis
661 2444 721 2476 frui
744 2444 908 2484 voluerint,
931 2448 1095 2475 teneantur
1112 2443 1199 2486 prius

465 2506 520 2538 per
545 2506 657 2528 annum
672 2496 786 2529 docere
803 2496 920 2529 litteras
945 2496 1096 2528 humanas
1112 2496 1200 2529 cleri—

502 2568 512 2591 t
531 2565 639 2591 Videtur
654 2566 795 2600 legendum
812 2567 991 2600 ‹Iiynioribus
1022 2573 1046 2592 R.
1063 2570 1110 2597 Τ.).

500 2613 516 2636 2
537 2610 646 2637 Videtur
665 2611 806 2646 legendum
823 2612 964 2646 professos
985 2612 1020 2646 (a.
1036 2614 1086 2644 T.).

1211 330 1213 368 ζ
1229 328 1347 366 septem
1374 322 1472 364 annis,
1491 326 1560 356 octo
1578 323 1687 356 saltem
1705 323 1863 356 mensibus
1884 324 1965 365 anni,

1212 373 1213 410 i
1231 376 1275 408 vel
1297 375 1404 408 decem
1430 375 1517 408 annis
1536 375 1718 419 praedicare
1739 375 1769 408 in
1789 376 1903 408 nostris
1921 387 1967 409 ec-

461 427 490 458 in
517 427 721 469 proponendo
745 428 783 460 ad
808 428 883 461 alias
907 428 1072 471 dignitates
1101 432 1213 471 gene-¹

461 480 533 512 ralis
558 480 640 512 ineat
665 481 829 514 consilium
855 493 924 515 cum
951 482 1094 525 patribus
1118 482 1213 514 deli-¹

1230 428 1332 461 clesiis
1356 429 1502 461 omnibus
1527 428 1692 461 dominicis
1716 439 1779 461 non
1810 428 1967 472 impeditis

1229 481 1268 513 ab
1292 483 1401 515 octava
1426 482 1562 515 Paschae
1586 481 1836 514 Resurrectionis
1866 492 1967 525 usque

1229 534 1267 566 ad
1284 534 1550 577 Septuagesimam
1567 534 1732 567 exclusive.
1747 534 1967 568 Sancussimus

1229 588 1337 620 annuit
1362 598 1416 621 xui
1442 588 1507 621 iulii
1532 598 1658 621 MDCth.
1793 624 1796 628 ⁴

1672 641 1702 673 P.
1729 640 1905 674 Fxcxxiws.

1274 694 1288 737 ξ
1312 693 1341 726 ⁶2.
1367 693 1442 727 Cum
1461 698 1575 734 autem,
1591 694 1670 727 sicut
1687 693 1794 726 eadem
1812 693 1967 736 expositio

1229 746 1451 789 subiungebat,
1476 746 1576 779 dictus
1601 752 1788 790 procurator
1812 746 1967 788 generalis

1230 800 1442 833 ordinationes
1467 800 1656 840 huiusmodi,
1676 810 1734 843 pro
1754 799 1887 832 firmiori
1905 799 1968 832 illa-

1230 863 1299 885 rum
1318 853 1517 886 subsistentia
1540 857 1570 885 et
1595 852 1823 893 observatione,
1842 856 1968 895 aposto-

1231 905 1308 939 licae
1332 905 1579 939 confirmationis
1603 911 1729 938 nostrae
1746 905 1902 948 praesidio
1921 915 1970 938 co-

1232 959 1347 991 muniri
1368 969 1570 1002 summopere
1586 958 1755 991 desideret:
1782 968 1849 998 nos,
1867 958 1968 1001 ipsum

1232 1017 1468 1055 procuratorem
1495 1012 1673 1055 generalem
1695 1011 1837 1055 specialis
1863 1011 1969 1044 favore

1231 1066 1349 1107 gratiae
1374 1066 1520 1108 prosequi
1546 1066 1695 1106 volentes,
1720 1070 1749 1097 et
1767 1076 1783 1097 a
1808 1064 1970 1108 quibusvis

1231 1118 1573 1158 excommunicationis,
1594 1117 1806 1161 suspensionis
1826 1123 1855 1150 et
1879 1117 1971 1150 inter-

1231 1171 1315 1211 dicti,
1334 1172 1465 1215 aliisque
1478 1171 1696 1205 ecclesiasticis
1712 1171 1882 1211 sententiis,
1901 1181 1970 1204 cen-

1231 1225 1312 1257 suris
1337 1230 1366 1257 et
1398 1225 1526 1268 poenis,
1560 1235 1577 1257 a
1609 1225 1675 1257 iure
1701 1225 1747 1257 vel
1771 1225 1810 1257 ab
1832 1225 1969 1266 homine,

1231 1277 1340 1321 quavis
1356 1278 1521 1311 occasione
1540 1278 1585 1311 rel
1604 1279 1698 1311 causa
1714 1278 1792 1318 latis,
1815 1278 1838 1310 si
1858 1277 1971 1320 quibus

1230 1330 1466 1373 quomodolibet
1494 1330 1660 1364 innodatus
1684 1330 1804 1372 existit,
1826 1331 1864 1363 ad
1895 1330 1969 1363 effe-

1231 1389 1313 1417 ctum
1345 1384 1556 1427 praesentium
1584 1384 1744 1417 dumtaxat
1772 1395 1969 1428 consequen-

1231 1437 1315 1477 dum,
1340 1437 1452 1470 harum
1478 1437 1559 1470 serie
1584 1437 1778 1470 absolventes
1812 1442 1841 1470 et
1871 1437 1966 1470 abso-

1231 1490 1328 1524 lutum
1343 1490 1409 1523 fore
1423 1495 1594 1531 censentes,
1609 1490 1888 1533 supplicationibus
1902 1490 1968 1523 eius

1231 1543 1357 1576 nomine
1381 1543 1471 1576 nobis
1497 1553 1593 1586 super
1618 1544 1677 1576 hoc
1706 1543 1866 1577 humiliter
1895 1554 1969 1586 por-

1233 1596 1325 1629 rectis
1345 1595 1495 1635 inclinati‚
1512 1596 1725 1629 ordinationes
1746 1596 1967 1639 praeinsertas‚

1231 1649 1415 1683 auctoritate
1429 1649 1611 1692 apostolica,
1624 1654 1731 1683 tenore
1744 1649 1967 1692 praesentium,

1232 1703 1456 1735 confirmamus
1481 1707 1510 1735 et
1533 1702 1755 1745 approbamus,
1774 1703 1899 1746 illisque
1920 1702 1967 1734 in-

1234 1755 1387 1788 violabilis
1403 1755 1591 1798 apostolicae
1608 1755 1765 1787 firmitatis
1783 1755 1880 1788 robur
1896 1754 1969 1787 adii-

1232 1808 1341 1848 cimus,
1358 1818 1393 1841 ac
1410 1819 1518 1841 omnes
1535 1814 1565 1841 et
1582 1808 1721 1851 singulos
1746 1808 1824 1840 iuris
1847 1813 1877 1840 et
1896 1808 1967 1840 l'acti

1231 1861 1380 1901 desectus,
1401 1861 1425 1893 si
1443 1861 1495 1903 qui
1519 1861 1653 1904 desuper
1671 1860 1908 1903 quomodolibet
1925 1860 1968 1893 in-

1231 1914 1431 1955 tervenerint,
1456 1913 1648 1957 supplemus.

1276 1967 1291 2010 §
1309 1966 1339 2000 3.
1368 1967 1575 1999 Decernentes
1598 1966 1721 1999 easdem
1739 1966 1968 2008 ordinationes,

1231 2031 1266 2053 ac
1290 2025 1469 2064 praesentes
1487 2020 1604 2053 litteras
1628 2030 1752 2063 semper
1777 2020 1892 2059 firmas,
1910 2031 1965 2052 va-

1232 2073 1309 2105 lidas
1327 2078 1356 2105 et
1369 2073 1511 2106 efficaces
1529 2072 1662 2105 existere
1682 2078 1712 2105 et
1735 2073 1812 2112 sore,
1832 2082 1969 2116 suosque

1232 2125 1389 2169 plenarios
1421 2131 1450 2158 et
1481 2125 1620 2168 integros
1645 2125 1773 2158 effectus
1806 2125 1911 2158 sortiri
1938 2130 1968 2158 et

1232 2184 1262 2211 et
1286 2178 1438 2218 obtinere,
1463 2189 1499 2211 ac
1523 2178 1561 2210 ab
1586 2178 1663 2218 illis,
1690 2178 1727 2210 ad
1749 2189 1828 2221 quos
1850 2183 1970 2221 spectat

1233 2236 1263 2263 et
1289 2241 1347 2274 pro
1377 2237 1517 2274 tempore
1546 2231 1718 2274 spectabit,
1750 2230 1969 2264 inviolabiliter

1234 2283 1411 2323 observari,
1436 2284 1542 2327 sicque
1563 2284 1593 2315 in
1612 2283 1791 2327 praemissis
1808 2294 1864 2326 per
1880 2294 1970 2327 quos-

1233 2347 1368 2380 cumque
1392 2336 1510 2369 iudices
1538 2336 1714 2369 ordinarios
1742 2341 1772 2368 et
1799 2336 1968 2378 delegatos,

1233 2389 1324 2422 etiam
1350 2399 1513 2421 causarum
1539 2388 1643 2432 palatii
1668 2388 1829 2432 apostolici
1848 2388 1968 2422 audito-

1233 2454 1294 2483 res,
1312 2443 1441 2475 iudicari
1458 2448 1488 2475 et
1507 2442 1630 2475 definiri
1648 2442 1772 2482 debere,
1789 2453 1825 2475 ac
1844 2443 1967 2476 irritum

1233 2502 1263 2529 et
1287 2497 1388 2536 inane,
1412 2497 1437 2529 si
1462 2506 1551 2529 secus
1575 2506 1669 2539 super
1692 2496 1740 2528 his
1758 2506 1774 2528 a
1798 2506 1967 2540 quoquam,

1233 2550 1341 2592 quavis
1352 2549 1547 2588 auctoritate,
1565 2549 1698 2581 scienter
1713 2549 1757 2581 vel
1777 2549 1967 2591 ignoranter,

1234 2602 1400 2645 contigerit
1422 2602 1576 2635 attentari.

1987 225 2035 250 An.
2052 225 2079 252 C.
2103 224 2164 251 ¹G61

2009 705 2120 726 Confirmat
2132 712 2166 727 or-

1982 731 2100 760 dinationes
2109 739 2159 759 prae

1983 761 2079 779 insertas.

1996 2002 1998 2004 v
2011 1972 2120 1996 n'ecretum
2137 1975 2163 1995 ir·

1983 2004 2055 2022 rit-'tm-
