2263 3215
292 215 339 240 An.
351 215 377 239 (ἶ.
403 215 469 241 1ίῖΒῦ

330 381 436 406 hulmum
453 384 471 401 rt

290 410 424 432 supplicatim

316 1709 421 1734 Apprmvat
441 1710 459 1728 οἱ

276 1737 385 1756 confirmat
399 1741 459 1761 prac-

277 1764 354 1783 inserta
371 1766 458 1784 *statuta

275 1792 295 1809 et
311 1790 397 1811 litteras.

515 206 580 238 est-t

1065 217 1242 242 BULLARIUM
1267 217 1420 242 ROMANUM

489 262 734 303 Piscatoi*is,die
754 273 807 296 x1x
827 263 902 296 iunii
928 273 1077 305 itncxxiv,
1098 266 1224 310 pontili-
1260 266 1359 300 robur
1390 265 1572 307 adiieimus,
1598 276 1633 298 ac
1664 276 1774 300 omnes
1798 271 1828 299 et
1859 266 1999 310 singulos

488 319 574 347 catus
595 315 693 348 nostri
711 325 792 348 anno
811 326 839 348 v.

532 369 547 410 g
572 368 599 400 02.
626 368 700 400 Cum
726 375 852 410 autem,
883 370 963 403 sicut
988 371 1118 405 dilectus
1143 371 1225 404 silius

490 421 672 454 franciscus
686 421 935 464 Castagnaccius,
952 430 1138 466 procurator
1157 425 1223 457 fisci

488 473 627 506 eiusdem
653 475 758 507 curiae
777 475 919 518 Capitolii
942 476 1042 510 almae
1061 477 1151 510 Urbis
1168 488 1224 510 no-

488 533 580 567 strae,
609 528 698 560 nobis
723 538 824 572 nuper
849 529 962 572 exponi
987 530 1067 572 fecit,
1092 530 1224 563 subinde

487 587 596 614 contra
621 587 808 615 statutorum
840 593 894 615 seu
924 583 1134 627 capitulorum
1168 594 1225 627 per

487 635 697 678 praeinsertas
723 635 838 668 Urbani
864 636 1115 679 praedecessoris
1141 636 1222 668 litte-

486 698 537 720 ras
562 687 821 721 confirmatorum
843 699 877 722 ac
900 689 1082 722 earumdem
1109 689 1224 722 littera-

487 751 556 772 rum
575 740 813 784 dispositionem
832 742 906 774 varii
926 742 1041 775 abusus
1055 741 1221 775 introducti

484 794 610 836 suerint,
625 795 829 838 nonnullique
855 795 1040 828 mandatarii
1057 795 1158 828 dictae
1174 806 1224 828 cu-

485 848 548 880 riae
572 847 715 891 appaltus
741 847 922 881 citationum
949 859 1004 891 per
1024 848 1114 891 plura
1140 854 1223 881 nota-

486 900 605 933 riorum
632 900 729 943 ipsius
753 900 859 933 curiae
883 901 986 934 officia
1010 901 1148 944 expediri
1174 911 1222 933 so-

485 952 624 994 litarum,
652 963 708 996 per
733 959 921 986 memoratas
945 953 1132 987 recolendae
1156 964 1218 986 me-

473 1007 602 1040 moriae
628 1007 713 1039 Pauli
740 1007 838 1051 Papae
858 1008 878 1040 V
897 1008 1149 1051 praedecessoris
1167 1019 1221 1052 pa-

483 1060 560 1092 riter
585 1060 682 1093 nostri
705 1060 898 1102 interdictos,
917 1061 1059 1101 fecerint3
1084 1072 1220 1105 cumque

483 1112 563 1144 idem
587 1112 771 1146 Franciscus
795 1119 993 1156 procurator,
1011 1113 1048 1147 ad
1067 1114 1220 1147 tollendos

481 1165 597 1198 abusus
629 1165 830 1209 huiusmodi„
856 1170 969 1200 statuta
994 1177 1047 1199 seu
1084 1167 1218 1210 capitula

481 1220 640 1263 praedicta
665 1231 682 1252 a
707 1220 796 1254 nobis
826 1221 928 1253 denuo
954 1221 1147 1262 confirmari,
1172 1232 1217 1262 ae,

481 1279 513 1305 ut
538 1274 677 1306 eiusdem
704 1274 808 1307 curiae
835 1275 1018 1308 mandatarii
1055 1275 1217 1308 citationes

480 1332 507 1358 et
535 1326 744 1360 intimationes
763 1337 821 1370 pro
842 1328 1073 1371 congregandis
1098 1339 1213 1362 consu-

480 1380 592 1412 latibus
605 1380 718 1413 artium
733 1380 833 1414 dictae
844 1381 934 1414 Urbis
948 1381 984 1413 ad
997 1382 1117 1418 ,ruriam
1131 1393 1217 1426 prae-

478 1433 591 1465 dictam
618 1433 831 1476 spectantibus
867 1440 895 1467 et
930 1434 998 1467 aliis
1031 1435 1215 1468 eorumdem

478 1487 695 1520 consulatuum
727 1487 976 1530 expeditionibus
1004 1498 1067 1521 non
1093 1488 1216 1530 saciant,

477 1540 628 1577 ordinari,
654 1546 683 1572 et
707 1541 782 1573 alias
807 1547 986 1584 opportune
1014 1542 1042 1574 in
1069 1542 1217 1585 praemis-

476 1595 528 1633 sis,
553 1599 586 1626 ut
611 1594 701 1634 infra,
726 1594 885 1638 provideri
910 1605 1113 1639 summopere
1138 1595 1217 1629 desi-

476 1646 585 1679 deret:

520 1701 535 1743 §
559 1699 589 1733 3.
610 1701 683 1741 Nos,
701 1700 799 1745 ipsius
816 1701 976 1734 Francisci
998 1703 1214 1745 procuratoris

475 1754 643 1795 desiderio,
667 1754 725 1788 hac
744 1754 773 1787 in
792 1765 825 1788 re
850 1765 987 1788 annuere
1014 1756 1161 1796 volenteS,
1179 1767 1213 1789 ac

475 1819 545 1840 eum
563 1818 580 1841 a
596 1807 759 1851 quibusvis
784 1808 1129 1849 excommunicationis,
1146 1820 1214 1843 sus-

473 1861 633 1904 pensionis
658 1866 687 1894 et
712 1861 884 1903 interdicti,
910 1861 1043 1905 aliisque
1071 1862 1214 1895 ecclesia-

474 1915 558 1947 sticis
576 1915 746 1957 sententiis,
765 1915 906 1948 censuris
927 1920 956 1948 et
974 1916 1092 1958 poenis,
1110 1927 1127 1948 a
1145 1916 1213 1949 iure

474 1968 521 2000 vel
539 1967 578 2000 ab
595 1967 735 2009 bomine,
752 1968 860 2011 quavis
874 1968 1040 2002 occasione
1057 1969 1103 2001 vel
1120 1971 1213 2003 causa

476 2020 565 2060 latis,
590 2021 614 2053 si
639 2021 752 2064 quibus
785 2020 1022 2065 quomodolibet
1047 2021 1213 2055 innodatus

475 2074 586 2115 existit,
604 2074 642 2107 ad
662 2073 807 2107 effectum
824 2074 1035 2117 praesentium
1053 2074 1214 2108 dumtaxat

475 2127 749 2170 consequendum,
774 2127 885 2160 harum
911 2127 992 2160 serie
1016 2127 1212 2161 absolventes

475 2185 505 2214 et
529 2181 706 2215 absolutum
732 2182 798 2214 sore
823 2187 996 2223 censentes,
1014 2181 1213 2225 supplicatio-

473 2234 565 2267 nibus
589 2235 656 2268 eius
680 2235 807 2269 nomine
837 2235 927 2268 nobis
950 2245 1046 2279 super
1070 2235 1129 2269 boc
1153 2235 1212 2268 hu-

474 2289 589 2321 militer
613 2288 768 2332 porrectis
794 2288 942 2327 inclinati,
960 2288 1139 2332 supradicta
1156 2295 1212 2322 sta-

473 2347 537 2374 tuta
553 2369 560 2381 ‚
585 2352 640 2374 seu
665 2342 822 2385 capitula,
846 2352 967 2375 necnon
1002 2342 1211 2385 praeinsertas

473 2394 588 2428 Urbani
606 2394 859 2439 praedecessoris
877 2395 1006 2437 litteras,
1024 2405 1094 2428 cum
1114 2395 1211 2430 omni-

470 2447 527 2481 bus
545 2452 574 2481 et
591 2448 721 2491 singulis
746 2447 984 2491 quomodolibet
1008 2448 1161 2481 contentis
1178 2448 1209 2481 in
1233 2453 1235 2455 ’

470 2501 541 2542 illis,
566 2502 737 2543 apostolica
762 2501 958 2541 auctoritate,
987 2507 1096 2535 tenore
1120 2512 1209 2544 prae-

469 2554 613 2595 sentium,
634 2554 859 2587 confirmamus
880 2559 908 2587 et
925 2554 1148 2598 approbamus,
1170 2554 1207 2587 il-

468 2607 569 2651 lisque
605 2607 790 2641 inviolabilis
822 2607 1011 2651 apostolicae
1046 2608 1206 2643 firmitatis

1261 319 1336 352 iuris
1372 324 1401 352 et
1435 319 1505 351 sacti
1536 318 1697 357 defectus,
1731 318 1754 350 si
1787 319 1839 362 qui
1865 319 1999 363 desuper

1259 383 1386 415 quoquo
1412 371 1505 404 modo
1529 371 1755 405 intervenerint
1771 371 1964 415 supplemus.

1303 425 1318 467 g
1342 425 1371 457 lt.
1399 424 1584 466 Praeterea,
1611 429 1643 457 ut
1677 424 1864 457 mandatarii
1892 424 1998 457 curiae

1259 477 1436 520 praedictae
1460 477 1624 510 citationes
1648 483 1678 510 et
1703 477 1914 510 intimationes
1940 487 1998 521 pro

1259 529 1489 572 congregandis
1513 530 1727 564 consulatibus
1763 529 1943 564 huiusmodi
1968 535 1998 563 et

1259 593 1318 626 pro
1343 583 1410 615 aliis
1436 583 1576 626 ipsorum
1595 583 1812 616 consulatuum
1831 582 1999 626 expeditio·

1258 635 1352 668 nibus
1377 635 1497 669 facere¹
1523 636 1665 676 debeant,
1691 635 1875 669 auctoritate
1900 640 1929 669 et
1954 640 1998 668 te-

1258 698 1333 721 nore
1352 688 1521 732 praedictis
1545 689 1712 722 statuimus
1735 694 1765 722 et
1789 688 1981 723 ordinamus.

1303 743 1317 785 g
1341 742 1370 775 5.
1396 742 1547 781 Quocirca
1567 742 1681 776 dilecto
1699 742 1816 786 pariter
1833 742 1898 777 filio
1915 752 1997 776 nunc

1258 800 1287 827 et
1315 805 1372 838 pro
1398 800 1540 838 tempore
1565 795 1706 828 existenti
1739 794 1878 828 eiusdem
1905 794 1997 828 Urbis

1257 848 1392 881 senatori
1419 859 1475 892 per
1499 847 1622 881 easdem
1649 853 1830 892 praesentes
1854 848 1998 882 commit-

1258 901 1351 933 timus
1376 906 1406 933 et
1432 901 1627 942 mandamus,
1652 906 1683 933 ut
1710 901 1794 945 ipsas
1814 906 1996 946 praesentes

1256 959 1286 986 et
1310 953 1340 986 in
1366 953 1409 986 eis
1429 959 1575 987 contenta
1594 964 1812 998 quaecumque
1830 953 1996 999 (privative

1256 1006 1357 1050 quoad
1376 1007 1505 1040 dilectos
1524 1007 1604 1040 [ilios
1621 1013 1764 1041 nostrum
1790 1013 1819 1040 et
1839 1017 1898 1051 pro
1919 1011 1995 1041 tem-

1257 1069 1334 1102 pore
1348 1059 1507 1092 existentis
1526 1060 1656 1093 Romani
1672 1060 1830 1093 Pontificis
1843 1060 1995 1094 vicarium

1255 1112 1285 1144 in
1312 1112 1394 1146 Urbe
1419 1113 1577 1157 praedicta
1604 1114 1633 1146 in
1659 1114 1875 1157 spiritualibus
1900 1124 1995 1158 gene-

1256 1166 1373 1207 ralem,
1410 1177 1552 1200 camerae
1587 1167 1778 1210 apostolicae
1814 1167 1993 1210 generalem

1254 1219 1439 1259 auditorem,
1453 1230 1487 1253 ac
1502 1220 1743 1262 thesaurarium,
1761 1224 1790 1254 et
1806 1220 1883 1254 alios
1902 1230 1994 1264 quos·

1254 1272 1327 1305 libet
1352 1272 1452 1307 dictae
1477 1272 1569 1306 Urbis
1601 1274 1665 1306 sive
1698 1274 1855 1307 Romanae
1887 1273 1993 1307 curiae

1254 1326 1371 1359 iudices
1395 1336 1478 1359 nunc
1502 1332 1533 1359 et
1557 1337 1614 1369 pro
1645 1332 1788 1370 tempore
1812 1327 1992 1370 existentes)

1253 1380 1434 1421 summarie,
1458 1380 1643 1423 simpliciter
1668 1386 1696 1413 et
1727 1380 1766 1413 de
1786 1380 1900 1424 plano,
1924 1380 1990 1414 sine

1250 1432 1381 1476 strepitu
1407 1438 1436 1465 et
1462 1433 1564 1475 ligura
1590 1433 1707 1473 iudicii,
1732 1433 1798 1466 sola
1822 1433 1891 1468 sacti
1914 1433 1991 1467 veri-

1252 1490 1312 1519 tate
1327 1485 1475 1529 inspecta,
1488 1485 1689 1529 exequutioni
1710 1485 1888 1526 demandet,
1905 1492 1935 1519 et
1951 1486 1990 1519 ab

1250 1537 1345 1580 aliis²‚
1359 1539 1396 1571 ad
1415 1549 1493 1583 quos
1511 1545 1629 1583 spectat
1646 1545 1676 1572 et
1691 1550 1750 1584 pro
1768 1545 1910 1584 tempore
1923 1550 1990 1584 spe-

1250 1591 1353 1632 ctabit,
1372 1592 1463 1626 saciat
1479 1592 1699 1626 inviolabiliter
1715 1592 1894 1633 observari;
1919 1603 1990 1627 con·

1249 1645 1433 1679 tradictores
1457 1645 1614 1689 quoslibet
1638 1650 1668 1679 et
1692 1645 1825 1680 rebelles
1842 1651 1989 1691 opportu-

1248 1698 1296 1732 nis
1322 1698 1398 1732 iuris
1423 1704 1452 1731 et
1478 1699 1546 1731 sacti
1573 1699 1721 1732 remediis
1746 1699 1833 1733 omni
1858 1703 1887 1734 et
1911 1710 1988 1744 qua-

1248 1762 1382 1795 cumque
1392 1753 1598 1796 appellatione
1610 1754 1731 1786 remota
1743 1753 1985 1797 compescendo.

1291 1805 1306 1848 ἓ
1330 1805 1360 1837 6.
1386 1805 1594 1838 Decernentes
1629 1805 1834 1839 nibilominus
1861 1806 1985 1841 irritum

1246 1863 1276 1891 et
1301 1859 1390 1891 inane
1416 1858 1564 1902 quicquid
1590 1869 1678 1892 secus
1700 1859 1861 1902 superbis
1877 1870 1896 1893 a
1913 1870 1987 1904 quo-

1247 1922 1349 1954 quam,
1365 1912 1473 1955 quavis
1485 1912 1681 1952 auctoritate,
1691 1912 1826 1947 scienter
1839 1913 1885 1945 vel
1900 1913 1987 1956 igno-

1247 1970 1363 2005 ranter,
1389 1965 1556 2008 eontigerit
1580 1965 1735 1999 attentari.

1291 2018 1305 2061 ἓ
1331 2018 1359 2050 7.
1385 2019 1453 2051 Νοιι
1482 2018 1677 2052 obstantibus
1708 2019 1985 2054 constitutionibus

1247 2077 1277 2105 et
1292 2071 1542 2105 ordinationibus
1556 2072 1747 2116 apostolicis,
1764 2082 1897 2115 necnon,
1911 2083 1984 2117 qua-

1246 2130 1336 2158 tenus
1360 2135 1438 2168 opus
1455 2125 1503 2166 sit,
1525 2125 1631 2158 curiae
1648 2130 1678 2159 et
1693 2126 1912 2160 consulatuum
1930 2126 1985 2164 hu,-

1246 2178 1391 2218 jusmodi,
1416 2179 1548 2222 aliisque
1567 2179 1748 2223 quibusviS‚
1774 2179 1867 2213 ctiam
1892 2179 1980 2214 iura-

1247 2237 1362 2272 mento,
1387 2232 1626 2266 confirmatione
1646 2232 1829 2276 apostolica,
1847 2233 1893 2266 vel
1912 2242 1985 2276 qua-

1246 2285 1290 2317 vis
1311 2285 1457 2319 firmitate
1477 2285 1537 2318 alia
1562 2286 1728 2326 roboratis,
1742 2286 1874 2328 statutis,
1895 2286 1983 2320 novis

1245 2338 1533 2379 reformationibus,
1558 2339 1655 2383 stylis,
1679 2339 1787 2372 usibus
1808 2344 1838 2373 et
1854 2349 1984 2374 consue-

1245 2391 1415 2433 tudinibus,
1438 2391 1612 2436 privilegiis
1636 2403 1777 2436 quoque,
1810 2392 1938 2426 indultis
1954 2396 1984 2427 et

1278 2482 1288 2508 t
1308 2481 1355 2508 Vel
1372 2482 1415 2509 hic
1430 2481 1506 2509 deest
1520 2482 1651 2518 particula
1665 2489 1731 2516 non,
1747 2482 1790 2509 vel
1805 2481 1940 2510 redundat
1954 2481 1981 2508 in

1242 2526 1294 2553 tine
1310 2528 1322 2559 ξ
1339 2529 1353 2552 ⁰2
1369 2528 1407 2560 (R.
1419 2528 1467 2561 ππ).

1275 2571 1292 2597 2
1308 2570 1377 2597 Edit.
1394 2571 1472 2599 Main.
1490 2571 1570 2599 babet
1585 2572 1668 2605 aliis,·
1689 2571 1778 2600 forsan
1800 2572 1838 2599 iis
1858 2570 1899 2599 vel
1918 2571 1980 2599 iltis

1240 2615 1380 2651 legendum
1400 2617 1435 2651 (it.
1455 2617 1503 2650 T.).

2054 436 2188 463 intimatlom

2013 468 2025 482 a
2058 464 2188 489 mandatarii,

2013 490 2121 512 sariendus
2136 492 2188 514 onit-

2013 518 2056 536 nat.

2030 1814 2139 1835 Decretum
2154 1813 2178 1835 lr-
2212 1819 2221 1839 g

2003 1841 2074 1862 riuns.

2000 2020 2109 2049 Contraria
2118 2026 2176 2050 toltit.
