2243 3205
6 1292 10 1402 ἒ

7 1428 10 1510 t

53 168 98 191 An.
120 165 147 189 l).
167 163 233 190 1660

6 1142 11 1252 3

82 1502 133 1524 t-u*
144 1509 244 1529 perum-1-

63 1536 105 1550 rnm
127 1530 205 1556 praeiti-
215 1532 244 1549 la-

64 1564 105 1577 ium
114 1560 132 1577 et
142 1559 244 1577 immmu-

64 1586 143 1611 ptnrum
160 1583 218 1604 ndi-s.

845 160 1032 185 ALEXANDER
1058 161 1101 184 VII
1122 161 1169 184 1³1¹.

246 208 493 254 praedictorum,
518 210 612 243 etiam
637 210 825 251 iuramento,
844 209 992 243 confima-

1068 209 1181 242 Datum
1207 209 1333 251 Romae,
1365 208 1448 253 apud
1472 208 1501 243 S.
1520 207 1649 242 Mariam
1676 206 1769 240 Maio·

248 262 332 296 tione
356 263 538 307 apostoliea,
563 264 612 297 vel
636 263 745 308 quavis
765 263 914 296 firmitate
932 263 992 295 alia
1026 272 1103 303 rem,
1117 262 1175 295 sub
1192 262 1308 296 annulo
1327 262 1505 303 Piscatoris,
1523 262 1572 295 die
1593 272 1639 296 x11
1659 261 1768 306 aprilis

248 315 406 349 roboratis
420 343 427 356 ‚
465 316 588 350 statutis
624 322 653 349 et
688 316 969 350 consuetudinibus
984 343 991 356 ,
1026 326 1142 357 MDCLx,
1156 315 1355 359 pontificatus
1373 315 1472 349 nostri
1490 325 1571 349 anno
1588 314 1635 348 v¹.

247 368 423 413 privilegiis
447 380 583 414 quoque,
598 370 726 403 indultis
746 375 775 403 et
792 369 904 402 litteris
921 379 993 413 apo-

250 421 390 463 stolicis,
415 423 472 456 sub
497 423 750 468 quibuscumque
775 423 938 456 tenoribus
963 428 994 456 et

251 475 371 518 formis,
396 486 432 510 ac
458 487 529 510 cum
554 476 717 521 quibusvis
742 477 834 510 etiam
865 476 994 520 deroga-

251 529 403 562 toriarum
428 529 648 572 derogatoriis,
666 531 798 574 aliisque
814 529 994 563 efficaciori-

249 581 308 615 bus
334 586 363 616 et
387 582 520 616 insolitis
548 583 713 625 clausulis,
736 594 772 617 ac
797 583 994 617 irritantibus

251 641 281 668 et
304 635 373 669 aliis
395 636 540 677 decretis,
562 637 592 669 in
613 647 729 680 genere
751 637 797 670 vel
824 637 854 669 in
880 637 993 681 speeie,

250 699 286 722 ac
310 688 385 722 alias
403 688 434 722 in
452 690 645 723 contrarium
666 690 904 734 quomodolibet
921 701 995 723 eon-

251 741 364 782 cessis,
394 742 588 775 confirmatis
617 748 647 775 et
677 743 848 783 innovatis;
882 743 995 787 quibus

251 794 416 836 omnibus,
445 795 568 828 etiamsi
594 806 652 839 pro
678 796 804 829 illorum
829 796 994 830 sufficienti

251 848 456 891 derogatione
480 848 518 881 de
552 849 612 881 illis
645 859 819 893 eorumque
854 849 925 883 totis
950 855 994 882 te-

251 901 385 936 noribus
408 901 568 946 specialiS‚
598 902 744 946 specifica
769 908 799 936 et
831 913 995 946 expressa,

253 965 289 989 ac
312 955 350 988 de
375 955 472 989 verbo
496 955 534 988 ad
561 955 691 989 verbum
713 956 840 998 inserta,
862 966 924 989 non
946 967 997 989 au-

252 1012 315 1042 tem
341 1018 400 1052 per
424 1009 579 1042 clausulas
599 1010 762 1052 generales
780 1009 862 1042 idem
881 1009 998 1053 impor-

254 1067 364 1102 tames,
390 1063 507 1096 mentio
529 1073 584 1096 seu
602 1063 730 1107 quaevis
753 1063 813 1095 alia
838 1063 997 1106 expressio

255 1115 399 1149 habenda
431 1122 528 1157 esset,
554 1117 679 1150 illorum
706 1116 847 1150 omnium
873 1122 997 1150 tenores

255 1169 476 1214 praesentibus
499 1180 558 1214 pro
583 1170 673 1214 plene
691 1175 721 1202 et
737 1170 929 1203 sufficienter
951 1181 998 1202 ex-

255 1223 373 1268 pressis
398 1223 558 1265 habentes,
584 1224 645 1256 illis
665 1223 741 1256 alias
759 1225 788 1255 in
808 1234 865 1256 suo
884 1224 998 1257 robore

255 1277 481 1321 permansuris,
505 1277 541 1309 ad
568 1277 816 1321 praemissorum
842 1277 999 1318 effectum,

257 1331 315 1364 hac
333 1331 400 1364 vice
418 1331 588 1373 dumtaxat,
607 1331 785 1375 specialiter
803 1337 832 1364 et
853 1342 1000 1376 expresse

258 1384 467 1428 derogamus;
493 1385 667 1429 ceterisque
691 1385 856 1418 contrariis
874 1385 1001 1429 quibus-

259 1449 404 1483 cumque.

303 1493 318 1537 ἓ
343 1492 372 1526 6.
398 1493 548 1526 Volumus
573 1498 697 1533 autem,
730 1486 813 1536 quod
839 1493 999 1537 pecuniae,

260 1557 339 1591 quas
363 1557 400 1580 ex
425 1547 582 1591 praesenti
609 1547 811 1580 concessione
832 1547 1001 1591 percipies,

260 1600 291 1633 in
316 1600 393 1634 alios
417 1611 493 1633 usus
519 1611 613 1644 quam
640 1600 812 1634 catholicae
838 1600 1001 1643 religionis

259 1653 449 1687 defensionis
476 1659 505 1686 et
526 1654 772 1698 propagationis,
792 1664 913 1687 necnon
932 1654 1002 1687 obe-

259 1707 394 1740 dientiae
418 1717 493 1751 erga
519 1708 691 1741 Romanam
719 1708 890 1741 Ecclesiam
921 1718 998 1740 con-

259 1760 455 1802 servationis,
469 1771 527 1805 pro
538 1761 650 1805 quibus
666 1760 827 1793 dumtaxat
841 1761 1001 1794 concessio

260 1814 328 1858 ipsa
356 1814 412 1855 fii,
436 1815 613 1848 nullatenus
638 1820 882 1855 convertantur,
908 1826 1002 1859 super

260 1879 324 1912 quo
349 1868 502 1901 maiestati
529 1874 599 1902 tuae
627 1879 662 1902 ae
687 1866 907 1901 ministrorum
934 1874 1003 1902 tuo-

260 1928 388 1956 tuorum
414 1923 638 1957 conscientiam
660 1934 837 1963 oneramus;
856 1923 1003 1967 quodque

260 1976 474 2021 praesentium
493 1977 707 2020 transumptis,
723 1977 816 2009 etiam
833 1977 1003 2021 impressis,

263 2039 356 2062 manu
382 2029 513 2062 alicuius
537 2030 650 2063 notarii
672 2030 788 2074 publici
805 2030 1004 2074 subscriptis,

263 2087 291 2115 et
304 2082 408 2126 sigillo
421 2093 575 2127 personae
587 2083 617 2115 in
631 2083 780 2126 dignitate
793 2083 1004 2116 ecclesiastica

263 2136 449 2170 constitutae
475 2137 613 2177 munitis,
639 2137 746 2170 eadem
774 2148 904 2181 prorsus
927 2138 1005 2170 fides

262 2191 294 2224 in
319 2191 434 2224 iudicio
459 2197 489 2224 et
513 2197 600 2224 extra
626 2191 797 2234 habeatur,
823 2202 901 2235 quae
931 2192 1006 2235 ipsis

261 2244 480 2288 praesentibus
514 2245 705 2286 haberetur,
739 2245 763 2277 si
794 2245 895 2278 soi-ent
920 2245 1006 2278 exbi-

262 2297 345 2331 bitae
367 2298 413 2331 vel
438 2304 592 2331 ostensae.
618 2299 836 2332 Praesentibus
857 2299 894 2331 ad
920 2309 1007 2342 prac-

263 2351 381 2385 dictum
413 2352 663 2395 quinquennium
701 2356 819 2384 tantum
854 2351 1002 2384 valituris.

264 2403 323 2437 Per
347 2404 471 2437 easdem
491 2410 593 2437 autem
612 2410 793 2447 praesentes
820 2403 940 2436 iuribus
957 2415 1005 2437 ca-

265 2467 372 2490 merae
397 2457 587 2501 apostolicae
604 2456 707 2500 quoad
726 2457 846 2490 fructus
862 2464 1006 2491 vacantes

265 2511 442 2544 nullatenus
467 2510 695 2554 praeiudicare,
721 2511 774 2543 sed
799 2522 833 2544 ea
854 2511 959 2545 illaesa
978 2518 1008 2545 et

267 2563 383 2598 illibata
411 2574 612 2608 praeservare
639 2563 836 2597 intendimus.

1061 377 1119 405 Dat.
1141 377 1184 404 die
1207 377 1236 403 1⁴2
1258 376 1350 412 aprilis
1372 377 1449 412 1660,
1466 377 1562 412 pontif.
1580 385 1649 404 anno
1672 384 1696 403 v.

1330 519 1461 553 CCXCII.

1029 599 1239 642 Confirmatio
1280 599 1397 632 decreti
1435 610 1532 643 super
1573 600 1770 633 oeconomico

1071 657 1160 686 statu
1184 656 1213 685 et
1237 653 1324 685 recte
1355 653 1509 685 bonorum
1541 653 1771 696 temporalium

1073 706 1363 739 administratione
1384 705 1651 749 Conyreyationis
1671 706 1772 740 Cassi-

1073 760 1226 794 nensium
1241 758 1376 793 Ordinis
1394 759 1499 792 sancti
1523 758 1694 792 Benedicti
1706 758 1726 792 ².

1225 840 1394 867 Alexander
1414 840 1493 873 Papa
1511 839 1573 873 vn,

1153 885 1189 911 ad
1210 888 1385 918 perpetuam
1404 884 1450 911 rei
1470 883 1650 920 memoriam.

1075 954 1237 988 Emanavit
1260 965 1363 999 nuper
1377 965 1394 987 a
1414 954 1660 997 congregatione
1685 964 1773 987 vene-

1031 1008 1176 1042 rabilium
1191 1009 1322 1041 fratrum
1336 1013 1518 1041 nostrorum
1537 1008 1565 1042 S.
1581 1009 1614 1042 R.
1630 1008 1661 1041 E.
1676 1008 1773 1041 cardi-

1031 1062 1160 1103 nalium,
1186 1073 1283 1106 super
1307 1062 1513 1096 oeconomico
1540 1066 1618 1095 statu
1638 1066 1667 1095 et
1687 1063 1773 1095 reeta

1031 1115 1188 1149 bonorum
1238 1115 1459 1159 temporalium
1502 1114 1775 1148 administratione

1032 1169 1262 1203 Cassinensium
1277 1169 1401 1203 Ordinis
1427 1169 1524 1202 saneti
1550 1169 1708 1202 Benedicti
1734 1169 1776 1202 in-

1032 1223 1201 1256 stauranda
1236 1234 1253 1256 a
1277 1223 1368 1256 nobis
1405 1223 1584 1267 specialiter
1609 1222 1774 1267 deputata,

1033 1276 1195 1309 decretum
1221 1276 1338 1309 tenoris
1357 1276 1408 1320 qui
1437 1276 1591 1320 sequitur,
1612 1276 1773 1310 videlicet:

1079 1331 1093 1375 ἓ
1110 1330 1135 1363 1.
1156 1342 1168 1363 ‹
1181 1330 1364 1364 Communis
1379 1335 1500 1373 egestas
1515 1330 1696 1364 monasterii
1714 1331 1776 1374 pri-

1033 1390 1135 1417 vatam
1160 1384 1295 1417 habendi
1321 1384 1525 1428 cupiditatem
1550 1394 1613 1417 non
1635 1395 1707 1417 raro
1728 1395 1776 1418 ex-

1034 1439 1130 1472 citare
1151 1439 1229 1472 solet
1254 1439 1284 1471 in
1306 1439 1478 1479 monachis,
1499 1443 1608 1483 utpote
1622 1438 1685 1482 qui,
1704 1438 1776 1472 reli-

1034 1493 1130 1536 giosis
1148 1504 1184 1526 ac
1198 1492 1383 1526 necessariis
1404 1493 1584 1536 indigentiis
1599 1503 1634 1526 ex
1649 1493 1777 1537 publico

1034 1557 1117 1591 penu
1138 1547 1259 1580 consuli
1275 1557 1337 1580 non
1365 1557 1457 1591 posse
1480 1547 1709 1590 intelligentes,
1734 1547 1774 1579 li-

1035 1612 1106 1634 cere
1132 1600 1191 1633 sibi
1218 1605 1304 1633 certo
1329 1600 1519 1644 persuadent
1543 1600 1694 1634 adversus
1724 1601 1778 1634 hu-

1036 1654 1170 1688 iusmodi
1196 1654 1397 1687 necessitates
1422 1654 1598 1687 subsidium
1624 1659 1717 1698 atque
1737 1655 1780 1688 le-

1037 1717 1146 1740 vamen
1171 1718 1206 1740 ex
1232 1707 1362 1751 proprio
1388 1707 1511 1751 privato
1535 1707 1659 1751 peculio
1689 1718 1779 1751 quae-

1036 1772 1121 1802 rere,
1148 1761 1237 1794 cuius
1261 1761 1390 1805 parandi
1409 1766 1501 1805 atque
1518 1761 1653 1804 augendi
1678 1761 1780 1804 gratia

1035 1826 1098 1849 non
1123 1825 1220 1859 parva
1246 1814 1436 1848 monasticae
1468 1814 1702 1858 tranquillitatis
1736 1815 1779 1848 ia-

1037 1874 1125 1902 ctura
1155 1868 1352 1901 secularibus
1383 1867 1647 1901 sollicitudinibus
1675 1868 1779 1912 impli-

1037 1928 1146 1962 catur3
1178 1927 1208 1955 et
1232 1921 1413 1966 pauperes³
1440 1921 1621 1955 monasterii
1655 1921 1779 1955 tandem

1037 1987 1099 2010 non
1122 1986 1278 2020 pauperes
1293 1975 1436 2008 monachi
1460 1981 1665 2019 praepostero
1679 1975 1781 2009 studio

1038 2030 1255 2063 circaterrena
1268 2033 1444 2072 satagentes
1458 2035 1584 2062 aeterna
1593 2029 1780 2073 despiciunt.

1038 2084 1110 2117 Ideo
1135 2083 1290 2127 spirituali
1307 2083 1571 2116 monasteriorum
1590 2083 1674 2116 bono
1693 2093 1782 2127 expe-

1038 2137 1146 2182 pedire
1164 2137 1296 2177 videtur,
1325 2142 1358 2170 ut
1383 2136 1568 2170 eorumdem
1595 2137 1782 2181 temporalia

1039 2192 1120 2223 bona
1139 2192 1222 2223 recta
1247 2190 1486 2223 administrandi
1506 2190 1626 2224 ratione
1650 2190 1782 2234 provide

1039 2247 1274 2277 conserventur.
1300 2243 1387 2282 Quod
1413 2254 1484 2276 cum
1519 2243 1550 2275 in
1584 2243 1783 2277 monasteriis

1039 2307 1165 2341 quoque
1198 2297 1458 2340 Congregationis
1487 2297 1678 2330 Cassinensis
1703 2308 1783 2331 exo-

1040 2350 1193 2394 ptandum
1227 2351 1284 2391 sit,
1310 2351 1400 2383 euius
1425 2351 1552 2394 egregia
1576 2351 1783 2385 sanctimonia

1040 2405 1164 2449 piorum
1189 2405 1442 2437 christifidelium
1461 2405 1682 2440 liberalitatem
1708 2406 1782 2440 olim

1077 2488 1086 2511 ¹
1111 2486 1148 2512 Ab
1169 2485 1302 2512 electione
1323 2494 1367 2512 an,
1391 2492 1414 2511 vi
1434 2487 1533 2520 (ar).

1075 2531 1090 2555 02
1112 2530 1147 2556 Ex
1170 2529 1276 2565 Regest.
1298 2530 1322 2556 iu
1344 2530 1445 2557 Secret.
1464 2530 1539 2557 Brev.

1077 2575 1091 2601 3
1109 2574 1208 2601 Forsan
1224 2574 1366 2609 legendum
1382 2576 1521 2610 pauperis
1539 2583 1572 2606 μ’.
1593 2582 1639 2603 Γ).

1674 150 1736 183 559
1785 158 1831 183 An.
1851 157 1880 185 c.
1899 158 1966 185 1660

1816 969 1936 989 Exordium.

1817 1343 1904 1364 Metita.
