2263 3215
280 210 329 237 Αιι.
346 208 375 237 c.
397 209 464 238 ¹655
508 199 552 234 ΞΔ,

277 1430 384 1452 Contraria
395 1430 455 1453 tollit.

477 257 634 295 mandare,
660 266 713 289 seu
737 252 916 287 demandari
941 251 1053 292 facere,
1070 252 1126 285 etsi
1144 262 1210 285 san-

477 310 579 353 guinis
599 308 732 347 essluxio,
751 306 1029 348 membrorumque
1045 304 1209 343 mutilatio,

477 368 529 395 aut
556 362 646 395 etiam
675 370 759 393 mors
788 358 858 391 inde
876 364 1033 401 sequatur,
1059 357 1157 389 libere
1181 361 1210 389 et

477 416 568 455 licite,
589 415 706 457 absque
729 412 793 445 ulla
813 412 1043 455 irregularitate
1064 411 1210 443 aliarum—

476 479 536 512 que
564 476 765 501 censurarum
798 470 827 498 et
859 475 1031 509 poenarum
1057 463 1206 497 ecclesia-

477 521 623 554 sticarum
642 519 780 557 incursu,
797 518 917 561 possint
933 523 963 550 et
978 517 1109 557 valeant,
1123 516 1210 548 dum-

475 573 567 607 modo
592 583 608 605 a
633 571 784 605 sententia
810 571 840 603 in
864 572 957 603 causa
975 569 1133 612 sanguinis
1152 579 1210 612 per

475 637 506 659 se
532 626 614 669 ipsos
638 624 764 657 serenda
789 623 916 656 omnino
937 622 1120 663 abstineant,
1138 631 1210 664 apo-

474 678 583 712 stolica
613 676 817 715 auctoritate,
843 680 951 708 tenore
975 673 1208 718 praesentium,

475 730 673 765 concedimus
698 734 727 762 et
751 728 968 770 indulgemus,
993 737 1116 760 necnon
1140 736 1208 759 eas-

474 783 544 817 dem
569 792 718 827 personas
742 786 772 814 et
795 791 902 814 earum
921 780 1092 824 quamlibet
1108 789 1125 812 a
1140 778 1208 823 qui-

474 837 579 870 busvis
611 834 827 868 ecclesiasticis
860 833 1038 873 sententiis,
1068 832 1208 866 censuris

474 894 504 922 et
532 888 661 933 poenis,
694 898 770 931 quas
805 887 924 920 ratione
960 885 1207 930 praemissorum

474 941 621 975 hactenus
645 940 855 979 incurrerunt,
873 949 927 971 seu
944 938 1113 971 incurrisse
1137 937 1207 978 dici,

474 994 611 1033 censeri,
635 993 682 1026 vel
706 992 866 1036 praetendi
891 992 999 1036 possit,
1024 991 1208 1024 auctoritate

473 1052 503 1080 et
530 1052 637 1080 tenore
664 1046 830 1090 praedictis
860 1044 1049 1078 absolvimus
1074 1050 1104 1078 et
1128 1049 1207 1077 tota-

472 1099 543 1132 liter
566 1100 748 1139 liberamus,
768 1098 928 1143 dictasque
952 1108 1069 1142 poenas
1094 1097 1154 1130 illis
1178 1102 1208 1130 et

473 1163 580 1186 eorum
606 1153 733 1186 cuilibet
757 1152 892 1194 gratiose
917 1151 1147 1191 condonamus,
1171 1161 1207 1184 ac

472 1216 542 1238 cum
571 1205 615 1238 eis
642 1210 671 1238 et
699 1215 808 1238 eorum
837 1205 977 1248 quolibet
1005 1215 1101 1248 super
1129 1214 1205 1248 qua-

473 1269 606 1302 cumque
632 1259 861 1302 irregularitate
880 1269 937 1302 per
960 1268 1013 1291 eos
1037 1262 1207 1301 eapropter

473 1312 706 1356 quomodolibet
737 1313 893 1345 contracta
926 1311 1042 1344 eisdem
1072 1311 1206 1344 auctori-

471 1371 533 1398 tate
557 1371 586 1398 et
611 1371 717 1398 tenore
742 1366 964 1408 dispensamus.

516 1420 531 1463 ἓ
550 1419 579 1452 Ξ.
604 1420 670 1452 Non
695 1419 891 1452 obstantibus
915 1417 1103 1462 apostolicis,
1123 1417 1205 1451 acin

471 1473 697 1505 universalibus
723 1472 1030 1516 provincialibusque
1060 1477 1090 1504 et
1118 1481 1206 1516 syno-

472 1527 591 1559 dalibus
622 1526 761 1559 conciliis
793 1526 903 1567 editis,
934 1525 1134 1568 generalibus
1159 1526 1205 1558 vel

471 1579 666 1624 specialibus,
689 1579 960 1612 constitutionibus
985 1582 1015 1612 et
1038 1578 1206 1612 ordinatio·

470 1633 579 1673 nibus,
603 1632 776 1676 celerisque
801 1632 1060 1676 quibuscumque.

502 1686 611 1720 Datum
637 1687 773 1726 Romae,
799 1686 879 1729 apud
905 1686 933 1719 S.
959 1686 1086 1718 Mariam
1111 1685 1205 1719 Maio-

470 1750 547 1780 rem,
568 1739 623 1772 sub
648 1740 764 1772 annulo
789 1740 964 1779 Piscator-is,
989 1740 1038 1772 die
1063 1749 1104 1773 xv
1129 1739 1204 1772 iunii

469 1803 583 1834 Μυοιν,
608 1793 804 1836 pontificatus
828 1793 925 1826 nostri
950 1803 1032 1826 anno
1057 1803 1076 1826 1.

506 1855 561 1882 nat.
578 1855 620 1882 die
638 1856 668 1882 15
683 1855 748 1882 iunii
768 1856 842 1888 1055,
864 1855 957 1890 pontif.
975 1864 1044 1883 anno
1061 1862 1078 1884 1.

799 2022 873 2057 XIII.

474 2112 680 2155 Confirmatio
700 2111 980 2145 determinationis
1000 2112 1140 2157 capituli
1157 2123 1206 2156 qe-

517 2166 638 2199 neralis
676 2166 931 2208 conqreqntionis
972 2165 1105 2200 Ordinis
1147 2176 1202 2198 ca-

516 2219 705 2251 nonicorum
730 2218 932 2261 regyraturium
956 2219 1205 2252 Praemonstra-

518 2272 652 2303 tensium
680 2276 940 2315 nuncupatorum
964 2272 1204 2315 Hispaniarum

517 2335 612 2367 super
631 2325 851 2368 suppressione
868 2326 1028 2358 electionis
1050 2336 1204 2369 procura-

519 2381 622 2410 torum
642 2378 782 2410 cuiusvis
804 2380 990 2411 monasterii
1010 2378 1114 2411 dictae
1133 2389 1205 2411 con-

518 2431 713 2472 qreqationis
737 2431 828 2463 iltius
857 2432 1010 2474 capitulis
1038 2431 1205 2475 generali-

519 2483 574 2515 bus
599 2484 745 2516 interesse
768 2484 967 2518 solitorum'.

511 2597 522 2623 1
541 2595 579 2623 Ex
594 2595 700 2630 Regest..
716 2596 743 2623 in
757 2596 856 2624 Secret..
873 2597 948 2626 Brev.

1061 202 1239 229 BULLARIU'M
1262 200 1416 228 ROMANUH

1434 248 1600 278 Alexander
1618 247 1698 283 Papa
1716 248 1784 283 vn,

1366 294 1402 322 ad
1422 298 1599 328 perpetuam
1617 293 1663 321 rei
1681 293 1860 322 mamm-lam.

1286 356 1526 390 Sacrosanctum
1551 354 1744 399 apostolatus
1768 354 1904 388 officium
1922 363 1979 387 no-

1241 409 1289 441 bis
1319 408 1406 442 nullo
1437 408 1511 442 licet
1535 408 1722 441 meritorum
1746 407 1897 451 suffragio
1922 418 1979 452 per

1242 461 1465 495 abundantiam
1497 462 1619 495 divinae
1652 461 1800 495 bonitatis
1831 461 1978 495 collatum

1242 519 1440 555 exercentes,
1465 525 1672 559 personarum
1698 514 1978 548 ecclesiasticarum

1242 567 1300 600 sub
1324 567 1411 600 suavi
1435 567 1598 610 religionis
1622 567 1696 610 iugo
1713 566 1862 600 Altissimi
1887 567 1979 601 obse-

1242 620 1324 664 quiis
1344 621 1592 666 mancipatarum
1613 620 1787 654 commodis
1805 620 1913 653 sedulo
1932 620 1978 653 in-

1243 673 1414 716 tendimus,
1440 684 1476 707 ac
1499 674 1575 715 illis,
1599 685 1678 717 quae
1703 673 1884 707 earumdem
1907 683 1979 717 per-

1242 736 1391 759 sonarum
1416 726 1512 770 quieti
1536 731 1567 760 et
1589 727 1744 769 regularis
1764 725 1980 760 observantiae

1242 779 1471 813 conservationi
1504 779 1685 813 consulendi
1715 779 1818 813 studio
1849 778 1980 824 provide

1242 832 1320 866 sacta
1344 837 1425 873 sunt,
1445 832 1588 873 libenter,
1606 843 1677 866 cum
1698 843 1716 866 a
1737 832 1828 866 nobis
1851 832 1979 877 petitur,

1241 885 1405 928 apostolici
1435 885 1619 919 muniminis
1649 885 1848 929 adiungimus
1879 884 1979 918 firmi-

1243 942 1345 971 tatem.

1997 197 2045 226 An.
2061 195 2092 225 C.
2112 196 2180 227 ¹655

2021 366 2161 388 Prooemium.

1284 991 1299 1035 ἓ
1324 991 1353 1024 1.
1379 991 1457 1025 Sane
1481 1002 1539 1036 pro
1566 996 1656 1036 parte
1683 991 1870 1025 dilectorum
1896 990 1977 1025 fitio—
2004 1002 2175 1050 iungimus„-

1991 1029 2058 1050 norati

2076 1035 2099 1050 us
2105 1030 2176 1052 dictae

1241 1054 1311 1076 rum
1336 1044 1458 1077 abbatis
1483 1044 1638 1088 generalis
1663 1049 1693 1078 et
1717 1043 1886 1077 definitorii
1906 1053 1978 1077 con·
1999 1056 2169 1082 congregationi·

1992 1082 2048 1103 solos
2055 1082 2176 1104 voeatesin-

1240 1097 1433 1139 greg-ationis
1468 1097 1690 1141 Hispaniarum
1722 1096 1846 1131 Ordinis
1878 1106 1974 1130 cano·
1991 1109 2098 1130 imaum
2115 1114 2176 1136 pra·-

1240 1151 1383 1183 nicorum
1408 1151 1600 1194 regularium
1622 1149 1977 1184 praemonstratensium

1240 1208 1489 1248 nuncupatorum
1504 1204 1594 1237 nobis
1607 1214 1708 1248 nuper
1721 1203 1895 1248 expositum
1909 1202 1977 1244 suit,

1239 1257 1322 1301 quod
1337 1257 1470 1300 quadam
1484 1258 1622 1291 eiusdem
1641 1256 1893 1300 congregationis
1907 1266 1977 1289 con-

1240 1311 1399 1344 stitutione
1419 1313 1480 1343 una
1500 1322 1572 1344 cum
1598 1311 1709 1344 ceteris
1734 1310 1831 1353 ipsius
1848 1319 1978 1352 congre·

1240 1363 1374 1405 gationis
1398 1363 1652 1396 concessionibus
1676 1373 1732 1407 per
1756 1362 1867 1395 Sedem
1891 1362 1978 1405 Apo-

1240 1417 1383 1450 stolicam
1407 1417 1592 1450 confirmata
1618 1422 1744 1449 cavetur
1767 1425 1924 1459 expresse,
1944 1419 1979 1448 ut

1241 1471 1269 1504 in
1295 1471 1425 1514 singulis
1457 1470 1653 1504 monasteriis
1677 1469 1777 1502 dictae
1803 1478 1978 1511 congrega-

1241 1524 1333 1557 tionis
1357 1534 1413 1567 per
1436 1524 1585 1557 Castellae
1610 1523 1723 1556 veteris
1754 1527 1784 1555 et
1813 1531 1911 1555 novae
1942 1531 1979 1555 ac

1241 1579 1397 1612 Navarrae
1421 1588 1518 1620 regna
1535 1576 1711 1610 constitutis
1728 1575 1841 1618 singuli
1866 1585 1978 1618 procu-

1242 1636 1361 1664 ratores
1389 1631 1561 1674 respective
1588 1630 1761 1672 eligantur,
1787 1628 1840 1672 qui
1868 1637 1977 1661 mona-

1241 1684 1407 1718 steriorum
1434 1683 1612 1717 huiusmodi
1637 1683 1763 1715 nomine
1783 1681 1813 1714 in
1834 1681 1977 1726 capitulis

1241 1737 1440 1780 generalibus
1469 1737 1609 1770 eiusdem
1637 1735 1890 1778 congregationis
1918 1745 1977 1778 pro

1241 1798 1380 1834 tempore
1405 1790 1620 1829 interveniant,
1639 1794 1809 1831 votumque
1833 1787 1908 1820 inibi
1925 1787 1978 1821 ob-

1241 1845 1364 1877 tineant.
1392 1843 1436 1876 Ex
1462 1842 1550 1875 cuius
1574 1841 1804 1875 constitutionis
1829 1840 1976 1874 observa-

1240 1898 1322 1931 tione
1340 1907 1411 1929 cum
1433 1896 1529 1929 multa
1545 1901 1574 1928 et
1590 1895 1739 1928 notabilia
1759 1894 1977 1927 inconvenien-

1241 1952 1279 1985 tia
1316 1956 1346 1983 et
1380 1950 1493 1982 damna
1525 1948 1762 1991 congregationi
1797 1947 1977 1991 praedictae

1239 2005 1399 2044 hactenus,
1424 2008 1453 2036 et
1477 2003 1509 2035 in
1533 2003 1637 2046 specie
1663 2002 1694 2034 in
1723 2002 1789 2035 eius
1805 2001 1976 2035 novissimo

1239 2058 1375 2102 capitulo
1408 2056 1547 2100 generali
1581 2056 1619 2089 de
1653 2065 1759 2088 mense
1794 2055 1868 2087 maii
1903 2055 1975 2088 anni

1238 2112 1380 2156 proxime
1400 2110 1560 2154 praeteriti
1585 2109 1752 2151 celebrato,
1766 2108 1881 2142 fuerint
1900 2118 1975 2142 con-

1238 2171 1357 2205 secuta;
1382 2164 1463 2197 idem
1488 2163 1657 2207 capitulum
1679 2163 1836 2205 generale,
1853 2161 1975 2195 damnis

1239 2223 1268 2253 et
1284 2217 1573 2251 inconvenientibus
1591 2216 1770 2249 huiusmodi
1788 2214 1975 2250 occurrendi

1239 2283 1325 2315 ergo,
1351 2275 1509 2304 reservato
1533 2275 1641 2303 nostro
1661 2275 1691 2302 et
1707 2269 1794 2302 Sedis
1818 2268 1975 2312 praefatae

1239 2324 1443 2368 heneplacito,
1453 2323 1621 2356 electiones
1634 2326 1875 2366 procuratorum
1890 2330 1975 2365 prae-

1239 2378 1373 2411 fatorum
1390 2377 1421 2409 in
1437 2376 1577 2409 futurum
1595 2375 1777 2419 suppressit,
1796 2375 1837 2408 ita
1853 2379 1887 2407 ut
1903 2384 1976 2418 pro-

1239 2436 1400 2464 curatores
1424 2429 1603 2462 huiusmodi
1623 2429 1661 2461 de
1681 2434 1786 2462 cetero
1809 2427 1882 2471 eligi
1906 2427 1975 2460 nul-

1240 2485 1359 2517 latenus
1383 2483 1522 2528 possint,
1542 2482 1596 2515 sed
1619 2482 1651 2515 in
1675 2481 1818 2526 capitulis
1842 2490 1973 2524 genera-

1240 2537 1321 2570 libus
1335 2535 1473 2569 eiusdem
1488 2535 1741 2578 congregationis
1756 2544 1815 2579 pro
1832 2538 1975 2577 tempore

1241 2590 1434 2625 celebrandis
1458 2589 1554 2624 ceteri
1577 2589 1709 2631 vocales,
1729 2588 1784 2635 qui
1803 2586 1974 2624 secundum

1991 1137 2051 1164 cipil-
