2243 3205
35 213 81 240 An.
100 210 130 237 C.
146 208 213 236 1660

8 678 10 716 ἦ
50 694 183 722 Supplicatio.

12 1264 16 1294 i
74 1274 197 1297 Conceditur

12 1295 85 1329 {gratia
99 1304 158 1329 prout
176 1302 196 1322 in

12 1329 109 1357 embrica.

809 208 996 233 ALEXANDER
1021 208 1064 232 ΥΠ
1089 209 1137 232 ΡΡ.

515 255 657 291 CCCXVI.

221 326 370 361 Concedit
395 332 581 360 conventum
600 328 638 360 B.
659 328 753 361 Petri
768 328 805 361 de
822 328 958 361 Nolasco

264 383 368 412 terrae
392 380 494 412 Rocca
522 380 552 412 di
578 380 675 423 Papa,
701 380 851 413 dioecesis
883 382 959 414 Tus-

262 432 410 472 culanae,
438 432 596 475 fratribus
621 434 658 466 B.
680 434 807 466 Mariae
823 433 860 466 (Ie
876 434 958 467 Mer-

262 484 333 517 cede
356 484 588 528 redemptionis
608 486 821 528 captivorum.

409 564 574 591 Alexander
599 565 678 598 Papa
699 565 762 597 vn,

341 608 377 635 ad
397 611 572 642 perpetuam
591 609 636 636 rei
651 609 831 636 memoriam.

260 679 305 713 Ad
319 679 509 713 sacrosancti
530 679 722 723 apostolatus
739 680 859 723 apicem
869 680 956 714 nullo

214 732 288 766 licet
311 733 498 766 meritorum
518 737 701 765 nostrorum
727 732 878 775 suffragio
898 743 956 777 per

213 783 404 818 ineffabilem
423 784 546 818 divinae
564 785 712 819 bonitatis
730 785 953 819 abundantiam

213 837 329 879 evecti,
353 838 494 871 muneris
524 838 624 872 nostri
649 849 717 872 esse
742 838 953 881 arbitramur,

212 896 246 925 ut
270 891 531 935 congregationes
556 892 695 925 virorum
713 892 772 925 sub
793 892 881 925 suavi
905 903 954 925 ar-

212 943 320 978 ctioris
345 944 508 988 religionis
533 944 606 987 iugo
624 943 774 978 Altissimi
795 945 953 988 obsequiis

211 996 476 1041 mancipatorum,
499 997 529 1029 in
554 997 694 1030 Ecclesia
719 997 773 1030 Dei
799 997 850 1041 pie
875 1008 949 1030 san-

211 1054 322 1093 cteque
345 1049 512 1090 institutas,
533 1051 664 1093 paterna
678 1049 870 1092 benignitate
882 1060 953 1093 pro-

211 1107 398 1146 sequentes,
430 1102 573 1135 selicibus
605 1113 713 1135 earum
749 1102 951 1136 incrementis

211 1160 361 1200 quantum
386 1155 476 1188 nobis
500 1166 536 1189 ex
551 1156 612 1189 alto
631 1155 822 1198 conceditur,
841 1166 949 1189 consu-

210 1209 275 1242 lere
295 1208 485 1242 studeamus.

255 1262 270 1306 ἓ
294 1262 323 1295 1.
349 1261 492 1295 Volentes
509 1261 612 1305 itaque
629 1261 871 1305 Congregationi
887 1262 949 1296 fra-

211 1320 295 1348 trum
320 1313 586 1348 Discalceatorum
606 1314 851 1348 reformatorum
875 1326 951 1348 nun-

210 1373 397 1412 cupatorum
431 1367 556 1401 Ordinis
587 1368 618 1400 Β,
651 1368 765 1400 Mariae
800 1368 838 1401 de
874 1369 950 1401 Mer-

211 1421 286 1454 cede
321 1421 547 1465 redemptionis
583 1421 780 1465 captivorum
817 1422 949 1464 gratiam

209 1475 313 1509 facere
352 1475 540 1519 specialem,
576 1480 765 1508 conventum
799 1475 829 1508 B.
867 1476 949 1508 Petri

209 1529 248 1563 de
268 1529 418 1569 Nolasno,
444 1529 518 1561 olim
545 1529 677 1561 fratrum
703 1528 776 1561 dicti
802 1528 948 1570 Ordinis,

209 1582 241 1616 in
266 1583 350 1616 terra
373 1583 477 1617 Rocea
494 1583 529 1616 di
544 1584 641 1626 Papa
665 1584 853 1626 nuncupata,
872 1584 948 1616 Tus-

210 1637 339 1670 culanae
359 1636 521 1678 dioecesis,
540 1638 689 1681 positum,
707 1648 777 1670 cum
796 1637 879 1670 illius
899 1648 949 1671 ec-

209 1691 327 1734 etesia,
352 1701 388 1724 ac
423 1691 513 1724 bonis
539 1696 568 1724 et
598 1691 747 1725 oneribus
772 1692 947 1734 universis,

209 1744 388 1789 praedictae
413 1745 656 1789 Congregationi
681 1745 814 1778 fratrum
831 1746 947 1779 Discal-

208 1803 369 1832 ceatorum
395 1799 485 1842 <itaut
510 1803 680 1832 conventus
705 1798 885 1832 huiusmodi
910 1800 948 1833 de

208 1857 314 1885 cetero
338 1852 504 1885 conventui
536 1852 564 1885 S.
590 1851 714 1884 Ioannis
739 1851 777 1884 de
802 1852 885 1885 Urbe
909 1863 944 1885 e-

208 1906 329 1940 iusdem
365 1905 624 1949 Congregationis
642 1932 649 1946 ‚
674 1905 732 1939 sub
769 1905 947 1940 obedientia

207 1960 312 1994 dilecti
336 1960 393 1993 filii
418 1959 634 2004 procuratoris
667 1959 823 2002 generalis
851 1960 947 2004 ipsius

207 2013 478 2058 Congregationis‚
502 2013 555 2057 qui
581 2013 611 2045 in
636 2013 719 2046 dicto
745 2019 900 2047 conventu
917 2014 946 2047 S.

207 2066 330 2102 loannis
348 2066 487 2100 residere
508 2066 596 2106 solet,
610 2065 780 2108 subiaceat,
799 2071 828 2099 et
847 2066 948 2101 dictus

206 2125 395 2166 procurator
423 2119 579 2163 generalis
610 2119 805 2163 superiorem
839 2126 869 2153 et
903 2121 947 2154 sa-

207 2174 325 2207 miliam
351 2184 402 2207 sex
424 2173 533 2206 saltem
552 2172 807 2217 presbyterorum
828 2179 857 2206 et
873 2173 948 2207 duo-

206 2238 278 2261 rum
295 2237 520 2261 conversorum
536 2226 667 2259 fratrum
682 2226 946 2260 Discalccatorum

206 2281 449 2315 reformatorum
471 2278 747 2323 [long-rogationis*
767 2280 946 2315 huiusmodi

207 2336 238 2368 in
263 2334 451 2379 primodicto
469 2338 624 2367 conventu
645 2333 800 2366 collocare
825 2334 946 2375 debeat,

207 2389 328 2434 ipsique
346 2387 544 2432 procuratori
563 2387 702 2430 generali
720 2387 819 2427 liceat,
833 2398 889 2431 per
903 2398 945 2429 se,

207 2443 254 2476 vel
279 2441 386 2483 alium,
403 2452 457 2474 scu
482 2441 569 2483 alios,
591 2445 783 2473 memoratae
807 2441 944 2484 Congre-

207 2495 340 2539 gationis
364 2494 507 2537 nomine,
540 2494 757 2538 corporalem,
775 2495 889 2527 realem
916 2500 944 2528 et

1643 200 1706 234 625

992 255 1124 299 sionem,
1143 256 1324 300 primodieti
1343 262 1524 298 conventus,
1542 258 1671 302 eiusque
1689 268 1736 291 cc-

991 310 1114 351 clesiae,
1139 321 1174 343 ac
1198 311 1366 352 bonorum,
1384 312 1575 352 reddituum,
1600 322 1735 356 proven-

992 368 1090 404 tuum,
1114 364 1377 407 pertinentiarum
1403 370 1432 397 et
1457 365 1574 397 iurium
1606 365 1732 397 univer-

991 426 1098 449 sorum
1123 417 1253 460 propria
1278 417 1463 450 auctoritate
1494 417 1733 461 apprehendere

991 473 1020 502 et
1045 469 1274 513 apprehensam
1300 474 1454 513 perpetuo
1479 471 1626 511 retinere,
1651 471 1734 503 dioe-

991 522 1094 555 cesani
1129 522 1190 555 loci
1222 528 1253 555 et
1285 523 1421 556 cuiusvis
1452 523 1581 556 alterius
1605 523 1733 557 licentia

990 585 1085 618 super
1108 575 1169 608 hoc
1193 575 1322 608 minime
1347 576 1525 620 requisita),
1545 576 1731 610 auctoritate

989 627 1171 671 apostolica,
1194 633 1303 662 tenore
1326 629 1552 672 praesentium,
1577 634 1730 673 perpetuo

989 681 1184 724 applicamus
1210 686 1239 713 et
1264 682 1519 725 appropriamus.

1033 733 1047 776 ἓ
1064 732 1093 766 02.
1111 733 1322 767 Decernentes
1342 734 1466 767 easdem
1484 741 1664 778 praesentes
1685 735 1731 768 lit-

988 790 1070 818 teras
1097 796 1222 830 semper
1245 786 1365 828 firmas,
1391 787 1507 820 validas
1533 793 1563 820 et
1588 787 1730 821 efficaces

988 838 1120 872 existere
1145 844 1175 872 et
1198 840 1276 880 fore,
1294 850 1432 884 suosque
1448 840 1608 884 plenarios
1632 846 1662 873 et
1681 841 1730 873 in-

988 897 1093 936 tegros
1110 892 1239 926 effectus
1260 894 1366 928 sortiri
1387 899 1417 926 et
1433 893 1588 934 obtinere,
1606 903 1641 926 ac
1658 893 1730 935 illis,

986 945 1024 978 ad
1041 957 1120 990 quos
1145 950 1265 991 spectat
1282 952 1312 980 et
1328 958 1387 991 pro
1405 952 1547 991 tempore
1564 947 1729 990 spectabit,

986 998 1167 1042 plenissime
1189 999 1366 1043 suffragari,
1381 1000 1487 1044 sicque
1501 1000 1532 1032 in
1548 1000 1730 1044 praemissis

986 1061 1042 1094 per
1055 1062 1271 1096 quoscumque
1288 1052 1407 1086 iudices
1424 1052 1602 1086 ordinarios
1627 1058 1656 1085 et
1675 1053 1729 1086 de-

984 1103 1113 1146 legatos,
1132 1105 1224 1138 etiam
1242 1115 1408 1138 causarum
1433 1105 1540 1149 palatii
1564 1105 1728 1149 apostolici

985 1156 1160 1198 auditores,
1185 1157 1317 1192 iudicari
1343 1163 1372 1192 et
1397 1158 1521 1191 definiri
1544 1158 1675 1198 debere,
1692 1168 1728 1191 ac

985 1208 1111 1243 irritum
1128 1216 1158 1244 et
1171 1211 1272 1253 inane,
1292 1212 1316 1244 si
1334 1222 1423 1245 secus
1440 1222 1534 1256 super
1555 1212 1603 1244 his
1620 1222 1637 1244 a
1654 1222 1728 1255 quo-

984 1272 1088 1305 quam,
1098 1264 1206 1306 quavis
1216 1264 1410 1306 auctoritate,
1429 1265 1564 1297 scienter
1581 1264 1628 1296 vel
1642 1264 1728 1307 igno-

984 1321 1099 1357 ranter,
1117 1317 1285 1360 contigerit
1305 1318 1459 1350 attentari.

1028 1370 1042 1413 ἓ
1058 1370 1087 1403 3.
1102 1370 1169 1404 Non
1184 1371 1391 1411 obstantibus,
1407 1376 1561 1414 quatenus
1575 1381 1654 1414 opus
1676 1371 1725 1411 sit,

982 1424 1090 1456 nostra
1115 1429 1145 1456 et
1169 1424 1375 1457 cancellariae
1399 1424 1590 1468 apostolicae
1614 1424 1726 1467 regula

982 1475 1020 1508 de
1044 1477 1204 1520 perpetuis
1221 1477 1487 1521 applicationibus
1503 1488 1727 1520 quorumcum-

982 1539 1042 1572 que
1067 1529 1222 1563 bonorum
1257 1536 1286 1563 et
1316 1531 1476 1563 fructuum
1502 1530 1727 1563 ecclesiastico-

982 1593 1052 1615 rum
1070 1584 1303 1617 committendis
1327 1584 1364 1617 ad
1383 1589 1499 1628 partes,
1518 1584 1635 1617 vocatis
1652 1595 1726 1627 quo-

982 1648 1052 1669 rum
1078 1637 1215 1677 interest,
1234 1638 1502 1681 exprimendoque
1527 1638 1558 1670 in
1573 1638 1633 1670 illis
1650 1648 1725 1671 vero

981 1700 1084 1723 annuo
1103 1690 1208 1724 valore
1229 1691 1400 1723 secundum
1420 1701 1620 1724 communem
1638 1691 1726 1723 aesti-

983 1743 1161 1785 mationem,
1180 1754 1216 1776 ac
1237 1744 1454 1776 Lateranensis
1474 1744 1602 1777 Concilii
1622 1745 1726 1778 noris-

982 1797 1060 1829 sime
1085 1796 1231 1830 celebrati
1258 1797 1388 1830 uniones
1413 1802 1581 1840 perpetuas
1604 1797 1663 1830 nisi
1693 1798 1725 1830 in

982 1850 1105 1883 casibus
1129 1861 1145 1882 a
1167 1850 1234 1883 iure
1252 1850 1414 1894 permissis
1432 1850 1500 1883 fieri
1525 1850 1724 1894 prohibenti-

981 1903 1061 1945 bus',
1077 1904 1208 1948 aliisque
1222 1904 1498 1938 constitutionibus
1512 1909 1541 1937 et
1556 1904 1725 1938 ordinatio-

981 1957 1073 1990 nibus
1108 1957 1306 2001 aposlolicis,
1331 1967 1452 1990 necnon
1488 1957 1723 2000 praedit-torum

982 2010 1116 2051 Ordinis,
1131 2011 1398 2054 congregationis,
1413 2016 1635 2051 conventuum,
1645 2010 1725 2044 aliis-

982 2074 1017 2097 ve
1041 2064 1219 2108 quibusvis,
1237 2064 1328 2097 etiam
1355 2064 1541 2105 iuramento,
1559 2064 1722 2097 confirma-

981 2118 1065 2151 tione
1089 2118 1274 2162 apostolica,
1290 2119 1336 2151 vel
1361 2118 1470 2162 quavis
1494 2118 1642 2161 firmitate
1662 2118 1723 2150 alia

981 2171 1147 2211 roboratis,
1166 2171 1287 2204 statutis
1305 2176 1335 2204 et
1355 2170 1641 2212 consuetudinibus,
1658 2171 1723 2214 pri-

982 2225 1102 2268 vilegiis
1122 2235 1259 2268 quoque,
1278 2224 1406 2257 indultis
1426 2228 1456 2258 et
1471 2224 1581 2258 litteris
1598 2229 1722 2267 aposto-

981 2279 1048 2311 licis
1070 2278 1099 2310 in
1117 2277 1308 2311 contrarium
1327 2277 1571 2321 praemissorum
1589 2287 1721 2321 quomo-

980 2332 1097 2366 dolibet
1114 2331 1486 2372 conccssis,eonfirmatis
1506 2336 1535 2363 et
1557 2330 1720 2370 innovatis3

979 2385 1093 2430 quibus
1111 2384 1257 2418 omnibus
1275 2387 1304 2418 et
1327 2383 1467 2426 singulis,
1487 2383 1613 2416 illorum
1639 2388 1722 2417 teno-

980 2449 1029 2471 res
1046 2437 1264 2482 praesentibus
1282 2447 1339 2480 pro
1365 2437 1455 2481 plene
1476 2442 1505 2469 ct
1530 2436 1721 2470 sufficienter

979 2491 1136 2536 expressis
1161 2490 1322 2530 habentes,
1348 2490 1407 2522 illis
1433 2489 1507 2522 alias
1537 2490 1567 2522 in
1592 2501 1648 2523 suo
1673 2501 1721 2523 ro-

208 2549 360 2583 actualcm
386 2547 629 2592 possessionem,
646 2558 700 2581 seu
724 2548 811 2591 quasi
826 2558 944 2592 posses-
978 2547 1056 2580 bore
1080 2544 1305 2589 permansuris,
1319 2543 1355 2576 ad
1375 2543 1621 2587 praemissorum
1648 2544 1720 2577 ofse-

244 2613 256 2638 1
278 2610 349 2639 Edit.
370 2610 448 2638 Main.
470 2610 535 2644 legit
555 2610 778 2645 Conyreyatiom'
792 2612 828 2644 (n.
844 2611 893 2644 r.).

291 2665 369 2694 Ruit.
390 2665 472 2694 Rom.
494 2679 526 2685 -
546 2664 603 2692 Vol.
620 2664 695 2691 XVI.
842 2664 875 2691 79

1016 2611 1026 2636 1
1050 2608 1140 2636 l'otius
1154 2607 1212 2643 lege
1224 2607 1391 2642 prohibenti
1406 2610 1442 2641 (a.
1458 2607 1505 2641 r.).

1753 208 1803 237 An.
1824 209 1851 237 C.
1872 211 1937 238 troo

1758 774 1760 776 Ι
1772 747 1884 768 Decretum
1903 749 1928 768 ir·

1745 776 1818 794 ritaus.

1742 1380 1850 1402 Contraria
1864 1383 1924 1402 tollss.
