2243 3205
51 177 101 205 Αιι.
121 174 150 204 C.
166 175 235 203 1662

89 712 170 734 Mntiva
197 712 238 734 hu-

53 741 86 771 ius
101 740 239 761 Constitutio-

55 773 94 788 nis.

848 175 1035 200 ALEXANDER
1060 176 1104 199 vu
1128 176 1175 199 1³1³.

249 222 324 256 dere
348 228 379 256 et
403 234 530 257 cessura
556 235 622 257 esse
647 228 842 265 noscuntur,
863 235 994 268 propen-

249 276 292 309 sis
306 276 416 309 studiis
434 277 634 318 intendimus,
648 288 823 321 eorumque
842 278 992 318 firmitati,

250 329 358 363 robori
377 333 406 363 et
420 330 576 363 efficaciae
594 331 728 363 libenter
743 331 944 371 consulimus,
959 342 994 364 ac
1010 340 1012 348 ⁴

250 383 329 415 alias
354 383 573 416 sollicitudinis
593 389 720 416 nostrae
739 384 904 427 pastoralis
921 395 994 428 par-

251 441 296 469 tes
321 436 456 480 desuper
472 438 711 481 interponimus,
729 443 822 481 prout
848 438 995 471 omnibus

252 494 394 523 maturae
426 490 687 523 considerationis
712 491 829 523 trutina
855 502 992 534 perpen-

252 542 294 575 sis
318 542 356 574 ad
381 542 603 586 omnipotentis
626 544 679 575 Dei
718 544 850 585 gloriam
878 545 995 576 anima-

252 606 388 640 rumque
412 596 545 629 salutem
571 597 791 640 cognoscimus
816 598 846 630 in
864 598 997 631 Domino

252 648 422 684 salubriter
446 649 605 694 expedire.

297 703 313 747 ἓ
336 702 367 735 1.
391 702 475 737 Alias
499 703 653 747 siquidem
672 714 741 745 nos,
759 705 854 737 certis
872 715 907 737 ex
930 715 999 737 cau-

253 755 295 789 sis
313 760 387 790 tunc
404 756 560 800 expressis
574 757 710 799 adducti,
725 757 910 790 auctoritate
927 768 999 801 apo-

255 808 365 843 stolica
382 809 565 851 statuimus,
585 810 783 843 decrevimus
801 816 829 843 et
847 810 1000 843 ordinavi-

255 873 327 896 mus
352 867 539 897 conventum
558 875 613 897 seu
634 864 838 897 seminarium
857 864 884 897 S.
902 864 999 905 Pauli,

255 917 320 950 sive
345 917 374 950 S.
400 917 514 950 Mariae
540 917 577 949 de
603 917 739 950 Victoria
770 922 999 961 nuncupatum,

256 970 296 1004 de
320 970 403 1004 Urbe
421 970 546 1004 Ordinis
563 971 696 1004 fratrum
714 971 854 1003 eiusdem
877 976 999 1003 sanctae

256 1025 372 1058 Mariae
396 1025 434 1058 de
452 1026 554 1059 Monte
574 1025 716 1059 Gai-melo
734 1025 998 1058 Discalceatorum

257 1084 523 1122 nuncupatorum,
537 1088 605 1111 esse
619 1078 734 1111 debere
748 1078 927 1122 provinciae
945 1078 1001 1110 Ro-

258 1142 369 1165 manae
393 1132 533 1166 eiusdem
568 1133 692 1166 Ordinis
724 1133 907 1176 provinciali
934 1133 997 1165 no-

258 1195 352 1219 mano
366 1185 540 1218 subiectum
560 1186 590 1217 in
605 1186 753 1218 omuibus
769 1192 797 1218 et
812 1197 868 1229 per
886 1186 1000 1225 omnia,

259 1240 352 1272 etiam
368 1239 470 1283 quoad
486 1240 780 1272 conventualitatei‘n
796 1240 928 1271 fratrum
939 1250 1000 1271 non

260 1293 542 1332 scminaristarum,
564 1292 601 1325 ad
624 1293 720 1325 instar
740 1293 874 1325 aliorum
901 1292 1001 1325 dictae

261 1347 443 1391 provinciae
469 1350 695 1386 conventuum,
725 1357 760 1379 ac
785 1346 956 1385 ossicialies,
986 1356 1002 1377 a

261 1400 398 1444 capitulo
424 1400 561 1442 generali
588 1410 641 1432 seu
663 1399 842 1432 definitorio
862 1399 1002 1442 git-nerali

261 1455 388 1494 eleetos,
403 1459 431 1486 ct
450 1453 564 1485 ibidem
581 1453 775 1494 constitutos,
791 1453 1002 1491 din‘iittendos,

261 1507 405 1540 videlicet
429 1507 580 1550 priorem,
609 1507 821 1550 subpriorem,
847 1517 901 1538 seu
927 1506 1022 1538 vica-¹

261 1560 354 1601 rium,
368 1564 398 1594 et
417 1560 455 1592 ad
470 1560 638 1604 capitulum
659 1560 850 1603 provinciale
864 1559 1003 1592 eiusdem

261 1614 443 1658 provinciae
468 1615 624 1646 Romanae
651 1614 838 1645 infuturum
865 1617 1023 1663 speetarc;

262 1667 446 1701 electionem
473 1667 589 1710 prioris
608 1667 692 1709 (cum
711 1667 948 1710 participatione
968 1673 1006 1698 ta-
1022 1668 1023 1691 t

262 1732 333 1755 men
363 1727 393 1754 et
423 1721 653 1764 approbatione
687 1721 791 1764 quoad
824 1721 906 1753 liunt:
932 1732 1004 1753 eon-

263 1775 456 1820 gregationis
481 1775 706 1807 venerabilium
733 1776 864 1806 fratrum
887 1781 1025 1807 nostro-¹

263 1840 333 1862 rum
355 1829 384 1862 S.
402 1830 436 1862 R.
454 1829 486 1861 E.
507 1828 711 1861 cardinalium
738 1828 864 1870 negotio
889 1838 1006 1871 propa-

264 1882 424 1926 papandae
457 1881 543 1914 Fidei
579 1881 860 1925 praepositorum)
885 1891 1006 1913 necnon

264 1936 357 1970 etiam
384 1935 573 1979 subprioris,
591 1946 646 1967 seu
671 1935 788 1976 vicarii,
810 1935 1025 1978 aliorumque*

265 1989 446 2024 officialium
473 1993 662 2030 conventus,
690 1999 744 2021 seu
769 1988 928 2021 seminarii
955 1989 1025 2030 liu-i

265 2043 412 2084 iusmodi,
437 2043 474 2074 ad
501 2043 632 2075 formam
659 2042 890 2075 constitutionis
917 2053 1007 2086 prae-

265 2097 366 2130 dictae
384 2096 555 2139 religionis,
578 2096 813 2128 remanentibus
835 2099 937 2129 tamen
956 2096 1008 2127 ibi-

267 2150 339 2183 dem
365 2149 534 2182 seminario
555 2154 583 2181 et
602 2149 817 2190 seminaristis,
835 2160 1009 2192 eorumque

267 2202 555 2237 controversiarum
575 2206 603 2234 et
617 2202 794 2244 linguarum
809 2202 1007 2235 orientalium

267 2257 450 2296 lectoribus,
468 2261 497 2288 et
515 2255 673 2298 magistris
700 2261 771 2288 tunc
793 2256 1009 2298 existentibus,

268 2317 298 2343 et
323 2320 382 2354 pro
407 2314 550 2353 tempore
574 2309 708 2350 futuris,
737 2320 872 2353 quorum
899 2310 1010 2343 electio

270 2369 301 2397 et
325 2363 453 2405 amotio,
480 2374 550 2396 cuin
577 2363 815 2407 participatione
840 2364 1010 2407 praepositi

271 2417 427 2460 generatis
441 2416 514 2449 dicti
528 2417 661 2459 Ordinis,
677 2417 714 2449 ad
733 2418 1010 2460 congregationem

270 2470 476 2504 cardinalium
488 2470 726 2515 praedictorum
742 2471 926 2503 infuturum
941 2482 1011 2514 spc-

272 2528 371 2557 ctaret
396 2527 425 2557 et
449 2524 631 2567 pertineret.
656 2523 788 2568 Insuper
813 2524 1012 2557 administra-

271 2577 388 2612 tionem
413 2577 554 2611 omnium
573 2583 601 2611 et
622 2577 818 2621 singulorum
844 2579 1013 2615 bonorum,

1027 223 1207 257 reddituum
1233 229 1262 257 et
1286 228 1508 268 proventuum,
1535 228 1595 256 tam
1621 231 1638 256 a
1663 232 1768 266 quon-

1028 278 1098 311 dam
1118 278 1285 312 Francisco
1303 279 1424 313 Cimino
1442 278 1559 311 barone
1578 278 1615 310 de
1628 277 1768 317 Caeurri,

1029 342 1122 375 quam
1147 331 1185 364 ab
1218 332 1286 365 aliis
1318 332 1500 365 relictorum
1531 332 1695 371 datorum,
1717 341 1772 363 seu

1030 384 1229 426 donatorum,
1240 391 1270 418 et
1281 385 1488 429 imposterum
1502 384 1771 427 reliquendorum,

1030 439 1216 481 dandorum,
1236 449 1290 472 seu
1308 438 1538 478 donandorum,
1553 437 1696 470 videlicet
1713 447 1771 480 pro

1032 491 1234 525 missionibus
1255 492 1414 529 faciendis,
1433 502 1527 524 curae
1547 496 1577 523 et
1593 490 1773 533 diligentiae

1032 545 1132 579 dietae
1153 546 1407 588 congregationis
1424 546 1640 588 cardinalium,
1659 543 1772 578 amotis

1032 599 1167 643 syndicis
1185 605 1214 631 et
1238 599 1497 643 procuratorilms
1521 599 1773 642 quilmscumque

1033 652 1182 695 praedicti
1202 652 1335 693 Ordinis,
1354 653 1579 685 commisimus.
1599 653 1773 692 Praeterea,

1033 705 1174 748 ‹luanivis
1200 712 1369 738 conventus
1392 706 1547 749 praefatus
1566 711 1645 737 esset
1663 711 1691 736 et
1708 716 1774 738 esse

1034 759 1172 799 deberet,
1196 764 1229 791 ut
1253 770 1358 802 siqua,
1390 759 1569 802 proriae-iae
1597 760 1773 799 llomanac,

1036 813 1190 845 voluimus
1217 813 1431 852 nibilominus,
1451 817 1483 844 ut
1508 812 1537 843 in
1563 812 1626 853 illo,
1647 817 1679 844 ut
1704 817 1774 844 antc

1034 865 1151 898 dictum
1174 871 1228 905 est,
1247 866 1473 900 seminaristae,
1491 875 1665 908 eorumque
1683 865 1775 897 lecto-

1036 930 1084 951 res
1102 925 1130 951 et
1148 919 1287 961 magistri
1308 921 1366 951 una
1383 930 1452 951 eum
1469 918 1617 951 fratribus
1635 918 1774 951 eiusdem

1035 972 1213 1015 provinciae
1238 973 1336 1005 libere
1362 973 1543 1005 cohabitare
1562 978 1590 1004 et
1608 971 1775 1004 convenire

1036 1026 1182 1061 valerent:
1198 1037 1254 1069 pro
1269 1026 1424 1058 alimentis
1441 1036 1524 1065 vero,
1539 1026 1775 1067 sustentatione,

1037 1079 1159 1119 vestitu,
1180 1080 1340 1118 famulatu,
1362 1079 1493 1122 aliisque
1523 1078 1708 1110 necessariis
1734 1088 1777 1109 sc-

1037 1132 1270 1165 minaristarum
1313 1143 1487 1175 eorumque
1520 1133 1674 1164 lectorum
1709 1131 1778 1163 sol-

1037 1191 1185 1218 verentur
1218 1186 1378 1228 praedicto
1408 1186 1600 1224 conventui,
1625 1195 1678 1217 seu
1712 1184 1778 1217 eius

1037 1240 1147 1283 priori,
1165 1245 1217 1271 aut
1231 1239 1440 1282 procuratori,
1455 1250 1510 1282 per
1524 1238 1778 1281 congregationis

1037 1292 1290 1336 supradictorum
1325 1293 1529 1325 cardinalium
1558 1292 1717 1324 ministros
1742 1303 1778 1324 ex

1038 1346 1211 1378 redditibus
1237 1345 1309 1378 dicti
1331 1346 1502 1385 seminarii,
1522 1346 1566 1377 vel
1585 1356 1642 1388 pro
1661 1345 1780 1377 missio-

1037 1400 1139 1439 nibus,
1161 1405 1194 1432 ut
1219 1411 1322 1443 supra,
1341 1399 1538 1439 1·elietis,seu
1564 1399 1592 1431 in
1618 1404 1778 1442 posterum

1039 1453 1372 1497 relinspiendis,annua
1387 1458 1469 1486 scuta
1485 1453 1708 1495 ‹piadragrinta
1722 1464 1780 1496 pro

1040 1508 1176 1551 quolibet
1200 1508 1408 1546 seminaristai,
1428 1508 1473 1539 rel
1489 1508 1615 1545 lectore,
1634 1518 1692 1550 pro
1708 1513 1781 1539 tein-

1040 1572 1116 1605 pore
1135 1566 1163 1593 et.
1183 1563 1248 1593 rata
1268 1561 1429 1604 temporis,
1447 1571 1509 1603 (pio
1527 1560 1657 1603 quilibet
1683 1561 1780 1593 lector

1040 1622 1070 1647 ei.
1095 1614 1292 1647 semin-‘trista
1319 1615 1360 1646 ilii
1387 1614 1548 1649 resideret,
1569 1625 1604 1646 ac
1622 1614 1782 1646 cohabita-

1042 1672 1087 1701 ret
1114 1674 1143 1700 et
1168 1667 1367 1706 conviveret,
1387 1667 1621 1699 remanemtibus
1646 1667 1683 1699 ad
1708 1678 1781 1699 con-

1043 1726 1150 1753 YClliUS
1172 1720 1374 1753 COttitllOtltttll
1397 1720 1605 1763 clctjtitosytlis
1621 1731 1674 1752 Siftl
1696 1731 1781 1752 etilo-

1043 1775 1188 1807 lumentis
1214 1785 1270 1817 pro
1297 1774 1397 1806 missis
1418 1786 1434 1806 a
1456 1774 1622 1817 praedietis
1647 1774 1781 1805 semina-

1043 1828 1136 1867 ristis,
1159 1827 1328 1860 lectoribus
1350 1833 1378 1859 et
1405 1827 1562 1869 magistris
1588 1827 1782 1860 etr-lebrandis

1042 1882 1280 1925 quomodolibet
1313 1881 1544 1913 resultantibus.
1574 1882 1610 1914 At
1635 1883 1659 1913 si
1685 1882 1783 1914 lector

1042 1946 1100 1979 pro
1125 1935 1228 1967 studio
1253 1935 1432 1976 linguarum
1456 1936 1534 1967 foret
1559 1936 1718 1972 secularis,
1736 1936 1782 1968 vel

1043 1989 1209 2031 religiosus
1234 1989 1361 2022 alterius
1386 1988 1520 2028 Ordinis,
1549 1994 1730 2032 competens
1756 1989 1783 2022 ei

1042 2042 1230 2086 supendium
1257 2053 1290 2074 ex
1318 2042 1389 2073 dieti
1415 2041 1573 2073 seminarii
1601 2042 1784 2083 redditibus,

1043 2096 1181 2129 eiusdem
1209 2095 1462 2137 congregationis
1480 2096 1686 2128 cardinalium
1706 2097 1786 2129 arbi-

1045 2151 1115 2189 trio,
1132 2150 1356 2191 assignaretur,
1371 2154 1400 2181 et
1418 2149 1493 2181 alias
1512 2155 1603 2192 prout
1624 2150 1651 2181 iu
1671 2151 1785 2182 nostris

1046 2204 1075 2236 in
1102 2204 1195 2235 simili
1222 2204 1322 2236 forma
1349 2203 1454 2235 Brevis
1480 2203 1611 2243 litteris,
1636 2203 1684 2235 die
1710 2214 1784 2237 xxw

1045 2256 1234 2300 septembris
1259 2266 1364 2289 iinch
1382 2256 1516 2299 desuper
1532 2256 1694 2299 expeditiS,
1715 2268 1787 2300 qua-

1046 2322 1115 2342 rum
1142 2315 1282 2342 tenorem
1315 2309 1533 2352 praesentibus
1558 2320 1617 2352 pro
1642 2310 1731 2352 plene
1757 2315 1787 2343 ct

1046 2364 1236 2397 suttieieuter
1261 2373 1408 2406 expresso
1429 2368 1458 2395 ct
1478 2363 1595 2395 inserto
1613 2363 1720 2396 liabcri
1739 2375 1787 2398 vo-

1046 2419 1160 2457 lumus,
1187 2417 1313 2450 uberius
1338 2417 1525 2449 continetur.

1091 2472 1105 2514 ἓ
1130 2471 1158 2504 ΕΖ.
1185 2472 1259 2503 (lum
1286 2476 1412 2511 autem,
1444 2470 1524 2503 sicut
1548 2470 1679 2503 dilectus
1705 2471 1787 2504 tilius

1049 2525 1229 2558 Dominicus
1247 2535 1262 2556 a
1281 2525 1331 2556 SS.
1349 2524 1499 2556 Trinitate
1524 2525 1720 2567 praepositus
1737 2536 1787 2567 ge-

1048 2579 1163 2611 neralis
1189 2577 1442 2621 congregationis
1468 2577 1573 2610 ltaliae
1592 2578 1723 2611 fratrum
1742 2578 1788 2611 Di-

1677 164 1739 197 767
1787 173 1836 200 An.
1853 172 1883 200 c.
1901 171 1968 200 1662

1830 2473 1945 2499 Exposuit).
