2243 3205
267 178 315 204 An.
338 177 366 204 e.
388 178 453 207 1660
498 171 561 203 (jis

319 877 456 901 Assignantur

270 904 365 925 nmunitti
382 904 417 929 qui
436 909 456 923 e-

272 932 307 956 Ιιμι
315 937 355 951 nou
363 932 456 957 possunt.

315 1887 416 1907 Meni-'iles
440 1887 468 1906 vi-

285 1915 394 1934 sitati-rum
420 1913 468 1933 tilii·-

285 1942 378 1960 «liciniae
398 1940 469 1959 subie-

286 1970 330 1986 ctas
341 1973 386 1987 ουκ·
399 1967 469 1987 decla·

287 1996 326 2014 rat.

465 233 567 261 torum
583 255 591 268 ,
626 233 656 260 et
690 228 922 262 ordinationum
948 240 965 261 a
991 230 1201 264 visitatoribus

465 280 646 324 apostolicis
671 281 832 323 saetarum,
850 283 1022 317 dummodo
1040 285 1136 317 sacris
1154 296 1202 317 ca-

466 332 599 365 nonibus
625 338 653 365 ct
678 344 840 366 sacrorum
874 336 1079 369 conciliorum
1107 348 1201 380 prae-

466 385 572 417 sertim
599 386 770 418 Tridentini
795 387 937 430 decretis,
960 389 1203 433 apostolicisque

467 443 496 469 ct
521 437 595 470 dicti
621 438 745 471 Ordinis
770 440 1055 482 constitutionibus,
1073 453 1133 475 nou
1155 442 1205 474 ad-

468 496 639 523 versentur.
675 492 742 524 Non
776 493 892 536 poterit
923 499 1025 527 tamen
1051 495 1224 527 eiusmodi*

469 549 572 577 rector
596 555 650 577 seu
675 545 821 588 superior
846 547 1024 580 ordinarius
1050 548 1207 581 immedia-

470 602 516 631 tus
543 598 604 630 ullo
626 609 763 641 unquam
779 604 929 644 tempore,
950 601 1067 634 directe
1093 602 1139 634 vel
1166 601 1207 633 in-

468 650 595 691 directe,
620 651 772 695 privative
786 653 833 685 vel
848 654 1048 695 cumulative,
1062 664 1115 687 seu
1133 654 1207 687 alias

469 704 706 746 quomodolibet
731 716 796 738 sese
822 707 966 749 ingerere
985 707 1015 739 in
1034 707 1207 740 visitatione

469 763 522 789 aut
545 757 605 790 alia
631 758 738 801 quavis
763 759 931 800 functione,
958 770 1037 804 quae
1062 760 1100 793 ad
1118 771 1208 804 pecu-

469 811 546 843 liare
571 811 708 844 officium
743 813 910 846 visitatoris
946 813 1208 847 monasteriorum

471 863 650 897 huiusmodi
669 869 797 909 spectet.
816 865 861 898 Ad
875 865 980 907 liaec¹,
998 866 1103 899 inultis
1121 866 1210 899 iustis

472 922 501 950 et
526 917 730 950 rationalibus
755 929 791 951 ex
816 919 916 952 causis
942 919 1031 952 nobis
1056 919 1137 953 notis
1155 920 1209 952 ad-

473 971 568 1013 ducti,
592 971 750 1004 neminem
775 983 811 1005 ex
834 972 1008 1005 rectoribus
1027 973 1210 1006 eorumdem

473 1025 759 1066 monasteriorum,
794 1027 846 1070 qui
882 1037 995 1059 munus
1031 1027 1211 1060 huiusmodi

473 1084 648 1121 gesserunt,
673 1090 727 1111 seu
752 1079 790 1111 ad
815 1080 884 1113 illos
909 1080 1059 1123 assumpti
1086 1080 1213 1113 suerunt

474 1137 640 1175 antequam
674 1133 830 1176 praefatae
862 1139 988 1166 nostrae
1019 1133 1139 1166 litterae
1164 1133 1212 1166 die

474 1195 505 1218 >41
536 1185 645 1228 aprilis
681 1186 824 1229 proxime
855 1186 1016 1230 praeteriti
1053 1187 1214 1230 expeditae

476 1244 668 1279 emanarent,
693 1239 723 1271 in
749 1243 902 1273 rectorem
930 1240 1068 1273 cuiusvis
1091 1251 1126 1273 ex
1152 1251 1215 1274 mo-

476 1292 620 1325 nasteriis
645 1293 758 1325 crectis
790 1299 819 1326 et
851 1293 1008 1336 erigendiS
1033 1293 1213 1326 huiusmodi

477 1346 540 1378 ullo
564 1356 700 1388 unquam
726 1351 869 1390 tempore
895 1346 968 1389 eligi
988 1357 1043 1379 seu
1071 1347 1213 1391 deputari

477 1405 530 1432 aut
562 1400 742 1432 confirmari
773 1411 865 1444 posse
899 1400 1122 1441 decernimus,
1157 1401 1214 1433 sub

478 1454 588 1496 poena,
615 1453 690 1496 ipsis
715 1453 841 1497 quidem
867 1454 1053 1495 rectoribus,
1079 1454 1102 1487 si
1129 1455 1213 1487 eius-

480 1506 562 1539 modi
585 1507 716 1539 rectoris
742 1517 854 1539 munus
885 1507 945 1539 sibi
979 1509 1218 1551 procuraverint

480 1566 531 1592 aut
549 1560 624 1592 illud
645 1561 887 1604 acceptaverint,
904 1561 1054 1594 nullitatis
1071 1573 1219 1605 quorum-

481 1613 525 1645 vis
562 1619 704 1646 actorum
736 1624 792 1657 per
826 1624 879 1646 eos
915 1614 1147 1656 gerendorum,
1184 1626 1219 1647 ae

481 1666 813 1700 excommunicationis
823 1667 901 1699 latae
914 1667 1085 1700 sententiae
1099 1678 1219 1712 percos

482 1720 549 1763 ipso
574 1720 654 1753 facto
674 1720 793 1764 absque
817 1720 877 1752 3113
899 1720 1108 1754 declaratione
1121 1721 1221 1754 ineur—

484 1773 608 1813 rendae,
627 1773 817 1806 monasterio
839 1784 922 1816 vero,
944 1774 1126 1817 privationis
1145 1775 1222 1808 iuris

484 1826 618 1868 eligendi
645 1837 702 1870 pro
728 1828 761 1858 ea
788 1826 873 1867 vice,
905 1827 989 1869 quod
1022 1838 1059 1860 co
1091 1828 1159 1871 ipso
1184 1829 1221 1861 ad

485 1884 693 1911 memoratum
719 1879 868 1912 nuncium
895 1879 1085 1912 devolvatur.
1113 1881 1149 1914 Ut
1169 1892 1222 1913 au-

486 1938 545 1965 tem
561 1933 758 1965 uniformitas
775 1933 920 1976 gubernii
944 1939 1101 1977 tamquam
1122 1935 1223 1968 unitas

485 1986 627 2029 corporis
646 1987 676 2018 in
694 1986 803 2019 eodem
818 1986 933 2019 Ordine
943 1987 1222 2021 Carmelitanarum

486 2040 738 2072 Excalceatarum
769 2041 858 2083 regni
884 2041 1033 2073 Franciae
1061 2052 1225 2075 conserve-

487 2098 546 2134 tur,
572 2093 677 2125 omnia
702 2098 731 2125 et
757 2093 879 2136 singula
905 2095 1093 2127 monasteria
1122 2101 1225 2129 erecta

487 2151 516 2179 et
530 2146 678 2189 erIgenda
693 2146 831 2179 eiusdem
853 2147 978 2180 Ordinis
1000 2153 1060 2180 tam
1080 2149 1110 2181 in
1126 2150 1226 2193 capite

487 2210 579 2242 quam
606 2199 636 2231 in
662 2200 821 2241 membris,
843 2210 1019 2244 eorumque
1043 2201 1225 2243 abbatissas,

489 2252 666 2296 priorissas,
696 2253 846 2286 moniales
867 2257 896 2287 et
912 2254 988 2286 alias
1012 2265 1173 2298 personas,
1191 2267 1226 2289 ac

487 2305 578 2347 bona,
594 2306 691 2338 aliave
705 2307 862 2350 quaelibet
880 2307 917 2339 ab
932 2308 991 2339 illis
1009 2308 1225 2352 dependentia,

489 2370 592 2399 curae,
620 2359 795 2399 visitationi,
821 2360 1025 2403 obedientiae,
1048 2362 1223 2405 superiori—

490 2412 541 2443 tati
554 2417 582 2443 et
594 2412 793 2445 omnimodae
808 2413 1016 2446 iurisdictioni
1031 2414 1225 2448 visitatorum

491 2470 717 2508 perpetuorum
745 2465 805 2498 iam
831 2466 1040 2500 stabilitorum
1074 2473 1103 2500 et
1131 2467 1227 2511 depu-

492 2522 648 2559 tatorum,
677 2528 850 2562 eorumque
879 2530 1095 2553 successorum
1112 2548 1119 2561 ,
1145 2521 1227 2554 iuxta

526 2579 538 2606 1
562 2579 632 2607 Edit.
654 2580 731 2607 Mam.
749 2581 811 2616 legit
829 2585 942 2618 spectet,
959 2583 996 2609 ad
1011 2583 1061 2610 hoc
1076 2584 1113 2618 (u.
1126 2585 1173 2618 Τ.).

1054 183 1230 207 BULLAltlUM
1258 183 1412 207 ROMANUM

1236 236 1376 264 tenorem
1407 236 1566 264 ternarum
1592 236 1770 264 nostrarum
1797 231 1972 266 litterarum

1220 304 1221 312 1
1236 284 1497 327 supradictarum,
1511 284 1613 317 denuo
1632 284 1837 328 supponimus
1854 291 1884 318 et
1904 286 1974 319 sub-

1238 337 1370 378 iieimus,
1388 339 1446 371 hae
1464 344 1567 371 tamen
1584 338 1663 380 lege,
1682 341 1714 371 ut
1730 337 1760 369 in
1778 348 1850 371 casu
1865 340 1974 372 mortis

1239 390 1284 423 vel
1300 402 1440 424 recessus
1454 392 1545 424 unius
1563 402 1600 424 ex
1618 390 1734 423 eisdem
1749 391 1974 432 visitatoribus,

1239 449 1396 486 superstes
1414 444 1491 477 duos
1517 444 1600 477 viros
1619 443 1807 483 conditione,
1822 443 1975 485 doctrina,

1240 496 1410 539 capacitate
1434 502 1464 529 et
1484 496 1640 540 probitate
1665 496 1702 528 ad
1729 506 1841 529 munus
1866 496 1975 529 liuius-

1241 549 1324 581 modi
1335 549 1492 593 requisitis
1504 549 1662 593 praeditos
1677 555 1850 582 memorato
1862 549 1977 582 nuncio

1240 601 1389 642 nominet,
1411 602 1464 645 qui
1481 612 1578 634 unum
1597 612 1632 634 ex
1652 601 1711 634 illis
1733 601 1765 633 in
1786 601 1976 634 visitatorem

1241 654 1378 698 deputet,
1404 655 1488 687 salva
1512 659 1541 686 et
1565 654 1671 686 illaesa
1696 664 1731 686 ae
1756 653 1925 687 inviolabili
1947 654 1979 687 in

1242 707 1353 740 ceteris
1379 707 1524 740 omnibus
1549 712 1729 740 remanente
1746 707 1979 751 praedictarum

1242 761 1419 793 litterarum
1458 766 1637 794 nostrarum
1667 770 1762 804 super
1796 759 1980 804 deputandis

1243 814 1360 847 eisdem
1386 814 1599 847 visitatoribus
1629 824 1802 856 eorumque
1832 813 1978 846 subdele-

1244 867 1323 910 gatis
1347 867 1396 900 die
1416 877 1438 900 11
1463 866 1601 900 octobris
1625 876 1740 899 MDCle
1765 871 1982 898 emanatarum

1245 920 1457 964 dispositione.
1476 920 1552 964 Ipsis
1570 925 1672 952 autem
1691 919 1902 952 visitatoribus
1916 929 1984 962 per-

1244 974 1346 1017 petuis
1371 974 1414 1006 uti
1440 973 1613 1007 maioribus
1633 972 1690 1005 sub
1708 973 1857 1016 suprema
1874 973 1983 1005 nostra

1246 1034 1276 1061 et
1292 1028 1385 1061 liuius
1403 1033 1526 1061 sanetae
1543 1027 1630 1060 Sedis
1647 1030 1799 1071 potestate
1816 1025 1984 1070 superiori-

1247 1081 1304 1114 bus
1315 1081 1454 1114 omnium
1468 1086 1497 1114 et
1508 1080 1704 1123 singulorum
1721 1079 1983 1112 monasteriorum

1247 1134 1427 1167 huiusmodi
1448 1144 1504 1178 per
1524 1138 1706 1177 praesentes
1732 1132 1935 1176 iniungimus,
1952 1137 1986 1165 ut

1247 1188 1313 1232 ipsa
1339 1187 1527 1221 monasteria
1543 1198 1599 1231 per
1617 1197 1649 1220 se
1668 1187 1760 1231 ipsos,
1781 1187 1839 1229 vel,
1860 1186 1986 1230 quando

1248 1241 1389 1284 legitime
1406 1241 1547 1285 impediti
1565 1241 1692 1282 suerint,
1707 1251 1764 1284 per
1778 1250 1852 1273 suos
1875 1239 1987 1273 subde-

1248 1296 1385 1338 legatos,
1415 1295 1609 1338 temporibus
1631 1294 1750 1336 solitis,
1781 1293 1866 1326 iuxta
1895 1304 1987 1327 usum

1249 1348 1321 1380 dicti
1347 1347 1481 1388 Ordinis,
1502 1352 1631 1380 etextra
1656 1347 1798 1380 ordinem
1816 1346 1847 1379 in
1865 1347 1987 1380 casibus

1249 1413 1265 1434 a
1290 1401 1358 1434 iure
1383 1401 1525 1434 stabilitis
1551 1400 1912 1449 urgentis-aliarumque
1938 1411 1988 1434 ne-

1251 1454 1430 1488 cessitatum
1455 1465 1513 1498 pro
1539 1459 1680 1498 tempore
1697 1454 1931 1487 occurrentium
1949 1454 1989 1487 vi-

1252 1509 1354 1549 sitent,
1379 1518 1436 1541 nec
1461 1508 1490 1540 in
1515 1507 1738 1548 functionibus,
1766 1518 1845 1551 quae
1871 1518 1989 1541 memo-

1253 1561 1326 1595 ratis
1351 1560 1527 1594 rectoribus
1552 1571 1607 1593 seu
1632 1560 1847 1604 superioribus
1872 1560 1987 1594 imme-

1253 1614 1354 1654 diatis,
1373 1619 1405 1646 ut
1425 1623 1532 1657 supra,
1557 1613 1758 1657 peculiariter
1777 1613 1945 1647 attributae
1961 1618 1992 1647 et

1254 1666 1382 1699 affectae
1406 1667 1560 1708 existunt,
1588 1667 1743 1700 ullatenus
1768 1677 1800 1700 se
1825 1667 1991 1710 ingerant,

1254 1720 1313 1752 nisi
1339 1720 1369 1752 in
1393 1720 1517 1753 casibus
1542 1721 1573 1753 in
1597 1720 1711 1764 quibus
1735 1720 1828 1753 iidem
1851 1726 1992 1755 rectores

1255 1774 1451 1817 excederent,
1477 1780 1530 1806 aut
1546 1775 1702 1807 concessis
1716 1774 1774 1807 sihi
1794 1774 1993 1809 facultatibus

1256 1829 1476 1867 abuterentur;
1491 1833 1520 1860 et
1539 1833 1611 1861 tunc
1628 1828 1780 1871 priorissa
1798 1834 1828 1861 et
1842 1829 1994 1862 moniales

1257 1884 1413 1925 poterunt,
1439 1881 1659 1925 debebuntque
1683 1881 1720 1914 ad
1746 1881 1871 1914 eosdem
1889 1882 1994 1914 visita-

1259 1939 1341 1969 tores
1367 1946 1548 1976 recurrere,
1573 1946 1627 1968 seu
1653 1935 1776 1979 ipsimet
1801 1936 1993 1978 visitatores,

1259 1989 1301 2023 et¹
1316 1989 1464 2032 propriae
1480 1989 1656 2031 vigilantiae
1673 1989 1790 2031 debito,
1804 1994 1908 2032 partes
1924 1999 1996 2022 suas

1260 2043 1458 2086 interponent
1482 2042 1519 2074 ad
1545 2041 1790 2085 corrigendum,
1823 2042 1996 2075 reforman-

1259 2096 1332 2128 dum
1359 2101 1388 2128 et
1412 2095 1620 2128 ordinandum
1647 2095 1731 2128 iuxta
1760 2094 1996 2139 dispositionem

1260 2149 1508 2194 supradictarum
1536 2149 1650 2183 Urbani
1676 2149 1929 2193 praedecessoris
1951 2149 1997 2182 lit-

1262 2209 1398 2235 terarum
1418 2203 1467 2235 die
1486 2213 1518 2236 xi
1542 2202 1650 2246 aprilis
1668 2212 1819 2236 MDcxxxu
1840 2201 1998 2246 expedita-

1262 2266 1342 2296 rum,
1360 2255 1397 2288 ad
1423 2266 1498 2299 quas
1520 2256 1701 2288 relationem
1720 2256 1829 2288 haberi
1843 2256 1996 2303 volumus.

1988 185 2036 213 An.
2057 185 2168 216 &156⁰
2197 178 2202 229 3
2236 224 2238 226 ¹

2219 1815 2222 1832 1
2239 1813 2242 1827 l

1306 2309 1320 2352 ξ
1334 2308 1362 2341 li.
1379 2309 1476 2342 Porro
1493 2309 1517 2341 si
1536 2309 1695 2352 contingat
1709 2309 1806 2353 (quod
1819 2309 1900 2342 Deus
1912 2319 1999 2342 aver·
2037 2313 2077 2334 1‘10
2091 2309 2184 2332 ³b⁰⁵¹l³¹¹¹

2011 2340 2128 2362 recurratur
2159 2334 2184 2356 {d
2204 2338 2206 2344 ’

1262 2363 1327 2406 131)
1360 2373 1530 2406 progressu
1564 2362 1714 2406 temporis
1740 2362 1914 2396 visitatores
1937 2373 1994 2397 au-
2012 2365 2136 2389 P⁰¹¹¹ffi⁰ffl²=

1261 2415 1405 2448 ctoritate
1430 2422 1459 2449 et
1483 2416 1720 2457 iurisdictione,
1745 2427 1822 2460 quas
1853 2416 1912 2449 illis
1940 2426 1998 2461 per

1261 2470 1435 2513 praedictas
1456 2476 1578 2504 nostras
1604 2470 1653 2503 die
1678 2481 1700 2505 11
1725 2471 1862 2504 octobris
1882 2480 1998 2505 MDcle

1262 2529 1419 2555 emanatas
1431 2523 1550 2557 litteras
1568 2523 1779 2564 attribuimus,
1797 2529 1826 2556 et
1843 2534 1898 2567 per
1912 2533 2000 2567 prae-

1298 2586 1307 2611 1
1333 2584 1429 2611 Forsan
1451 2594 1486 2612 εκ
1505 2593 1553 2621 pro
1574 2588 1599 2613 et
1620 2585 1764 2621 legendum
1783 2592 1818 2620 tu.
1835 2585 1883 2620 ἰ’-1.
