2263 3215
276 213 312 239 An
341 214 368 240 Γ.
392 214 458 239 ten:

292 2013 389 2033 facultas
411 2014 446 2033 »li-

266 2040 326 2063 “emti
344 2040 447 2060 consessa-

266 2072 325 2089 rium,

504 205 524 237 ’ἓ
1053 210 1231 236 mmmmm!
1252 208 1405 234 ROMANI'M

470 272 530 305 que
544 266 668 305 peccata
680 261 725 294 sui
739 260 881 299 cons-issi,
894 259 972 292 acin
986 259 1035 292 dic
1048 259 1205 293 dominica

473 314 649 346 immediate
663 314 814 356 sequenti,
832 313 878 345 vel
894 313 952 344 alia
967 312 1016 344 die
1035 312 1113 344 infra
1127 322 1206 343 eam-

471 367 540 398 dam
567 366 805 403 hebdomadam,
835 365 1028 398 sanctissima
1058 374 1201 397 cominu-

470 419 561 451 uioue
588 419 692 451 retifeti
720 419 851 459 suerint,
876 424 905 451 et
929 417 1121 462 pauperibus
1149 416 1204 448 ali-

470 483 562 515 quam
589 472 828 514 eltwuiosynain,
846 477 879 504 ut
896 470 1113 514 praemittitur,
1138 479 1204 501 cro-

470 524 619 565 garcriut,
630 524 839 567 plenissimam
851 524 990 557 oninium
1003 526 1201 566 peccatorum

470 587 598 609 suorum
624 577 847 618 indulgentiam
873 582 902 609 et
922 576 1150 613 remissionem,
1168 574 1203 605 si-

470 634 517 661 cut
555 630 585 661 in
617 640 699 661 anno
736 630 842 662 iubilei
874 629 1068 661 visitantibus
1103 632 1202 659 certas

469 682 615 715 ccclesias
641 683 721 715 intra
743 686 771 715 et
788 687 874 714 extra
900 682 1013 713 lssrbem
1032 680 1200 723 praefatam

469 735 597 767 concedi
633 735 814 772 consuerit,
851 740 957 766 tenore
992 732 1199 777 praesentium

470 788 668 819 coin-edimus
694 793 722 819 et
746 787 926 829 clargirmu:

514 841 528 882 ,ξ
552 840 581 872 li.
607 840 791 881 Navigantes
817 850 890 872 vero
915 845 939 871 et
969 839 1026 871 iter
1053 843 1199 881 agentes,

368 887 399 925 Μ’
469 898 520 930 ut,
546 904 614 925 cuin
642 894 778 936 prinmiu
804 893 841 923 ad
865 902 920 924 sua
945 902 1010 923 sese
1043 890 1200 923 domicilia

469 945 657 988 receperint,
683 944 902 987 suprascriptis
926 943 1076 987 peractis,
1101 948 1131 975 et
1154 943 1199 975 vi-

468 998 557 1030 sitata
582 998 711 1029 ecclesia
736 997 904 1029 cathedrali
931 996 976 1029 vel
1002 997 1129 1038 maiore,
1148 1001 1201 1028 aut

467 1051 636 1092 parochiali
662 1050 720 1082 10(ιὶ
746 1060 854 1083 corum
876 1049 1036 1087 domicilii,
1055 1048 1198 1081 eamdem

468 1103 690 1145 indulgentiam
710 1103 857 1145 consequi
878 1103 998 1145 possint
1014 1107 1044 1134 ct
1061 1102 1198 1141 valeant;

510 1156 566 1199 §.i
585 1157 790 1198 Regularibus
810 1161 912 1188 autem
928 1155 1070 1198 personis
1088 1155 1200 1188 utrius-

412 1203 524 1251 '¹''que
550 1220 659 1247 sexus,
684 1209 776 1241 etiam
809 1209 839 1241 in
872 1209 1015 1241 claustris
1046 1213 1198 1251 perpetuo

465 1262 667 1303 degentibus,
693 1272 812 1295 necnon
838 1262 905 1293 aliis
930 1261 1197 1304 quibuscumque,

467 1320 526 1346 tam
544 1315 629 1347 laicis
650 1326 742 1358 quam
763 1315 989 1353 ecclesiasticis,
1004 1314 1198 1347 secularibus

465 1373 494 1399 vt
519 1367 724 1409 regularibus,
750 1368 839 1401 ctiam
867 1368 895 1399 in
922 1377 1047 1399 carcere
1071 1372 1124 1399 aut
1149 1378 1198 1400 ca-

464 1421 601 1462 ptivitate
625 1420 839 1461 existentibus,
857 1421 904 1453 vel
929 1421 1033 1464 aliqua
1055 1421 1198 1464 corporis

465 1473 643 1505 iutirmitatc
668 1484 721 1505 scu
745 1474 805 1506 alio
831 1484 1030 1517 quocumque
1063 1474 1195 1517 impedi-

466 1532 568 1559 mento
593 1527 743 1567 detentis,
775 1527 827 1570 qui
860 1538 953 1570 supra
978 1537 1125 1570 expressa
1149 1528 1197 1560 vel

465 1590 573 1611 (eruin
588 1580 690 1623 aliqua
704 1587 860 1623 praestare
875 1580 1081 1623 nequiverint,
1096 1586 1128 1613 ut
1146 1581 1197 1613 illa

464 1633 678 1672 confessarius,
694 1644 727 1666 cx
746 1634 805 1666 iam
823 1634 1002 1676 approbatis
1019 1644 1036 1665 a
1053 1634 1196 1667 locorum

462 1686 632 1719 Ordinariis
645 1691 714 1718 autc
728 1687 937 1729 praesentium
952 1687 1195 1730 publicationem

462 1750 514 1771 seu
539 1739 759 1782 approbandis,
779 1740 865 1772 eisin
883 1740 941 1772 alia
959 1740 1083 1783 pictatis
1099 1751 1195 1784 opera

462 1798 664 1831 commutare,
685 1794 732 1825 vcl
755 1793 784 1825 in
810 1793 891 1825 aliud
914 1794 1095 1836 proximum
1116 1799 1195 1827 tem-

462 1856 518 1888 pus
543 1856 717 1888 prorogare
740 1846 857 1889 possit,
888 1857 985 1889 eaque
1010 1847 1194 1891 iniungere,

461 1909 540 1940 quac
565 1899 623 1941 ipsi
648 1900 844 1942 poenitentes
873 1900 996 1932 efficere
1025 1906 1194 1943 poterunt,

461 1951 580 1993 pariter
603 1952 803 1984 concedimus
827 1957 856 1984 et
880 1952 1087 1995 indulgemus.

506 2004 520 2046 ξ
545 2003 573 2035 G.
599 2004 728 2047 Insuper
749 2005 894 2038 omuibus
914 2011 943 2038 et
967 2006 1098 2049 singulis
1116 2008 1195 2040 cbri-

462 2057 644 2089 stilidclibus
677 2058 837 2102 utriusque
869 2070 980 2100 sexus,
1014 2065 1076 2092 tam
1107 2060 1194 2094 laicis

461 2121 554 2153 quam
579 2110 811 2151 ecclesiasticis,
836 2113 1026 2145 secularibus
1052 2119 1081 2145 et
1105 2124 1194 2156 regu-

462 2163 579 2196 laribus
607 2164 742 2196 cuiusvis
774 2165 908 2205 ordinis,
941 2167 1192 2209 congregationis

461 2221 491 2247 et
516 2216 663 2256 instituti,
689 2222 750 2249 tam
776 2217 806 2249 in
833 2217 913 2250 Urbe,
936 2220 1073 2261 praefata
1098 2230 1190 2264 quam

461 2274 546 2301 extra
571 2279 638 2301 cain
656 2269 770 2312 ubique
788 2270 940 2310 locorum,
956 2277 990 2303 ut
1006 2273 1191 2314 praefertur,

460 2322 653 2364 «legentibus,
671 2323 826 2355 licentiam
841 2324 1040 2356 concedimus
1057 2330 1083 2357 et
1099 2326 1191 2358 sacul-

461 2380 576 2415 tatcm,
600 2381 633 2407 ut
658 2375 714 2407 sibi
738 2376 775 2407 ad
800 2376 882 2408 bunc
906 2378 1049 2410 clt'cctum
1076 2379 1192 2421 eligere

460 2428 579 2471 possint
594 2438 822 2472 quemeumque
839 2430 1055 2474 presbyterum
1077 2432 1192 2464 conses-

460 2482 586 2522 sarium,
613 2487 673 2513 tzuu
696 2483 866 2515 secularem
884 2494 977 2526 quam
996 2484 1130 2517 cuiusvis
1143 2496 1191 2518 or-

460 2535 541 2566 dinis
563 2535 608 2567 rel
634 2535 761 2568 instituti
787 2536 962 2578 regularem
987 2547 1021 2569 cx
1043 2538 1192 2581 approba-

461 2588 508 2629 tis,
534 2593 567 2619 ut
587 2588 806 2631 praemittitur,
821 2600 837 2621 a
853 2590 994 2622 locorum
1009 2590 1191 2632 Ordinariis,

1240 257 1292 300 qui
1318 267 1370 289 cos
1395 255 1433 288 ab
1459 252 1604 287 omnibus
1632 253 1974 295 excommunicationis,

1221 309 1453 353 ssuspensionis
1477 313 1507 340 ct
1530 307 1598 339 aliis
1615 306 1834 340 ecclesiasticis
1855 311 1977 340 senten-

1221 347 1289 395 'tiis
1310 368 1341 395 et
1365 361 1525 403 censuris,
1549 371 1566 393 a
1591 361 1659 393 iure
1682 361 1730 393 vel
1754 361 1793 394 ab
1825 361 1974 401 bomine,

1239 415 1346 458 quavis
1371 416 1463 447 causa
1482 413 1551 446 latis
1569 424 1623 447 seu
1643 413 1778 455 inflictis,
1795 424 1919 447 necnon
1935 414 1974 446 ab

1239 466 1383 499 omnibus
1407 466 1553 509 peccatis,
1579 466 1770 506 excessibus,
1791 466 1975 499 criminibus

1238 525 1267 552 et
1284 519 1405 552 delictis
1418 519 1617 562 quantumvis
1634 520 1782 562 gravibus
1796 523 1826 553 et
1838 520 1976 553 enormi-

1238 571 1305 611 bus,
1328 571 1420 604 etiam
1438 572 1581 605 locorum
1599 572 1783 612 Ordinariis,
1801 571 1865 605 sive
1884 572 1974 605 nobis

1236 629 1265 656 ct
1290 624 1360 657 Sedi
1386 626 1592 668 Apostolicae,
1617 626 1709 659 etiam
1735 626 1767 658 in
1791 625 1903 659 litteris
1923 625 1974 658 die

1236 677 1355 710 Coenae
1379 678 1503 711 Domini
1527 679 1588 722 legi
1613 679 1712 712 solitis
1743 678 1913 720 contentis,
1943 683 1974 711 et

1235 730 1310 763 alias
1330 741 1386 774 per
1403 742 1617 776 quascumque
1640 738 1764 766 nostras
1788 737 1842 765 aut
1864 732 1975 765 Roma-

1235 793 1347 816 norum
1363 784 1548 818 Pontificum
1564 786 1841 829 praedecessorum
1854 789 1975 818 nostro-

1236 847 1304 869 rum
1331 837 1578 879 constitutiones,
1593 849 1726 882 quarum
1746 843 1871 872 tenores
1887 848 1975 882 prae-

1234 888 1374 922 sentibus
1399 890 1508 923 haberi
1534 892 1678 924 volumus
1708 902 1766 935 pro
1797 891 1972 935 expressis,

1234 943 1532 987 quomodocumque
1556 945 1734 985 reservatis,
1755 944 1786 977 in
1810 945 1878 978 soro
1899 954 1974 978 con-

1235 995 1400 1036 scientiae,
1426 1000 1456 1030 et
1480 997 1538 1030 bac
1563 997 1630 1031 vice
1655 1003 1785 1038 tantum,
1810 997 1973 1030 absolvere

1234 1053 1265 1080 et.
1289 1048 1425 1082 liberare
1444 1050 1598 1091 valeant¹,

1279 1101 1292 1144 ξ
1318 1101 1345 1133 7.
1364 1102 1400 1134 Et
1417 1103 1546 1146 insuper
1562 1108 1632 1137 vota
1649 1114 1867 1148 quaecumque
1889 1104 1973 1148 (reli-

1233 1154 1335 1196 gionis
1353 1159 1382 1189 et
1399 1156 1547 1189 castitatis
1563 1157 1715 1201 exceptis)
1733 1157 1763 1190 in
1788 1158 1847 1190 alia
1871 1158 1924 1201 pia
1942 1163 1972 1190 et

1233 1207 1380 1240 salutaria
1394 1218 1488 1251 opera
1499 1214 1704 1250 commutare,
1714 1209 1853 1243 iniuncta
1866 1215 1971 1243 tamen

1234 1261 1277 1293 eis
1298 1267 1327 1293 et
1345 1271 1453 1294 eorum
1476 1263 1604 1295 cuilibet
1620 1263 1651 1295 in
1668 1263 1858 1307 supradictis
1875 1263 1972 1297 omni-

1233 1314 1291 1347 bus
1313 1315 1435 1348 casibus
1460 1316 1653 1359 poenitentia
1678 1317 1816 1358 salutari,
1840 1317 1971 1360 aliisque

1232 1367 1372 1400 eiusdem
1398 1369 1579 1402 confessarii
1605 1369 1735 1402 arbitrio
1762 1370 1969 1413 iniungendis.

1276 1421 1290 1464 g
1311 1420 1340 1454 8.
1364 1421 1564 1465 Quapropter
1580 1427 1690 1455 tenore
1709 1423 1921 1466 praesentium
1938 1423 1971 1456 in

1232 1473 1347 1507 virtute
1372 1480 1496 1508 sanctae
1515 1475 1710 1508 obedientiae
1727 1475 1867 1509 districte
1883 1486 1971 1519 prae-

1232 1526 1366 1570 cipimus
1379 1533 1472 1571 atque
1486 1528 1671 1561 mandamus
1696 1529 1842 1562 omnibus
1862 1533 1892 1562 et
1904 1529 1971 1573 qui-

1231 1580 1425 1625 buscumque
1440 1582 1670 1615 venerabilibus
1681 1582 1828 1615 fratribus
1841 1583 1971 1626 patriar-

1231 1634 1318 1675 chis,
1356 1635 1623 1679 archiepiscopis,
1653 1635 1808 1679 episcopis
1840 1640 1870 1668 et
1901 1635 1969 1668 aliis

1231 1687 1435 1720 ecclesiarum
1460 1688 1606 1731 praelatis
1621 1715 1628 1728 ,
1659 1699 1694 1721 ac
1718 1688 1969 1732 quibuscumque

1230 1740 1403 1773 Ordinariis
1426 1741 1569 1773 locorum
1594 1741 1785 1784 ubicumque
1809 1741 1969 1774 existenti-

1229 1792 1297 1833 bus,
1315 1804 1490 1836 eorumque
1509 1793 1634 1826 vicariis
1650 1799 1680 1826 et
1695 1793 1890 1834 officialibus,
1909 1793 1968 1834 vel,

1229 1846 1266 1879 iis
1291 1846 1521 1887 deficientibus,
1546 1847 1624 1887 illis,
1648 1847 1700 1890 qui
1718 1857 1826 1880 curam
1851 1847 1970 1879 anima-

1229 1911 1300 1932 rum
1320 1905 1477 1941 exercent,
1503 1905 1553 1942 ut,
1583 1911 1654 1933 cum
1682 1899 1896 1943 praesentium
1917 1899 1968 1932 tit-

1230 1957 1367 1986 terarum
1400 1957 1595 1996 transumpta
1619 1958 1672 1985 aut
1704 1953 1845 1996 exempla
1873 1953 1966 1986 etiam

1228 2006 1380 2050 impressa
1404 2006 1603 2050 acceperint,
1636 2006 1689 2038 illa
1718 2006 1822 2039 statim
1850 2006 1968 2049 absque

1227 2060 1291 2092 ulla
1316 2061 1416 2101 mora,
1441 2059 1653 2093 retardatione
1673 2060 1719 2092 vel
1740 2059 1967 2103 impedimento

1226 2123 1282 2156 per
1310 2123 1382 2146 suas
1406 2113 1553 2146 ecclesias
1578 2118 1608 2145 et
1631 2113 1808 2153 dioeceses,
1831 2112 1964 2156 provin-

1226 2165 1300 2205 cias,
1325 2165 1476 2206 civitates,
1501 2165 1633 2209 oppida,
1660 2170 1759 2198 terras
1776 2169 1805 2199 et
1823 2166 1893 2198 loca
1912 2175 1968 2209 pu-

1226 2219 1343 2251 blicent
1368 2224 1398 2251 et
1421 2218 1576 2262 publicari
1598 2219 1721 2259 faciant,
1740 2218 1967 2262 ecclesiamque

1225 2282 1280 2305 seu
1306 2272 1454 2305 ecclesias
1478 2271 1646 2304 visitandas
1671 2272 1846 2314 designent.

1269 2325 1284 2369 ξ
1307 2325 1336 2357 O.
1362 2326 1430 2359 Non
1455 2325 1645 2358 intendimus
1669 2330 1774 2358 autem
1797 2335 1854 2368 per
1879 2333 1966 2368 prae-

1225 2382 1327 2412 sentes
1351 2389 1447 2422 super
1471 2379 1575 2422 aliqua
1593 2378 1824 2421 irregularitate
1837 2377 1964 2421 publica

1225 2432 1272 2464 vel
1297 2432 1441 2472 occulta,
1474 2433 1564 2474 nota,
1590 2431 1727 2473 defectu,
1758 2431 1964 2475 incapacitate

1225 2495 1280 2517 seu
1303 2484 1498 2517 inhabilitate
1522 2495 1649 2528 quoquo
1682 2484 1776 2518 modo
1804 2485 1963 2517 contracta

1224 2538 1424 2582 dispensare⁷
1455 2538 1502 2571 vel
1533 2538 1671 2581 aliquam
1702 2538 1881 2571 facultatem
1907 2536 1963 2569 tri-

1260 2603 1270 2627 1
1290 2601 1380 2628 Potius
1396 2600 1456 2636 lege
1472 2601 1566 2628 valeat
1579 2601 1617 2635 (n.
1629 2600 1679 2636 T.)-

1990 205 2040 232 An.
2056 205 2083 230 C.
2106 205 2174 234 5655

1999 346 2003 349 ι
2026 319 2067 340 Pro
2090 319 2174 349 absolu-

1990 348 2045 366 tione
2057 353 2069 367 a
2079 351 2173 367 censum

1990 375 2010 392 vt
2032 375 2127 404 peccatis
2141 380 2174 396 re-

1989 403 2086 425 servatis.

2021 1113 2046 1134 Et
2062 1118 2099 1139 pro
2113 1119 2172 1135 cnm-

1985 1141 2102 1162 mutatione
2111 1144 2169 1162 voto-

1985 1172 2037 1188 rum.

2009 1431 2118 1452 Publicari
2137 1431 2169 1453 tu·

1984 1457 2075 1510 gip-icum
2085 1458 2168 1484 praeei-

1994 2330 2058 2352 Suam
2073 2332 2163 2354 mentem

1980 2357 2082 2379 declarat.
