2243 3205
222 153 271 178 An.
287 152 316 179 C.
336 152 401 179 1659

252 745 392 772 Supplicano.

264 2235 334 2256 Primo
348 2234 421 2255 Ponti-

238 2262 271 2283 {ex
288 2261 386 2282 concedit
400 2262 422 2281 ut

238 2293 288 2309 vota
315 2290 336 2308 et
366 2288 422 2307 inra-

238 2316 331 2335 mentum
363 2314 421 2335 emit·

239 2342 297 2366 tant,

447 143 510 177 493
985 156 1162 180 nutantium

420 206 450 233 et
476 201 587 234 multas
612 211 764 244 expensas
789 201 821 234 in
845 203 889 235 eis
921 203 1061 246 alendis,
1086 204 1152 237 for-

421 254 542 287 mandis
577 259 607 287 et
638 254 830 296 educandis,
855 261 921 288 tum
953 256 982 288 in
1015 257 1156 290 instituto

420 307 582 350 praefato,
608 312 673 339 tum
704 308 735 340 in
767 308 903 342 scientiis
938 309 1175 352 acquirendis,²

420 360 659 403 consumpserit,
685 360 865 394 existimans
890 372 922 394 se
947 362 1062 395 habere
1087 373 1158 406 ope-

420 412 537 453 rarios,
562 413 615 456 qui
650 413 769 456 possint
806 414 965 448 attendere
991 415 1158 457 obligatio-

420 465 512 498 nibus
536 471 566 498 et
590 466 744 499 exercitiis
759 494 766 507 ,
792 467 906 511 quibus
931 469 998 511 ipsa
1022 468 1157 511 Congre-

421 518 504 561 gatio
529 529 565 551 ex
590 518 784 553 institutione
809 520 970 562 incumbit,
988 521 1027 553 ab
1049 521 1158 553 eudem

421 571 670 615 Congregatione
694 572 858 613 recedant,
876 573 1004 617 ipsaque
1028 573 1161 616 Congre-

422 625 506 668 gatio
524 635 560 658 ex
585 625 637 658 illo
659 626 878 669 operariorum
904 626 1042 659 discessu
1067 626 1156 660 dein-

423 689 496 722 ceps
521 688 583 712 non
603 678 682 711 levia
702 679 813 712 sentiat
831 679 1018 712 detrimenta
1031 677 1048 711 ¹.

468 732 483 775 ἓ
508 730 537 764 ⁹2.
563 731 638 765 Cum
663 737 777 774 autem,
803 732 884 764 sicut
910 731 1018 764 eadem
1043 732 1161 775 exposi-

425 785 468 818 tio
486 785 704 828 subiungebat,
719 785 864 818 universa
881 785 1089 828 Congregatio
1106 785 1162 818 Do-

425 837 543 871 ctrinae
557 838 748 871 Christianae
763 838 954 878 huiusmodi,
969 849 1030 882 quo
1048 838 1162 871 incom-

425 890 526 924 modis
551 896 581 924 et
605 891 798 925 detrimentis
819 891 966 935 praefatis
988 891 1161 924 remedium

425 943 620 984 adhibeatur,
649 945 778 988 ipsaque
802 944 1008 987 Congregatio
1035 944 1159 987 obliga-

425 996 564 1029 tionibus
589 996 651 1029 suis
680 997 857 1030 satisfacere
892 1002 922 1029 et
950 1007 985 1030 ex
1015 997 1162 1030 laudabili

425 1060 483 1082 suo
515 1049 656 1083 instituto
688 1061 758 1083 cum
795 1051 907 1083 maiori
943 1050 1162 1094 operariorum

426 1112 559 1135 numero
583 1103 760 1135 animarum
786 1103 876 1136 saluti
901 1108 930 1135 et
955 1104 1095 1136 culturae
1121 1104 1163 1136 vi-

426 1167 503 1190 neae
521 1157 642 1190 Domini
670 1168 780 1190 vacare
805 1157 914 1199 valeat,
939 1167 972 1190 se
997 1157 1089 1191 firmo
1107 1158 1162 1190 ali-

427 1221 490 1255 quo
515 1210 728 1244 stabilimento
753 1221 769 1243 a
789 1211 878 1244 nobis
897 1211 1012 1244 muniri
1029 1221 1165 1244 summo-

426 1275 502 1309 pere
526 1264 695 1305 desidere13
721 1275 855 1308 cumque
880 1265 987 1308 plures
1005 1264 1163 1298 indictam

428 1318 707 1361 Congu-egationem
722 1328 738 1350 a
753 1318 893 1362 praefato
917 1328 999 1352 anno
1017 1329 1165 1352 iinchvn

428 1382 527 1416 usque
552 1372 584 1404 in
608 1378 804 1415 praesentem
834 1372 915 1404 diem
948 1371 1075 1404 admissi
1100 1372 1166 1405 fue-

428 1425 501 1465 rint,
526 1425 579 1469 qui
605 1425 664 1457 iam
687 1426 889 1469 expleverunt
906 1425 936 1458 in
954 1427 989 1458 ea
1007 1426 1165 1468 integrum

430 1490 544 1512 annum
570 1479 774 1522 probationis,
800 1490 899 1523 eoque
925 1480 1047 1522 expleto
1080 1479 1165 1512 missi

430 1538 530 1565 sunta
545 1533 761 1576 superioribus
786 1533 816 1564 in
840 1533 963 1566 diversa
987 1533 1118 1575 collegia
1139 1538 1168 1565 et

430 1586 539 1619 domos
565 1585 702 1619 eiusdem
733 1586 993 1629 Congregationis
1018 1586 1055 1618 ad
1080 1597 1166 1619 exer-

431 1639 527 1673 cenda
552 1639 674 1672 diversa
699 1639 816 1680 officia,
841 1650 858 1671 a
882 1640 995 1682 quibus
1021 1650 1169 1673 revocare

431 1692 510 1726 etin
540 1703 637 1725 unum
669 1693 772 1725 locum
810 1703 862 1725 eos
895 1703 1004 1726 omncs
1036 1704 1169 1736 congre-

431 1756 506 1789 gare
523 1745 561 1778 ad
585 1756 697 1779 novam
723 1756 858 1778 annuam
883 1747 1101 1793 probationem
1128 1747 1171 1779 fa-

433 1799 573 1832 ciendam
599 1805 680 1832 esset
704 1800 875 1832 admodum
900 1800 1035 1841 difficile,
1063 1799 1114 1832 ut¹
1140 1800 1170 1832 in

433 1864 469 1886 co
487 1853 627 1886 faciendo
661 1853 819 1896 praedicta
844 1853 1052 1896 Congregatio
1077 1864 1172 1896 grave

433 1906 581 1939 damnum
607 1912 785 1949 pateretur:
811 1907 900 1940 nobis
918 1912 1085 1950 propterca
1111 1917 1172 1940 ine-

434 1966 574 1994 moratus
598 1961 784 1994 Franciscus
816 1961 1011 2004 saepedictae
1036 1961 1172 2004 Congre-

434 2013 568 2057 gationis
588 2014 753 2047 Doctrinae
765 2014 957 2047 Christianae
975 2014 1101 2047 nomine
1119 2014 1174 2047 hu-

435 2067 551 2099 militer
576 2067 744 2110 supplicari
771 2067 855 2108 fecit,
882 2072 915 2099 ut
939 2067 968 2099 in
994 2067 1174 2111 praemissis

436 2126 612 2164 opportune
632 2121 798 2164 providere
816 2126 845 2153 et
863 2126 894 2154 ut
913 2121 992 2154 infra
1010 2121 1174 2164 indulgere

436 2174 474 2206 de
498 2173 689 2216 benignitate
715 2174 886 2217 apostolica
910 2174 1124 2217 dignaremur.

481 2227 496 2271 ἓ
512 2226 541 2260 3.
559 2228 621 2260 Nos
640 2227 746 2270 igitur,
763 2227 901 2260 eiusdem
916 2228 1175 2271 Congu-egationis

438 2281 516 2314 votis
541 2281 599 2313 hac
623 2281 653 2312 in
679 2291 712 2314 re
738 2281 950 2314 favorabiliter
970 2292 1109 2315 annuere
1127 2294 1176 2316 cu-

436 2335 565 2378 pientes,
592 2334 772 2378 dictumque
797 2335 998 2368 Franciscuni
1017 2346 1033 2368 a
1051 2336 1177 2379 quibus-

438 2387 483 2421 vis
508 2388 851 2429 excommunicationis,
876 2394 944 2431 etc,
965 2389 1077 2422 harum
1096 2390 1176 2423 serie

475 2469 484 2492 1
501 2467 563 2493 Loc.
582 2467 674 2501 parall.
691 2467 743 2502 leg.
760 2468 945 2495 'incommoda
959 2471 985 2495 et
1001 2469 1177 2497 detrimenta

439 2514 480 2545 (n.
496 2511 544 2543 τ.).

475 2554 490 2580 2
511 2554 663 2590 Legendurn
682 2555 786 2584 videtur
801 2559 827 2586 ec
841 2564 889 2592 pro
905 2559 936 2585 ut
950 2559 985 2592 (n.
1002 2557 1049 2591 r.)-

1188 157 1340 181 ROMANUM

1190 204 1385 238 absolventes
1410 211 1440 237 et
1464 205 1641 239 absolutos¹
1664 207 1729 240 sore
1754 212 1924 249 consentes,

1190 257 1369 290 huiusmodi
1390 258 1669 301 supplicationibus
1687 259 1834 302 inclinati⁷
1854 271 1926 304 per·

1190 312 1295 353 specta
1320 316 1518 344 narratorum
1542 312 1679 352 veritate,
1697 323 1732 345 ae
1755 313 1879 346 attentis
1896 319 1926 346 et

1192 363 1264 395 risis
1288 374 1345 406 pcr
1372 364 1563 397 venerabiles
1587 365 1699 397 fratres
1715 370 1840 398 nostros
1860 376 1926 398 san-

1192 422 1257 449 ctae
1270 417 1427 450 Romanae
1438 417 1595 451 Ecclesiae
1609 418 1782 451 cardinales
1794 419 1928 461 negotiis

1192 474 1221 501 ct
1239 470 1521 503 consultationibus
1534 471 1756 515 episcoporum
1782 476 1812 504 et
1836 482 1929 514 regu-

1193 522 1304 555 larium
1331 524 1527 567 praepositos
1559 524 1712 557 mandatis
1743 524 1930 568 specialibus

1193 581 1223 608 et
1247 575 1354 608 liberis
1378 576 1606 610 consensibus‘2
1630 577 1760 620 singulis
1785 577 1930 611 domibus

1194 634 1223 661 et
1247 629 1388 671 collegiis
1413 629 1570 673 praefatae
1589 629 1848 673 Congregationis
1872 631 1932 663 cle-

1195 682 1333 714 ricorum
1349 683 1538 715 secularium
1555 683 1720 716 Doctrinae
1739 682 1932 716 Christianae

1195 734 1226 766 in
1250 734 1348 768 Gallia
1371 745 1427 778 per
1452 741 1572 768 secreta
1591 735 1741 778 suffragia
1758 735 1948 779 capitulari--

1197 792 1242 820 ter
1268 788 1426 831 praestitis
1451 788 1489 821 ad
1510 788 1710 832 infrascripta
1729 788 1862 832 petenda
1889 789 1932 834 fa-

1196 840 1263 881 etis,
1285 841 1317 873 in
1336 843 1471 885 persona
1495 841 1570 875 dicti
1595 841 1753 875 Francisci
1774 842 1864 875 Avias
1883 852 1932 875 sa-

1196 893 1331 927 cerdotis
1357 899 1387 927 et
1410 895 1625 938 procuratoris
1643 894 1782 928 eiusdem
1801 895 1934 938 Congre-

1196 947 1350 990 gationis‚
1387 948 1572 981 anctoritate
1607 948 1800 992 apostolica,
1827 952 1934 982 tenore

1197 1001 1422 1044 praesentium,
1432 1001 1568 1044 benigne
1582 1002 1859 1045 indulgemus,pro
1873 1012 1935 1035 ma-

1197 1054 1255 1087 iori
1281 1055 1490 1089 stabilimento
1516 1061 1545 1089 et
1577 1055 1814 1089 conservatione
1844 1066 1935 1100 prae-

1198 1109 1275 1141 fatae
1286 1108 1553 1152 Congregationis,
1569 1114 1612 1150 ut,
1624 1109 1723 1143 firmis
1737 1109 1936 1143 manentibus

1197 1162 1325 1195 omnino
1341 1162 1512 1195 secundum
1535 1162 1715 1196 universum
1734 1167 1874 1196 tenorem
1892 1162 1936 1195 fe-

1198 1215 1264 1248 licis
1277 1215 1504 1248 recordationis
1518 1216 1689 1249 Innocentii
1702 1216 1836 1259 Papan
1849 1227 1937 1260 prae-

1198 1268 1371 1301 decessoris
1395 1269 1495 1302 nostri
1519 1269 1631 1302 litteris
1661 1269 1692 1301 in
1717 1269 1810 1301 simili
1835 1269 1937 1302 forma

1198 1322 1304 1354 Brevis
1329 1332 1422 1365 super
1440 1322 1575 1365 negotiis
1592 1323 1750 1366 praefatae
1763 1322 1939 1365 Congrega-

1200 1375 1291 1409 tionis
1305 1375 1455 1408 emanatis
1472 1375 1529 1409 sub
1547 1375 1596 1408 die
1616 1386 1679 1409 xxx
1696 1375 1761 1408 iulii
1775 1385 1938 1417 MDCXLvn,

1200 1435 1229 1462 ct
1247 1431 1379 1471 servata,
1396 1439 1458 1462 non
1476 1429 1672 1462 obstantibus
1689 1429 1940 1473 quibuscumque

1201 1483 1231 1515 in
1256 1482 1461 1523 contrarium,
1486 1493 1503 1515 a
1527 1483 1660 1525 singulis
1686 1483 1827 1516 eiusdem
1852 1483 1939 1518 Con-

1201 1535 1404 1579 gregationis,
1422 1540 1485 1568 tam
1511 1536 1730 1579 praesentibus
1747 1547 1842 1580 quam
1862 1537 1941 1570 futu-

1202 1590 1255 1630 ris,
1279 1589 1390 1622 eadem
1417 1591 1545 1623 omnino
1563 1590 1687 1623 habitus
1709 1590 1820 1631 forma,
1845 1590 1942 1634 quae⁸

1203 1643 1240 1675 de
1266 1643 1423 1686 praesenti
1450 1643 1480 1675 in
1504 1643 1652 1676 omnibus
1671 1643 1735 1676 suis
1752 1643 1894 1686 collegiis
1913 1646 1943 1677 et

1203 1696 1348 1730 domibus
1382 1696 1478 1729 utitur
1510 1696 1592 1729 dicta
1624 1697 1848 1739 Congregatio,
1879 1707 1943 1730 om-

1204 1761 1278 1790 nes,
1305 1756 1366 1782 tam
1397 1749 1450 1793 qui
1482 1750 1513 1782 in
1549 1749 1657 1782 cadem
1693 1749 1943 1792 Congregatione

1204 1809 1273 1848 post
1286 1803 1382 1836 dictas
1396 1802 1515 1836 litteras
1533 1802 1593 1835 iam
1609 1808 1680 1836 sunt
1694 1802 1831 1844 admissi,
1848 1813 1943 1847 quam

1205 1856 1258 1900 qui
1282 1856 1314 1888 in
1337 1856 1479 1889 futurum
1501 1855 1714 1896 admittentur,
1729 1856 1851 1899 expleto
1871 1867 1944 1900 pro-

1206 1909 1340 1942 bationis
1365 1919 1456 1951 anno,
1482 1909 1507 1942 si
1532 1909 1636 1942 idonei
1662 1908 1788 1942 iudicati
1812 1909 1944 1951 fuerint,

1207 1962 1348 1995 emittant
1374 1962 1431 1996 tria
1458 1968 1528 1996 vota
1553 1962 1709 2006 simplicia
1739 1962 1945 2005 obedientiae,

1207 2015 1356 2049 castitatis
1380 2019 1409 2049 et
1443 2016 1654 2059 paupertatis,
1687 2025 1809 2049 necnon
1841 2020 1946 2050 votum

1208 2080 1262 2102 seu
1287 2069 1497 2103 iuramentum
1515 2069 1546 2102 in
1563 2069 1673 2102 eadem
1698 2069 1947 2113 Congregatione

1209 2128 1361 2166 perpetuo
1392 2122 1636 2166 perseverandi,
1668 2133 1732 2156 non
1763 2122 1946 2167 dispensan-

1208 2177 1282 2209 dum
1311 2177 1356 2209 rel
1382 2177 1585 2209 relaxandum
1619 2187 1635 2209 a
1668 2187 1868 2221 quocumque
1900 2177 1947 2210 in-

1209 2230 1306 2270 dulto,
1331 2229 1388 2262 nisi
1415 2241 1431 2262 a
1455 2231 1523 2263 solo
1548 2231 1688 2264 Romano
1714 2230 1874 2271 pontifice,
1895 2235 1948 2264 aut

1209 2294 1225 2316 a
1250 2283 1387 2327 capitulo
1420 2284 1558 2326 generali
1593 2284 1639 2316 vel
1673 2283 1853 2317 definitorio
1885 2295 1949 2317 me-

1211 2341 1347 2370 moratae
1379 2337 1637 2380 Congregationis
1654 2364 1661 2378 ‚
1687 2347 1758 2371 cum
1782 2337 1948 2379 facultate,

1211 2396 1243 2424 nt
1267 2391 1332 2424 eius
1357 2401 1466 2424 omnes
1483 2391 1589 2424 clerici
1610 2395 1680 2434 post
1701 2396 1769 2425 rota
1790 2391 1902 2425 emissa
1918 2396 1950 2425 et

1249 2472 1254 2496 t
1279 2470 1434 2504 Legendum
1451 2471 1613 2498 absolutum
1628 2474 1665 2504 (n.
1683 2472 1731 2505 τ.).

1245 2513 1260 2540 2
1281 2513 1360 2540 Deest
1376 2514 1539 2549 praepositio
1554 2523 1572 2541 α
1586 2519 1623 2548 (n.
1641 2518 1690 2548 T.).

1246 2558 1261 2585 3
1283 2556 1372 2584 Potius
1392 2558 1450 2593 lege
1471 2567 1529 2593 qua
1549 2562 1587 2593 tn.
1609 2558 1656 2594 T.).

1941 161 1994 187 An.
2011 161 2039 188 C.
2054 162 2123 191 1659

1989 2345 2016 2367 Et
2028 2345 2100 2367 clerici
2114 2352 2148 2368 sa-

1963 2372 2107 2402 erosordines
2115 2379 2149 2395 nu·

1963 2401 2062 2425 semlant.
