2243 3205
33 226 91 252 ῑΑη.
109 224 135 249 C.
159 223 226 249 ¹658

241 281 314 311 suo,
339 271 467 304 obedire
488 272 653 314 deberent⁷
680 278 707 305 et
733 278 840 306 contra
866 278 979 306 statuta

838 225 1025 250 memnona
1049 225 1093 249 vn
1118 226 1164 249 pr.
1655 216 1712 248 371

1057 273 1071 316 g
1096 273 1146 305 14.
1173 272 1338 306 Prohibuit
1355 273 1508 313 similiter,
1525 278 1556 306 ut
1578 273 1658 306 infra
1677 273 1754 306 fines

241 323 365 358 Ordinis
377 324 507 368 praefati
521 325 637 358 nullam
654 325 862 360 obedientiam
878 326 979 359 facere
1014 336 1143 359 suorum
1179 325 1323 359 locorum
1357 327 1482 369 nullus,
1509 327 1575 360 sine
1601 337 1756 360 consensu

241 377 516 422 compellerentur.

285 432 299 475 ἓ
323 431 374 464 19..
401 432 460 465 Pro
485 433 774 467 conservationibus
802 444 876 467 vero
902 434 978 466 alta-

241 486 323 519 rium
341 486 389 519 vel
406 486 620 529 ecclesiarum,
643 487 893 520 ordinationibus
924 487 982 520 cle-

242 540 400 580 ricorum,
427 549 481 572 seu
505 550 562 583 pro
587 539 658 573 oleo
689 544 805 583 sancto,
833 540 880 573 vel
905 551 981 584 quo-

241 592 317 626 libet
347 593 558 627 ecclesiastico
591 599 809 636 sacramento,
836 594 940 627 nullus
965 605 981 626 a

241 645 331 679 dictis
355 646 502 679 fratribus
533 647 591 679 sub
625 652 789 690 praetextu
819 652 981 681 consuetu-

241 699 321 733 dinis
346 701 393 733 vel
417 701 478 734 alio
503 700 617 741 modo,
650 701 818 745 quicquam
852 701 982 735 auderet

241 758 449 798 extorquere,
474 753 528 787 sed
554 754 614 787 illis
645 754 722 788 haec
754 755 859 789 omnia
884 755 999 798 gratisv

241 807 378 851 episcopi
399 807 576 841 dioecesani
597 808 825 852 impenderent,
842 808 981 852 alioquin

239 861 349 894 liceret
369 861 414 894 eis
431 872 647 905 quoscumque
668 861 795 894 mallent
810 862 981 895 catholicos

240 914 327 948 adire
347 915 509 957 antistites,
526 915 659 958 gratiam
678 921 708 949 et
726 916 980 950 communionem
998 909 999 915 ¹

240 968 328 1002 Sedis
345 968 541 1013 Apostolicae
561 969 723 1010 habentes,
740 970 792 1013 qui
812 969 982 1013 apostolica

240 1023 323 1056 fieri¹
342 1023 526 1057 auctoritate
543 1023 633 1057 dictis
650 1023 809 1065 fratribus,
827 1023 911 1067 quod
932 1033 983 1067 po-

240 1130 500 1164 dioecesanorum
533 1131 755 1175 episcoporum
786 1131 865 1164 forte
891 1141 981 1163 vaca-

242 1190 320 1225 rent,
347 1185 471 1218 interim
497 1185 602 1218 omnia
619 1190 816 1218 sacramenta
836 1185 979 1218 eeclesia-

243 1463 318 1486 vero
342 1453 499 1486 interdum
525 1453 731 1497 propriorum
758 1454 981 1498 episcoporum

242 1560 400 1593 Romanae
421 1559 508 1592 Sedis
526 1559 658 1602 gratiam
676 1565 705 1592 et
726 1560 981 1593 communionem

243 1613 408 1655 habentes⁷
435 1617 465 1647 et
488 1613 526 1646 de
550 1613 665 1656 quibus
689 1613 813 1657 plenam
839 1613 980 1647 notitiam

242 1666 405 1707 haberent,
429 1677 486 1710 per
510 1676 563 1699 eos
590 1666 722 1700 transire
747 1666 924 1709 contigerit,
945 1666 1001 1699 ab'

1001 1719 1002 1757 ἶ
1020 1731 1150 1753 suorum
1165 1718 1402 1763 quomodolibet
1421 1728 1639 1751 successorum
1655 1718 1758 1750 nullus

242 1772 494 1807 consecrationes
531 1772 676 1805 altarium
702 1773 888 1806 auctoritate
915 1776 1002 1817 apo-3

242 1719 286 1753 eis
310 1719 560 1753 benedictionem
586 1729 733 1752 vasorum
752 1725 781 1752 et
806 1720 937 1753 vestium
955 1725 982 1753 et

242 1826 368 1861 stolicae
393 1826 482 1860 Sedis
506 1826 648 1870 recipere
673 1826 821 1860 valerent.

245 2212 296 2235 ma
320 2212 404 2244 vero,
430 2202 534 2234 oleum
556 2207 709 2243 sanctum,
735 2201 987 2236 consecrationes

245 2255 413 2298 altarium,
439 2266 493 2288 scu
525 2255 748 2296 basilicarum,
773 2255 987 2289 ordinationes

247 2309 457 2350 clericorum,
482 2309 534 2352 qui
559 2309 596 2341 ad
628 2309 754 2342 ordines
787 2309 890 2342 forent
914 2320 987 2352 pro-

247 2361 405 2402 movendi,
426 2372 443 2394 a
468 2361 662 2394 dioecesanis
687 2361 881 2405 susciperent
906 2361 986 2405 epis-

248 2415 345 2458 copis,
370 2415 394 2447 si
420 2414 564 2448 catholici
590 2415 710 2456 forent⁷
736 2424 771 2447 ac
801 2414 934 2457 gratiam
960 2420 989 2447 et

248 2469 502 2503 communionem
528 2473 745 2501 sacrosanctae
766 2468 923 2501 Romanae
940 2468 988 2501 Se-

247 2522 294 2556 dis
320 2522 482 2564 haberent,
506 2527 535 2554 et
550 2532 584 2554 ea
610 2521 723 2554 vellent
749 2521 814 2554 sine
836 2521 988 2566 pravitate

248 2576 351 2620 aliqua
378 2575 535 2609 exhibere.

287 2642 295 2666 1
318 2639 418 2667 Forsan
435 2639 581 2674 legendum
599 2640 668 2673 freti
686 2647 732 2673 pro
747 2639 814 2674 fieri
828 2642 865 2673 (a.
884 2639 930 2673 r).

1013 378 1271 412 dioecesanorum
1295 380 1517 424 episcoporum
1545 386 1574 413 et
1597 380 1755 414 dictorum

1014 433 1167 475 fratrum⁷
1206 433 1379 477 cappellam
1417 444 1470 466 seu
1506 435 1680 468 oratorium
1718 434 1755 467 de

1015 496 1095 519 novo
1120 486 1283 519 adstruere
1301 486 1438 528 auderet,
1464 488 1558 521 salvis
1583 487 1755 531 privilegiis

1016 540 1229 573 Romanorum
1249 540 1451 580 Pontificum;
1469 544 1497 574 et
1518 541 1555 573 ad
1580 541 1638 575 hoc
1660 551 1756 574 novas

1016 598 1045 626 et
1070 593 1225 627 indebitas
1243 594 1420 627 exactiones
1445 594 1483 626 ab
1509 595 1755 639 archiepiscopis

1016 651 1045 681 et
1070 647 1236 691 episcopis,
1262 647 1502 689 archidiaconis,
1529 658 1583 681 seu
1609 648 1755 689 decanis,

1016 701 1146 744 aliisque
1171 701 1318 734 omnibus
1341 701 1576 741 ecclesiasticis,
1602 702 1754 735 seculari<-

1016 754 1135 798 busque
1157 755 1300 798 personis
1320 765 1336 787 a
1354 754 1443 788 dictis
1460 755 1610 788 fratribus
1628 756 1756 789 omnino

998 807 1083 849 Jfleri
1110 808 1223 847 vetuit;
1250 809 1444 852 sepulturam
1470 819 1595 852 quoque
1613 809 1643 841 in
1661 809 1758 842 eecle-

1016 862 1068 894 siis
1095 861 1235 906 ipsorum
1260 862 1392 895 fratrum
1413 862 1542 894 liberam
1561 872 1628 894 esse
1649 862 1757 894 decre-

1017 915 1079 956 vit,
1105 917 1182 950 itaut
1214 926 1324 949 eorum
1362 916 1519 949 devotioni
1545 921 1572 948 et
1601 921 1757 948 extremae

998 969 1166 1007 uoluntati
1203 969 1256 1012 qui
1282 979 1314 1001 se
1341 969 1370 1001 in
1396 969 1536 1002 ecclesiis
1562 969 1677 1002 eisdem
1704 980 1754 1002 se-

998 1023 1106 1067 peliri
1133 1022 1370 1061 deliberassent,
1394 1022 1453 1055 nisi
1480 1022 1558 1055 forte
1578 1033 1758 1055 excommu-

240 1076 413 1119 stularent,
439 1076 686 1121 impertirentur.
723 1077 811 1116 Quod
837 1077 860 1110 si
894 1076 1000 1110 sedes,

1016 1076 1109 1109 nicati
1146 1076 1193 1108 vel
1231 1075 1387 1108 interdicti
1426 1081 1477 1108 aut
1511 1075 1603 1107 etiam
1642 1075 1758 1118 publici

1017 1129 1153 1163 usurarii
1180 1134 1304 1169 essent,
1330 1129 1433 1161 nullus
1458 1129 1640 1168 absisteret,
1667 1129 1759 1161 salvis

999 1175 1000 1226 i
1018 1189 1122 1216 tamen
1137 1183 1256 1216 iuribus
1271 1183 1395 1216 illarum
1411 1183 1614 1216 ecclesiarum
1629 1211 1635 1223 ‚
1661 1194 1677 1215 a
1695 1183 1759 1227 qui-

243 1238 318 1272 stica
343 1249 360 1271 a
384 1238 494 1272 vicinis
525 1238 682 1282 episcopis
716 1239 858 1282 accipere
884 1231 1000 1272 libere}

243 1292 359 1336 absque
381 1292 627 1326 contradictione
644 1297 788 1336 possent,
806 1292 848 1325 ita
868 1297 982 1332 tamen,
999 1298 1000 1303 ¹

242 1351 277 1379 ut
297 1356 333 1378 ex
349 1345 410 1379 hoe
435 1346 642 1390 imposterum
670 1346 809 1390 propriis
827 1346 983 1390 episcopis
999 1336 1001 1376 ἶ

243 1399 364 1433 nullum
397 1399 627 1443 praeiudicium
664 1406 880 1443 generaretur.
906 1399 1001 1438 Quia}

1017 1237 1075 1270 bus
1101 1248 1236 1281 corpora
1261 1242 1460 1271 mortuorum
1486 1242 1730 1270 assumerentur.

1061 1293 1076 1335 ἓ
1106 1292 1152 1325 15.
1182 1292 1322 1325 Deeimas
1348 1297 1510 1335 praeterea
1535 1296 1561 1324 et
1588 1291 1760 1334 possessio-

1017 1356 1071 1379 nes
1097 1346 1134 1378 ad
1160 1346 1207 1378 ius
1228 1345 1433 1379 eeclesiarum
1450 1344 1606 1377 dictorum
1626 1344 1758 1377 fratrum

1018 1404 1215 1443 spectantes,
1240 1408 1318 1442 quae
1354 1409 1371 1431 a
1403 1398 1490 1431 laicis
1515 1397 1759 1436 detinebantur,

1000 1484 1001 1501 ἶ
1018 1452 1192 1486 redimendi
1211 1457 1239 1485 et
1260 1452 1400 1494 legitime
1420 1450 1573 1484 liberandi
1601 1451 1637 1483 de
1664 1452 1760 1483 mani-

243 1506 365 1550 copiam
389 1517 452 1540 non
482 1507 636 1547 habeant,
661 1507 685 1539 si
712 1518 791 1552 quos
816 1507 1001 1551 episcopos]

1000 1561 1158 1593 ,tinebant
1183 1559 1371 1597 revocandi,
1396 1558 1493 1591 libera
1530 1564 1609 1591 esset
1642 1557 1758 1590 eisdem

1018 1507 1077 1539 bus
1102 1516 1223 1545 eorum,
1248 1509 1276 1539 et
1301 1505 1338 1537 ad
1364 1504 1510 1538 ecclesias
1529 1504 1566 1536 ad
1593 1514 1669 1548 quas
1690 1515 1759 1548 per-

1018 1613 1168 1647 fratribus
1181 1612 1218 1645 de
1232 1611 1403 1655 apostolica
1417 1611 1602 1644 auctoritate
1616 1611 1759 1649 sacultas;

1019 1667 1154 1700 obeunte
1180 1675 1253 1698 vero
1275 1664 1413 1708 generali
1439 1664 1544 1708 priore
1576 1664 1759 1707 praedicto,

1022 1773 1136 1806 ibidem
1162 1772 1301 1816 qualibet
1326 1771 1536 1815 subreptionis
1562 1771 1674 1805 astutia
1705 1782 1760 1804 seu

1002 1826 1167 1870 iviolentia
1193 1829 1454 1870 praeponeretur,
1479 1824 1537 1857 nisi
1564 1835 1658 1868 quem
1686 1824 1758 1857 dicti

287 1881 302 1924 ἓ
326 1880 378 1914 13.
403 1881 480 1914 Cum
499 1884 602 1914 autem
618 1880 765 1923 generale
782 1880 983 1914 interdictum
1002 1874 1003 1916 J

244 1939 347 1968 terrae
371 1934 513 1977 adesset,
538 1934 648 1967 liceret
673 1934 788 1967 eisdem
815 1934 1004 1983 fratribus&

227 1987 358 2022 aelausis
393 1988 513 2031 ianuis⁷
539 1987 673 2021 exclusis
704 1984 1004 2021 exeommunicati&

244 2046 274 2075 et
311 2041 506 2082 interdictis,
541 2050 603 2075 non
640 2041 768 2085 pulsatis
806 2041 1004 2085 campanis„

244 2095 416 2129 dummodo
441 2105 567 2128 causam
593 2105 655 2128 non
680 2094 839 2128 dedissent
861 2094 1005 2129 interdi-'

245 2152 305 2189 cto,
319 2148 474 2182 submissa
489 2159 565 2182 voce
578 2148 682 2181 divina
696 2148 865 2181 celebrare.
883 2148 987 2182 Chris·
1003 2163 1004 2166 ¹

1021 1881 1130 1913 fratres
1159 1879 1318 1912 communi
1351 1887 1527 1917 consensu,
1554 1878 1599 1910 vel
1627 1878 1759 1910 fratrum

1022 1934 1122 1966 maior
1156 1943 1228 1977 pars
1260 1932 1381 1965 consilii
1409 1931 1562 1971 sanioris,
1588 1932 1760 1964 secundum

1020 1988 1117 2021 Deum
1143 1993 1173 2020 et
1198 1987 1228 2019 B.
1255 1986 1421 2029 Augustini
1447 1986 1588 2028 regulam
1614 1985 1761 2029 provide-

1022 2047 1090 2074 rent
1116 2039 1307 2083 eligendum.
1333 2039 1404 2072 Paci
1424 2049 1549 2083 quoque
1567 2045 1597 2071 et
1615 2039 1761 2082 tranquil-

1022 2095 1097 2128 litati
1120 2094 1277 2128 dictorum
1304 2093 1435 2125 fratrum
1462 2093 1592 2135 paterna
1616 2092 1645 2124 in
1664 2096 1762 2135 postc-

1022 2160 1091 2181 rum
1117 2147 1327 2180 sollicitudine
1354 2145 1521 2190 providere
1547 2145 1684 2184 studens,
1711 2156 1761 2178 au-

1022 2202 1164 2235 ctoritate
1189 2200 1362 2244 apostolica
1396 2199 1584 2243 prohibuit,
1618 2204 1650 2230 ut
1683 2198 1763 2231 inter

1023 2255 1183 2288 clausuras
1208 2254 1350 2287 locorum
1369 2253 1525 2286 (lictorum
1545 2253 1677 2285 fratrum
1699 2252 1763 2283 nul-

1022 2310 1070 2341 lus
1095 2308 1236 2351 rapinam
1270 2317 1324 2340 seu
1358 2307 1474 2340 furtum
1509 2306 1631 2345 facere,
1659 2305 1762 2347 ignem

1023 2371 1192 2405 apponere,
1210 2361 1394 2403 sanguinem
1414 2359 1585 2396 effundere,
1604 2359 1763 2390 homiuem

1024 2419 1142 2447 temere
1167 2424 1280 2457 capere
1306 2413 1350 2445 vel
1372 2412 1558 2451 interficere,
1576 2422 1629 2443 scu
1649 2412 1764 2444 violen-

1025 2467 1098 2500 tiam
1125 2477 1271 2500 exercere
1298 2466 1434 2498 auderet.
1466 2466 1629 2497 Praeterea
1655 2475 1763 2498 omnes

1024 2521 1184 2554 libertates
1209 2524 1238 2554 et
1263 2520 1475 2552 immunitates
1501 2530 1517 2551 a
1542 2519 1763 2562 praedeeesso-

1025 2575 1113 2608 ribus
1138 2574 1201 2607 suis
1227 2574 1374 2607 Romanis
1400 2572 1602 2606 Pontificibus
1625 2571 1702 2606 loeis
1724 2572 1765 2605 di-

1026 2635 1148 2663 ctorum
1176 2629 1307 2661 fratrum
1333 2637 1507 2668 concessas,
1527 2637 1647 2661 necnon
1673 2627 1765 2660 liber-

1766 224 1814 251 An.
1837 223 1865 249 C.
1889 224 1954 251 ¹658
