2185 3188
52 170 98 198 An.
113 168 141 197 C.
163 167 228 194 ¹657

78 229 228 252 §lectionar-ms-

53 257 147 279 flcialium
155 261 191 282 per
199 261 228 284 st>-

53 286 129 305 cretum
155 284 227 303 scruti-

52 312 106 331 nium
123 308 227 332 decernit,

52 342 89 358 net.
117 340 227 357 canonicos

52 362 152 385 beneficia
170 367 226 382 recu·

51 395 97 411 ure
108 395 168 416 posse
179 394 225 409 con·

51 416 121 437 stituit.

94 1501 222 1523 Camerarius

31 1532 34 1548 ¹,
51 1530 70 1548 ot
82 1530 175 1550 ”cristas
190 1535 220 1549 ra-

31 1562 35 1578 t

30 1585 35 1604 Ξ

32 1606 35 1630 t

51 1555 121 1576 tionem
135 1555 220 1576 reddere

51 1583 70 1602 et
81 1583 173 1611 computa
187 1581 222 1602 de-

51 1610 116 1629 cernit.

837 167 852 189 Α
859 165 1021 190 LEXANDER
1047 165 1090 189 vlt
1114 166 1161 189 Pr,

286 214 301 257 ξ
317 213 346 247 2.
363 213 538 247 Electiones
559 214 738 248 officialium
760 225 981 258 quorumcum-

243 278 302 311 que
327 267 401 299 fiant
425 278 550 311 semper
574 278 630 312 per
655 273 808 301 secretum
839 267 982 300 scrutini-

242 321 326 353 nium
353 320 383 352 in
408 320 479 353 aula
511 321 698 364 capitulari,
731 327 758 353 et
794 320 916 354 nonnisi
943 319 979 352 ad

242 383 352 413 unum;
370 383 427 406 nec
444 375 610 417 prorogari
629 374 758 418 possint,
772 374 829 406 nisi
851 373 890 407 ob
909 373 980 416 legi-

242 426 348 459 timam
374 436 499 459 causam
529 432 558 459 et
582 438 638 470 per
667 433 738 460 vota
761 433 898 468 secreta·²
919 427 978 460 ad-

242 479 468 512 ministratores
490 490 564 513 vero
594 480 761 519 bonorum,
786 481 978 521 reddituum,

241 543 294 565 seu
310 533 515 576 pecuniarum
538 533 699 574 ecclesiae,
719 535 830 577 quovis
852 535 979 567 nomine

240 585 448 629 appellentur,
465 591 535 629 post
563 596 679 618 annum
709 586 890 619 confirmari
916 597 978 620 non

239 639 378 683 possint,
408 639 466 672 nisi
491 640 577 683 prius
603 640 742 672 exhibita
772 641 891 673 ratione
916 641 977 673 dati

239 696 269 726 et
288 693 418 736 excepti,
436 698 466 725 et
483 703 544 726 non
571 693 651 725 ultra
677 693 859 726 triennium.
879 694 978 726 Porro

238 745 353 778 nemini
378 746 604 779 canonicorum
638 753 690 779 aut
720 747 975 781 beneficiatorum

238 799 328 832 liceat
351 800 501 840 officium,
523 800 560 832 ad
581 800 666 844 quod
685 800 899 844 capitulariter
917 801 976 833 ele-

238 852 277 885 cti
299 852 424 894 suerint,
447 864 602 895 recusare,
621 859 672 886 aut
691 854 773 886 illius
793 854 976 887 exercitium

237 904 373 946 differre,
401 912 620 950 praeterquam
654 907 693 939 ob
719 907 893 951 legitimum
921 909 976 940 im-

237 959 451 1003 pedimentum
477 960 516 992 ab
543 960 652 993 eodem
679 960 816 1004 capitulo
833 971 890 1005 per
908 967 976 994 vota

237 1018 355 1045 secreta
384 1013 643 1057 approbandum,
669 1015 726 1046 sub
752 1017 853 1058 poena
879 1015 978 1058 priva-

237 1065 330 1099 tionis
354 1067 495 1099 omnium
523 1067 692 1107 fructuum,
719 1067 975 1101 distributionum

237 1124 266 1151 et
294 1120 581 1153 emolumentorum
616 1131 889 1165 quorumcumque
925 1132 976 1154 eo-

237 1183 306 1205 rum
332 1172 533 1206 canonicatus
554 1179 583 1206 et
601 1174 800 1218 praebendae
825 1185 861 1207 ac
885 1174 976 1207 bene-

236 1225 298 1258 ficii
323 1226 495 1270 respective
521 1237 579 1271 per
603 1238 653 1260 sex
689 1238 832 1267 menses;
862 1228 976 1272 quihus

236 1289 273 1311 eo
294 1279 361 1323 ipso
378 1279 492 1323 privati
518 1284 714 1322 censeantur,
734 1281 848 1325 illaque
872 1291 976 1314 accre-

236 1332 382 1372 scantiis,
400 1332 451 1375 qui
477 1332 507 1364 in
526 1343 635 1366 eorum
654 1334 757 1366 locum
784 1338 813 1367 et
837 1334 974 1367 officium

236 1384 397 1428 subrogati
433 1385 573 1426 suerint,
608 1397 808 1430 quocumque
845 1398 974 1420 recursu

236 1443 266 1470 et
294 1438 502 1482 appellatione
528 1440 719 1483 postpositis.

279 1492 294 1534 g
318 1491 347 1524 3.
373 1492 554 1531 Camerarii,
586 1493 761 1532 sabricerii,
783 1494 897 1537 aliique
922 1494 974 1526 ad-

236 1545 465 1578 ministratores
497 1545 629 1578 debeant
661 1547 842 1590 frequenter
873 1548 975 1580 facere

236 1603 383 1642 computa
409 1609 518 1631 eorum
543 1600 763 1640 oeconomiae,
793 1604 821 1633 et
855 1601 882 1632 in
915 1601 975 1633 tine

236 1651 401 1685 cuiuslibet
426 1651 498 1684 anni
524 1652 676 1685 rationem
697 1652 827 1686 reddere
849 1663 976 1696 gencra—

237 1704 295 1737 lcm
312 1705 447 1749 syndicis
463 1705 501 1737 ad
519 1705 548 1738 id
566 1705 730 1749 deputatis,
749 1707 868 1750 totique
892 1708 975 1751 capi-

235 1758 313 1791 tulo:
343 1759 395 1802 qui
421 1759 445 1790 si
476 1769 537 1792 non
568 1759 762 1794 reddiderint
793 1771 850 1804 per
874 1766 973 1793 totum

237 1821 372 1845 mensem
400 1812 531 1844 ianuarii
556 1812 627 1844 anni
653 1813 821 1856 sequentis,
840 1818 900 1846 tam
924 1825 973 1846 ca-

236 1865 372 1905 merarii,
393 1865 549 1898 fabricerii
571 1872 597 1898 et
625 1866 895 1900 administratores
923 1878 974 1900 su-

235 1918 377 1961 pradicti,
398 1929 491 1962 quam
517 1918 646 1962 syndici,
671 1919 694 1951 si
721 1930 782 1952 non
804 1920 970 1953 institerint

235 1976 264 2005 et
287 1972 481 2015 negligentes
506 1973 622 2005 suerint
648 1973 677 2004 in
705 1974 859 2007 revisione
892 1985 973 2007 com-

235 2031 406 2069 putorum,
434 2026 574 2059 amittant
611 2026 847 2061 distributiones
878 2028 971 2061 trium

236 2079 399 2120 mensium,
414 2084 443 2111 et
460 2079 591 2111 ulterius
604 2078 704 2113 donec
722 2080 972 2124 adimpleverint,

234 2142 269 2165 ac
283 2132 518 2165 distributiones
534 2132 710 2175 praedictae
726 2134 834 2166 cedant
850 2145 887 2167 eo
906 2135 972 2178 ipso

236 2185 265 2217 in
290 2185 455 2217 utilitatem
481 2185 651 2224 sacristiae,
673 2189 898 2230 teneanturque
925 2198 972 2220 sa-

235 2237 359 2272 cristani
393 2239 450 2270 sub
481 2240 581 2282 poena
607 2240 744 2272 solvendi
771 2240 808 2272 de
842 2241 972 2284 proprio

235 2301 328 2334 agere
349 2302 455 2325 coram
478 2292 541 2324 suis
562 2292 717 2325 iudicibus
734 2303 791 2336 pro
817 2294 972 2326 solutione

235 2355 352 2388 poenae
376 2345 563 2389 praedictae.
581 2346 668 2384 Quod
689 2347 713 2378 si
739 2347 810 2379 novi
833 2358 971 2380 camera-

235 2397 273 2430 rii
295 2403 449 2430 mensatas
473 2408 535 2431 non
560 2398 745 2432 retinuerint
761 2399 798 2431 ad
823 2400 972 2443 praescri-

236 2456 320 2493 ptum
346 2452 557 2494 praesentium
583 2452 780 2492 litterarum,
809 2458 972 2486 teneantur

237 2503 266 2535 in
284 2503 416 2537 solidum
436 2504 602 2537 refundere
616 2505 717 2538 eidem
734 2505 892 2539 sacristiae
911 2512 972 2539 tan-

238 2556 371 2589 tumdem
391 2558 427 2589 de
453 2558 599 2600 proprio:
618 2564 708 2600 atque
726 2558 800 2589 bace
819 2558 971 2601 obligatio

1663 158 1728 191 ⁶269

1016 214 1157 246 omnium
1179 214 1271 248 duret
1288 225 1453 259 quousque
1479 216 1616 249 rationes
1637 215 1758 258 integre

1017 266 1199 307 reddantur,
1218 277 1274 299 nec
1301 268 1513 311 intelligantur
1535 269 1673 302 redditae
1699 269 1757 301 nisi

1016 320 1132 352 fuerint
1158 321 1302 364 producti
1329 321 1399 353 libri
1425 322 1487 354 dati
1514 329 1542 354 et
1567 323 1696 366 accepti,
1723 332 1757 354 ac

1016 373 1228 413 residuorum,
1257 374 1484 418 nominumque
1510 375 1700 415 debitorum,
1729 381 1758 407 et

1014 425 1152 458 exhibita
1177 432 1325 470 computa
1343 428 1512 469 generalia,
1530 438 1628 471 eaque
1657 428 1757 460 iurata

1014 488 1049 511 ac
1063 479 1204 521 solidata,
1220 480 1463 524 persolutusque
1478 481 1674 524 relinquatur
1685 491 1755 513 cum

1015 532 1198 566 liberatione
1232 544 1249 566 a
1279 534 1373 576 pleno
1406 535 1543 578 capitulo
1576 535 1754 568 obtinenda.

1014 585 1293 620 Administratores
1307 597 1432 630 quoque
1447 588 1688 630 praeteritorum
1707 599 1757 620 an-

1015 648 1138 678 norum,
1157 639 1209 682 qui
1235 639 1385 672 hactenus
1411 640 1627 673 liberationem
1653 641 1756 673 liuius-

1014 691 1097 724 modi
1113 693 1271 724 consecuti
1286 703 1348 725 non
1367 693 1492 733 suerint,
1510 699 1682 733 teneantur,
1698 694 1755 725 sub

1013 744 1129 777 eisdem
1155 746 1275 788 poenis,
1295 746 1389 780 modo
1409 752 1438 778 et
1459 747 1559 779 forma
1586 747 1754 790 praedictis

1012 798 1187 841 producere
1213 799 1294 832 intra
1319 800 1487 833 terminum
1506 800 1640 833 duorum
1668 811 1754 833 men-

1013 852 1092 884 sium
1119 854 1340 895 proximorum
1367 854 1471 886 omnia
1504 865 1558 886 sua
1583 860 1753 898 computa,

1012 915 1110 948 eaque
1134 916 1150 938 a
1175 906 1311 950 syndicis
1347 906 1478 939 solidata
1508 913 1535 939 et
1567 918 1583 939 a
1617 907 1754 950 capitulo

1009 959 1182 1002 approbata
1208 966 1381 1003 reportare.

1056 1013 1070 1055 ἓ
1095 1013 1124 1045 si.
1150 1013 1295 1046 Ceterum
1321 1013 1444 1046 easdem
1472 1018 1652 1057 praesentes
1678 1015 1753 1048 litte-

1013 1076 1062 1097 ras
1087 1072 1113 1097 et
1139 1067 1167 1098 in
1186 1067 1229 1099 eis
1255 1073 1401 1100 contenta
1425 1078 1641 1112 quaecumque
1666 1070 1752 1102 nullo

1012 1129 1148 1163 unquam
1164 1126 1307 1165 tempore
1320 1121 1358 1154 de
1372 1122 1584 1166 subreptionis
1597 1123 1646 1156 rel
1665 1123 1754 1156 obre-

1011 1173 1126 1216 ptionis
1144 1178 1195 1208 aut
1220 1175 1371 1209 nullitatis
1393 1175 1476 1217 vitio,
1498 1176 1544 1208 vel
1572 1177 1752 1211 intentionis

1011 1232 1136 1259 nostrae
1166 1234 1218 1260 aut
1242 1228 1393 1261 interesse
1418 1229 1599 1262 habentium
1625 1240 1754 1262 consen-

1010 1290 1072 1320 sus,
1090 1280 1190 1313 aliove
1216 1281 1356 1324 quolibet
1374 1282 1573 1325 quantumvis
1592 1293 1705 1325 magno
1723 1290 1751 1316 et

1010 1333 1206 1366 substantiali
1240 1334 1361 1367 defectu
1394 1336 1517 1377 notari,
1550 1337 1751 1380 impugnari,

1009 1392 1059 1418 aut
1094 1387 1123 1418 in
1155 1388 1403 1421 controversiam
1430 1390 1592 1429 revocari,
1625 1400 1678 1422 seu
1714 1391 1751 1422 ad

1011 1440 1162 1473 terminos
1187 1441 1264 1474 iuris
1290 1441 1410 1482 reduci,
1436 1442 1483 1475 vel
1509 1442 1658 1475 adversus
1685 1443 1752 1476 illas

1009 1493 1232 1537 quodcumque
1257 1494 1351 1533 iuris,
1377 1496 1447 1528 facti
1478 1496 1524 1528 vet
1556 1497 1675 1539 gratiae
1701 1507 1751 1529 re-

1011 1546 1148 1579 medium
1176 1547 1341 1591 impetrari
1366 1559 1470 1592 posse,
1488 1549 1542 1582 sed
1557 1559 1681 1593 semper
1702 1550 1751 1582 tir-

1010 1609 1085 1637 mas,
1104 1600 1219 1632 validas
1245 1606 1274 1633 et
1299 1601 1440 1634 efficaces
1466 1603 1598 1635 existere
1619 1608 1648 1634 et
1673 1603 1749 1643 sore,

1009 1663 1043 1685 ac
1069 1653 1106 1685 ab
1133 1654 1202 1695 iltis,
1228 1654 1265 1686 ad
1286 1665 1364 1698 quos
1386 1661 1506 1699 spectat
1531 1661 1556 1687 et
1586 1667 1644 1700 pro
1672 1660 1749 1690 tem-

1008 1716 1085 1749 pore
1111 1707 1374 1751 quandocumque
1400 1708 1564 1751 spectabit,
1591 1709 1750 1742 inviolabi-

1008 1759 1078 1792 liter
1103 1760 1279 1801 observari,
1311 1762 1418 1805 sicque
1452 1768 1481 1794 et
1508 1773 1570 1795 non
1595 1763 1685 1796 aliter
1719 1764 1749 1797 iu

1007 1813 1188 1856 praemissis
1212 1824 1269 1857 per
1295 1825 1512 1859 quoscumque
1533 1816 1650 1849 iudices
1670 1816 1751 1849 ordi-

1007 1866 1112 1898 narios
1133 1872 1161 1898 et
1187 1867 1357 1909 delegatOS,
1374 1868 1465 1902 etiam
1486 1880 1650 1902 causarum
1669 1871 1750 1913 pala-

1007 1918 1040 1950 tii
1059 1919 1222 1962 apostolici
1241 1920 1410 1960 auditores,
1425 1931 1459 1954 ac
1478 1922 1616 1955 ciusdem
1631 1923 1703 1956 SR.
1716 1924 1747 1955 E.

1007 1972 1191 2013 cardinales,
1217 1974 1309 2006 etiam
1328 1974 1365 2006 de
1384 1975 1480 2007 latere
1499 1975 1628 2017 legatos,
1656 1976 1748 2009 alios-

1006 2035 1066 2067 que
1091 2026 1267 2069 quoslibet,
1295 2028 1404 2071 quavis
1429 2029 1614 2061 auctoritate
1639 2035 1668 2061 et
1694 2040 1748 2072 po-

1007 2084 1115 2110 testate
1141 2080 1306 2122 sungentes
1332 2087 1360 2114 et
1385 2082 1649 2125 quandocumque
1677 2084 1747 2115 fun-

1006 2136 1122 2171 cturos,
1148 2133 1268 2165 sublata
1291 2134 1335 2166 eis
1351 2140 1380 2166 et
1405 2146 1514 2167 eorum
1534 2136 1660 2169 cuilibet
1677 2147 1749 2180 qua-

1007 2184 1050 2215 ris
1083 2185 1172 2217 aliter
1206 2186 1361 2219 iudicandi
1395 2193 1423 2219 ct
1455 2188 1679 2231 interpretandi
1706 2190 1747 2222 t'a-

1006 2237 1119 2269 cultate
1136 2243 1163 2270 et
1183 2240 1379 2279 auctoritate,
1398 2240 1528 2273 iudicari
1561 2246 1590 2273 et
1622 2241 1746 2274 definiri

1006 2290 1130 2330 debere,
1149 2302 1184 2323 ac
1202 2292 1326 2325 irritum
1341 2299 1369 2325 et
1385 2294 1485 2333 inane,
1504 2294 1527 2326 si
1546 2305 1636 2327 secus
1650 2305 1746 2338 super

1006 2343 1053 2375 liis
1070 2354 1085 2375 a
1107 2354 1277 2387 quoquam,
1296 2346 1404 2390 quavis
1429 2347 1625 2387 auctoritate,
1651 2348 1746 2380 scieu-

1007 2403 1052 2429 tcr
1079 2397 1123 2428 rel
1159 2396 1362 2438 ignoranter,
1388 2399 1556 2442 contigerit
1588 2401 1743 2434 attentari.

1776 168 1823 194 Αη.
1840 169 1866 195 C.
1891 171 1956 199 1657

1781 1055 1783 1057 Ι
1796 1028 1907 1050 Decretum
1928 1031 1954 1051 ir·

1769 1058 1841 1078 stlatis.

1050 2452 1064 2492 g
1082 2450 1109 2481 ἴ),
1126 2450 1191 2482 Non
1210 2451 1392 2484 obsantibus
1407 2453 1599 2495 praemissis,
1614 2464 1658 2492 ac,
1673 2465 1745 2498 qua-
1761 2459 1941 2480 C0¹¹¹r1r¹³¹0¹¹¹‘-

1006 2509 1094 2536 tenus
1115 2513 1193 2545 opus
1211 2504 1260 2543 sit,
1278 2508 1386 2538 nostra
1404 2511 1431 2538 et
1450 2507 1654 2540 cancellariae
1674 2519 1745 2551 apo-

1007 2558 1133 2589 stolicae
1155 2558 1261 2597 res-*ula
1283 2559 1319 2589 de
1337 2569 1397 2591 non
1417 2560 1552 2593 tollendo
1571 2561 1636 2593 iure
1655 2572 1744 2604 quae
