2243 3205
60 189 107 214 An.
124 185 152 212 C.
171 184 241 210 ¹660

88 935 208 957 Concessio.

83 2027 87 2031 .
97 1999 205 2021 Decretum
224 1999 250 2020 ir-

72 2029 142 2048 ruam.

76 2317 182 2339 Contraria
192 2319 253 2340 tollit.

853 179 1038 205 ALEXANDER
1058 179 1102 203 VI!
1123 180 1170 203 PP-

254 230 398 274 cipiendo
422 240 439 262 a
464 231 638 262 memorata
673 228 835 273 provincia
868 229 992 271 Arago-

253 283 334 323 niae,
354 283 422 316 fieri
448 282 578 323 debere;
604 283 645 316 ita
669 287 713 323 ut,
734 282 895 315 eveniente
921 291 995 314 casu

254 346 317 380 quo
343 336 465 370 vocales
490 335 650 368 indiarum
676 335 814 379 capitulo
839 345 897 379 pro
915 340 994 367 tem-

254 399 332 433 pore
357 388 546 422 celebrando
571 389 706 432 tempori
732 388 841 421 adesse
864 396 928 421 non
947 397 996 419 va-

254 443 348 483 leant,
372 448 447 476 tunc
471 452 551 475 unus
567 442 700 474 fratrum
725 441 908 485 provinciae
924 440 996 474 sub-

256 496 415 540 sequentis
428 496 512 530 iuxta
530 496 673 529 ordinem
699 506 795 540 supra
812 505 995 540 expressum

256 549 288 581 in
312 549 462 583 vicarium
492 549 672 592 generalem
701 548 909 593 primodictae
927 557 997 581 eon-

256 602 449 646 gregationis
463 602 535 645 eligi
550 602 671 635 debeat.
689 602 791 641 Quare
808 602 910 635 dictus
927 612 996 646 pro-

259 661 386 689 curator
402 656 559 699 generalis
576 655 763 689 dilectorum
785 655 923 689 filiorum
940 655 998 688 fra-

255 714 340 742 trum
365 708 604 753 provinciarum
635 708 868 753 praedictarum
900 708 998 741 nomi-

256 774 295 797 ne
325 763 416 797 nobis
447 763 609 796 humiliter
641 763 814 807 supplicari
847 763 936 804 fecit,
965 766 999 796 ut

257 817 288 849 in
313 816 494 860 praemissis
519 821 696 860 opportune
717 816 886 860 providere
911 820 941 850 et
967 821 999 848 ut

258 870 337 902 infra
362 870 524 913 indulgere
549 869 587 902 de
612 869 805 912 benignitate
825 869 998 913 apostolica

257 922 472 966 dignaremur.
498 923 560 956 Nos
585 921 698 965 igitur,
723 922 850 955 eosdem
876 933 995 966 procu-

257 981 395 1010 ratorem
421 977 602 1020 generalem
623 980 653 1010 et
675 977 787 1010 fratres
811 976 999 1020 specialibus

257 1031 416 1065 favoribus
436 1037 466 1064 et
486 1030 594 1074 gratiis
619 1030 767 1074 prosequi
793 1030 950 1071 volentes,
969 1035 999 1062 et

258 1088 369 1118 eorum
395 1084 570 1127 singulares
603 1093 754 1127 personas
785 1093 802 1115 a
837 1083 999 1127 quibusvis

258 1137 602 1178 excommunicationis,
622 1141 691 1178 etc„
715 1137 826 1170 harum
852 1137 933 1169 serie
951 1136 1000 1169 ab·

258 1191 413 1225 solventes
450 1196 479 1224 et
515 1191 675 1224 absolutas
713 1190 779 1224 fore
815 1195 977 1223 censentes
992 1217 999 1230 ‚

258 1244 439 1278 huiusmodi
452 1244 733 1288 supplicationibus
750 1243 899 1285 inclinati,
915 1253 1001 1287 prae-

257 1303 417 1331 narratam
443 1297 660 1331 alternativam
679 1297 870 1331 electionum
892 1295 999 1329 vicarii

259 1351 416 1395 generalis
440 1350 697 1394 congregationis
714 1349 906 1392 huiusmodi,
923 1353 1000 1384 tam-

260 1416 354 1449 quam
381 1404 604 1448 religiosorum
631 1403 848 1447 tranquillitati
870 1408 899 1437 et
915 1403 1001 1436 bono

260 1457 406 1501 regimini
422 1462 667 1491 memoratarum
679 1456 915 1500 provinciarum
932 1467 1002 1499 pro-

260 1511 375 1544 ficuam
401 1516 431 1544 et
454 1516 707 1551 consentaneam,
728 1509 822 1543 modo
848 1514 877 1544 et
902 1510 1002 1542 forma

261 1575 357 1608 supra
380 1564 546 1608 expressis,
557 1569 722 1607 quatenus,
739 1568 773 1595 ut
792 1563 955 1603 asseritur,
972 1562 1001 1594 in

261 1618 398 1662 capitulo
422 1617 561 1661 generali
582 1617 751 1651 novissime
776 1616 935 1650 celebrato
960 1616 1003 1649 le-

261 1671 370 1714 gitime
387 1671 481 1704 suerit
506 1670 642 1711 obtenta,
660 1669 874 1710 auctoritate¹‚
896 1675 1003 1702 tenore

261 1724 485 1769 praesentium⁷
498 1724 711 1768 approbamus
725 1729 754 1756 et
768 1723 1003 1763 confirmamus

261 1788 298 1811 ac
324 1778 407 1810 iuxta
433 1777 562 1821 praefati
590 1777 716 1821 capituli
735 1777 896 1810 decretum
917 1776 1006 1809 desu-

261 1842 320 1876 per
351 1837 530 1864 emanatum
563 1831 631 1864 fieri
664 1836 694 1863 et
725 1830 885 1864 observari
922 1830 1005 1863 eirca

263 1884 406 1918 eamdem
424 1885 641 1918 alternativam
658 1884 843 1917 mandamus
868 1889 897 1916 et
917 1894 1006 1928 prae-

265 1937 411 1982 cipimus.

310 1992 325 2035 ξ
344 1991 374 2024 2.
395 1991 604 2024 Decernentes
622 1991 746 2025 easdem
764 1996 944 2035 praesentes
961 1991 1007 2023 lit—

265 2048 348 2079 teras
367 2056 492 2089 semper
513 2045 631 2086 firmas,
650 2049 723 2085 etc.²
741 2045 848 2088 sieque
866 2045 896 2077 in
916 2055 1007 2088 prae-

266 2097 370 2131 missis
385 2108 441 2142 per
458 2108 675 2142 quoscumque
695 2097 813 2131 iudices
830 2097 1007 2131 ordinarios

267 2154 296 2186 el
320 2152 480 2195 delegatos
504 2152 628 2184 definiri
660 2152 794 2193 debere,
822 2162 857 2184 ac
882 2151 1006 2184 irritum

269 2210 299 2238 et
324 2205 426 2246 inane,
450 2205 474 2238 si
504 2216 605 2246 secuS,
635 2210 703 2246 etc„
725 2204 893 2248 contigerit
914 2209 1009 2238 atten-

269 2258 337 2292 tari.

313 2313 328 2356 ἓ
344 2312 374 2345 3.
388 2313 456 2346 Non
473 2311 667 2345 obstantibus
681 2311 873 2355 praemissis
887 2321 922 2344 ac
940 2321 1010 2344 con-

269 2365 484 2398 stitutionibus
501 2370 530 2397 ct
549 2364 799 2397 ordinationibus
820 2364 1008 2408 apostolicis,

269 2428 402 2459 necnon,
419 2423 573 2461 quatenus
591 2428 671 2461 opus
689 2418 738 2458 sit,
756 2417 1009 2460 congregationis

270 2472 438 2516 Hispaniae
462 2477 492 2505 et
511 2472 669 2505 Indiarum
688 2471 817 2515 eiusque
836 2471 1011 2515 provincia-

270 2537 340 2559 rum
367 2525 557 2566 huiusmodi,
584 2529 613 2559 et
637 2526 705 2558 aliis
730 2525 909 2569 quibusvis,
934 2530 1010 2565 etc.;

309 2589 318 2614 1
344 2588 422 2615 Deest
437 2588 592 2623 apostolice
608 2589 647 2617 (n.
665 2588 713 2620 τ.),

1029 227 1144 271 quibus
1158 227 1305 260 omnibus
1326 232 1356 260 et
1372 226 1514 270 singulis,
1535 226 1662 260 illorum
1683 231 1772 259 teno-

1030 291 1080 313 res
1097 280 1325 324 praesentibus‚
1345 286 1415 322 etc.‚
1435 281 1494 314 hac
1510 281 1577 314 vice
1599 280 1771 321 dumtaxat,

1030 333 1208 378 specialiter
1225 339 1255 367 et
1272 344 1418 378 expresse
1432 334 1631 377 derogamus;
1649 333 1773 366 ceteris-

1030 398 1091 431 que
1115 388 1281 421 contrariis
1302 388 1563 432 quibuscumque.

1075 441 1186 474 Datum
1216 441 1343 482 Romae,
1368 441 1449 485 apud
1475 441 1503 475 S.
1529 440 1656 473 Mariam
1683 439 1774 473 Maio-

1031 505 1109 536 rem,
1130 495 1187 528 sub
1207 495 1323 528 annulo
1348 495 1532 536 Piscatoris,
1560 495 1610 527 die
1630 504 1705 528 xxm
1731 494 1773 526 fe-

1031 548 1151 581 bruarii
1166 558 1281 589 MDCLx,
1296 548 1496 592 pontificatus
1509 548 1607 582 nostri
1623 557 1703 580 anno
1721 557 1749 579 v.

1068 611 1124 638 Dat.
1142 611 1186 638 die
1202 611 1235 639 23
1250 611 1381 639 februarii
1397 611 1475 645 1660,
1494 611 1588 646 pontif.
1608 619 1678 638 anno
1694 617 1719 636 v.

1305 753 1507 788 CCLXXXIII.

1035 834 1246 877 Confirmatio
1270 833 1487 877 quorumdam
1507 833 1708 866 cleerelorwn
1729 843 1777 865 ca-

1076 887 1180 931 pituli
1201 887 1416 931 provincialis
1428 886 1617 930 provinciae
1634 886 1666 920 S.
1683 886 1777 919 Ioan-

1077 941 1151 975 nis¹
1181 942 1283 974 Tertii
1309 940 1444 975 Ordinis
1476 941 1582 973 sancti
1605 940 1778 973 Francisci

1077 989 1114 1027 in
1141 994 1263 1034 Gallia,
1284 1004 1343 1037 per
1367 1004 1450 1037 quae
1467 992 1657 1036 providetur
1677 992 1778 1025 diver-

1077 1048 1122 1080 sis
1139 1047 1266 1080 casibus
1276 1057 1335 1090 per
1348 1050 1471 1079 statuta
1490 1046 1659 1089 qeneralia
1684 1046 1778 1078 omis-

1078 1101 1122 1133 sis
1146 1101 1183 1133 in
1208 1111 1284 1133 casu
1308 1099 1423 1132 mortis
1441 1099 1656 1143 provincialis
1674 1103 1701 1131 el
1721 1109 1776 1131 va-

1078 1154 1216 1187 cationis
1241 1153 1417 1196 officiorum
1439 1152 1647 1196 definitorum
1664 1156 1777 1184 actita-

1080 1207 1161 1240 lium
1179 1207 1284 1240 dictae
1297 1206 1496 1250 provinciae,
1516 1216 1630 1249 nempe
1657 1209 1693 1238 ut
1714 1205 1777 1238 alii

1079 1261 1163 1294 cercd
1181 1260 1288 1303 forme
1312 1258 1557 1304 subroyentur-2.

1230 1341 1395 1368 Alexander
1414 1341 1494 1374 Papa
1513 1340 1581 1371 vn,

1179 1385 1215 1412 ad
1236 1385 1370 1413 futuram
1389 1385 1433 1412 rei
1453 1384 1634 1412 memoriam.

1082 1456 1096 1499 ξ
1121 1456 1150 1488 t.
1177 1456 1296 1499 Exponi
1321 1456 1413 1488 nobis
1438 1465 1542 1498 nuper
1567 1455 1707 1487 fecerunt
1731 1454 1777 1487 di-

1036 1509 1107 1542 lecti
1133 1508 1188 1541 filii
1213 1509 1328 1541 fratres
1354 1508 1537 1552 provinciae
1562 1508 1591 1540 S.
1617 1507 1722 1540 lvonis
1747 1507 1779 1539 in

1037 1561 1135 1595 Gallia
1148 1561 1243 1593 Tertii
1259 1560 1384 1603 Ordinis
1398 1561 1495 1593 sancti
1510 1560 1679 1601 Francisci,
1694 1560 1779 1602 quod

1039 1615 1096 1658 ipsi
1121 1615 1152 1647 in
1177 1624 1287 1647 eorum
1321 1614 1458 1658 capitulo
1490 1613 1674 1658 provinciali
1699 1623 1777 1646 con-

1039 1668 1170 1711 gregati7
1185 1667 1224 1700 ad
1242 1667 1422 1700 evertenda⁸
1436 1667 1542 1710 gravia
1556 1667 1779 1700 continuorum

1040 1727 1102 1753 tam
1127 1720 1164 1753 ad
1197 1720 1278 1758 hane
1308 1720 1452 1753 Sanctam
1477 1720 1588 1754 Sedem
1615 1730 1708 1765 quam
1742 1719 1780 1752 ad

1039 1775 1187 1807 dilectum
1206 1774 1306 1806 filium
1328 1774 1506 1807 ministrum
1525 1773 1706 1816 generalem
1725 1772 1781 1806 Or-

1040 1828 1120 1860 dinis
1154 1827 1286 1860 fratrum
1312 1826 1467 1860 Minorum
1499 1827 1596 1860 sancti
1622 1826 1780 1859 Francisci

1040 1883 1078 1916 de
1102 1881 1307 1916 Observantia
1331 1886 1584 1925 nuncupatorum
1611 1880 1642 1912 in
1668 1890 1780 1913 occur-

1040 1936 1182 1970 rentibus
1207 1936 1331 1969 casibus
1356 1935 1471 1978 quibus
1495 1945 1552 1978 per
1581 1938 1694 1968 statuta
1727 1944 1780 1976 ge-

1041 1990 1158 2023 neralia
1182 1989 1362 2033 primodicti
1386 1988 1511 2022 Ordinis
1536 1989 1698 2032 provisum
1719 1997 1782 2020 non

1041 2048 1087 2076 est
1111 2053 1297 2076 recursuum
1335 2042 1606 2082 inconvenientia,
1632 2040 1782 2074 nonnulla

1041 2096 1167 2129 decreta
1199 2096 1295 2129 semel
1333 2096 1533 2138 iterumque,
1569 2094 1782 2128 consentiente

1042 2150 1152 2183 eodem
1170 2149 1316 2183 ministro
1338 2149 1487 2192 generali,
1512 2148 1703 2181 unanimiter
1721 2147 1783 2180 edi-

1042 2203 1156 2236 derunt
1179 2202 1297 2235 tenoris
1321 2202 1374 2246 qui
1400 2202 1552 2246 sequitur,
1580 2201 1738 2234 videlicet:

1092 2268 1104 2287 a
1131 2255 1162 2289 Si
1184 2255 1408 2299 provincialem
1429 2252 1606 2287 ministrum
1631 2254 1660 2286 in
1681 2252 1784 2286 officio

1043 2309 1123 2342 mori
1142 2309 1319 2352 eontigerit,
1337 2307 1529 2352 guardianus
1547 2308 1618 2347 loci,
1633 2307 1684 2340 ubi
1703 2306 1784 2340 obie-

1044 2363 1092 2404 rit,
1108 2368 1137 2395 et
1151 2363 1338 2396 secretarius
1349 2362 1498 2403 defuncti,
1510 2361 1682 2405 scripturas
1696 2371 1785 2405 quas-

1044 2427 1180 2460 cumque
1205 2417 1243 2449 ad
1259 2416 1453 2460 provinciam
1476 2420 1505 2449 et
1526 2415 1650 2459 negotia
1674 2415 1785 2459 quovis

1082 2500 1091 2523 1
1116 2497 1144 2523 ln
1159 2500 1231 2523 textu
1246 2496 1345 2532 legitur
1361 2497 1390 2524 S.
1409 2497 1505 2523 lvonis
1521 2497 1560 2531 (n.
1576 2496 1624 2529 in).

1080 2541 1097 2567 2
1117 2540 1152 2567 Ex
1172 2540 1278 2576 Regest.
1299 2540 1326 2567 in
1345 2540 1446 2567 Secret.
1468 2540 1549 2567 Brev.

1079 2585 1096 2613 3
1116 2585 1206 2613 Potius
1226 2586 1286 2620 lege
1305 2585 1460 2614 avertenda
1480 2587 1519 2621 (e.
1540 2586 1589 2620 T.).

1672 168 1735 201 539
1784 177 1832 203 An.
1851 177 1878 203 e.
1901 177 1970 204 1660

1821 1462 1961 1484 Prooemium.
