2185 3188
60 182 106 208 Λη.
126 180 153 207 C.
176 180 240 208 1655

82 831 222 858 supplicatio.

81 1793 180 1813 Det-terat
201 1791 236 1813 atl-

54 1820 173 1840 missionem
191 1824 237 1845 pro·

54 1847 155 1867 sessorum
209 1845 235 1865 ad

61 1873 229 1900 respondendum

54 1900 98 1920 fieri
157 1900 235 1920 debere

53 1929 115 1953 prout
134 1926 154 1947 in
169 1926 236 1948 rubri-

53 1961 87 1976 ca.

850 173 1037 197 ALEXANDER

598 226 655 259 XL.

255 299 408 333 Declarat
441 298 673 331 admissionem
705 297 924 340 professorum
953 294 996 327 ad

298 351 559 396 respondendum
590 361 649 395 pro
681 351 746 383 loco
778 349 818 382 ab
851 349 995 392 episcopo

300 406 514 445 Cracoviensi,
536 416 601 438 non
617 405 722 437 solum
741 414 813 436 cum
831 406 950 435 rectore
967 407 994 434 et

297 459 427 492 decanis
450 459 647 502 facultatum
671 456 857 490 academiae
883 456 994 490 Craco-

297 513 426 552 viensis,
439 512 493 545 sea
513 512 611 545 etiam
628 522 701 543 cum
717 510 838 549 ceteris,
859 509 902 542 ad
918 520 995 553 quos

299 566 442 609 legsitime
466 566 496 598 ei
519 566 672 598 interesse
695 567 825 607 spectat,
853 563 926 605 fieri
942 563 994 596 de-

297 617 397 652 bere¹.

446 698 612 725 Alexander
634 697 713 730 Papa
733 696 796 729 vn,

393 743 429 770 ad
448 743 582 770 futuram
601 742 646 769 rei
669 741 849 769 memoriam.

297 815 311 859 g
335 815 365 848 ⁴1.
390 814 477 855 Cum,
495 814 576 847 sicut
600 813 787 847 venerabilis
811 813 908 846 frater
932 813 994 857 epi-

252 879 366 913 seopus
391 867 603 902 Craeoviensis
634 867 726 900 nobis
753 877 855 911 nuper
879 867 991 911 exponi

252 923 333 963 fecit,
351 933 387 956 ex
413 933 449 956 eo
478 921 539 966 qod
564 921 594 954 in
619 921 806 966 (piibusdam
828 921 926 954 felicis
947 931 993 954 re-

252 975 444 1009 eordationis
460 975 632 1009 Innocentii
654 976 754 1019 Papae
768 976 790 1008 X
808 975 991 1019 praedeees-

253 1030 333 1064 soris
351 1030 448 1064 nostri
466 1029 578 1062 litteris
602 1029 634 1061 in
654 1028 748 1061 simili
768 1029 868 1062 forma
886 1028 992 1061 Brevis

252 1084 301 1117 die
333 1094 352 1118 v
372 1083 553 1117 novembris
587 1093 705 1117 uncum
737 1082 911 1126 expeditis,
935 1093 992 1127 per

252 1147 337 1181 quas,
363 1137 444 1170 inter
468 1137 537 1179 alia,
564 1136 737 1170 iurisdictio
769 1142 798 1169 et
822 1137 992 1170 auctoritas

252 1191 389 1235 episcopi
407 1190 619 1224 Cracoviensis
633 1190 809 1234 specialiter
830 1190 860 1223 in
878 1190 991 1224 admis-

252 1244 337 1278 sione
360 1244 572 1288 professorum
598 1244 635 1276 ad
662 1244 914 1288 respondendum
932 1255 991 1288 pro

252 1299 322 1331 loco
346 1300 407 1331 una
434 1309 503 1331 eum
529 1303 651 1331 rectore
670 1303 698 1330 et
718 1297 843 1331 decanis
868 1298 992 1331 saculta·

253 1357 318 1384 tum
343 1351 553 1384 universitatis
578 1362 633 1384 seu
657 1351 834 1385 academiae
859 1352 992 1386 civitatis

254 1405 467 1438 Cracoviensis
487 1405 702 1447 confirmatur,
728 1411 871 1439 exortum
899 1407 992 1440 suerit

255 1458 398 1499 dubium,
418 1463 534 1500 utrum,
551 1464 680 1503 propter
697 1460 880 1493 eorumdem
894 1466 992 1495 recto-

255 1512 297 1545 ris
318 1518 347 1545 et
375 1511 564 1546 decanorum
584 1513 826 1557 expressionem,
846 1515 940 1548 ceteri
962 1515 991 1548 in

254 1565 433 1599 huiusmodi
467 1566 687 1600 admissionem
714 1568 929 1610 professorum
955 1569 991 1601 ad

254 1619 504 1663 respondendum
533 1630 591 1664 pro
616 1621 686 1654 loco
712 1620 758 1653 ius
777 1623 837 1653 una
862 1632 931 1654 cum
951 1622 992 1654 di-

253 1673 309 1706 etis
334 1678 456 1706 rectore
481 1678 511 1705 et
540 1673 665 1706 decanis
697 1674 846 1708 habentes
876 1675 914 1708 ab
939 1676 991 1708 illa

253 1727 367 1760 exclusi
393 1728 513 1761 censeri
539 1727 691 1760 debeant:

296 1781 311 1825 ξ
331 1781 359 1813 02.
378 1781 449 1822 Nos,
467 1781 598 1814 dubium
617 1780 798 1814 huiusmodi
818 1782 937 1824 tollere,
955 1793 990 1816 ac

251 1834 444 1878 praedictum
480 1834 664 1879 episcopum
693 1834 880 1878 specialibus
906 1836 988 1870 savo-

251 1888 338 1921 ribus
355 1893 383 1921 et
397 1888 506 1932 gratiis
523 1889 671 1932 prosequi
689 1889 877 1930 volentes,et
891 1900 907 1921 a
926 1890 990 1934 qui-

250 1943 356 1975 busvis
373 1943 714 1986 excommunicationis,
729 1944 943 1987 suspensionis
960 1950 989 1978 et

250 1996 418 2038 interdicti,
435 1996 565 2040 aliisque
582 1996 801 2030 ecelesiasticis
818 1997 988 2039 sententiis,

250 2050 390 2083 censuris
416 2056 445 2082 et
469 2051 588 2094 poeniS‚
603 2062 619 2084 a
637 2051 705 2084 iure
723 2052 769 2084 vel
795 2051 832 2084 ab
850 2052 988 2093 homine,

249 2104 358 2148 quavis
382 2104 545 2137 occasione
564 2104 609 2137 vel
627 2106 717 2137 eausa
735 2105 814 2146 latis,
833 2105 857 2137 si
876 2106 989 2149 quibus

249 2157 486 2201 quomodolibet
511 2158 674 2191 innodatus
707 2159 826 2200 existit,
852 2159 888 2191 ad
915 2159 987 2192 esse-

250 2217 334 2243 etum
359 2211 570 2255 praesentium
602 2212 761 2244 dumtaxat
786 2223 985 2256 consequen-

250 2265 335 2306 dum,
357 2266 467 2298 harum
493 2265 573 2298 serie
595 2265 791 2299 absolventes
815 2272 845 2300 et
869 2267 989 2299 absolu—

251 2324 316 2352 tum
343 2320 408 2353 fore
433 2325 603 2361 censentes,
621 2321 902 2364 supplicationibus
923 2321 989 2355 eius

250 2374 378 2407 nomino
403 2373 495 2407 nobis
521 2384 618 2417 super
639 2374 698 2407 lioc
722 2374 884 2407 humiliter
908 2386 984 2419 por-

250 2427 344 2460 rectis
370 2427 518 2469 inelinati,
536 2437 657 2460 necnon
682 2428 913 2472 praedictarum
940 2430 987 2462 ln-

250 2481 666 2524 nocentiijfpraedecessoris
698 2482 873 2514 litterarum
907 2486 989 2517 teno-

250 2545 316 2568 rem
335 2535 549 2578 praesentibus
568 2546 625 2578 pro
644 2536 734 2578 plene
751 2541 780 2568 et
797 2537 988 2570 sufficienter

290 2600 298 2625 1
322 2598 357 2625 lix
380 2598 483 2632 liegest.
506 2598 530 2624 iu
551 2598 651 2624 Secret.
674 2598 749 2625 llrev.

336 2653 413 2680 null.
435 2653 517 2679 Rom.
534 2668 566 2671 -
586 2652 645 2679 Vol.
663 2651 737 2680 XVI.
890 2653 921 2680 10

1063 173 1107 196 vu
1131 173 1179 196 rr.
1704 161 1744 194 77]
1798 172 1838 196 x..
1860 169 1876 192 C
1939 171 1973 197 55

1031 220 1199 264 expresso*
1227 226 1256 254 ct
1286 220 1435 254 verbatim
1464 220 1582 253 inserto
1614 219 1774 260 habentes,

1030 274 1172 307 eamdem
1199 274 1421 307 admissionem
1440 275 1653 318 professorum
1676 273 1712 305 ad
1732 284 1775 305 re-

1030 327 1249 371 spondendum
1288 338 1346 371 pro
1372 329 1441 361 loco
1466 338 1482 359 a
1508 332 1682 360 memorato
1709 326 1774 370 epi-

1030 392 1128 425 seopo
1152 381 1369 421 Cracoviensi,
1391 391 1451 413 non
1485 381 1585 414 solum
1619 392 1689 413 cum
1724 391 1773 413 re·

1029 441 1115 469 ctore
1141 440 1170 469 et
1205 435 1330 468 decanis
1355 435 1537 468 facultatum
1564 434 1745 467 huiusmodi
1767 462 1773 475 ‚

1029 489 1082 522 sed
1108 489 1201 522 etiam
1228 499 1299 522 eum
1327 488 1449 530 ceteris,
1471 488 1509 520 ad
1535 499 1613 531 quos
1639 488 1665 520 ei
1694 488 1772 520 inte<

1028 553 1113 576 resse
1131 543 1271 586 legitime
1290 547 1419 586 spectat,
1440 541 1509 574 sieri
1528 542 1653 581 debere,
1670 547 1773 574 aucto-

1029 596 1117 629 ritate
1139 596 1320 640 apostolica,
1341 601 1449 629 tenore
1467 595 1691 640 praesentimu,
1718 595 1772 628 de-

1028 651 1196 683 claramus.

1072 704 1086 747 ἓ
1123 703 1152 737 3.
1193 704 1402 737 Dceernentes
1438 707 1617 747 praesentes
1652 702 1772 736 litteras

1027 767 1151 801 semper
1165 756 1283 799 firmas,
1298 757 1414 790 validas
1433 762 1462 789 et
1480 756 1622 789 efficaces
1637 756 1772 789 existere

1027 816 1056 844 et
1080 811 1157 854 sore,
1182 822 1218 844 ae
1247 811 1317 852 illis,
1343 811 1381 844 ad
1407 822 1485 855 quos
1516 815 1634 854 spectat
1660 815 1689 843 et
1715 821 1771 854 pro

1028 871 1169 909 tempore
1193 865 1355 909 spectabit,
1387 864 1567 909 plenissime
1592 863 1771 907 suffragari,

1026 919 1133 963 sieque
1158 919 1188 951 in
1213 918 1393 963 praemissis
1417 929 1474 962 per
1495 928 1711 962 quoscumque
1729 917 1772 950 iu-

1026 972 1111 1006 dices
1135 972 1313 1006 ordinarios
1338 977 1368 1005 et
1394 972 1554 1015 delegatos
1579 972 1673 1004 etiam
1700 982 1769 1004 eau-

1026 1037 1132 1059 sarum
1150 1026 1255 1071 palatii
1273 1026 1440 1070 apostolici
1455 1025 1624 1068 auditores,
1645 1036 1681 1058 ac
1702 1036 1771 1058 san-

1026 1086 1093 1114 etae
1118 1081 1278 1114 Romanae
1295 1080 1452 1114 Ecclesiae
1473 1079 1658 1121 cardinales,
1677 1079 1770 1112 etiam

1026 1134 1063 1167 de
1088 1134 1184 1167 latere
1208 1135 1338 1177 legatos,
1356 1133 1488 1167 iudicari
1514 1139 1543 1166 et
1568 1133 1693 1166 definiri
1718 1133 1771 1166 (Ιμ14

1025 1188 1110 1231 bere,
1131 1198 1167 1222 ac
1192 1188 1316 1221 irritum
1342 1193 1371 1221 et
1396 1188 1498 1229 inane,
1519 1187 1544 1221 si
1562 1198 1651 1221 secus
1677 1198 1771 1232 supet·

1025 1243 1074 1276 his
1100 1253 1116 1275 a
1140 1253 1311 1286 quoquam,
1330 1242 1438 1286 quavis
1460 1242 1656 1282 auctoritate,
1675 1242 1771 1275 scien-

1027 1302 1074 1329 ter
1099 1296 1145 1329 vel
1173 1297 1367 1340 ignoranter,
1388 1295 1556 1339 contigerit
1580 1296 1735 1329 attentari.

1070 1350 1085 1394 ἓ
1109 1349 1138 1382 Δ14.
1164 1350 1233 1383 Non
1258 1349 1466 1391 obstantibus,
1498 1349 1601 1393 quoad
1627 1360 1662 1382 ea
1690 1361 1770 1394 (inae
1820 1359 1971 1384 Dorozateon-

1025 1404 1242 1448 praesentibus
1277 1415 1405 1448 quoquo
1438 1404 1533 1437 modo
1557 1403 1618 1436 dici
1644 1409 1771 1447 possent
1787 1388 1863 1406 mm.

1026 1459 1194 1500 contraria,
1216 1458 1325 1492 iisdem
1351 1459 1524 1492 Innocentii
1552 1458 1770 1503 praedeeesso-

1026 1513 1069 1545 ris
1086 1512 1209 1554 litteris,
1234 1523 1269 1546 ac
1295 1513 1441 1546 omnibus
1467 1513 1538 1554 illis,
1563 1523 1642 1556 quae
1668 1512 1770 1546 dictus

1026 1567 1226 1600 Innocentius
1267 1568 1492 1612 praedecessor
1532 1567 1563 1600 in
1600 1567 1769 1611 praedietis

1026 1620 1140 1653 litteris
1176 1621 1274 1654 voluit
1310 1631 1372 1653 non
1408 1621 1555 1661 obstare,
1592 1621 1769 1665 ceterisque

1026 1674 1193 1707 contrariis
1211 1673 1474 1718 quibuscumque.

1065 1727 1177 1760 Datum
1202 1727 1335 1768 Romae,
1357 1728 1440 1771 apud
1468 1728 1496 1761 S.
1518 1727 1645 1761 Mariam
1674 1728 1768 1761 Maio-

1026 1792 1103 1822 rem,
1124 1782 1181 1814 sub
1209 1782 1325 1815 annulo
1350 1782 1534 1822 Piscatoris,
1564 1781 1613 1814 die
1642 1792 1650 1814 1
1683 1787 1767 1815 octo-

1025 1835 1089 1868 bris
1107 1845 1222 1876 MDCLV,
1238 1835 1441 1880 pontificatus
1462 1835 1562 1869 nostri
1583 1845 1666 1868 anno
1688 1845 1706 1868 1.
1742 1841 1746 1846 ·

1801 713 1928 734 Pmozonxes
1939 721 1974 735 va·

1788 741 1842 762 litia>
1858 742 1960 762 declarat.

1061 1897 1118 1926 Dat.
1136 1898 1179 1926 die
1195 1900 1205 1926 1
1224 1898 1345 1926 octobris
1363 1899 1439 1930 1655,
1457 1898 1551 1934 pontif.
1569 1907 1638 1925 auno
1656 1907 1674 1925 1.

1361 2015 1434 2048 XLI.

1023 2088 1179 2121 Facultas
1204 2087 1330 2121 abbatis
1354 2087 1385 2121 S.
1412 2087 1504 2121 Galli
1531 2086 1666 2120 Ordinis
1690 2097 1766 2120 san-

1067 2142 1111 2174 cti
1135 2141 1316 2176 Benedicti,
1346 2141 1474 2173 nullius
1502 2140 1662 2179 dioecesis,
1693 2151 1767 2184 pro-

1066 2195 1194 2227 vinciae
1229 2192 1459 2238 Μοῃυηῑῖηαε,
1499 2194 1633 2227 creandi
1669 2198 1764 2227 nota-

1066 2249 1149 2289 rios,
1170 2253 1224 2281 etc.
1239 2247 1258 2281 ².

1023 2321 1137 2348 Dilecto
1165 2320 1226 2347 filio
1248 2321 1330 2348 Gallo
1352 2320 1440 2351 Alto,
1470 2319 1571 2347 abbati
1591 2318 1766 2346 monasterii

1058 2365 1226 2400 nuncupati
1247 2366 1275 2392 S.
1298 2365 1374 2392 Galli
1404 2364 1522 2392 Ordinis
1547 2364 1646 2391 sancti
1675 2364 1767 2390 Bene-

1058 2411 1131 2438 dicti
1152 2410 1266 2437 nullius
1287 2409 1435 2436 dioecesis
1450 2409 1623 2442 provinciae
1643 2409 1767 2443 Moqun-

1058 2457 1154 2487 tinae,

1218 2489 1382 2517 Alexander
1402 2489 1420 2516 P
1427 2497 1482 2522 apa
1503 2489 1566 2516 VII.

1062 2557 1068 2580 1
1095 2553 1164 2579 Edu.
1187 2552 1265 2578 Mam.
1289 2552 1353 2586 legit
1372 2551 1513 2586 Repressit<
1533 2552 1570 2585 (11.
1592 2555 1638 2584 ⁷11).

1057 2600 1073 2625 :¹
1093 2598 1130 2625 Ex
1151 2597 1258 2633 llegest.
1279 2596 1305 2623 iu
1326 2597 1427 2624 Seeret.
1444 2596 1520 2624 Brev.
