2263 3215
307 233 354 260 An.
376 233 404 261 c.
428 234 494 262 mss
539 225 579 259 80

501 294 555 317 scu
580 283 751 326 eligendae,
774 293 989 327 quascumque
1005 284 1171 328 pensiones
1189 294 1240 317 an-

502 346 578 369 nuas
602 337 646 370 cis
670 342 699 369 et
723 347 832 369 eorum
854 337 986 381 singulis
1003 348 1097 382 super
1118 348 1238 371 mensa-

502 400 571 423 rum
607 390 809 422 abbatialium
840 400 895 423 seu
926 391 1150 434 episcopalium
1187 397 1237 423 aut

501 443 815 486 archiepiscopalium
831 449 859 476 et
873 455 1146 488 quorumcumque
1167 445 1239 477 alio-

502 507 569 529 rum
595 496 820 529 beneficiorum
845 497 1140 538 ecclesiasticorum,
1165 508 1235 531 cum

500 552 573 583 cura
587 555 613 582 et
630 550 695 582 sine
720 552 807 591 cura,
832 552 1022 585 secularium
1041 557 1070 584 et
1086 562 1236 595 quorum-

499 613 632 646 cumque
656 603 801 637 ordinum
829 605 1038 647 rcgularium,
1067 605 1157 638 etiam
1184 605 1237 637 lto-

498 656 616 699 spitalis
627 656 724 690 sancti
736 657 858 690 loannis
869 657 1153 702 llierosolymitani,
1163 667 1236 700 quo-

498 709 727 753 modocumque
743 715 772 742 et
785 710 1056 754 qualitercumque
1077 710 1234 754 qualitica-

498 768 611 802 torum,
636 762 800 803 fructibus,
818 763 1002 803 redditibus,
1020 763 1234 807 proventibus,

498 816 637 859 iuribus,
666 816 927 859 obventionibus,
959 816 1233 850 distributionibus

496 869 586 901 etiam
605 869 804 913 quotidianis,
827 880 879 902 seu
906 869 1054 903 illorum'
1075 870 1144 903 loco
1168 870 1232 903 sru-

496 925 572 962 ctus,
597 928 776 966 proventus,
802 923 881 965 iura,
899 923 1114 966 obventiones,
1132 923 1232 956 distri-

494 974 637 1008 butiones
662 981 691 1008 et
715 976 927 1009 emolumenta
947 976 1006 1009 sibi
1026 986 1109 1009 nunc
1126 981 1155 1008 et
1171 987 1230 1020 pro

495 1033 635 1071 tempore
658 1028 813 1071 assignata
841 1034 870 1061 et
901 1034 1068 1069 reservata,
1093 1028 1230 1072 quando-

494 1091 637 1124 cumque,
655 1081 746 1113 simul
769 1082 815 1113 vel
841 1082 1024 1122 successive,
1045 1081 1076 1114 in
1100 1086 1164 1115 toto
1183 1082 1229 1115 vel

493 1133 523 1166 in
544 1139 643 1177 parte,
661 1145 759 1178 usque
783 1134 821 1167 ad
845 1145 1000 1167 summam
1026 1138 1151 1169 centum
1175 1134 1229 1168 du-

493 1192 633 1219 catorum
658 1186 725 1219 auri
750 1186 787 1219 de
817 1189 953 1228 camera,
981 1187 1020 1220 de
1044 1187 1227 1220 eorumdem

492 1240 745 1284 cappellanorum
761 1240 808 1274 vel
822 1240 987 1274 cuiuslibet
1006 1241 1146 1284 ipsorum
1159 1251 1229 1274 con-

492 1303 594 1334 sensu,
612 1293 643 1326 in
664 1299 727 1327 toto
754 1294 798 1326 vcl
818 1294 848 1326 in
865 1299 963 1337 parte,
990 1294 1083 1327 ctiam
1101 1294 1131 1326 in
1146 1304 1228 1327 mor-

492 1347 530 1379 tis
562 1347 713 1391 articulo,
744 1358 867 1381 cassare
899 1353 928 1381 et
949 1348 1150 1391 extinguere,
1176 1359 1226 1390 ac,

491 1406 654 1445 postquam
681 1407 816 1435 cassatae
849 1407 878 1435 et
910 1402 1062 1435 extinctae
1091 1402 1226 1444 suerint,

491 1455 566 1488 alias
590 1455 707 1488 similes
731 1456 896 1499 pensiones
917 1466 1036 1488 annuas
1056 1467 1150 1500 super
1167 1456 1227 1489 sru-

491 1508 607 1551 ctibus,
633 1509 822 1550 redditibus,
847 1509 1070 1553 proventibus,
1095 1510 1225 1551 iuribus,

491 1563 739 1603 obventionibus,
764 1563 1046 1606 distributionibus,
1075 1574 1128 1596 seu
1151 1564 1222 1597 illo-

490 1615 579 1648 rum⁹
602 1616 671 1649 loco
695 1616 831 1657 fructus,
857 1616 1012 1658 redditus,
1044 1622 1225 1661 proventus,

490 1669 568 1710 iura,
592 1670 795 1703 obventiones
819 1675 849 1703 et
873 1671 1086 1703 emolumenta
1110 1671 1221 1704 liuius-

490 1722 573 1756 modi
589 1723 680 1756 etiam
696 1734 793 1767 usque
806 1723 842 1756 ad
857 1734 1011 1757 summam
1031 1724 1223 1768 praedictam

488 1776 541 1808 uni
562 1776 609 1809 vel
629 1777 770 1821 pluribus
795 1777 862 1810 aliis
883 1777 1034 1821 personis,
1053 1777 1146 1810 etiam
1167 1789 1224 1822 per

489 1830 613 1863 eosdem
649 1831 848 1874 eappcllanos
880 1836 910 1864 ct
940 1842 1050 1865 eorum
1085 1831 1223 1874 singulos

489 1883 697 1925 nominandis,
712 1884 802 1917 etiam
816 1895 1044 1929 quaecumque,
1061 1891 1223 1929 quotcum-

489 1947 549 1981 que
558 1938 834 1982 etqualiacumque
850 1939 1001 1971 beneficia
1015 1939 1222 1973 ecclesiastica

490 1990 701 2023 obtinentibus
712 1997 741 2024 et.
754 1992 1010 2035 expectantibus³‚
1023 2003 1076 2025 seu
1087 1993 1221 2025 clericali

490 2044 669 2077 charactere
694 2045 835 2088 insigniri
861 2046 1053 2086 volentibus,
1079 2046 1223 2079 similiter

490 2097 542 2138 cis,
567 2098 668 2141 quoad
695 2098 845 2139 vixerint,
870 2099 915 2131 vel
941 2110 1050 2133 eorum
1075 2100 1223 2143 legitimis

489 2152 764 2195 procuratoribus,
796 2152 911 2185 eisdem
945 2153 1038 2186 modo
1062 2159 1092 2186 et
1123 2154 1222 2187 sormzi

489 2204 601 2248 quibus
626 2204 740 2238 eisdem
766 2206 956 2249 cappellanis
980 2207 1154 2250 assignatae
1171 2213 1223 2240 aut

489 2259 641 2291 reservari
657 2268 709 2291 seu
723 2259 874 2301 assignari
899 2270 1064 2293 concessae
1081 2271 1134 2294 scu
1149 2272 1222 2294 con-

489 2312 565 2345 cessi
591 2311 714 2353 suerint,
740 2312 830 2344 etiam
857 2313 973 2356 absque
991 2324 1142 2347 consensu
1161 2325 1223 2347 cas-

489 2365 558 2398 dem
584 2366 750 2409 pensiones
775 2371 804 2397 ct
829 2366 958 2407 fructus,
983 2368 1132 2409 redditus,
1154 2379 1223 2412 pro-

488 2423 606 2459 ventus,
631 2419 707 2460 iura,
725 2419 926 2453 obventiones
940 2431 975 2453 ac
989 2421 1223 2456 distributiones

489 2478 518 2505 et
542 2473 752 2506 emolumenta
776 2473 955 2507 huiusmodi
975 2475 1095 2508 solvere
1112 2475 1223 2508 deben-

524 2553 535 2579 1
559 2551 651 2578 Potius
671 2551 729 2587 lege
747 2553 868 2581 illarum
887 2554 925 2588 (R.
945 2555 993 2587 T.).

522 2596 540 2624 2
559 2596 648 2623 Potius
667 2596 726 2631 lege
745 2597 865 2624 illarum
885 2599 923 2632 (a.
944 2598 992 2632 T.).

523 2640 539 2668 3
559 2640 622 2669 lleic
642 2640 735 2668 deesse
757 2641 859 2669 videtur
879 2650 926 2669 vox
945 2643 1057 2671 clericis
1078 2644 1173 2680 (man).

1085 236 1261 260 BULLAIllL'M
1286 236 1393 260 tnoatffi
1400 236 1440 259 tm

2021 235 2073 263 An.
2090 235 2118 263 C.
2142 236 2206 264 1655

1274 284 1361 324 tium,
1387 283 1506 316 etiamsi
1530 281 1648 326 pluries
1673 276 1808 315 cassatae
1826 287 1855 316 et
1874 283 1912 316 de
1928 293 2009 317 novo

1272 337 1446 379 assignatae
1470 335 1595 376 suerint,
1621 346 1718 380 usque
1743 335 1779 368 ad
1805 346 1959 369 stmimam
1980 342 2010 370 et,

1272 390 1476 434 quantitatem
1490 389 1693 433 praedictam,
1709 400 1743 423 ac
1760 389 1834 422 alias
1851 400 1923 423 cum
1941 400 2008 423 om-

1271 442 1362 475 nibus
1394 447 1423 474 et
1453 442 1704 486 quibuscumque
1738 442 2008 487 exemptionibus,

1270 496 1453 540 privilegiis,
1467 497 1611 538 decretis,
1625 497 1782 538 clausulis,
1799 496 2007 536 cautionibus,

1272 549 1421 591 vinculis,
1453 550 1699 593 obligationibus
1731 555 1761 583 et
1792 549 1940 591 cautelis,
1972 561 2008 583 ac

1270 601 1362 635 etiam
1388 603 1528 636 censuris
1553 609 1582 637 et
1605 603 1714 648 poenis
1731 603 1761 635 in
1782 602 1942 646 prioribus
1961 613 2008 636 rc-

1269 655 1498 688 scrvationibus
1522 656 1699 689 huiusmodi
1718 656 1874 689 concessis
1891 660 1919 689 et
1937 666 2008 689 eon-

1270 708 1370 750 tentis,
1390 708 1508 752 integre
1522 709 1727 753 persolvenda
1744 720 1916 751 reservare,
1937 720 2007 744 con-

1268 760 1397 794 stituere
1421 767 1450 795 et
1475 762 1645 806 assignare.

1311 814 1326 857 g
1351 814 1379 847 7.
1405 815 1531 848 Necnon
1549 821 1582 848 ut
1598 815 1690 848 iidem
1717 815 1890 860 cappellani
1911 820 1941 849 et
1957 826 2005 850 eo-

1268 879 1336 901 rum
1363 868 1493 911 quilibet
1518 868 1555 901 de
1580 869 1725 902 omnibus
1749 875 1778 902 et
1803 869 1933 912 singulis
1953 870 2005 903 do-

1267 921 1380 963 mibus,
1406 922 1553 965 praediis,
1576 923 1836 966 possessionibus,
1862 923 1954 956 terris
1974 928 2143 963 etscripturam
2168 943 2202 958 us-

1266 974 1341 1008 locis
1366 975 1458 1008 etiam
1484 975 1802 1017 iurisdictionatibus,
1827 976 2003 1020 ceterisque
2018 963 2204 1010 gssssfflg'ffimffi

1264 1027 1355 1061 bonis
1380 1028 1592 1062 immobilibus
1616 1033 1646 1062 et
1667 1029 1845 1070 mobilibus,
1861 1039 1941 1073 quae
1962 1019 2112 1064 ῑᾶ-ξῖἒιῑὲνω
2141 1018 2202 1043 ‘³⁰²⁰'

1264 1091 1335 1114 men
1359 1091 1422 1115 non
1447 1082 1508 1115 sint
1532 1082 1637 1116 altaris
1655 1082 1702 1115 vel
1724 1082 1868 1115 altarium
1896 1083 1999 1116 eccle-

1263 1135 1381 1167 siarum
1406 1135 1480 1179 ipsis
1497 1135 1687 1179 cappellanis
1703 1136 1818 1169 nostris
1833 1135 2003 1179 praedictis

1262 1188 1500 1221 commissarum
1528 1189 1670 1222 ministro
1688 1200 1743 1222 scu
1764 1189 1857 1222 alicui
1875 1189 2002 1233 speciali

1262 1241 1444 1275 earumdem
1470 1242 1673 1276 ecclesiarum
1700 1242 1804 1276 divino
1831 1242 1927 1275 cultui
1953 1242 2001 1276 vel

1261 1296 1330 1328 usui
1355 1295 1520 1340 deputata,
1545 1306 1640 1340 seque
1669 1296 1874 1339 moventibus,
1900 1296 2001 1329 cuius-

1261 1360 1397 1393 cumque
1425 1350 1602 1394 qualitatis,
1635 1350 1837 1394 quantitatis,
1868 1350 2000 1391 valoris,

1260 1403 1386 1447 speciei,
1411 1403 1504 1447 pretii
1529 1408 1559 1436 et
1579 1403 1766 1437 conditionis
1784 1403 1999 1444 existentibus,

1261 1467 1295 1490 ac
1321 1457 1440 1490 iuribus
1471 1462 1500 1490 ct
1529 1457 1704 1490 actionibus
1727 1456 1765 1490 ad
1795 1467 1849 1490 cos
1879 1457 2000 1491 ratione

1260 1511 1463 1544 eeclesiarum
1483 1511 1574 1544 etiam
1593 1510 1818 1544 cathedralium
1837 1515 1866 1543 et
1882 1516 1999 1544 metro-

1259 1564 1481 1608 politanarum,
1500 1564 1775 1605 monasteriorum,
1791 1564 1999 1608 prioratuum,

1259 1618 1564 1662 praepositurarum,
1594 1618 1781 1661 dignitatum
1808 1624 1837 1651 et
1865 1618 1998 1651 aliorum

1259 1682 1533 1716 ‹piot-unicumque
1558 1671 1784 1704 beneficiorum
1811 1671 1997 1704 ecelesiasti-

1259 1736 1378 1766 corum,
1395 1736 1466 1758 cum
1484 1727 1560 1758 cura
1581 1730 1609 1758 et
1626 1725 1691 1757 sine
1708 1725 1795 1765 cura,
1809 1724 1997 1758 secularium

1258 1784 1288 1812 et
1311 1779 1495 1823 quorumvis
1520 1778 1666 1812 ordinum
1694 1778 1896 1821 regularium,
1918 1789 1997 1823 quae

1258 1844 1294 1865 ex
1318 1833 1479 1877 quibusvis
1504 1832 1759 1866 concessionibus
1783 1838 1813 1865 et
1837 1832 1994 1876 dispensa-

1258 1887 1393 1920 tionibus
1417 1886 1599 1930 apostolicis
1624 1886 1653 1918 in
1679 1886 1815 1926 titulum,
1840 1895 1997 1919 commen-

1257 1940 1338 1982 dam,
1364 1939 1677 1980 administrationem,
1703 1949 1738 1972 ac
1767 1939 1843 1971 alias
1867 1949 1997 1984 quomo-

1256 1993 1374 2027 dolibet
1398 1993 1593 2027 obtinuerint
1620 1997 1650 2025 et
1675 1992 1816 2026 obtinent
1849 2002 1885 2026 ac
1909 1992 1993 2026 obti-

1257 2047 1384 2088 nebunt,
1409 2057 1445 2079 ac
1469 2046 1638 2087 fructuum,
1664 2046 1842 2079 reddituum
1869 2051 1898 2079 et
1922 2056 1995 2090 pro-

1257 2105 1404 2133 ventuum
1423 2100 1707 2133 ecelesiasticorum
1722 2100 1791 2133 loco
1805 2099 1994 2144 pensionum

1256 2164 1430 2186 annuarum
1456 2163 1551 2197 super
1575 2153 1730 2186 similibus
1748 2153 1912 2194 fructibus,
1928 2153 1996 2186 red-

1256 2207 1373 2241 ditibus
1404 2211 1433 2239 et
1464 2206 1667 2251 proventibus
1695 2207 1739 2239 cis
1764 2211 1992 2240 reservatarum

1256 2264 1286 2294 ct
1317 2261 1566 2303 assignatarum,
1603 2271 1638 2293 ac
1674 2260 1933 2293 rescrvandarum
1965 2266 1994 2294 et

1256 2314 1525 2358 assignandarum,
1550 2324 1628 2358 quos
1646 2319 1675 2346 et
1692 2324 1769 2358 quas
1786 2314 1993 2358 perceperint,

1256 2368 1435 2411 percipiunt
1453 2373 1482 2401 et
1499 2367 1674 2412 percipient
1692 2367 1722 2400 in
1746 2367 1897 2410 futurum,
1914 2377 1994 2401 nec-

1256 2432 1318 2455 non
1343 2422 1627 2455 emolumentorum
1646 2431 1919 2466 quorumcumque
1936 2422 1995 2455 Ro-

1257 2486 1366 2508 manae
1391 2476 1497 2509 curiae
1521 2476 1719 2516 officiorum,
1750 2485 1785 2508 ac
1810 2475 1884 2507 alias
1908 2485 1990 2518 quo-

1256 2529 1438 2569 modolibet,
1463 2529 1673 2573 spectantibus
1697 2534 1726 2562 ct
1753 2528 1991 2572 pertinentibus,

1255 2591 1291 2614 ac
1315 2582 1408 2614 etiam
1433 2583 1471 2615 dc
1495 2582 1585 2615 dictis
1609 2582 1778 2621 fructibus,
1803 2580 1991 2623 redditibus,

1254 2635 1459 2679 proventibus
1471 2646 1506 2670 ac
1520 2635 1725 2681 pensionibus
1738 2634 1860 2677 annuis,
1870 2644 1992 2670 necnon

2068 829 2167 852 'restandi
2182 833 2204 852 et,

2027 857 2189 883 quomodocum-

2019 889 2059 910 que
2077 884 2202 909 disponendi

2019 915 2057 936 per
2097 909 2202 936 privatam
2252 908 2254 915 '
