2243 3205
832 223 1016 247 Ati-:munna
1042 223 1086 246 v11
1111 223 1157 246 ee.
1652 211 1715 245 613
1763 221 1808 247 A...
1827 221 1856 246 (ς.
1877 220 1946 247 1660

231 273 352 305 riorum
387 272 569 306 monialium
604 272 883 306 Carmelitanarum
909 272 972 304 Dis·
1051 271 1252 304 Postmodum
1287 282 1361 306 vero
1395 282 1412 304 a
1449 270 1618 304 venerabili
1650 270 1746 302 fratre
1779 282 1832 306 Quid
1845 282 1946 307 nania-

41 229 86 256 An.
102 227 130 254 C.
156 224 219 252 1660

66 1403 164 1425 Mantalos
172 1409 219 1429 sup·

42 1430 116 1458 plicant
156 1436 218 1450 unuin

43 1457 164 1478 visitatorem
181 1462 218 1482 pro

43 1484 132 1505 omnibus
149 1489 219 1503 mima-

43 1511 108 1531 uterus
123 1516 163 1531 non
178 1510 218 1530 sus-

43 1537 109 1558 faeere.

16 1910 19 1921 -
17 1869 19 1881 ..
16 1843 19 1858 -
12 1237 19 1833 ψ-ψ-ᾚΜμ--ν
12 1211 16 1222 -
12 1167 16 1201 -.
11 1058 16 1157 *-

231 326 439 359 calceatarum
477 326 656 359 huiusmodi
694 326 724 358 in
760 326 842 358 dicto
875 335 971 367 regno
1761 308 1946 329 ¹²⁴¹''⁴⁴'l¹¹⁵'³'

231 384 357 411 eatenus
382 384 559 412 erectorum
583 384 611 413 ct
635 379 784 422 deinceps
809 378 971 421 erigendo-

230 444 299 465 rum
326 433 486 476 deputare,
505 444 540 466 ac
557 434 739 477 deputatum
766 433 897 465 arbitrio
915 443 972 465 suo

230 485 350 518 etinfra
368 486 539 519 triennium
555 497 711 528 revocare,
727 497 762 519 ac
777 487 864 519 finito
882 486 972 519 trien-
988 498 990 520 t

230 538 282 571 nio
307 538 344 570 ad
369 539 452 571 aliud
473 539 642 572 triennium
665 545 694 572 et
718 551 780 573 non
799 540 879 572 ultra
900 550 972 572 con·

231 591 359 625 firmare
392 593 506 636 (prout
538 599 608 625 ante
638 593 813 636 praedictas
839 594 923 626 Pauli
950 594 971 624 V

230 645 483 689 praedecessoris
520 647 639 679 litteras
675 647 724 679 dic
766 657 829 680 xvn
866 647 973 690 aprilis

230 709 351 732 nnexnl
376 705 535 732 emanatas
560 699 628 731 sieri
654 701 873 743 consueverat)
892 700 971 732 vale-

231 758 289 793 ret,
311 753 351 785 ita
377 753 459 796 quod
487 753 516 785 in
538 753 677 786 eiusdem
703 754 809 786 nuncii
832 754 972 787 absentia

231 806 281 838 ille
307 806 358 850 qui
390 817 407 839 a
432 806 547 839 nuncio
581 806 746 850 deputatus
772 808 850 840 foret
875 818 972 850 usque

231 858 269 891 ad
294 859 484 892 successoris
501 860 606 892 nuncii
633 860 799 893 adventum
825 861 973 904 supplere

230 918 336 955 posset
367 918 397 945 et
429 912 573 953 deberet,
599 913 776 946 facultatem
803 913 991 953 concessit3y

231 966 383 999 visitatori
398 971 513 1007 autem,
528 967 609 1000 sicut
623 968 799 1010 praefertur
813 967 973 1010 deputato,

231 1030 450 1063 quaecumque
466 1021 648 1053 monialium
663 1020 895 1064 praedictarum
912 1032 973 1053 mo-

231 1074 368 1106 nasteria
395 1074 425 1106 in
451 1079 515 1107 toto
539 1084 638 1116 regno
664 1073 844 1117 supradicto
869 1079 973 1106 erecta

231 1131 262 1160 et
287 1127 317 1159 in
343 1127 481 1159 futurum
508 1127 667 1170 erigenda,
694 1138 867 1170 eorumque
886 1130 991 1170 supe-¹

233 1179 353 1220 riores,
379 1180 551 1213 abbatissas
576 1192 629 1213 seu
659 1181 828 1225 priorissas
853 1185 883 1214 et
908 1192 973 1213 mo-

231 1234 340 1274 niales,
358 1237 540 1277 ceterasque
564 1245 714 1278 personas
736 1235 765 1266 in
790 1234 834 1267 eis
859 1234 975 1277 degen-

202 1308 204 1310 -
233 1293 278 1320 tes
302 1287 444 1321 visitandi
477 1288 652 1321 facultatem
679 1288 736 1320 sub
761 1288 854 1321 certis
881 1287 974 1321 modo

233 1345 263 1373 et
279 1340 380 1373 forma
406 1344 478 1374 tunc
498 1341 654 1384 expressis
673 1341 849 1384 impertitus
874 1346 929 1373 est.

276 1394 314 1427 Et
327 1393 460 1427 subinde
474 1394 573 1427 eidem
594 1394 721 1427 Urbano
739 1394 973 1438 praedecessori

233 1458 291 1491 pro
309 1453 398 1492 parte
409 1447 563 1480 dictarum
578 1448 806 1482 abbatissarum
826 1458 879 1480 seu
895 1447 975 1491 prio-

234 1501 385 1534 rissarum
422 1507 451 1534 et
489 1501 671 1534 monialium
709 1501 972 1534 monasteriorum

234 1553 468 1598 praedictorum
494 1553 605 1587 iterum
635 1554 790 1598 exposito,
808 1554 902 1598 quod,
934 1559 975 1586 at—

235 1607 326 1641 tentis
346 1607 487 1651 ipsorum
513 1608 776 1640 monasteriorum
806 1613 867 1640 tam
893 1612 975 1641 eate-

234 1671 293 1694 nus
319 1667 513 1702 erectorum,
539 1672 632 1705 quam
659 1662 689 1694 in
714 1667 887 1705 posterum,
912 1662 975 1695 Deo

234 1714 337 1755 dante,
351 1714 574 1757 erigendorum
591 1725 735 1757 numero,
749 1726 923 1759 eorumque
937 1715 975 1747 ab

234 1768 368 1801 invicem
394 1768 558 1808 distantia,
584 1779 664 1800 unus
688 1768 848 1802 dumtaxat
872 1769 976 1801 visita-

235 1826 294 1862 tor,
311 1822 390 1854 sicut
410 1821 624 1866 praemittitur
640 1821 817 1865 deputatus,
831 1822 977 1855 visitatio-

233 1874 266 1907 ni
290 1875 487 1918 singulorum
514 1875 777 1908 monasteriorum
797 1875 976 1908 huiusmodi

234 1938 291 1972 per
304 1938 336 1960 se
348 1928 449 1972 ipsum
465 1928 612 1971 supplere
628 1928 785 1972 nequibat,
804 1928 870 1972 ipsc
884 1929 977 1962 Urba-

234 1991 294 2013 nus
310 1981 543 2025 praedecessor,
557 1981 681 2014 illarum
697 1982 977 2025 supplicationibus

235 2034 293 2067 sibi
311 2034 472 2067 humiliter
492 2034 647 2078 porrectis
661 2034 779 2078 pariter
801 2035 976 2075 inclinatus,

235 2093 410 2120 memorato
440 2088 555 2120 nuncio
587 2098 684 2120 unum
719 2088 765 2120 vel
797 2088 875 2121 duos
900 2089 977 2121 alios

235 2147 356 2174 tantum
375 2141 560 2175 eorumdem
587 2137 852 2175 monasteriorum
872 2142 976 2174 visita-

234 2200 329 2236 tores,
345 2201 439 2239 prout
455 2195 665 2228 necessarium
685 2195 751 2228 fore
771 2195 976 2237 iudicavisset,

235 2248 329 2282 modo
354 2253 383 2282 et
408 2249 529 2291 forma,
554 2259 589 2281 ac
622 2260 693 2281 cum
725 2249 922 2282 facultatibus
947 2250 976 2281 in

236 2302 398 2346 prioribus
416 2302 480 2335 suis
493 2302 604 2335 litteris
622 2302 777 2345 expressis
795 2312 830 2334 ac
850 2307 976 2334 conten-

235 2355 283 2396 tis,
300 2355 433 2389 arbitrio
452 2366 508 2389 suo
524 2356 693 2399 deputandi
716 2356 892 2389 facultatem
908 2366 995 2398 con—¹

235 2409 341 2449 cessit;
361 2414 391 2441 et
407 2409 482 2441 alias
497 2414 591 2453 prout
605 2409 634 2440 in
650 2409 731 2440 binis
751 2409 847 2452 ipsius
862 2409 975 2441 Urbani
993 2399 995 2427 7

234 2462 488 2506 praedecessoris
509 2462 632 2502 litteris,
653 2462 722 2494 unis
751 2462 800 2494 die
828 2472 848 2495 ιι
869 2463 976 2506 aprilis

235 2526 410 2556 Mncxxxn,
443 2521 472 2548 et
500 2515 606 2548 alteris
646 2516 695 2548 die
733 2526 809 2549 xxtx
844 2515 975 2548 ianuarii

234 2579 398 2603 MDexxxltt
424 2569 597 2613 respective
616 2570 645 2601 in
665 2569 758 2601 simili
786 2569 886 2602 forma
906 2569 975 2602 Rre-

235 2624 279 2657 vis
312 2623 463 2668 expeditis
492 2623 602 2657 litteris
639 2622 760 2667 plenius
786 2623 972 2656 continetur.

1005 323 1108 357 Caelio
1126 324 1366 369 archiepiscopo
1383 324 1562 364 Caesareae,
1575 322 1697 356 nostro¹
1718 328 1747 355 et

1006 376 1204 420 Apostolicae
1230 376 1318 409 Sedis
1339 377 1369 409 in
1395 377 1535 421 praefato
1557 387 1655 419 regno
1672 385 1748 408 nun-

1006 430 1065 472 cio,
1091 429 1182 463 nobis
1207 431 1324 471 relato,
1350 431 1450 474 quod,
1477 431 1549 463 licet
1575 434 1747 462 memorata

1007 483 1196 516 monasteria
1240 484 1423 516 monialium
1466 483 1746 518 Carmelitanarum

1006 537 1262 571 Excalceatarum
1289 538 1461 571 secundum
1491 537 1747 570 reformationem

1008 591 1036 623 S.
1061 591 1228 624 Tberesiae
1261 592 1291 624 in
1325 592 1447 625 civitate
1471 585 1637 624 parisiensi
1663 596 1692 624 et
1716 591 1748 623 in

1007 644 1153 677 universo
1171 644 1287 678 Galliae
1304 656 1402 688 regno
1419 645 1599 678 huiusmodi
1622 650 1748 677 eatenus

1007 703 1120 738 erecta,
1141 703 1171 730 et
1191 699 1221 730 in
1242 704 1403 742 posterum
1422 698 1581 741 erigenda,
1602 697 1749 730 visitatio-

1007 751 1048 792 ni,
1074 751 1286 794 superioritati
1302 778 1309 791 ,
1334 762 1370 783 ae
1402 751 1601 784 omnimodae
1626 750 1748 783 iurisdi-

1008 805 1101 837 ctioni
1124 805 1320 838 visitatorum
1341 805 1527 838 auctoritate
1544 805 1637 837 liuius
1651 804 1680 837 S.
1698 804 1748 838 Se-

1007 857 1054 890 dis
1079 858 1278 902 Apostolicae
1298 857 1336 890 ab
1361 858 1427 890 eius
1453 857 1574 890 nunciis
1592 867 1649 900 pro
1671 862 1747 889 tem-

1007 921 1084 954 pore
1102 911 1131 943 in
1153 911 1262 945 eodem
1278 921 1376 954 regno
1401 911 1604 943 existentibus
1622 910 1748 953 deputa-

1010 969 1111 996 torum
1141 970 1171 997 et
1202 964 1466 1008 deputandorum,
1499 964 1582 996 iuxta
1615 964 1747 996 formam

1009 1018 1218 1060 praefatarum
1237 1019 1411 1051 litterarum
1431 1017 1597 1052 Clementis
1615 1022 1644 1049 et
1662 1016 1747 1049 Pauli

1008 1082 1043 1104 ac
1064 1071 1181 1104 Urbani
1206 1071 1485 1115 praedecessorum
1504 1075 1683 1104 nostrorum
1701 1081 1749 1103 oc-

1009 1125 1134 1157 casione
1160 1125 1326 1158 erectionis
1345 1131 1374 1157 et
1395 1124 1640 1168 propag-ationis,
1666 1123 1748 1166 regi-

1009 1177 1101 1209 minis
1126 1183 1153 1210 et
1175 1178 1356 1211 directionis
1382 1177 1645 1210 monasteriorum
1659 1176 1748 1209 Ordi-

1009 1231 1056 1263 nis
1080 1231 1260 1264 huiusmodi
1281 1231 1310 1263 in
1328 1231 1436 1264 eodem
1459 1241 1557 1273 regno
1576 1230 1747 1273 respective

1009 1289 1235 1325 emanatarum,
1253 1285 1451 1317 subiacerent
1468 1290 1496 1316 et
1522 1284 1683 1316 subiacere
1700 1283 1749 1315 de-

1009 1337 1129 1377 berent,
1154 1337 1360 1371 nibilominus
1386 1337 1490 1370 dilecti
1517 1337 1572 1369 stlii
1599 1338 1748 1375 rectores,

1009 1391 1190 1434 superiores
1227 1395 1257 1423 et
1290 1391 1562 1423 administratores
1592 1390 1749 1423 dictorum

1010 1444 1273 1477 monasteriorum
1307 1445 1354 1477 ius
1385 1455 1420 1477 ea
1450 1443 1615 1483 visitandi,
1640 1443 1748 1476 saltem

1009 1498 1197 1531 cumulative
1216 1508 1286 1531 cum
1305 1497 1518 1531 visitatoribus
1533 1497 1698 1541 deputatis,
1713 1497 1750 1529 ad

1009 1561 1040 1583 se
1065 1556 1207 1595 spectare
1232 1551 1483 1594 praetenderent,
1510 1555 1603 1594 prout
1627 1551 1656 1582 in
1675 1550 1747 1594 qui-

1008 1603 1139 1636 busdam
1171 1614 1207 1636 ex
1240 1604 1300 1636 illis
1331 1604 1368 1636 de
1399 1604 1479 1636 facto
1505 1603 1629 1636 visitare
1653 1613 1747 1646 prae-

1009 1663 1218 1701 sumpserant:
1236 1668 1302 1699 nos,
1321 1658 1358 1690 de
1376 1657 1600 1690 venerabilium
1619 1656 1749 1689 fratrum

1009 1717 1191 1744 nostrorum
1205 1712 1234 1745 S.
1250 1712 1283 1744 R.
1299 1711 1330 1743 E.
1349 1710 1554 1743 cardinalium
1569 1709 1704 1753 negotiis
1721 1715 1750 1743 et

1010 1765 1292 1798 consultationibus
1317 1764 1540 1808 episcoporum
1572 1769 1601 1796 et
1626 1763 1750 1807 regula-

1010 1818 1091 1850 rium
1117 1819 1382 1862 praepositorum,
1408 1817 1461 1861 qui
1487 1816 1612 1850 easdem
1632 1817 1750 1849 litteras

1011 1872 1216 1915 apostolicas,
1241 1883 1277 1905 ac
1302 1871 1468 1905 memorati
1494 1871 1599 1904 nuncii
1625 1871 1750 1904 relatio-

1011 1936 1081 1958 nem
1108 1926 1307 1968 buiusmodi,
1332 1936 1453 1959 necnon
1478 1925 1596 1958 litteras
1620 1925 1750 1958 dilectae

1012 1979 1040 2011 in
1059 1979 1181 2013 Christo
1202 1979 1283 2012 filiae
1305 1979 1474 2023 priorissae
1496 1977 1677 2020 monasterii
1695 1989 1750 2021 op-

1011 2033 1075 2076 pidi
1093 2033 1130 2066 de
1156 2033 1301 2066 Pontoise
1319 2034 1349 2065 in
1370 2033 1506 2065 favorem
1529 2031 1684 2064 dictorum
1705 2041 1751 2063 re·

1011 2092 1133 2120 otorum
1153 2087 1189 2120 ad
1208 2098 1265 2120 nos
1282 2086 1368 2119 datas
1383 2086 1524 2119 viderant
1541 2091 1570 2118 et
1584 2085 1751 2128 diligenter

1012 2141 1274 2183 examinaverant,
1296 2151 1332 2173 ac
1347 2145 1446 2173 totum
1465 2139 1621 2182 regotium
1638 2142 1751 2172 attente

1011 2198 1040 2227 et
1065 2199 1186 2226 mature
1211 2194 1432 2234 discusserunt,
1458 2192 1599 2233 consilio,
1623 2202 1678 2236 per
1698 2202 1752 2224 no-

1012 2253 1090 2280 stras
1115 2248 1165 2281 die
1191 2247 1252 2280 xx⁹
1284 2247 1423 2280 octobris
1452 2257 1568 2280 MDCth
1602 2246 1632 2278 in
1657 2245 1750 2277 simili

1012 2301 1111 2334 forma
1130 2301 1236 2334 Brevis
1256 2301 1416 2345 expeditas
1437 2301 1566 2339 litteras,
1581 2304 1667 2332 motu
1682 2309 1752 2342 pro-

1013 2354 1082 2397 prio
1112 2359 1140 2386 et
1161 2366 1196 2387 ex
1216 2356 1301 2387 cert-‘⁴1
1327 2353 1455 2387 scientia
1481 2357 1509 2386 et
1535 2354 1657 2385 matura
1678 2352 1751 2384 (leli⁴

1011 2408 1173 2440 bei-atione
1196 2407 1321 2449 nostris,
1338 2407 1438 2450 deque
1457 2406 1646 2450 apostolicae
1667 2411 1750 2449 pote·

1011 2462 1097 2494 statis
1121 2461 1325 2504 plenitudine,
1351 2461 1471 2493 nullum
1499 2460 1556 2499 ius,
1582 2469 1639 2492 nec
1657 2459 1750 2492 etiam

1010 2515 1208 2554 cumulative,
1226 2514 1393 2558 praedictis
1412 2513 1587 2546 rectoribus
1608 2518 1637 2545 ct
1655 2512 1750 2545 admi-

1046 2588 1056 2613 t
1080 2585 1150 2612 Edit.
1165 2585 1244 2613 Main.
1261 2585 1326 2621 legit
1342 2585 1500 2613 Caesareae
1516 2587 1630 2612 nostrae
1645 2585 1684 2619 (tt.
1701 2585 1750 2616 Τ.).

1043 2631 1058 2657 2
1076 2630 1191 2666 Legend.
1210 2631 1234 2665 2),
1252 2638 1320 2665 quas
1337 2630 1396 2657 vide
1412 2638 1471 2665 sup.
1490 2637 1550 2664 pag.
1568 2629 1668 2664 50401.
1688 2630 1735 2663 T.).

1763 337 1832 356 tueiit,

1825 2306 1950 2329 nectnrtbns

1766 2336 1785 2354 et
1797 2336 1949 2360 superioribus,

1765 2363 1893 2382 monasteria
1921 2368 1949 2381 vi·

1765 2388 1841 2407 sitatult
1871 2387 1949 2407 nullutn

1766 2415 1797 2434 in<
1829 2417 1949 2440 roinpeteru

1765 2441 1856 2462 mandat.
