2243 3205
36 201 83 228 An.
99 199 128 225 C.
151 197 217 224 1658

828 193 1013 217 ALEXANDER
1040 193 1082 215 Vll
1108 193 1154 216 tw.

228 250 283 286 teS,
302 249 335 277 ut
352 243 469 277 scilicet
487 244 610 288 priores
627 243 687 287 ipsi
702 242 860 286 episcopo,
882 241 967 275 salvo

229 296 343 331 Ordine
367 308 442 338 suo,
475 297 604 330 obedire
629 297 780 340 debeant,
805 302 835 329 et
859 301 968 329 contra

229 355 343 383 statuta
367 350 491 383 Ordinis
525 351 574 383 sui
609 350 726 382 nullam
757 349 966 383 obedientiam

228 404 331 436 facere
349 404 587 447 compellantur.
603 403 662 436 Pro
680 401 968 436 consecrationibus

230 467 304 490 vero
329 457 485 498 altarium,
512 457 559 490 vel
584 457 787 490 ecclesiarum
804 484 811 496 ,
836 455 964 489 ordina-

230 510 369 544 tionibus
403 511 612 551 clericorum,
646 521 705 553 pro
739 510 808 543 oleo
841 515 967 550 sancto,

230 564 277 596 vel
293 564 433 607 quolibet
448 562 659 596 ecclesiastico
677 569 884 603 sacramento,
903 562 969 595 nul-

229 617 276 650 lus
300 627 317 649 a
342 616 439 657 vobis,
465 617 522 649 sub
548 622 710 659 praetextu
733 616 969 649 consuetudinis

229 669 277 703 vel
301 669 362 703 alio
394 669 506 710 modo,
531 669 700 713 quicquam
725 669 838 702 audeat
858 675 965 702 extor-

229 732 334 766 quere,
359 722 413 755 sed
438 722 514 755 haec
536 723 639 755 omnia
664 722 761 765 gratis
787 722 875 755 vobis
892 723 969 765 epis-

229 776 299 819 copi
317 776 493 809 dioecesani
511 776 703 819 impendant3
722 775 862 818 alioquin
879 775 970 809 liceat

230 829 318 862 vobis
343 840 559 873 quoscumque
590 828 765 862 malueritis
798 829 969 862 catholicos

230 882 315 915 adire
339 883 502 922 antistites,
521 882 653 925 gratiam
668 886 697 916 et
711 883 967 915 communionem

229 937 425 980 Apostolicae
450 936 537 970 Sedis
563 937 733 977 habentes,
759 937 811 980 qui
827 964 834 977 ,
859 939 967 970 nostra

231 990 302 1022 freti
333 990 539 1031 auctoritate,
573 989 659 1022 vobis
695 990 779 1033 quod
805 990 969 1033 postulatis

231 1042 422 1086 impendant.
447 1043 535 1082 Quod
552 1043 576 1075 si
598 1042 687 1075 sedes
707 1043 968 1076 dioecesanorum

230 1095 452 1139 episcoporum
468 1095 546 1128 forte
562 1095 747 1137 vacaverint,
763 1095 887 1127 interim
906 1106 970 1128 om-

230 1149 281 1182 nia
305 1149 516 1182 ecelesiastica
541 1155 735 1182 sacramenta
761 1159 778 1181 a
803 1149 912 1181 vicinis
938 1159 968 1181 e-

231 1203 367 1246 piscopis
391 1202 533 1246 accipere
567 1202 665 1235 libere
695 1203 812 1246 absque
839 1208 967 1235 contra-

230 1256 366 1290 dictione
391 1257 535 1300 possitis;
560 1256 604 1289 sic
630 1262 743 1297 tamen,
758 1262 791 1288 ut
812 1267 846 1289 ex
864 1256 971 1289 hocin

231 1314 391 1354 posterum
411 1310 549 1353 propriis
567 1309 724 1353 episcopis
745 1309 865 1342 nullum
885 1320 971 1353 prae-

231 1362 380 1396 iudicium
405 1368 584 1406 generetur.

274 1417 289 1459 ξ
314 1417 365 1449 19.
390 1416 467 1455 Quia
488 1426 562 1449 vero
584 1415 741 1449 interdum
766 1416 970 1459 propriorum

232 1470 451 1513 episcoporum
477 1469 599 1512 copiam
620 1479 681 1502 non
700 1468 828 1510 habetis,
847 1468 871 1501 si
893 1479 971 1512 quos

232 1523 396 1566 episcopos
420 1523 579 1556 Romanae
605 1522 714 1561 Sedis,
749 1527 780 1554 ut
815 1522 971 1561 diximus,

232 1577 365 1619 gratiam
398 1582 427 1610 et
460 1576 716 1610 communionem
743 1575 911 1615 habentes,
943 1582 972 1608 et

231 1631 270 1663 de
294 1630 408 1674 quibus
432 1631 556 1674 plenam
582 1630 724 1663 notitiam
748 1629 898 1671 habeatis,
916 1641 972 1674 per

233 1695 286 1717 vos
312 1685 445 1717 transire
466 1683 643 1726 contigerit,
661 1683 698 1716 ab
718 1684 761 1716 eis
779 1683 971 1717 benedictio-

232 1747 286 1770 nes
305 1747 450 1770 vasorum
469 1742 498 1769 et
516 1737 658 1777 vestium,
674 1743 703 1769 et
720 1738 972 1770 consecrationes

231 1791 388 1831 altarium,
405 1791 590 1823 auctoritate
608 1790 803 1834 Apostolicae
822 1790 910 1823 Sedis
928 1801 973 1824 rc-

233 1844 338 1887 eipere
359 1843 495 1876 valeatis.

277 1898 292 1941 §
316 1897 367 1930 ⁶20.
392 1897 467 1930 Cum
486 1903 588 1930 autem
609 1897 756 1939 generale
772 1897 972 1931 interdictum

235 1956 337 1983 terrae
362 1950 464 1990 suerit,
489 1950 580 1984 liceat
602 1950 688 1983 vobis
715 1950 828 1983 clausis
854 1950 972 1991 ianuis,

232 2004 367 2038 exclusis
398 2003 678 2037 excommunicatis
712 2009 741 2036 et
778 2003 971 2046 interdictis,

233 2068 295 2091 non
320 2058 450 2101 pulsatis
468 2057 637 2101 campanis,
653 2056 828 2091 dummodo
847 2067 971 2090 causam

233 2120 295 2144 non
320 2110 469 2144 dederitis
494 2110 670 2152 interdicto,
697 2111 871 2154 suppressa
896 2121 972 2143 voce

233 2164 337 2196 divina
360 2163 463 2197 officia
488 2163 666 2203 cclebrare;
692 2164 830 2197 chrisma
856 2164 971 2207 etiam,

233 2218 337 2251 oleum
363 2222 523 2258 sanctum,
549 2218 802 2251 consecrationes
827 2218 972 2251 altarium

233 2282 289 2305 seu
312 2271 524 2313 basilicarum,
551 2271 762 2305 ordinationes
783 2272 972 2305 clericorum

234 2326 287 2369 qui
323 2325 361 2358 ad
400 2326 526 2359 ordines
563 2326 679 2358 suerint
715 2325 921 2369 promovendi
957 2336 974 2357 a

233 2378 427 2412 dioecesanis
441 2379 616 2422 suscipietis
627 2379 793 2422 episcopis,
807 2378 831 2411 si
846 2378 972 2421 quidem

235 2432 380 2465 catholici
406 2432 534 2473 suerint,
557 2437 586 2464 et
611 2431 744 2474 gratiam
771 2437 799 2464 ct
824 2442 970 2464 commu-

1046 240 1061 284 ἓ
1077 240 1129 273 91.
1148 239 1355 273 Prohibemus
1369 239 1506 283 insuper,
1521 243 1554 270 ut
1572 237 1651 269 infra
1664 236 1742 269 [ines

1002 293 1145 327 locorum
1171 298 1349 326 vestrorum
1375 292 1480 325 nullus
1505 291 1569 324 sine
1589 298 1744 324 consensu

1002 345 1262 379 dioecesanorum
1303 346 1525 389 episcoporum
1563 348 1743 377 vestrorum

1003 399 1159 443 cappellas
1191 409 1246 432 seu
1281 398 1455 431 oratorium
1486 398 1524 431 de
1555 407 1636 430 novo
1661 406 1739 430 con-

1002 458 1125 486 struere
1150 452 1273 493 audeat,
1299 452 1391 484 salvis
1417 451 1590 495 privilegiis
1616 449 1743 483 Pontifi-

1003 517 1074 539 cum
1089 507 1315 548 Romanorum,
1331 509 1359 539 et
1371 504 1409 537 ad
1427 504 1486 538 hoc
1500 514 1594 538 novas
1611 509 1641 538 et
1657 503 1744 536 inde-

1003 559 1082 593 bitas
1108 560 1286 593 exactiones
1311 558 1349 592 ab
1374 558 1619 602 archiepiscopis
1637 561 1666 592 et
1682 557 1744 601 epi-

1003 613 1116 657 scopis,
1137 612 1367 647 archidiaconis
1393 622 1446 645 seu
1471 611 1596 644 decanis
1623 616 1653 643 et
1677 610 1744 644 aliis

1003 667 1150 700 omnibus
1175 665 1395 700 ecclesiasticis
1419 665 1653 698 secularibusve
1673 674 1745 709 per-

1004 720 1088 754 sonis
1113 731 1130 753 a
1155 721 1242 754 vobis
1268 720 1398 753 omnino
1422 718 1491 752 fieri
1516 718 1744 761 prohihemus;

1003 773 1197 817 sepulturam
1234 783 1360 817 quoque
1394 772 1425 805 in
1459 771 1597 805 ecclesiis
1634 771 1746 804 vestris

1003 827 1135 860 liberam
1161 838 1228 861 esse
1254 826 1466 867 decernimus,
1492 831 1524 858 ut
1550 836 1660 859 eorum
1685 825 1742 858 de-

1005 880 1121 914 votioni
1148 885 1177 914 et
1202 885 1360 914 extremae
1386 880 1555 921 voluntati,
1580 880 1633 923 qui
1659 890 1691 912 se
1716 879 1745 911 in

1005 934 1114 967 iisdem
1141 934 1281 967 ecclesiis
1302 934 1429 978 sepeliri
1450 933 1666 973 deliberarint,
1687 933 1746 965 nisi

1005 987 1084 1021 sorte
1117 988 1380 1021 excommunicati
1415 987 1460 1020 vel
1495 986 1651 1019 interdicti
1685 986 1745 1019 sint

1004 1047 1057 1074 aut
1081 1042 1173 1075 etiam
1192 1042 1309 1086 publici
1325 1041 1472 1083 usurarii,
1486 1041 1590 1074 nullus
1605 1040 1746 1081 obsistat,

1005 1095 1089 1127 salva
1116 1100 1220 1127 tamen
1242 1095 1358 1127 iustitia
1386 1094 1510 1127 illarum
1530 1093 1746 1133 ecclesiarum,

1005 1157 1020 1178 e
1039 1147 1154 1191 quibus
1164 1158 1300 1191 corpora
1314 1152 1511 1182 mortuorum
1531 1152 1745 1180 assumuntur.

1049 1201 1063 1244 g
1080 1200 1131 1233 022.
1147 1201 1288 1234 Decimas
1304 1207 1468 1244 praeterea
1485 1207 1514 1234 et
1532 1201 1748 1245 possessiones

1005 1254 1043 1286 ad
1068 1254 1114 1287 ius
1140 1255 1344 1287 eeclesiarum
1360 1261 1536 1287 vestrarum
1557 1258 1746 1297 spectantes,

1005 1318 1084 1351 quae
1116 1318 1133 1340 a
1165 1308 1251 1341 laicis
1281 1307 1481 1346 detinentur,
1512 1307 1687 1340 redimendi
1718 1313 1748 1340 et

1006 1361 1144 1404 legitime
1170 1361 1324 1395 liberandi
1345 1361 1382 1394 de
1408 1361 1552 1394 manibus
1577 1371 1698 1401 eorum,
1720 1366 1747 1393 et

1006 1414 1043 1448 ad
1064 1415 1212 1449 ecclesias
1230 1415 1267 1448 ad
1290 1426 1367 1459 quas
1388 1415 1546 1458 pertinent
1570 1414 1748 1454 revocandi,

1006 1468 1104 1502 libera
1129 1469 1168 1501 sit
1194 1468 1282 1501 vobis
1307 1468 1344 1501 de
1370 1470 1478 1501 nostra
1502 1468 1688 1502 auctoritate
1710 1468 1748 1500 sa-

1007 1522 1114 1555 cultas.

1051 1574 1141 1618 {⁹2}
1175 1574 1317 1608 Obeunte
1355 1586 1429 1607 vero
1466 1574 1604 1617 generali
1643 1579 1747 1607 vestro

1007 1628 1132 1672 priore,
1158 1638 1288 1661 suorum
1315 1627 1552 1672 quomodolibet
1579 1637 1746 1660 successo-

1008 1693 1079 1715 rum
1105 1682 1208 1716 nullus
1234 1682 1349 1715 ibidem
1375 1682 1513 1726 qualibet
1534 1682 1748 1726 subreptionis

1007 1736 1119 1769 astutia
1136 1747 1190 1769 seu
1202 1736 1349 1769 violentia
1360 1740 1567 1779 proponatur,
1582 1735 1640 1768 nisi
1654 1746 1746 1779 quem

1007 1789 1118 1822 fratres
1151 1789 1311 1823 communi
1344 1799 1498 1823 consensu
1524 1790 1675 1829 fratrum,
1701 1789 1747 1821 vel

1008 1842 1109 1875 maior
1134 1853 1207 1886 pars
1232 1842 1355 1875 consilii
1388 1842 1543 1883 sanioris,
1574 1841 1747 1875 secundum

1008 1896 1104 1929 Deum
1127 1900 1155 1930 et
1176 1896 1258 1928 beati
1285 1896 1450 1939 Augustini
1478 1896 1621 1939 regulam
1646 1895 1750 1939 provi-

1006 1950 1109 1983 derint
1124 1949 1314 1993 eligendum¹
1331 1950 1399 1983 Paci
1415 1960 1540 1993 quoque
1555 1955 1585 1982 et
1600 1949 1749 1993 tranquil-

1007 2004 1084 2037 litati
1110 2009 1230 2037 vestrae
1256 2006 1387 2048 paterna
1407 2004 1615 2048 imposterum
1638 2003 1750 2037 sollici-

1008 2057 1113 2091 tudine
1145 2057 1313 2101 providere
1347 2057 1530 2098 studentes,
1563 2057 1749 2090 auctoritate

1007 2111 1178 2155 apostolica
1204 2110 1420 2154 prohibemus,
1440 2116 1471 2143 ut
1487 2111 1568 2143 intra
1589 2111 1750 2144 clausuras

1008 2165 1150 2198 locorum
1177 2170 1352 2198 vestrorum
1387 2164 1491 2197 nullus
1525 2165 1667 2208 rapinam
1694 2174 1748 2197 seu

1007 2218 1124 2252 furtum
1143 2218 1256 2258 facere,
1268 2218 1370 2261 ignem
1381 2228 1552 2262 apponere,
1565 2217 1749 2261 sanguinem

1008 2272 1189 2314 effundere,
1221 2272 1383 2305 liomissem
1418 2278 1535 2305 temere
1565 2282 1677 2315 capere
1704 2270 1749 2303 vel

1009 2326 1208 2365 interlicere,
1239 2336 1293 2358 seu
1320 2325 1499 2358 violentiam
1525 2324 1635 2358 audeat
1663 2334 1751 2356 exer-

1009 2389 1089 2411 cere.

1053 2432 1066 2473 ξ
1091 2430 1142 2463 ΞΜ.
1165 2431 1333 2474 Propterea
1351 2440 1459 2463 omnes
1475 2430 1633 2462 libertates
1650 2435 1679 2462 ct
1699 2430 1751 2462 im-

234 2487 360 2520 nionem
385 2491 600 2519 sacrosanctae
626 2486 783 2518 Romanae
809 2485 897 2518 Sedis
919 2485 973 2517 lia·
1010 2484 1175 2517 munitates
1201 2495 1217 2515 a
1242 2484 1537 2527 praedccae'ssoribus
1559 2483 1675 2516 nostris
1692 2483 1750 2517 Ro-

234 2542 373 2584 buerint⁷
399 2546 428 2573 et
453 2551 488 2574 ea
513 2540 600 2574 vobis
625 2540 776 2573 voluerint
806 2539 870 2573 sine
895 2551 970 2584 pra-
1009 2538 1108 2571 manis
1130 2538 1331 2571 Pontificibus
1350 2538 1425 2571 locis
1445 2538 1555 2571 vestris
1573 2547 1750 2576 concessas,

235 2596 325 2628 vitate
352 2596 454 2638 aliqua
481 2594 639 2628 exhibere

1008 2603 1127 2626 necnon
1155 2592 1313 2624 libertate<
1340 2598 1364 2623 et
1394 2591 1609 2635 &eruptiones
1633 2591 1750 2625 secula-

1646 177 1710 211 :373
1758 186 1804 211 An.
1823 186 1852 210 c.
1872 185 1940 212 1558
