2243 3205
36 242 81 270 An.
96 240 124 267 C.
146 238 212 266 1660

98 1254 219 1282 Mai-sarithi

43 1283 152 1310 Ganguelin
177 1283 218 1303 ete-

43 1311 82 1331 etto
96 1311 115 1331 iu
130 1309 219 1330 admini-

43 1338 147 1357 stratorem
160 1335 219 1357 nulla

45 1363 164 1384 declaratur.

824 236 1012 261 ALEXANDER
1037 236 1080 259 Vll
1104 236 1151 259 I’P.

225 285 436 320 nasteriorum
453 284 634 319 monialium
650 285 863 329 praefatarum
878 283 909 316 in
923 294 968 317 re-

225 350 288 383 gno
300 339 451 374 Franciae
466 339 714 380 consistentium,
729 338 834 372 dilecti
851 337 906 370 filii
918 337 969 371 Ca-

225 393 311 426 rolus
328 392 365 426 de
383 392 539 426 Gamache
553 397 583 425 et
596 392 744 426 Martinus
756 390 905 431 Grandiu,
916 401 968 423 su-

225 445 372 489 perstites
393 444 577 478 eorumdem
593 445 856 478 monasteriorum
871 448 968 477 recto-

226 509 277 532 res
295 503 324 531 et
341 497 622 539 administratores,
636 498 784 531 dilectum
804 497 922 542 pariter
935 489 980 529 ᾗ(

226 551 303 584 lium
322 550 547 593 Margarithum
562 550 737 594 Ganguelin
750 550 968 595 presbyterum

227 603 259 637 in
285 603 410 636 tertium
437 608 593 636 rectorem
623 607 652 637 et
680 603 968 637 administratorem

229 656 493 690 monasteriorum
519 656 698 690 huiusmodi
724 656 793 690 loeo
819 656 970 700 praedicti

229 709 332 743 tacobi
350 709 487 743 defuncti
506 710 677 753 elegerant,
693 715 723 743 et
740 710 903 743 occasione
921 709 972 741 ab·

229 757 356 796 sentiae⁴
378 773 396 795 a
427 762 549 797 civitate
584 763 748 796 parisiensi
779 762 853 795 dicti
878 762 970 796 Caelii

228 815 458 860 archiepiscopi
477 816 581 849 nuncii
601 816 787 849 electionem
809 816 971 849 huiusmo-

228 869 259 902 di
288 880 305 902 a
337 869 473 913 quodam
507 869 623 903 vicario
648 869 836 903 venerabilis
866 869 972 902 fratris

229 921 462 966 archiepiscopi
494 923 678 955 Parisiensis
703 923 734 955 in
759 923 973 966 spiritualibus

229 974 368 1019 generali
394 975 576 1008 confirmari
603 981 800 1016 curaverant,
818 987 872 1009 seu
891 975 972 1008 idem

229 1027 439 1071 Margarithus
465 1032 639 1069 curaverat,
665 1028 796 1072 ipseque
821 1028 972 1071 Margari-

231 1080 302 1115 thus
328 1079 415 1113 sine¹
441 1080 582 1114 eiusdem
615 1081 707 1115 Caelii
742 1080 973 1125 archiepiscopi

230 1134 336 1168 nuncii
361 1143 514 1168 consensu
540 1145 654 1168 munus
679 1135 761 1168 tertii
787 1135 919 1168 rectoris
945 1140 974 1168 et

233 1187 496 1222 administratoris
519 1189 676 1223 dictorum
710 1188 973 1222 monasteriorum

232 1248 461 1287 assumpserat:
482 1253 549 1284 nos,
568 1243 656 1277 iustis
681 1248 711 1276 et
736 1242 974 1276 rationabilibus

233 1306 270 1329 ex
288 1296 389 1329 causis
403 1296 493 1329 nobis
509 1296 591 1330 notis
609 1296 745 1337 adducti,
763 1302 861 1338 motu,
880 1296 975 1329 scien-

233 1349 286 1391 tia,
306 1349 531 1383 deliberatione
565 1355 594 1383 et
625 1350 786 1395 potestatis
811 1349 975 1394 plenitudi-

232 1413 272 1437 ne
301 1403 466 1443 similibus,
484 1403 668 1437 electionem
690 1403 762 1436 dicti
792 1403 974 1446 Margarithi

233 1456 265 1490 in
291 1456 416 1490 tertium
444 1462 598 1490 rectorem
632 1464 661 1489 et
689 1457 974 1490 administratorem

233 1510 447 1556 praefatorum
463 1510 738 1553 monasteriorum,
754 1521 770 1543 a
795 1511 976 1544 memoratis

234 1564 345 1598 Carolo
373 1564 411 1597 de
435 1564 593 1598 Gamaclie
618 1570 646 1597 et
670 1564 803 1597 Martino
828 1564 976 1605 Giandiu,

234 1627 358 1651 necnon
394 1618 532 1651 ciusdem
567 1617 728 1651 electionis
764 1617 977 1651 confirmatio-

234 1681 306 1705 nem
337 1682 355 1704 a
383 1671 544 1716 praedicto
573 1672 690 1705 vicario
719 1671 867 1715 generali,
896 1672 977 1705 sicut

235 1725 458 1770 praemittitur,
483 1720 657 1770 respective
682 1726 787 1766 saetas,
809 1736 879 1759 cum
906 1725 976 1759 inde

236 1778 376 1823 sequutis
393 1779 656 1823 quibuscumque,
671 1779 863 1813 cassavimus
880 1784 909 1811 et
926 1789 977 1812 an—

236 1832 435 1875 nullavimus,
457 1832 640 1876 viribusque
661 1838 691 1865 et
716 1832 829 1865 ess'ectu
854 1831 977 1876 penitus

237 1891 266 1919 et
286 1885 414 1919 omnino
432 1886 662 1926 evacuavimus,
680 1896 716 1918 ac
734 1896 847 1926 cassas,
874 1885 977 1918 irritas

237 1944 267 1972 et
290 1939 400 1980 nullas,
417 1939 598 1983 viribusque
619 1944 648 1972 et
670 1939 782 1972 effectu
806 1949 918 1972 vacuas
935 1950 979 1972 es-

237 2003 269 2026 se
286 1998 316 2026 et
339 1998 493 2037 perpetuo
510 1994 577 2027 sore
597 1994 794 2027 decrevimus
814 1994 931 2038 pariter
949 1998 978 2026 et

237 2046 475 2088 declaravimus,
490 2047 629 2080 districte
647 2047 823 2080 inhibentes
837 2048 977 2091 praefato

237 2100 340 2134 Caelio
358 2101 599 2145 archiepiscopo
617 2101 742 2143 nuncio,
761 2112 798 2134 ne
816 2101 889 2134 dicti
903 2102 979 2134 Mar-

238 2154 352 2198 garithi
374 2155 557 2188 electionem
578 2155 757 2189 huiusmodi
776 2155 978 2188 confirmaret

239 2208 400 2251 ullumque
422 2207 558 2252 desuper
582 2218 769 2241 consensum
795 2213 978 2252 praestaret,

239 2261 385 2294 omnibus
405 2272 479 2294 vero
497 2267 525 2294 et
543 2261 674 2304 singulis
689 2261 876 2295 monialibus
893 2272 979 2305 prae-

239 2313 339 2356 dictis,
365 2325 536 2359 earumque
562 2315 723 2359 priorissis
743 2320 773 2348 et
794 2315 979 2359 superioris-

240 2367 282 2401 sis
305 2367 506 2411 quibuslibet,
523 2378 561 2401 ne
580 2369 683 2412 ipsum
702 2368 927 2410 Margaritlmm
948 2368 979 2400 in

240 2431 347 2454 earum
360 2425 514 2455 rectorem
527 2426 555 2454 et
569 2421 854 2455 administratorem
869 2432 922 2454 seu
934 2432 980 2454 su-

239 2474 397 2519 periorem
416 2475 570 2507 ullatenus
588 2474 798 2515 admitterent,
819 2485 873 2507 seu
892 2485 978 2508 reco-

241 2533 439 2571 gnoscerent,
452 2528 610 2571 ullamque
624 2528 650 2560 ei
667 2534 823 2572 tamquam
840 2528 890 2560 tali
910 2529 981 2562 obe-

276 2644 288 2671 1
307 2643 373 2671 Male
390 2642 454 2671 edit.
470 2642 548 2670 Maiu.
567 2642 630 2678 legit
644 2643 702 2670 sive
718 2651 765 2678 pro
781 2643 843 2671 sine
857 2648 892 2678 (tt.
907 2645 955 2678 T.).

1002 283 1150 316 dientiam
1166 284 1212 316 vel
1236 283 1442 316 reverentiam
1465 282 1660 322 exhiberent,
1683 281 1741 326 ipsi

1002 342 1107 370 autem
1128 337 1319 380 Margaritho
1333 337 1390 370 sub
1409 335 1742 382 excommunicationis

1002 391 1082 423 latae
1105 390 1276 422 sententiae
1299 390 1417 434 poena¹
1445 401 1502 433 per
1523 400 1595 422 eum
1621 389 1651 421 in
1669 399 1742 422 casu

1003 443 1269 477 contraventionis
1280 443 1347 486 ipso
1363 443 1442 475 sacto
1458 442 1656 483 incurrenda,
1673 452 1743 485 apo-

1003 496 1111 531 stolica
1136 496 1321 530 auctoritate
1346 496 1573 539 praecipientes
1590 499 1619 529 et
1639 494 1742 538 prohi-

1003 549 1122 590 bentes,
1139 560 1177 582 ne
1196 549 1225 582 in
1243 549 1524 589 administratione,
1544 547 1696 591 regimine
1714 553 1744 580 et

1003 602 1158 646 gubernio
1175 603 1387 646 praefatorum
1408 601 1668 635 {monasteriorum
1691 606 1745 634 aut

1004 656 1136 689 alicuius
1161 656 1286 689 illorum
1312 666 1345 688 se
1370 666 1402 688 se
1428 655 1616 695 immiscere,
1638 665 1691 687 seu
1713 654 1744 686 in

1005 710 1147 753 genere²,
1165 715 1218 742 aut
1236 710 1279 742 uti
1304 714 1459 742 rectorem
1486 714 1514 741 et
1540 708 1741 740 administra·

1007 768 1105 796 torem
1133 762 1396 796 monasteriorum
1416 761 1596 794 huiusmodi
1614 771 1668 793 seu
1693 760 1745 792 ali-

1006 815 1094 849 cuius
1124 826 1245 856 eorum,
1271 815 1397 860 publice
1422 815 1469 847 vel
1496 814 1661 858 privatim,
1683 818 1743 846 tam

1007 869 1197 902 coniunctim
1223 872 1316 913 quam
1339 868 1474 909 divisim,
1494 878 1525 900 sc
1551 877 1661 911 gerere
1681 867 1745 900 ullo

1007 922 1101 955 modo
1119 922 1248 955 auderet
1265 922 1312 955 vel
1333 926 1559 966 praesumeret.
1582 921 1746 953 Praeterea

1007 976 1155 1009 dilectum
1182 975 1280 1008 filium
1307 976 1459 1008 Renatum
1485 975 1636 1016 Almeras,
1655 984 1746 1017 prae-

1007 1029 1145 1073 positum
1171 1029 1350 1072 generalem
1378 1027 1635 1071 Congregationis
1659 1037 1747 1070 pres-

1008 1082 1190 1126 hyterorum
1223 1082 1412 1115 secularium
1445 1080 1599 1114 Missionis
1632 1090 1748 1112 nuncu-

1009 1140 1121 1179 patae,
1154 1135 1184 1167 in
1222 1135 1348 1168 tertium
1384 1140 1540 1168 rectorem
1566 1139 1595 1166 et
1619 1133 1749 1166 admini-

1009 1195 1175 1223 stratorem
1208 1194 1457 1224 memoratorum
1484 1189 1748 1223 monasteriorum

1010 1244 1194 1276 monialium
1221 1244 1250 1276 in
1271 1244 1374 1277 locum
1393 1243 1545 1287 praedicti
1571 1242 1673 1276 lacobi
1695 1242 1748 1276 de-

1010 1297 1117 1337 functi,
1136 1308 1206 1329 cum
1229 1297 1375 1330 omnibus
1397 1301 1426 1330 et
1446 1296 1578 1339 singulis
1603 1295 1750 1330 facultati-

1010 1349 1068 1382 bus
1085 1360 1165 1393 quae
1190 1350 1345 1383 similibus
1371 1349 1547 1383 rectoribus
1568 1354 1597 1382 et
1616 1348 1751 1383 admini-

1010 1403 1197 1437 stratoribus
1216 1414 1232 1436 a
1251 1409 1425 1436 memorato
1447 1403 1603 1437 Clemente
1624 1402 1751 1446 praede-

1010 1468 1133 1491 cessore
1147 1468 1204 1501 per
1218 1458 1416 1490 suaslitteras
1427 1457 1621 1501 supradictas
1629 1467 1752 1490 conces-

1010 1521 1061 1544 sae
1081 1511 1217 1551 suerunt,
1239 1511 1323 1544 salva
1347 1517 1448 1543 tamen
1474 1510 1628 1543 dictarum
1658 1510 1748 1543 bina-

1011 1575 1080 1597 rum
1116 1564 1290 1598 litterarum
1320 1570 1499 1598 nostrarum
1540 1564 1572 1597 in
1606 1564 1752 1597 omnibus

1011 1624 1041 1651 et
1075 1629 1131 1663 per
1163 1619 1268 1652 onmia
1292 1619 1508 1663 dispositione,
1533 1618 1752 1652 constituimus

1011 1671 1275 1715 etdeputavimus.
1290 1671 1334 1705 Ad
1346 1672 1422 1704 haec
1439 1672 1557 1704 nullam
1573 1672 1751 1715 monialem,

1011 1736 1091 1770 quae
1116 1725 1263 1769 praefatis
1292 1726 1407 1758 nostris
1432 1725 1546 1758 litteris
1568 1725 1751 1758 inobediens

1012 1783 1092 1813 esset
1113 1779 1159 1811 vel
1193 1778 1290 1819 soret,
1324 1779 1353 1811 in
1380 1778 1564 1822 priorissam
1590 1789 1645 1811 seu
1670 1779 1748 1812 alte-

1012 1833 1077 1866 rius
1102 1832 1237 1866 nominis
1255 1832 1496 1877 superiorissam
1525 1832 1752 1876 cuiuscumque

1012 1899 1046 1921 ex
1071 1887 1219 1931 praefatis
1252 1887 1451 1920 monasteriis
1480 1886 1553 1930 eligi
1582 1886 1629 1919 vel
1664 1897 1748 1920 assu-

1012 1943 1077 1981 mi,
1107 1946 1159 1973 aut
1192 1941 1280 1985 prius
1313 1941 1445 1973 electam
1471 1951 1526 1974 seu
1558 1944 1750 1984 assumptam

1012 1995 1044 2027 in
1068 1993 1222 2027 eiusmodi
1248 1993 1418 2037 priorissae
1446 2004 1501 2026 seu
1525 1994 1751 2038 superiorissae

1012 2058 1142 2080 munere
1167 2047 1349 2080 confirmari
1374 2057 1466 2091 posse
1486 2047 1683 2080 decrevimus
1701 2058 1752 2092 pa-

1012 2101 1089 2134 riter
1128 2111 1164 2134 ac
1204 2101 1368 2134 statuimus
1406 2106 1435 2133 et
1474 2101 1665 2135 ordinamus.
1709 2104 1752 2135 Ac

1012 2155 1185 2200 praemissa
1211 2155 1316 2187 omnia
1340 2160 1369 2187 et
1394 2154 1515 2198 singula
1541 2155 1688 2199 praefatis
1715 2157 1753 2189 vi-

1012 2208 1214 2249 sitatoribus,
1240 2218 1362 2241 necnon
1388 2208 1563 2242 rectoribus
1594 2214 1623 2241 et
1655 2209 1752 2242 admi-

1012 2262 1252 2302 nistratoribus,
1276 2272 1311 2294 ac
1337 2261 1508 2305 priorissis,
1534 2262 1751 2305 superiorissis

1013 2320 1043 2347 et
1068 2314 1255 2347 monialibus
1279 2314 1530 2358 (piibuseumque
1552 2316 1753 2349 monasterio-

1012 2379 1083 2402 rum
1109 2368 1300 2409 huiusmodi,
1318 2369 1375 2401 sub
1394 2368 1623 2402 inobedientiae
1641 2380 1676 2402 ac
1693 2370 1754 2414 pri-

1013 2422 1146 2455 vationis
1183 2423 1360 2455 officiorum
1398 2423 1507 2466 poenis
1544 2433 1581 2456 eo
1613 2423 1702 2467 ipso,
1727 2424 1752 2457 si

1014 2477 1276 2516 contravenerint,
1302 2476 1420 2520 absque
1451 2476 1511 2508 alia
1543 2476 1753 2511 declaratione

1015 2529 1223 2570 incurrendis,
1249 2529 1470 2562 inviolabiliter
1505 2535 1534 2562 et
1569 2530 1753 2565 inconcusse

1053 2603 1058 2627 t
1084 2602 1183 2627 Vocem
1202 2602 1293 2635 poetici
1316 2609 1363 2628 nos
1383 2601 1507 2628 addimus
1526 2602 1568 2636 (n.
1585 2603 1632 2636 τ.)-

1049 2645 1064 2671 Ξὶ
1082 2645 1180 2672 Forsan
1192 2645 1297 2681 legend.
1313 2646 1443 2680 iuyerere
1460 2656 1508 2682 pro
1521 2648 1548 2674 in
1561 2655 1664 2681 yenere
1677 2654 1754 2680 (tur.)

1642 224 1705 258 615
1751 234 1799 260 An.
1823 232 1850 259 c.
1874 233 1940 259 1660

1797 935 1889 955 Iti-uuus
1914 935 1945 955 ΑΙ-

1761 967 1829 981 meras
1856 967 1945 987 praepa·

1762 990 1813 1007 situs
1842 987 1946 1011 generalis

1762 1014 1936 1038 Cutigt‘ezalmnls

1762 1040 1876 1061 Mosteni»
