2263 3215
298 215 342 239 »an
368 213 393 237 c.
418 213 483 239 1⁶56
530 204 593 236 t7a

326 1655 458 1676 Prooemium

313 1973 426 1994 Confirmat
435 1978 483 1992 com

300 2001 433 2021 suetudinem
445 2006 485 2019 cir-

299 2032 325 2046 ca
359 2027 484 2046 electionem

301 2053 424 2073 officialium
451 2059 484 2078 gc-

301 2080 403 2100 neralium
426 2080 485 2098 (trili—

302 2106 334 2126 nis
349 2106 416 2126 sancti
428 2106 485 2126 1334

304 2133 326 2152 lu
354 2133 381 2153 ad
410 2138 483 2152 sexen-

304 2165 369 2179 nium.

494 261 612 302 stolio-u,
632 261 678 294 vel
696 260 804 304 quavis
821 260 968 292 firmitate
988 260 1048 292 alia
1067 256 1232 300 reboratis,

494 315 615 348 statutis
653 319 683 348 et
721 314 1020 354 consuctudinibus,
1061 313 1234 357 privilegiis

494 377 636 410 quoquc,
658 367 786 399 indultis
811 372 841 399 et
866 367 977 399 litteris
997 367 1178 410 apostolicis
1203 367 1234 399 in

495 420 687 453 contrarium
719 421 966 464 praemissorum
997 420 1235 465 quomodolibet

495 472 651 505 concessis
668 499 675 512 ‚
701 473 894 506 confirmatis
922 479 951 505 et
972 473 1143 513 innovatis;
1169 473 1236 517 qui-

495 525 554 557 bus
568 524 715 558 omnibus
735 531 765 558 et
785 525 930 569 singulm,
951 526 1076 559 illorum
1110 532 1235 560 tenores

495 577 711 620 praesentibus
740 589 797 621 pro
814 579 904 622 plene
921 584 946 612 et
974 579 1164 612 sufficienter
1186 589 1236 611 ex-

496 631 613 673 pressis
633 642 669 664 ac
691 631 729 664 dc
762 632 857 665 verbo
885 632 923 664 ad
956 633 1086 665 verbum
1112 632 1236 664 insertis

496 684 656 726 habentes,
686 684 746 717 illis
771 685 845 717 alias
870 685 901 717 in
929 696 985 718 suo
1016 685 1131 718 robore
1166 695 1235 728 pcr-

497 737 663 777 mansuris,
680 737 718 769 ad
737 738 982 781 praemissorum
1000 739 1145 771 effectum
1157 765 1164 778 ,
1178 738 1236 770 hae

496 790 562 822 viee
587 790 756 833 dumtaxat,
774 791 950 834 specialiter
967 797 997 824 et
1021 801 1170 835 expresse
1187 790 1236 823 de-

497 852 664 885 rogamus,
697 843 872 886 ceterisque
903 844 1069 877 contrariis
1100 843 1232 886 quibus-

496 906 642 939 cumque.

540 949 652 981 Datum
683 950 809 992 Romae,
836 951 920 994 apud
941 951 970 983 S.
992 950 1119 983 Mariam
1145 950 1236 983 Maio-

496 1013 579 1042 rem,
597 1003 655 1035 sub
667 1003 782 1036 annulo
808 1004 984 1046 Piscatoris‚
998 1004 1048 1036 die
1062 1014 1137 1036 xxrx
1162 1003 1235 1035 maii

497 1065 622 1099 unetvi,
640 1056 843 1100 pontificatus
862 1057 963 1090 nostri
987 1067 1069 1090 anno
1094 1067 1125 1089 11.

534 1117 591 1144 Dat.
608 1117 651 1144 die
665 1118 699 1145 29
715 1118 777 1145 maii
794 1119 872 1151 1656,
889 1119 984 1154 pontif.
1001 1127 1071 1145 anno
1088 1125 1116 1145 ιι.

829 1261 900 1294 CIX.

500 1341 711 1384 Confirmatio
735 1340 981 1374 consuetudinis
1006 1343 1092 1373 circa
1117 1340 1237 1373 electio-

541 1406 614 1428 nem
638 1395 830 1438 officialium
859 1394 1065 1437 qeneralimn
1101 1393 1237 1428 Ordinis

541 1449 573 1482 S.
597 1448 722 1481 Basilii
742 1447 784 1480 ad
808 1447 1002 1480 sexennium
1017 1446 1036 1479 ¹.

692 1528 860 1555 Alexander
880 1528 959 1562 Papa
979 1527 1040 1560 vn,

618 1573 653 1600 ad
673 1576 850 1607 perpetuam
870 1573 914 1600 rei
936 1572 1116 1600 memoriam.

543 1645 586 1677 Ex
611 1644 751 1678 iniuncto
782 1644 873 1677 nobis
906 1644 1068 1688 apostolici
1100 1644 1240 1676 muneris

497 1698 626 1738 debito,
651 1698 689 1731 ad
717 1709 753 1731 ea
785 1699 919 1731 libenter
944 1698 1159 1738 intendimus,
1184 1708 1240 1741 per

498 1762 579 1795 quae
611 1752 835 1794 religiosorum
865 1751 1012 1785 ordinum
1045 1751 1076 1784 in
1100 1751 1239 1784 Ecclesia

497 1805 652 1838 militante
687 1805 737 1849 pie
761 1811 929 1849 sancteque
953 1805 1169 1838 institutorum
1191 1805 1238 1837 se-

497 1858 549 1890 lici
585 1858 751 1891 directioni
788 1863 966 1901 opportune
1002 1857 1122 1890 consuli
1151 1857 1238 1889 arbi-

499 1916 631 1943 tramur.

545 1964 559 2006 §
579 1964 608 1995 l.
628 1964 732 2007 Nuper
753 1963 906 2007 siquidem
925 1963 1056 1996 dilectus
1072 1963 1155 1996 filius
1168 1973 1241 2006 pro-

500 2023 628 2049 curator
664 2017 820 2059 generalis
852 2017 1081 2049 monachorum
1118 2015 1242 2049 Ordinis

501 2070 530 2103 S.
564 2070 720 2103 Benedicti
744 2070 836 2103 nobis
861 2070 973 2112 exponi
1011 2069 1104 2109 fecit,
1135 2069 1241 2112 quod,

502 2134 572 2156 cum
610 2124 685 2156 alias
719 2123 817 2156 felicis
860 2123 1088 2156 recordationis
1130 2123 1242 2155 Paulus

504 2178 586 2221 l‘apa
604 2178 625 2210 V
647 2177 870 2220 praedecessor
895 2182 1002 2209 noster
1018 2187 1075 2220 per
1091 2176 1240 2220 quasdam

504 2241 574 2264 suas
610 2231 641 2262 in
672 2231 767 2264 simili
800 2231 901 2263 forma
932 2230 1038 2262 Brevis
1062 2230 1181 2264 litteras
1205 2230 1242 2263 de

503 2294 584 2317 anno
609 2294 716 2317 nincxx
741 2287 908 2324 emanatas
933 2283 990 2316 sub
1023 2284 1116 2316 certis
1149 2283 1242 2317 modo

503 2344 532 2371 et
557 2339 658 2371 forma
683 2343 757 2370 tunc
781 2338 955 2381 expressis,
980 2338 1132 2379 statuerit,
1157 2337 1241 2381 quod

503 2402 540 2424 ex
566 2397 638 2424 tunc
663 2391 701 2424 de
725 2397 831 2424 cetero
849 2391 1013 2435 perpetuis
1030 2392 1143 2424 suturis
1167 2396 1242 2424 tem-

503 2445 632 2488 poribus
656 2445 752 2478 abbas
776 2445 931 2488 generalis
955 2445 1029 2477 dicti
1054 2444 1179 2478 Ordinis
1202 2444 1240 2477 ad

503 2498 685 2530 sexennium
711 2498 782 2540 eligi
808 2498 947 2539 deberet,
972 2499 1137 2531 universus
1162 2498 1240 2531 ordo

543 2615 550 2640 1
576 2613 610 2639 lix
632 2613 736 2648 ltegest.
758 2613 782 2639 in
804 2614 903 2640 Secret.
927 2613 1003 2640 Brev.

1071 212 1250 236 BULLARIUM
1276 211 1429 235 ROMANUM

1266 259 1446 303 praedictus
1471 259 1564 291 etiam
1591 259 1668 291 alios
1688 258 1771 291 illius
1791 258 1939 291 officiales
1956 267 2006 300 ge-

1266 313 1388 345 nerales
1413 312 1449 344 ad
1473 312 1501 343 id
1527 311 1664 343 sexennii
1682 317 1814 354 tempuS,
1835 311 1920 344 iuxta
1937 321 2007 344 con-

1267 365 1462 397 suetudinem
1488 374 1505 396 a
1531 364 1798 407 trigintaquinque
1814 364 1903 396 annis
1930 363 2008 396 citra

1267 428 1391 461 semper
1409 418 1439 450 iu
1457 417 1566 450 eodem
1585 416 1700 450 Ordine
1714 417 1920 458 observatam,
1934 416 2008 459 eligi

1268 481 1358 514 posse
1383 481 1586 514 summopere
1606 470 1771 503 desiderat.
1797 470 1917 503 Idcirco
1940 480 2007 511 nos,

1269 524 1407 557 eiusdem
1427 523 1552 556 Ordinis
1567 524 1746 565 monachos
1763 524 1924 567 ipsiusque
1939 533 2009 567 pro-

1269 583 1446 610 curatorem
1473 577 1653 619 generalem
1678 577 1866 620 specialibus
1896 576 2010 610 favori-

1269 630 1326 662 bus
1344 636 1373 662 et
1390 630 1500 672 gratiis
1518 630 1667 673 prosequi
1686 630 1834 671 volentes,
1852 635 1883 662 et
1899 639 2010 663 eorum

1269 684 1445 726 singulares
1469 693 1619 726 personas
1643 694 1660 716 a
1691 683 1854 727 quibusvis
1884 693 2010 716 excom-

1270 737 1506 778 nuuiieationis,
1539 737 1753 780 suspensionis
1777 742 1807 770 et
1832 736 2011 776 interdicti,

1268 790 1400 833 aliisque
1425 790 1645 823 ecclesiasticis
1669 790 1849 831 sententiis,
1869 790 2011 823 censuris

1269 849 1298 875 et
1330 844 1439 886 poeuis
1455 870 1462 884 ,
1483 854 1499 875 a
1533 844 1600 876 iure
1618 844 1665 876 vel
1683 843 1721 875 ab
1741 844 1878 886 homine,
1903 843 2012 887 quavis

1269 897 1435 929 occasione
1458 897 1503 929 vel
1533 898 1626 929 causa
1646 896 1725 937 latis,
1743 896 1768 929 si
1789 895 1903 939 quibus
1927 905 2008 939 quo-

1271 950 1442 983 modolibet
1474 950 1640 983 innodatae
1673 951 1829 990 existunt,
1862 949 1900 982 ad
1931 948 2009 982 effe-

1270 1009 1355 1036 ctum
1389 1003 1603 1046 praesentium
1629 1003 1790 1036 dumtaxat
1810 1012 2009 1046 consequen-

1269 1056 1354 1096 dum,
1373 1057 1484 1088 harum
1502 1056 1582 1089 serie
1600 1056 1797 1089 absolventes
1829 1061 1860 1088 et
1889 1055 2013 1089 absolu-

1270 1115 1315 1142 tas
1332 1110 1399 1142 sore
1417 1114 1579 1142 censentes
1593 1137 1600 1151 ‚
1625 1108 1909 1153 supplicationibus
1929 1108 2012 1142 eius-

1270 1163 1341 1196 dem
1367 1164 1582 1206 procuratoris
1603 1163 1759 1206 generalis
1775 1162 1902 1196 nomine
1920 1161 2013 1195 nobis

1270 1226 1365 1260 super
1379 1216 1439 1250 hoc
1456 1216 1619 1249 humiliter
1636 1215 1793 1260 porrectis
1810 1214 1961 1256 inclinati,
1974 1215 2012 1248 de

1271 1269 1497 1302 venerabilium
1523 1270 1656 1302 fratrum
1681 1275 1863 1303 nostrorum
1888 1272 2013 1303 sanctae
2039 1286 2042 1289 Δ

1271 1323 1430 1356 Romanae
1456 1323 1612 1356 Ecclesiae
1634 1322 1841 1355 cardinalium
1875 1322 2012 1365 negotiis

1270 1382 1300 1408 et
1334 1376 1615 1409 consultationibus
1646 1376 1867 1419 cpiscoporum
1898 1379 1928 1409 et
1962 1385 2012 1408 re-

1271 1430 1430 1472 gularium
1456 1429 1710 1472 praepositorum
1728 1429 1871 1469 consilio,
1888 1429 2013 1462 attentis

1272 1483 1418 1522 narratis,
1445 1483 1703 1515 consuetudinem
1721 1482 1913 1526 praedictam
1930 1482 2013 1515 circa

1271 1536 1458 1569 electionem
1476 1536 1657 1568 officialium
1675 1535 1871 1578 generalium
1887 1535 2013 1569 Ordinis

1273 1589 1472 1631 huiusmodi,
1497 1599 1555 1632 per
1580 1589 1714 1632 spatium
1745 1588 2013 1632 trigintaquinque

1272 1654 1427 1676 annorum
1454 1643 1651 1676 observatam
1680 1647 1714 1676 ut
1737 1643 1925 1686 praefertur,
1942 1652 2014 1687 apo-

1273 1697 1383 1729 stolica
1408 1696 1615 1736 auctoritate,
1645 1701 1753 1729 tenore
1777 1695 1991 1739 praesentium
2006 1723 2013 1736 ‚

1274 1750 1499 1784 confirmamus
1523 1756 1553 1783 et
1577 1750 1808 1793 approbamus,
1830 1749 1937 1793 illique
1961 1749 2011 1782 in-

1277 1804 1431 1837 violabilis
1445 1803 1635 1847 apostolicae
1653 1803 1810 1836 firmitatis
1823 1802 1922 1836 robur
1938 1801 2016 1835 adii-

1275 1857 1384 1890 cimus.

1319 1911 1334 1953 g
1358 1910 1387 1942 02,
1414 1910 1620 1942 Decernentes
1657 1913 1837 1953 praesentes
1873 1910 2015 1950 litteras,

1275 1963 1394 2003 firmas,
1409 1962 1525 1994 validas
1539 1967 1569 1995 et
1583 1962 1725 1995 efficaces
1742 1962 1875 1995 existere
1892 1966 1923 1996 et
1939 1962 2015 2003 sore,

1275 2027 1311 2049 ac
1327 2017 1366 2048 ab
1387 2015 1545 2055 omnibus,
1569 2015 1607 2048 ad
1632 2025 1711 2059 quos
1735 2020 1864 2059 spectat,
1890 2015 2017 2049 inviola-

1275 2070 1380 2102 biliter
1401 2069 1579 2109 observari,
1601 2070 1709 2112 sicque
1726 2080 1784 2113 per
1800 2079 2017 2113 quoscumque

1276 2123 1393 2155 iudices
1411 2122 1588 2155 ordinarios
1602 2128 1632 2154 et
1649 2122 1819 2164 delegatos,
1837 2122 1930 2154 etiam
1948 2131 2018 2154 cau-

1275 2186 1381 2209 sarum
1407 2176 1513 2219 palatii
1538 2176 1701 2219 apostolici
1725 2176 1906 2216 auditores,
1935 2175 2017 2209 iudi-

1276 2230 1341 2263 cari
1367 2235 1397 2262 et
1421 2230 1546 2262 definiri
1565 2230 1690 2273 debere,
1708 2240 1744 2263 ac
1761 2230 1886 2263 irritum
1904 2234 1935 2262 et
1954 2229 2018 2261 ina-

1275 2293 1324 2324 ne,
1349 2284 1374 2316 si
1400 2293 1489 2316 secus
1511 2294 1605 2327 super
1623 2283 1670 2316 his
1687 2295 1704 2317 a
1721 2294 1890 2328 quoquam,
1908 2283 2017 2327 quavis

1274 2337 1470 2378 auctoritate,
1496 2336 1630 2369 scienter
1656 2337 1702 2369 vel
1727 2337 1921 2379 ignoranter,
1944 2345 2017 2369 con-

1275 2389 1381 2432 tigerit
1405 2390 1561 2422 attentari.

1319 2443 1333 2485 g
1357 2441 1386 2475 3.
1419 2443 1488 2476 Non
1520 2443 1717 2475 obstantibus
1742 2441 2016 2476 constitutionibus

1274 2501 1304 2528 et
1325 2495 1576 2529 ordinationibus
1600 2496 1790 2539 apostolicis,
1810 2506 1845 2529 ac
1868 2495 1943 2529 dicti
1963 2495 2016 2529 Or-

1274 2549 1366 2590 dinis,
1390 2549 1483 2582 etiam
1505 2550 1698 2589 iuramento,
1720 2549 1958 2582 confirmatione
1982 2559 2015 2582 a·

1275 2603 1448 2646 postolica,
1470 2603 1516 2636 vel
1541 2603 1650 2646 quavis
1670 2602 1817 2635 firmitate
1839 2602 1899 2634 ati-:1
1922 2602 2015 2636 robo-

2017 211 2066 236 An.
2087 210 2117 236 G.
2136 210 2204 238 1655

2043 1945 2047 1947 -
2057 1916 2170 1938 Decretum
2186 1917 2212 1938 lr-

2032 1947 2104 1965 filaus.

2056 2473 2068 2477 ..
2085 2473 2088 2476 ‚
2104 2445 2210 2468 Contraria

2030 2479 2088 2495 reue!
2093 2475 2106 2494 t.
2257 2476 2259 2481 ’
