2243 3205
23 211 70 238 An.
90 209 120 235 fl.
136 208 199 236 1664

45 374 152 406 Clausulas
167 379 204 400 ap-

25 405 87 430 ponit..

0 762 3 859 l

1 862 4 887 Ι

1 1007 9 1129 ι
31 1066 137 1089 contraria
149 1065 210 1087 tollit.

72 2556 208 2579 prooemium.

814 206 1002 231 ALEXANDER
1025 205 1070 229 v11
1090 205 1138 230 PP.

217 255 399 299 praemissis
414 256 600 289 auctoritate
615 255 773 300 praefatae
790 265 959 298 congrega-

220 308 313 342 tionis
338 309 556 342 cardinalium.

265 361 280 404 §
295 360 324 394 3.
342 362 550 395 Decernentes
568 361 691 394 easdem
717 366 897 405 praesentes
913 360 960 392 lit-

221 419 304 447 teras
329 424 455 458 semper
480 415 596 457 firmas,
625 414 741 447 validas
766 420 795 447 et
820 414 961 446 efficaces

222 467 355 501 existere
380 474 410 501 et
433 469 510 509 sore,
536 479 672 512 suosque
690 468 849 512 plenarios
867 472 897 499 et
914 467 961 499 in-

222 525 327 564 tegros
353 522 482 555 effectus
509 522 615 555 sortiri
636 527 666 554 et
689 522 843 561 obtinere,
861 531 897 554 ac
924 520 962 553 ab

222 575 368 608 omnibus
393 581 424 608 et
447 576 589 618 singulis,
614 575 652 607 ad
681 585 760 619 quos
791 580 910 618 spectat
934 579 964 607 et

221 639 281 672 pro
299 633 441 672 tempore
470 628 632 672 spectabit,
654 628 878 661 inviolabiliter
903 628 964 660 suf-

222 683 355 726 fragari,
381 683 488 727 sicque
516 684 547 715 in
575 683 755 727 praemissis
784 693 840 726 per
871 692 964 726 quos-

223 747 360 780 cumque
385 736 503 770 iudices
528 737 704 770 ordinarios
729 742 758 769 et
783 736 963 779 delegatos,

223 789 315 822 etiam
341 799 507 822 causarum
525 790 629 833 palatii
658 790 820 833 apostolici
846 789 965 822 audito-

223 853 283 883 res,
308 842 438 875 iudicari
461 848 490 876 et
511 843 634 875 definiri
652 843 778 884 debere,
793 853 827 876 ac
842 843 964 875 irritum

224 901 254 928 et
271 896 372 937 inane,
393 896 417 928 si
438 906 538 936 secus,
563 906 657 940 super
682 896 730 929 his
754 907 771 929 a
795 906 965 940 quoquam,

223 948 333 992 quavis
357 949 553 989 auctoritate,
578 949 712 982 scienter
741 950 787 981 vel
817 949 965 992 ignoran-

224 1007 282 1042 ter,
305 1002 474 1045 contigerit
501 1003 655 1035 attentari.

270 1055 285 1098 ἓ
314 1055 344 1088 4.
376 1057 444 1089 Non
476 1055 671 1089 obstantibus
702 1056 907 1099 praemissis,
932 1066 967 1087 ac

227 1109 504 1141 constitutionibus
525 1113 554 1142 et
578 1105 969 1151 ordinationibus'aposto-

226 1162 305 1202 licis,
321 1172 453 1203 necnon,
478 1167 631 1205 quatenus
656 1172 734 1205 opus
759 1161 806 1201 sit,
825 1161 898 1193 dieti
915 1161 968 1194 Or-

227 1215 318 1255 dinis,
336 1215 429 1248 etiam
445 1215 632 1255 iuramento,
647 1214 885 1248 confirmatione
899 1225 968 1258 apo>

227 1268 349 1309 stolica,
372 1268 420 1301 vel
444 1269 554 1312 quavis
578 1267 726 1300 firmitate
757 1267 816 1299 alia
842 1267 970 1300 robora-

228 1321 277 1363 tis,
296 1321 418 1355 statutis
443 1327 472 1354 et
489 1320 780 1360 consuetudinibus,
797 1320 970 1364 privilegiis

229 1385 364 1421 quoque,
390 1375 519 1408 indultis
544 1380 574 1407 et
597 1374 710 1411 litteris
734 1374 914 1418 apostolicis
939 1373 970 1406 in

229 1429 422 1462 contrarium
448 1429 697 1472 praemissorum
731 1427 971 1471 quomodolibet

229 1482 397 1523 concessis,
411 1482 606 1515 confirmatis
619 1487 649 1513 et
667 1481 839 1520 innovatis‘,
857 1480 971 1524 quibus

229 1535 379 1569 omnibus
394 1540 424 1568 et
440 1535 581 1578 singulis,
600 1534 726 1568 illorum
745 1539 870 1567 tenores
884 1544 972 1577 prae-

230 1589 371 1622 sentibus
395 1599 452 1632 pro
470 1589 560 1632 plene
581 1591 610 1621 et
634 1587 826 1621 sufficienter
850 1598 974 1631 expres-

231 1642 273 1675 sis
304 1653 340 1675 ac
364 1642 402 1675 de
427 1642 524 1675 verbo
549 1641 587 1674 ad
613 1640 745 1674 verbum
772 1640 898 1673 insertis
924 1640 974 1672 lia-

231 1696 352 1736 hentes,
374 1696 434 1728 illis
459 1696 534 1728 alias
552 1695 582 1727 in
608 1705 665 1727 suo
691 1694 806 1727 robore
830 1704 974 1737 perman-

231 1749 324 1792 suris,
342 1749 379 1781 ad
397 1749 644 1793 praemissorum
663 1748 818 1788 effectum,
832 1748 891 1780 hac
908 1747 974 1779 vice

232 1803 595 1847 dumtaxat,specialiter
619 1808 648 1835 et
673 1812 820 1846 expresse
844 1801 974 1844 deroga-

234 1867 313 1897 mus;
332 1857 507 1900 ceterisque
525 1855 692 1888 contrariis
709 1855 972 1898 quibuscumque.

278 1910 389 1942 Datum
414 1910 542 1950 Romae,
567 1908 650 1952 apud
675 1909 704 1942 S.
726 1908 852 1941 Mariam
880 1908 973 1940 Maio-

234 1974 313 2004 rem,
339 1963 396 1996 sub
425 1963 541 1996 annulo
571 1962 749 2002 Piscatoris,
769 1962 818 1994 die
843 1972 886 1994 vu
908 1961 973 1994 iulii

235 2027 361 2058 Mncnxl,
381 2017 581 2061 pontificatus
606 2016 705 2049 nostri
731 2026 812 2049 anno
833 2025 885 2048 vn.

272 2080 329 2108 Dat..
344 2080 358 2107 7
375 2079 432 2107 iulii
448 2079 526 2113 1661,
543 2078 638 2115 pontis.
655 2087 698 2105 an.
719 2086 767 2106 vu.

510 2195 706 2230 CCCXLVIII.

237 2264 362 2301 Erectio
386 2267 574 2311 provinciae
598 2267 629 2299 S.
653 2265 805 2298 Ladislai
831 2265 916 2308 reyis
942 2264 978 2297 in

281 2321 455 2354 Sclavom'a
485 2319 620 2354 Ordinis
644 2319 787 2361 fratrum
810 2318 978 2352 Minorum

282 2374 320 2407 de
346 2373 569 2408 observantia.

435 2443 604 2471 Alexander
623 2444 701 2477 Papa
721 2443 784 2476 vn,

389 2489 425 2516 ad
445 2489 578 2516 futuram
593 2488 636 2515 rei
653 2488 830 2514 memoriam.

285 2548 327 2584 Ex
353 2549 511 2583 commissi
537 2549 628 2583 nobis
645 2547 793 2581 divinitus
818 2547 982 2592 pastoralis

240 2604 333 2638 officii
359 2603 464 2636 debito
489 2603 526 2636 ad
552 2613 586 2635 ea
611 2602 776 2646 propensis
801 2601 911 2635 studiis
937 2601 982 2635 iu-

993 254 1074 297 giter
1099 253 1300 294 intendimus,
1325 263 1383 297 per
1407 262 1487 296 quae
1511 251 1732 295 religiosorum

994 307 1145 347 virorum,
1166 307 1229 350 qui,
1243 307 1353 339 relicto
1371 306 1486 346 seculo,
1504 306 1555 338 Dei
1575 304 1734 348 obsequiis

995 371 1062 394 sese
1096 361 1335 404 manciparunt,
1369 360 1462 393 statui
1487 365 1515 392 et
1546 359 1627 392 seliei
1652 358 1735 391 dire-

995 414 1090 447 ctioni
1109 414 1294 454 consulitur,
1315 419 1357 455 ut,
1377 413 1548 446 secundum
1566 411 1735 445 laudabilia

996 467 1147 500 Ordinum
1173 477 1302 500 suorum
1329 467 1467 500 instituta
1495 471 1620 509 gratum
1638 465 1738 498 Altis-

997 520 1077 553 simo
1102 520 1317 564 impendentes
1342 520 1535 559 famulatum,
1556 518 1737 562 prosperio-

997 573 1085 606 ribus
1109 573 1140 605 in
1164 573 1230 606 dies
1255 573 1458 606 benedicente
1482 573 1616 605 Domino
1642 570 1739 615 profi-

998 627 1080 659 ciant
1106 627 1316 660 incrementis.

1042 681 1056 723 ξ
1082 680 1110 713 sl.
1135 680 1218 713 Alias
1243 679 1397 723 siquidem
1429 690 1487 723 pro
1518 684 1606 722 parte
1635 677 1738 711 dilecti

999 734 1054 766 filii
1080 734 1165 766 Lucii
1191 744 1208 765 a
1233 733 1261 765 S.
1288 733 1371 765 Iusto
1392 737 1465 765 tunc
1487 732 1637 775 temporis
1659 742 1741 764 com-

1000 787 1135 819 missarii
1153 786 1309 829 generalis
1329 785 1435 818 euriae
1460 785 1583 818 Ordinis
1608 785 1738 817 fratrum

1000 840 1154 873 Minorum
1173 839 1271 871 sancti
1297 838 1455 871 Francisei
1481 838 1518 870 de
1536 838 1740 870 Observantia

1000 898 1255 936 nuncupatorum
1273 892 1363 925 nobis
1381 892 1534 935 exposito,
1552 891 1635 934 quod
1653 896 1742 923 antea

1001 948 1178 991 (postquam
1206 946 1410 989 congregatio
1441 951 1513 978 tunc
1543 945 1740 977 existentium

1001 1002 1029 1034 S.
1057 1002 1089 1034 R.
1116 1002 1148 1034 E.
1180 1001 1407 1043 cardinalium,
1442 999 1577 1042 negotiis
1609 1003 1743 1038 etron-

1002 1055 1220 1088 sultationibus
1245 1055 1468 1098 episcoporum
1495 1059 1525 1085 et
1549 1052 1742 1095 regularium

1002 1109 1189 1152 praeposita,
1215 1108 1466 1151 Zagabriensem,
1492 1106 1743 1145 Varasdiensem,

1003 1162 1277 1202 Ormusdiensem,
1308 1162 1511 1203 Crisiensem,
1542 1160 1741 1193 Remeticen-

1004 1227 1080 1256 sem,
1106 1217 1318 1249 Ivanieenscm
1337 1222 1365 1248 et
1382 1216 1585 1259 Capinensem
1609 1224 1741 1248 conven-

1005 1275 1052 1302 tus
1081 1270 1205 1302 Ordinis
1230 1269 1380 1313 praedicti
1414 1269 1444 1301 in
1469 1269 1631 1302 Sclavonia
1664 1278 1741 1300 con-

1005 1323 1144 1363 stitutos,
1169 1333 1293 1355 necnon
1318 1322 1544 1355 monasterium
1569 1321 1620 1354 SS.
1645 1320 1747 1353 Trini-

1006 1376 1075 1408 tatis
1109 1376 1363 1418 Zagabriensium
1402 1375 1586 1408 monialium
1623 1373 1747 1407 Ordinis

1006 1435 1131 1462 sanctae
1156 1429 1264 1463 Clarae
1289 1439 1382 1462 curae
1417 1427 1597 1472 primodicti
1623 1426 1747 1459 Ordinis

1007 1483 1195 1523 subiectum,
1214 1483 1244 1514 in
1263 1492 1377 1515 novam
1403 1481 1577 1514 custodiam
1596 1481 1633 1513 ad
1656 1491 1746 1524 prae-

1007 1537 1158 1579 scriptum
1190 1535 1449 1568 constitutionum
1480 1533 1606 1567 Ordinis
1631 1533 1745 1566 huius-

1008 1589 1104 1629 modi,
1129 1600 1200 1621 cum
1228 1587 1466 1632 praerogativis
1488 1587 1585 1619 titulis
1609 1592 1638 1619 et
1664 1596 1749 1630 prae-

1008 1641 1158 1679 eedentiis
1182 1641 1350 1682 consuetis,
1370 1641 1448 1683 erigi
1472 1640 1681 1679 mandaverat,
1702 1639 1749 1671 di-

1008 1696 1105 1728 lectus
1119 1695 1328 1739 paritersilius
1344 1695 1455 1727 Paulus
1470 1694 1507 1726 de
1521 1694 1640 1733 Tauris,
1654 1694 1750 1725 frater

1009 1760 1154 1793 expresse
1173 1749 1332 1793 professus
1350 1748 1531 1792 provinciae
1548 1747 1691 1780 Austriae
1709 1746 1750 1779 di-

1009 1803 1048 1836 cti
1070 1803 1205 1844 Ordinis,
1220 1803 1329 1845 vigore
1348 1801 1484 1834 mandati
1503 1801 1560 1833 sibi
1582 1811 1677 1844 super
1690 1801 1750 1833 hoc

1009 1867 1025 1888 a
1049 1856 1163 1888 dilecto
1188 1855 1281 1887 etiam
1314 1855 1379 1887 silio
1404 1855 1586 1888 Sebastiano
1611 1865 1627 1886 a
1648 1854 1751 1886 Caieta

1010 1910 1223 1942 cismontanae
1261 1909 1395 1941 familiae
1437 1908 1589 1952 praedicti
1626 1907 1751 1941 Ordinis

1010 1963 1229 1996 commissario
1254 1962 1394 2005 generali
1419 1962 1503 2003 dati,
1529 1966 1646 2005 septem
1671 1972 1749 1994 con-

1011 2022 1120 2049 ventus
1132 2021 1161 2049 et
1176 2015 1400 2048 monasterium
1419 2015 1608 2057 huiusmodi,
1624 2014 1752 2058 praevia

1011 2070 1137 2102 illorum
1164 2068 1363 2112 separatione
1394 2079 1411 2100 a
1435 2068 1599 2112 provincia
1624 2068 1752 2110 ilunga-

1013 2123 1075 2156 riae
1093 2122 1233 2155 eiusdem
1248 2121 1384 2162 Ordinis,
1402 2121 1433 2154 in
1449 2131 1563 2154 novam
1578 2121 1752 2154 custodiam

1012 2176 1179 2220 saepedicti
1198 2175 1323 2208 Ordinis
1348 2176 1432 2207 iuxta
1449 2175 1687 2219 dispositionem
1706 2175 1756 2207 de-

1013 2230 1089 2263 creti
1122 2229 1222 2262 dictae
1255 2228 1510 2272 congregationis
1541 2239 1634 2272 super
1657 2239 1751 2272 prae-

1014 2283 1116 2316 missis
1137 2282 1270 2315 emanati
1289 2283 1444 2325 crexerat)
1465 2286 1532 2322 nos,
1553 2282 1755 2326 supplicatio-

1013 2336 1105 2368 nibus
1131 2335 1204 2368 dicti
1223 2335 1308 2367 Lucii
1330 2335 1457 2368 nomine
1477 2335 1567 2367 nobis
1584 2345 1678 2378 super
1695 2335 1756 2368 hoc

1015 2389 1176 2421 humiliter
1200 2388 1355 2431 porrectis
1382 2387 1540 2429 inclinati,
1566 2388 1756 2421 erectionem

1015 2441 1269 2485 supradictorum
1288 2446 1405 2484 septem
1425 2446 1633 2474 conventuum
1646 2452 1681 2474 ae
1695 2452 1759 2474 mo-

1015 2495 1141 2528 nasterii
1157 2495 1187 2527 in
1200 2505 1315 2528 novam
1332 2494 1507 2528 custodiam
1524 2495 1648 2529 Ordinis
1669 2506 1758 2539 prae-

1016 2548 1079 2588 sati,
1098 2559 1114 2581 a
1135 2553 1310 2581 memorato
1335 2548 1439 2590 Paulo,
1465 2548 1545 2581 sicut
1568 2548 1756 2592 praefertur,

1017 2602 1139 2643 saetam,
1163 2602 1347 2634 auctoritate
1380 2601 1554 2645 apostolica
1581 2601 1754 2635 confirma-

1641 193 1704 226 699
1752 201 1800 227 An.
1819 201 1850 228 c.
1867 201 1930 228 teet

1781 688 1924 716 Suppttcatio.
