2243 3205
0 122 1 203 l
51 167 96 192 An.
115 165 141 190 e.
165 163 230 190 1659

0 208 1 258 l

0 262 1 284 l

0 290 1 312 l

108 1981 187 2001 Nullum
213 1981 243 2000 ius

67 2007 244 2028 administraturi-

64 2035 101 2056 bus
146 2034 243 2054 visitandi

65 2061 196 2084 monasteria.
206 2066 244 2081 nec

65 2091 126 2109 etnam
151 2089 245 2109 cumuta-

65 2115 111 2139 uve,
126 2117 244 2140 computi-re

66 2141 159 2162 Summus
174 2143 245 2162 t'onii-

66 2167 96 2189 tex
111 2168 211 2190 declarat.

844 158 1027 185 ALEXANDER
1052 157 1096 181 vn
1119 157 1168 181 1³1³.

247 215 367 249 tarum,
393 210 571 243 subiaceant
597 215 626 243 et
650 209 812 243 subiacere
837 209 987 248 debeant,

246 263 451 297 nibilominus
461 264 564 297 dilecti
576 264 631 296 filii
646 269 795 303 rectores,
808 262 988 307 superiores

247 320 276 350 et
300 316 572 350 administratores
597 317 753 350 dictorum
780 315 987 350 monasterio-

248 381 317 403 rum
343 370 391 403 ius
416 381 451 403 ea
475 370 617 402 visitandi
654 370 761 402 saltem
799 368 987 402 cumulative

248 433 319 457 cum
334 423 547 457 visitatoribus
565 423 721 467 deputatis
739 423 775 455 ad
796 434 827 456 se
846 426 989 467 spectare

248 477 492 521 praetenderint,
518 483 612 521 prout
630 477 659 509 in
678 476 864 521 quibusdam
887 487 923 509 ex
945 475 989 509 eis

249 531 286 563 de
305 531 384 564 sacto
402 531 527 564 visitare
545 535 838 574 praesumpserunt:
857 530 930 563 hinc
945 535 988 563 est

248 583 331 628 quod
343 594 411 625 nos,
422 585 614 628 prosperiori
628 584 893 617 monasteriorum
904 594 991 627 prae-

248 637 404 671 dictorum
432 638 545 679 statui,
572 637 781 681 Ordinisque¹
807 637 989 670 earumdem

249 691 431 724 monialium
458 697 519 724 tam
547 691 577 724 in
603 691 821 735 spiritualibus
839 702 933 735 quam
960 691 990 723 in

250 745 477 788 temporalibus
502 745 698 778 incremento
723 751 874 788 quantum
901 744 992 778 nobis

249 809 284 831 ex
304 798 366 831 atio
382 798 564 831 conceditur
578 798 753 837 consulere,
769 803 796 830 et
813 803 844 830 ut
858 797 991 830 admini-

250 855 399 885 stratores
425 851 575 895 praedicti
602 852 751 895 deinceps
770 862 802 884 se
819 851 900 884 intra
918 861 992 884 con-

251 916 356 939 cessae
377 905 436 938 sibi
455 905 650 939 auctoritatis
668 905 792 946 limites,
810 910 839 937 ut
862 916 918 948 par
936 910 992 947 cst,

251 960 440 998 contineant,
453 959 670 1002 regularisque
690 958 855 1002 disciplina
871 958 993 990 firmius

252 1018 281 1045 et
305 1012 422 1046 diutius
448 1012 478 1045 in
504 1012 613 1045 eodem
632 1011 749 1045 Ordine
767 1012 866 1054 vigeat
887 1012 993 1055 provi-

252 1065 326 1099 dere
344 1066 494 1106 volentes,
512 1076 547 1099 ac
565 1065 799 1109 praedictarum
818 1064 992 1097 litterarum

252 1119 494 1163 apostolicarum
522 1123 645 1152 tenores
671 1124 699 1151 et
718 1118 804 1152 datas
829 1119 920 1152 etiam
949 1129 995 1151 ve-

252 1174 353 1207 riores
369 1173 587 1217 praesentibus
604 1183 662 1216 pro
682 1173 773 1216 plene
797 1178 825 1205 et
843 1172 996 1205 sufficien-

253 1233 300 1259 ter
319 1227 478 1271 expressis
494 1232 523 1259 et
542 1226 694 1259 verbatim
717 1226 858 1258 insertim
881 1226 995 1258 haben—

253 1287 308 1323 tes,
329 1281 367 1313 de
386 1280 621 1313 venerabilibus
643 1279 791 1313 fratribus
812 1284 993 1312 nostrorum

253 1335 282 1368 S.
307 1335 342 1367 R.
368 1335 400 1366 E.
426 1333 593 1366 cardinalis
619 1333 758 1376 negociis
789 1338 819 1365 et
843 1334 996 1366 consulta-

254 1388 390 1423 tionibus
413 1387 635 1431 episcoporum
655 1390 684 1420 et
701 1387 894 1429 regularium
910 1397 996 1431 prae-

253 1442 442 1486 positorum,
456 1441 508 1484 qui
527 1440 652 1472 easdem
671 1440 791 1473 litteras
808 1441 996 1484 apostolicas

255 1506 290 1528 ac
303 1494 469 1528 memorati
484 1493 590 1526 nuncii
610 1494 794 1526 relationem
815 1494 995 1527 huiusmodi

254 1558 377 1581 necnon
401 1547 520 1580 litteras
545 1546 677 1579 dilectae
703 1547 732 1579 in
761 1546 884 1580 Christo
916 1547 996 1580 filiae

254 1601 424 1646 priorissae
450 1600 632 1633 monasterii
659 1600 767 1644 oppidi
794 1600 831 1633 de
853 1601 998 1633 Pontoise

256 1656 286 1688 in
318 1655 456 1688 savorem
493 1654 650 1687 dictorum
685 1659 845 1687 rectorum
875 1654 912 1686 ad
941 1665 998 1688 nos

256 1708 343 1743 datas
367 1706 532 1741 viderunt³
550 1713 579 1740 et
596 1707 763 1750 diligenter
781 1707 999 1740 examinarunt

257 1773 292 1797 ac
317 1768 416 1796 totum
441 1762 608 1805 negocium
634 1767 750 1795 attente
775 1766 805 1796 et
823 1768 943 1795 mature
957 1763 999 1794 di-

257 1821 449 1857 scusserunt,
474 1816 616 1856 consilio,
639 1821 724 1848 motu
746 1817 888 1860 proprio,
906 1827 941 1850 ac
962 1827 997 1849 ex

258 1872 341 1903 certa
367 1870 496 1903 scientia
511 1874 540 1902 et
555 1871 678 1902 matura
703 1869 929 1903 deliberatione
947 1880 999 1903 no-

258 1924 349 1964 stris,
375 1924 475 1967 deque
501 1923 691 1967 apostolicae
716 1924 878 1966 potestatis
905 1923 1000 1967 pleni-

259 1977 376 2017 tudine,
400 1977 521 2010 nullum
540 1977 598 2016 ius,
615 1987 672 2010 nec
689 1977 781 2010 etiam
801 1978 999 2017 cumulative,

260 2030 429 2075 praedietis
447 2030 624 2063 rectoribus
644 2035 673 2063 et
691 2030 1000 2064 administratoribus

260 2095 314 2118 seu
333 2083 550 2128 superioribus
575 2090 754 2127 competere
780 2084 922 2118 visitandi
948 2085 1001 2118 hu-

260 2138 394 2172 iusmodi
421 2138 609 2171 monasteria
644 2143 750 2172 tenore
788 2139 1000 2182 praesentium

260 2192 459 2226 decernimus
477 2196 506 2224 et
522 2191 729 2232 declaramus,
744 2196 837 2235 atque
854 2192 894 2224 ita
916 2192 1002 2225 dein-

262 2256 334 2289 ceps
359 2245 487 2278 omnino
512 2245 605 2277 etiam
625 2245 682 2277 sub
700 2245 918 2278 ecclesiasticis
936 2256 1003 2278 cen-

261 2299 343 2332 suris
373 2298 491 2331 scrvari
526 2298 720 2332 mandamus.
755 2299 919 2332 Praeterea
953 2299 1000 2331 vi-

262 2352 427 2385 sitatorum
455 2355 702 2384 memoratorum
737 2352 1002 2385 monasteriorum

263 2405 448 2439 monialium
474 2405 719 2438 nominationem
738 2405 884 2449 deinceps
902 2405 938 2438 ad
957 2416 1005 2439 eo-

303 2487 313 2513 t
332 2485 401 2512 Male
418 2485 482 2512 edit.
500 2485 577 2512 Main.
596 2485 659 2520 legit
675 2485 831 2520 ordinique
848 2494 895 2521 pro
918 2486 1005 2513 Ordi-

265 2531 369 2565 m‘sque
385 2530 423 2565 (u,
440 2533 491 2561 τ.).

303 2574 318 2601 2
335 2574 404 2601 Edit.
426 2574 504 2601 lllain,
522 2574 586 2609 legit
601 2575 735 2603 videraut
748 2576 788 2610 (u.
804 2578 851 2601 'rm

1022 206 1164 239 rumdem
1180 204 1406 238 monasterium
1421 203 1691 236 administratores
1702 213 1764 235 non

1023 260 1198 304 pertinere;
1224 259 1401 292 visitatores
1426 263 1530 291 autem
1557 257 1764 304 monasterip-

1023 324 1091 346 rum
1117 312 1311 351 huiusmodi,
1338 311 1514 356 incipiendo
1540 322 1556 343 a
1582 310 1762 352 modernis,

1022 367 1073 411 qui
1097 372 1169 399 sunt
1193 365 1297 398 dilecti
1325 365 1378 397 filii
1407 366 1514 397 Petrus
1531 364 1568 397 de
1587 364 1711 397 Berulle
1733 364 1766 396 in

1021 421 1110 453 sacra
1137 419 1297 462 theologia
1332 418 1484 461 magister
1513 417 1694 450 monasterii
1727 416 1766 449 de

1024 475 1160 518 Ponnoy‚
1187 473 1251 505 sive
1275 472 1313 504 de
1339 471 1532 510 Pontelenio‚
1558 471 1653 503 abbas
1677 481 1764 503 com-

1024 527 1247 567 mendatarius,
1274 526 1323 559 die
1353 536 1413 559 xxv
1445 525 1520 558 iunii
1551 535 1700 563 unchu,
1731 534 1766 557 ac

1024 582 1200 615 Ludovicus
1224 581 1262 613 de
1287 580 1314 612 la
1340 579 1585 612 Roclieebovard
1607 579 1645 609 de,
1670 579 1768 611 Chan-

1024 636 1163 674 dennier,
1184 633 1280 668 abbas
1305 633 1342 665 de
1366 633 1502 671 Torneu,
1521 632 1570 664 die
1596 643 1617 665 11
1643 632 1767 675 augusti

1025 698 1164 723 MDchui
1190 699 1205 720 a
1231 687 1392 732 praedicto
1409 686 1512 719 Caelio
1527 685 1767 729 archiepiscopo

1025 743 1141 777 nuncio
1168 741 1368 776 confirmati.
1400 750 1537 784 quorum
1564 739 1616 771 liic
1641 739 1769 782 quidem

1027 798 1126 832 bonae
1152 796 1323 829 memoriae
1349 793 1530 833 Francisci,
1564 793 1636 825 dum
1671 793 1767 833 vixit,

1026 852 1054 885 S.
1079 851 1112 883 P..
1140 851 1171 883 E.
1199 849 1236 882 de
1262 849 1290 881 la
1315 847 1563 881 Rochefoucault
1588 845 1769 889 nuncupati,

1028 905 1077 937 ille
1100 915 1174 937 vcro
1196 902 1361 936 memorati
1381 901 1462 934 Petri
1481 900 1648 933 cardinalis
1667 910 1770 943 respe-

1027 960 1106 992 ctive
1131 963 1270 1002 nepotes,
1296 968 1331 989 ac
1356 955 1451 988 ambo
1469 958 1624 998 spectatae
1641 953 1719 985 vitae
1742 957 1771 987 et

1027 1013 1190 1058 probitatis
1216 1011 1394 1044 sacerdotes
1419 1009 1573 1045 existunt,
1599 1013 1770 1052 perpetuos

1028 1068 1093 1100 fore
1119 1064 1385 1110 quemadmodum
1417 1068 1555 1096 rectores
1581 1067 1611 1093 et
1636 1061 1770 1094 admini-

1029 1124 1177 1153 stratores
1192 1130 1199 1158 3

1073 1173 1130 1217 33.
1157 1172 1202 1210 Ad
1227 1172 1304 1204 haec
1324 1171 1480 1203 dictorum
1500 1170 1698 1202 visitatorum
1717 1180 1771 1202 nu-

1030 1237 1151 1259 merum
1178 1225 1260 1258 ultra
1286 1224 1364 1257 duos
1386 1223 1494 1266 augeri
1513 1233 1574 1255 non
1593 1233 1694 1266 posse,
1721 1234 1771 1255 ne-

1029 1290 1089 1323 que
1116 1279 1207 1312 etiam
1226 1277 1341 1315 minui;
1359 1276 1412 1308 sed
1430 1276 1515 1319 ipsos
1536 1275 1722 1316 visitatores,
1741 1281 1773 1307 ut

1029 1333 1149 1378 possint
1175 1329 1470 1375 supervenientibus
1487 1339 1655 1362 occurrere
1670 1340 1773 1362 neees-

1030 1386 1183 1425 sitatibus‚
1208 1383 1372 1427 delegandi
1391 1383 1428 1415 ad
1447 1388 1570 1426 tempus
1588 1383 1705 1415 biennii
1726 1384 1773 1415 vel

1031 1440 1156 1475 triennii
1183 1439 1220 1472 ad
1246 1447 1404 1471 summum
1424 1447 1533 1470 eorum
1553 1437 1772 1470 auctoritatem

1031 1501 1060 1528 et
1084 1498 1271 1539 potestatem
1297 1502 1355 1535 pro
1379 1491 1588 1535 quorumdam
1615 1496 1773 1524 monaste-

1032 1549 1152 1582 riorum
1170 1546 1347 1579 visitatione
1374 1544 1427 1576 uni
1443 1544 1488 1577 vel
1508 1544 1652 1588 pluribus
1671 1555 1771 1577 sacer-

1032 1602 1158 1635 dotibus
1184 1601 1263 1633 vitae
1289 1598 1577 1642 irreprehensibilis
1603 1599 1640 1631 ab
1661 1599 1772 1631 eodem

1032 1655 1148 1688 nuncio
1177 1653 1322 1687 similiter
1353 1652 1564 1696 approbandis
1596 1653 1771 1686 facultatem

1032 1710 1164 1748 habere‘,

1077 1763 1091 1806 ἓ
1116 1761 1146 1794 4.
1173 1762 1337 1793 Praeterea
1362 1760 1446 1803 quod
1478 1770 1541 1793 uno
1566 1770 1601 1793 ex
1635 1761 1775 1793 visitato-

1033 1816 1121 1848 ribus
1148 1814 1309 1858 perpetuis
1333 1813 1514 1846 huiusmodi
1541 1814 1706 1847 recedente
1729 1815 1775 1846 vel

1033 1869 1221 1909 decedente,
1256 1868 1334 1900 alter
1370 1873 1529 1912 superstes
1563 1868 1659 1901 alium
1697 1869 1776 1901 vitae

1034 1923 1183 1967 probatae
1215 1922 1318 1954 virum
1356 1921 1384 1953 in
1418 1932 1508 1954 sacro
1540 1921 1777 1966 presbyteratus

1034 1977 1144 2011 ordine
1169 1976 1393 2015 constitutum,
1425 1975 1506 2008 infra
1539 1975 1695 2008 trimestre
1730 1977 1776 2009 vel

1034 2036 1185 2064 semestre
1200 2040 1216 2062 a
1234 2029 1283 2061 die
1300 2039 1441 2061 recessus
1462 2029 1509 2061 vel
1530 2029 1677 2063 decessus
1696 2041 1778 2063 com-

1036 2084 1220 2128 putandum,
1241 2083 1357 2115 nuncio
1374 2083 1546 2126 praedicto,
1564 2089 1594 2115 ut
1613 2083 1651 2116 ab
1666 2084 1777 2117 eodem

1037 2139 1066 2170 iu
1091 2137 1286 2169 visitatorem
1312 2136 1479 2180 deputetur
1505 2142 1534 2169 et
1559 2137 1777 2180 contii-inetur,

1036 2191 1200 2224 nominare
1224 2190 1324 2233 possit
1349 2195 1379 2222 et
1400 2190 1521 2231 debeat,
1548 2191 1588 2224 ita
1615 2197 1719 2223 tamen
1746 2195 1777 2225 ut

1036 2255 1098 2278 non
1123 2244 1244 2288 possint
1265 2244 1440 2277 visitatores
1461 2244 1640 2277 huiusmodi
1657 2255 1780 2278 succes-

1037 2299 1101 2331 sive
1126 2303 1155 2330 et
1173 2297 1352 2329 immediate
1366 2308 1400 2329 ex
1417 2297 1526 2329 eodem
1547 2297 1690 2340 collegio,
1710 2309 1780 2331 cou-

1038 2351 1232 2395 gregatione,
1244 2350 1368 2383 Ordinis
1379 2351 1615 2391 communitate,
1631 2352 1780 2386 societate,

1039 2410 1091 2438 aut
1116 2414 1250 2448 corpore
1274 2404 1456 2447 particulari
1487 2405 1621 2445 assumi,
1647 2411 1699 2438 aut
1725 2416 1781 2439 no-

1040 2458 1152 2491 minari
1170 2462 1199 2490 et
1219 2457 1373 2501 deputari;
1395 2457 1553 2501 quodque,
1568 2459 1591 2491 si
1606 2459 1780 2492 nominatio

1040 2510 1220 2545 huiusmodi
1257 2521 1314 2554 per
1351 2511 1542 2545 visitatorem
1579 2513 1781 2557 superstitem

1041 2566 1121 2598 intra
1148 2569 1299 2598 semestre
1323 2571 1357 2598 ut
1381 2575 1475 2610 supra
1500 2566 1675 2609 praefixum
1702 2567 1782 2601 sacta

1669 145 1732 178 507
1781 154 1828 180 An.
1845 153 1872 179 c.
1896 153 1962 180 tss59
