2243 3205
29 186 75 213 An.
91 184 120 211 C.
140 182 208 210 1660

99 1987 219 2014 Sequuntur

7 2021 11 2030 ι
43 2013 130 2036 decreta.

818 177 1005 206 ALEXANm-:R
1030 179 1075 204 vlt
1099 180 1146 204 PP.

225 228 316 261 etiam
343 228 433 261 titulo
458 228 656 269 concionum,
678 228 850 262 dummodo
876 229 965 272 quin-

225 281 325 314 decim
351 291 504 314 annorum
530 281 689 314 curriculo
721 292 834 314 munus
858 281 965 314 huius-

223 334 308 367 modi
334 334 471 367 obierint
496 335 526 366 in
551 334 776 376 insignioribus
807 334 964 375 ecclesiis,

224 397 318 431 super
335 387 448 430 quibus
474 387 659 420 interveniat
682 387 895 420 testimonium
915 387 966 419 de-

224 439 353 472 finitorii
378 450 434 483 per
458 445 577 472 secreta
607 439 757 482 suffragia
781 440 964 484 exprimen-

224 492 316 534 dum,
334 503 397 526 non
421 503 496 526 vero
520 503 577 536 per
602 493 683 526 solas
708 493 965 537 subscriptiones,

225 556 295 578 cum
321 545 489 589 aliquando
507 545 660 579 extortas¹
678 546 781 589 potius
798 556 892 590 quam
910 546 967 579 im-

223 602 360 642 petratas
379 609 447 631 esse
472 609 534 631 non
560 599 758 641 ignoremus:

268 652 343 686 Cum
357 663 433 685 vero
450 652 481 685 in
501 653 577 685 orbe
595 652 757 695 religionis
774 653 966 696 praecellere

225 707 317 739 etiam
339 710 525 739 censeantur
549 711 742 750 praestantes
760 707 840 739 vitae
858 707 967 740 sancti-

225 760 331 792 monia
355 760 402 792 vel
420 759 584 803 regiminis
608 760 835 804 experimento,
860 767 966 794 nostra

225 813 376 846 interesse
407 813 600 846 arbitramur
624 813 682 846 hos
706 814 798 847 etiam
825 815 862 847 ad
891 826 966 859 pro-

224 866 397 899 vinciarum
412 866 630 910 paternitatem
645 867 836 910 promoveri,
850 868 967 911 quippe

225 919 279 963 qui
312 919 473 952 enituntur
508 930 569 952 non
601 919 724 963 privato
753 920 806 952 sed
839 920 966 963 publico

226 973 384 1006 velificare
398 973 575 1014 commodo,
592 983 654 1006 non
671 984 744 1006 suae
763 973 816 1006 sed
838 974 967 1016 religio-

225 1027 273 1059 nis
292 1027 431 1059 ancillari
452 1027 581 1069 gloriae.
601 1027 756 1059 Exoratur
773 1027 876 1070 itaque
896 1027 967 1059 San-

226 1080 315 1113 ctitas
326 1090 391 1120 sua,
405 1084 439 1112 ut
453 1080 617 1123 (abrogata
631 1080 701 1122 lege
715 1080 872 1123 posterius
891 1080 966 1124 lata)

226 1133 331 1165 iubeat
355 1133 468 1165 horum
503 1132 595 1165 ctiam
627 1132 801 1164 habendam
828 1143 894 1166 esse
919 1144 968 1165 ra-

226 1185 343 1218 tionem
359 1186 388 1218 in
402 1185 623 1218 distributione
641 1190 776 1228 quatuor
793 1185 968 1228 provincia-

227 1239 347 1271 latuum
372 1239 544 1271 titularium
571 1238 608 1270 ad
633 1238 800 1281 pristinam
833 1239 966 1271 formam

228 1292 485 1325 constitutionum
513 1291 723 1324 Urbanarum:

273 1345 381 1387 Porro,
394 1345 430 1377 ad
448 1344 710 1388 compescendum
726 1354 850 1377 omnem
866 1345 971 1377 huius-

229 1398 314 1431 modi
342 1398 539 1441 praelaturae
564 1401 593 1431 et
622 1397 848 1441 cuiuscumque
877 1398 968 1430 etiam

229 1451 358 1484 alterius
382 1451 543 1493 dignitatis
572 1450 811 1494 consequendae
836 1451 867 1483 in
892 1451 967 1483 reli-

230 1504 323 1547 gione
347 1503 510 1545 ambitum,
536 1514 645 1536 eorum
672 1504 805 1536 maxime
830 1514 908 1547 quos
933 1503 971 1536 ad

229 1557 406 1601 principum
434 1559 555 1590 favores
573 1558 744 1600 confugere
767 1567 829 1590 non
854 1556 973 1601 pudet²

229 1620 288 1654 pro
314 1610 560 1653 consequutione
585 1610 727 1652 illarum,
752 1616 877 1653 praeter
900 1620 973 1653 poe-

230 1673 286 1696 nas
311 1663 341 1696 in
366 1663 588 1696 constitutione
613 1662 704 1696 cxvl⁸
729 1663 815 1695 Pauli
832 1663 862 1695 V·
876 1663 973 1695 felicis

231 1716 459 1749 recordationis
477 1715 682 1748 comminatas
697 1715 773 1748 hoc⁴
787 1715 900 1747 similia
919 1716 973 1747 im-

231 1769 392 1812 plorantes
409 1768 568 1811 suffragia,
586 1778 719 1811 poenam
738 1768 831 1801 etiam
851 1778 973 1801 excom-

232 1822 452 1855 municationis
478 1822 557 1854 latae
581 1822 751 1855 sententiae
771 1821 973 1854 Sanctissimo

232 1881 409 1909 reservatae
427 1875 495 1918 ipso
513 1875 593 1907 facto
611 1874 786 1916 incurrere,
805 1875 974 1918 subireque

232 1929 453 1962 decernimus:

276 1983 321 2016 Ne
338 1982 376 2015 de
400 1987 505 2015 cetero
523 1982 553 2014 in
579 1982 750 2026 provinciis
770 1982 973 2015 definitorum

234 2035 411 2068 excessivus
443 2034 481 2067 sit
510 2045 677 2075 numerus,
702 2035 849 2068 statuitur
878 2040 912 2067 ut
944 2035 975 2068 in

233 2088 406 2132 provinciis
430 2089 551 2132 primae
572 2089 678 2122 classis
703 2089 764 2121 sint
789 2092 907 2122 tantum
928 2088 977 2121 de-

235 2152 301 2174 cem
320 2147 350 2174 et
366 2146 437 2174 octo
451 2141 632 2174 definitores
649 2141 803 2185 perpetui,
822 2141 976 2174 secundae

235 2195 343 2229 classis
367 2195 532 2228 duodecim
548 2222 555 2236 ,
581 2195 689 2229 tertiae
714 2194 821 2228 classis
844 2205 976 2236 novem,

271 2311 283 2337 1
306 2309 372 2336 Male
388 2309 452 2336 edit.
469 2308 548 2336 Main.
565 2308 630 2343 legit
645 2311 761 2337 exortas
780 2317 828 2344 pro
850 2311 977 2337 emtortas

235 2355 428 2424 (Βιῖᾞθεείιηε
444 2396 508 2423 edit.
525 2396 604 2424 Main.
621 2397 685 2432 legit
701 2400 802 2431 putent
821 2404 870 2432 pro
886 2397 977 2431 pudet

249 2449 278 2468 R.
294 2447 319 2468 T.
337 2462 343 2467 .

237 2443 246 2476 (
273 2485 289 2512 3
309 2442 384 2512 N)unc
404 2488 446 2512 est
469 2493 576 2520 cccxix,
601 2494 682 2521 quam
707 2485 766 2513 vide
791 2486 817 2512 in
841 2489 904 2513 tom.
928 2493 977 2521 x11,

239 2539 300 2567 pag.
322 2531 369 2558 451
390 2532 429 2566 (u.
445 2532 492 2563 Τ.).

275 2576 292 2602 4
312 2575 422 2603 Videtur
436 2575 582 2611 legendum
598 2578 700 2604 contra
716 2583 764 2611 pro
778 2576 829 2602 hoe
843 2577 879 2611 (u.
897 2577 945 2610 Τ.).

999 233 1128 271 quartae
1142 226 1249 260 classis
1267 237 1337 267 sex;
1355 226 1551 259 declaramus
1568 230 1672 258 tamen
1689 235 1740 268 pa-

998 286 1062 313 tres
1078 280 1259 324 provinciae
1287 280 1446 312 naturales
1470 289 1631 322 nunquam
1649 289 1666 310 a
1686 278 1740 310 de-

998 333 1137 367 finitorio
1154 333 1377 377 expungendos
1399 343 1476 373 esse,
1491 332 1611 365 etiamsi
1633 332 1739 375 plures

998 397 1133 419 numero
1159 380 1278 426 sint;'si
1299 397 1373 419 vero
1394 386 1594 419 definitorum
1618 389 1741 417 natura-

999 439 1075 472 lium
1100 439 1205 471 minor
1228 438 1424 482 praescripto
1449 438 1487 470 sit
1511 447 1678 477 numerus,
1704 447 1741 468 ex

1001 492 1132 535 reliquis
1157 491 1375 524 definitoribus
1392 491 1432 524 ob
1449 491 1596 524 meritum
1621 490 1742 523 institu-

1000 545 1039 577 tis
1063 544 1250 589 suppleatur
1278 544 1363 577 iuxta
1392 554 1501 577 eorum
1527 543 1738 577 antianilatem

1000 608 1099 642 usque
1124 597 1162 630 ad
1186 597 1372 641 praescripti
1397 607 1541 630 normam
1568 596 1696 636 calculi;
1715 596 1741 628 si

1000 651 1053 694 qui
1078 651 1236 695 supersint
1261 650 1444 684 corumdem
1479 650 1679 683 definitorum
1704 659 1741 682 ex

1001 705 1114 738 merito
1139 704 1322 737 excedentes
1353 714 1521 736 numerum
1547 704 1741 747 praefixum,

1000 768 1115 791 nomen
1140 758 1248 801 utique
1273 757 1447 790 definitoris
1471 756 1634 797 retineant,
1651 767 1742 799 prae-

1001 812 1174 856 cedantque
1191 813 1349 856 simplices
1366 822 1473 844 sacrae
1491 811 1668 853 theologiae
1682 821 1743 843 ma·

1001 866 1126 909 gistros,
1148 876 1211 898 non
1236 876 1310 898 vero
1336 864 1486 907 suffragia
1510 865 1609 896 ferant
1631 864 1660 896 in
1681 864 1743 896 ele-

1001 919 1177 960 ctionibus,
1202 919 1260 951 nisi
1286 924 1450 962 postquam
1477 928 1530 950 eos
1554 917 1664 950 ordine
1697 927 1744 949 su-

1001 973 1144 1016 pradicto
1177 972 1344 1015 contigerit
1376 971 1542 1013 subrogari
1575 971 1605 1002 in
1639 970 1742 1002 locum

1001 1026 1174 1058 demortui:

1045 1079 1119 1112 Cum
1146 1078 1238 1111 etiam
1264 1078 1348 1111 hisce
1381 1078 1578 1121 temporibus
1611 1077 1743 1109 excessi-

1001 1143 1073 1164 vum
1100 1131 1301 1175 experiamur
1332 1141 1501 1163 numerum
1533 1131 1744 1173 collegialium

1002 1185 1258 1223 laureandorum,
1276 1184 1456 1217 decernitur
1484 1189 1517 1216 ut
1534 1183 1563 1215 in
1582 1188 1744 1226 posterum

1003 1240 1033 1272 in
1048 1238 1188 1281 collegiis
1199 1238 1374 1277 Assisiensi,
1388 1237 1546 1275 Patavino‚
1558 1236 1744 1269 Bononiensi

1004 1296 1034 1323 et
1058 1291 1262 1335 Neapolitano
1288 1290 1431 1333 (reliquis
1457 1290 1487 1321 in
1507 1289 1641 1333 pristino
1666 1293 1746 1321 statu

1003 1344 1278 1388 permanentibus)
1292 1354 1442 1376 numerus
1459 1342 1497 1375 ad
1517 1343 1746 1376 duodenarium

1005 1397 1184 1437 reducatur,
1209 1408 1344 1441 quorum
1370 1408 1422 1429 sex
1449 1401 1568 1429 tantum
1594 1395 1748 1439 antiquio-

1005 1462 1055 1484 res
1075 1452 1105 1483 in
1126 1451 1188 1483 fine
1213 1451 1336 1493 collegii
1362 1450 1533 1483 sortiantur
1551 1449 1747 1482 baccalaurei

1006 1505 1044 1538 ad
1069 1504 1236 1547 collegium
1263 1503 1480 1547 promovendi,
1501 1503 1618 1536 vocatis
1643 1503 1748 1544 singu-

1006 1558 1043 1590 lis
1059 1558 1202 1590 trienniis
1226 1567 1285 1600 pro
1310 1557 1450 1600 quolibet
1476 1556 1609 1598 collegio
1634 1555 1749 1588 duode-

1007 1612 1067 1644 cim
1094 1615 1223 1652 tantum,
1239 1621 1275 1643 ex
1302 1610 1416 1653 quibus
1440 1620 1492 1643 sex
1517 1609 1686 1653 peritiores
1704 1619 1748 1641 se-

1007 1664 1123 1707 ligendi
1148 1667 1240 1696 sunt:

1052 1718 1095 1751 Ad
1120 1717 1247 1750 crebras
1268 1716 1521 1760 perturbationes
1543 1714 1749 1748 eliminandas

1007 1771 1047 1804 ob
1057 1768 1290 1814 praecedentes¹
1305 1768 1750 1808 controversias,declaramus

1009 1825 1088 1857 inter
1112 1823 1249 1867 privatos
1274 1822 1391 1865 ubique
1415 1821 1553 1865 primum
1578 1821 1681 1854 locum
1701 1821 1751 1853 de-

1008 1877 1075 1910 beri
1102 1876 1244 1920 patribus
1270 1875 1373 1908 officio
1403 1875 1600 1918 generalatus
1630 1875 1678 1907 rel
1708 1875 1750 1906 vi-

1009 1930 1084 1963 carii
1117 1928 1281 1973 apostolici
1306 1928 1440 1969 functis,
1472 1928 1525 1971 qui
1549 1927 1603 1960 uni
1629 1931 1748 1961 tantum

1010 1983 1167 2027 superiori
1194 1982 1326 2026 (scilicet
1349 1981 1496 2024 digniori,
1522 1981 1545 2013 si
1571 1981 1677 2024 plures
1701 1980 1751 2012 ad-

1010 2037 1083 2080 sint)
1108 2040 1179 2069 actu
1203 2035 1361 2079 praesenti
1388 2034 1419 2066 in
1448 2039 1603 2067 conventu
1630 2033 1677 2066 rel
1706 2033 1750 2066 ci-

1010 2091 1104 2123 vitate
1128 2090 1233 2122 locum
1255 2088 1368 2122 cedere
1392 2092 1552 2127 tenentur3
1577 2087 1749 2120 secundum

1010 2143 1114 2176 locum
1143 2146 1214 2186 post
1242 2141 1422 2185 superiores
1450 2145 1521 2174 actu
1553 2140 1660 2173 deberi
1691 2139 1751 2180 iis,

1011 2196 1063 2239 qui
1090 2195 1217 2228 suerunt
1236 2193 1398 2237 generales
1414 2193 1539 2227 Ordinis
1563 2197 1751 2236 procurato-

1013 2260 1063 2282 res
1080 2249 1111 2281 in
1128 2249 1268 2282 Romana
1293 2247 1395 2287 curi-313
1414 2247 1539 2279 tertium
1557 2246 1661 2279 locum
1678 2256 1752 2289 pro-

1011 2301 1197 2334 vincialibus
1226 2305 1256 2333 et
1286 2299 1501 2332 assistentibus
1527 2299 1651 2332 Ordinis
1676 2299 1751 2331 offi-
1785 2338 1794 2344 ⁶

1012 2356 1060 2388 cio
1088 2353 1255 2393 absolutis3
1277 2357 1435 2396 quartum,
1456 2352 1596 2395 patribus
1628 2351 1753 2395 provin-

1011 2409 1078 2441 viae
1102 2419 1137 2440 ex
1165 2407 1278 2439 merito
1304 2406 1468 2447 institutis,
1498 2406 1613 2450 quilius
1641 2406 1753 2439 cedere

1012 2462 1105 2495 ctiam
1131 2464 1305 2503 teneantur,
1328 2459 1424 2503 siqui
1448 2459 1623 2503 urgentiori
1648 2459 1752 2503 aliqua

1046 2531 1058 2557 1
1082 2530 1196 2558 Videtur
1210 2530 1354 2566 legendum
1365 2530 1589 2566 praecedentiae
1605 2538 1653 2566 pro
1667 2538 1753 2565 prae-

1012 2575 1142 2603 cedentes
1158 2578 1197 2609 (η.
1214 2575 1262 2610 tn).

1637 167 1701 202 547
1748 177 1797 204 Aa.
1819 175 1848 203 c.
1870 177 1938 204 1660
