2185 3188
12 198 106 232 Amic.
130 197 196 224 1656

803 198 988 221 ALExANDEP.
1016 198 1058 221 vlt
1085 198 1131 221 Pr.

213 255 428 290 quascumque
461 246 490 278 in
528 246 638 279 eadem
676 246 873 286 visitatione,
903 249 956 277 aut

214 297 306 331 etiam
332 303 443 340 antea,
472 310 529 343 per
553 310 609 332 nos
642 304 746 332 tamen
779 299 833 331 tibi
860 298 953 331 etiam

213 351 331 395 absque
354 352 481 396 speciali
507 353 729 386 commissione
754 352 955 385 committen-

213 403 268 436 das
303 414 413 437 causas
442 405 667 438 ecclesiasticas
700 405 747 437 vet
784 404 954 449 profanas,

214 456 332 498 civiles,
357 457 554 498 criminales,
578 463 631 491 aut
656 458 768 491 mixtas
793 457 873 491 inter
898 468 949 490 ca-

213 510 321 555 pitula,
347 518 529 554 conventus,
555 512 699 555 collegia,
725 511 954 553 universitates,

214 565 486 598 confraternitates
510 576 685 608 eorumque
710 565 902 609 superiores,
920 575 956 598 ac

214 617 392 661 singulares
416 629 566 662 personas
597 618 841 658 ecclesiasticas,
867 628 955 651 secu-

214 671 316 711 lares,
341 671 388 704 vel
414 671 550 705 cuiusvis
576 672 695 705 ordinis
720 671 813 704 etiam
838 671 955 704 Mendi-

215 725 352 757 cantium
386 726 569 768 regulares,
599 726 692 759 etiam
731 731 892 770 exemptas
927 731 957 758 et

214 778 326 822 quovis
350 778 516 822 privilegio
552 779 598 812 vel
624 779 820 812 immunitate
845 778 955 811 sussul-

214 837 270 873 tas,
296 831 388 864 etiam
414 832 506 865 nobis
531 837 561 867 et
585 832 781 876 Apostolicae
806 832 877 865 Sedi
904 832 957 864 im-

214 884 349 918 mediate
373 885 540 926 subicctas,
558 896 612 918 seu
637 885 730 919 etiam
756 886 838 918 inter
860 885 956 918 laicos

214 942 315 971 motas
341 943 371 970 et
389 939 570 981 movendas,
588 950 659 972 cum
679 949 787 972 earum
809 939 956 972 omnibus

214 991 444 1033 incidentibus,
474 993 729 1036 emergentibus,
763 993 892 1025 annexis
928 996 957 1026 et

214 1045 375 1086 connexis,
401 1042 494 1078 etiain
520 1045 703 1086 summarie,
724 1045 910 1090 simpliciter
927 1051 957 1078 et

214 1099 253 1132 de
278 1099 382 1142 plano,
409 1103 438 1132 et
454 1099 530 1132 alias
546 1103 580 1133 ut
603 1099 792 1143 praefertur,
810 1099 957 1132 terminis

214 1152 471 1186 substantialibus
495 1153 588 1186 unico
613 1158 760 1186 contextu
790 1153 837 1185 vel
862 1153 954 1186 etiam

214 1217 278 1240 non
303 1206 444 1247 servatis,
470 1207 535 1248 sed,
561 1207 689 1240 illorum
715 1207 796 1247 loco,
817 1207 957 1250 praefixo

215 1259 351 1293 termino
372 1259 504 1294 arbitrio
530 1264 593 1301 tuo,
618 1264 648 1294 et
676 1260 714 1293 de
739 1260 879 1293 eiusdem
907 1260 953 1292 ri-

216 1313 370 1347 sitationis
396 1313 542 1347 mandato
567 1314 779 1358 procedendo,
800 1314 957 1354 audiendi,

215 1377 252 1400 ac
268 1367 329 1400 fine
347 1367 453 1401 debito
470 1367 668 1410 terminandi,
688 1373 718 1401 et
743 1367 781 1400 ad
807 1368 889 1400 hunc
907 1378 957 1400 cc-

217 1425 422 1464 terorumque
436 1421 684 1464 contingentium
704 1421 850 1455 effectum
868 1432 959 1465 quos-

217 1485 352 1519 cumque
383 1475 474 1508 etiam
510 1486 567 1519 per
602 1475 738 1508 edictum
773 1475 957 1519 publicum,

217 1529 352 1562 constito
376 1529 547 1562 summarie
572 1535 602 1561 et
626 1529 904 1562 extraiudicialiter
922 1529 959 1562 de

217 1592 280 1615 non
305 1588 371 1615 tuto
392 1593 529 1619 accessu,
548 1582 662 1615 citandi
682 1588 713 1615 et
730 1583 889 1622 monendi,
904 1583 960 1616 eis-

217 1646 278 1680 que
295 1645 331 1668 ac
348 1636 509 1679 quibusvis
533 1635 690 1668 iudicibus
707 1641 737 1668 et
754 1636 867 1668 ceteris
891 1647 960 1680 per-

217 1689 314 1730 sonis,
328 1690 444 1734 quibus
461 1695 489 1722 et
504 1689 627 1733 quoties
643 1700 722 1733 opus
742 1690 846 1731 suerit,
865 1690 958 1722 etiam

216 1753 274 1788 per
298 1743 400 1776 simile
425 1743 574 1783 edictum,
595 1753 630 1775 ac
654 1742 747 1775 etiam
773 1743 831 1775 sul]
853 1754 960 1776 censu-

217 1798 262 1831 ris
285 1803 314 1831 et
338 1797 448 1842 poenis
469 1797 698 1837 ecclesiasticis,
716 1807 838 1830 necnon
864 1808 959 1840 pecu-

217 1851 345 1893 niariis,
371 1857 425 1884 tuo
449 1851 581 1884 arbitrio
611 1850 812 1884 moderandis
846 1856 875 1883 et
906 1861 960 1895 ap-

217 1904 381 1949 plicandis,
407 1904 586 1944 inhibendi,
612 1909 720 1937 contra
746 1904 962 1938 inobedientes

219 1969 437 2002 quoscumque
473 1969 622 1991 censuras
655 1963 685 1991 et
724 1968 842 2001 poenas
878 1958 961 2002 ipsas

220 2011 314 2045 etiam
340 2011 459 2044 iteratis
484 2012 604 2045 vicibus
634 2011 825 2055 aggravandi
841 2038 848 2051 ‚
877 2011 962 2043 auxi-

220 2065 360 2109 liumque
379 2064 498 2098 brachii
517 2066 667 2099 secularis
685 2065 861 2106 invocandi,
879 2075 963 2097 man-

220 2119 308 2159 data,
332 2119 582 2164 prohibitiones,
607 2118 810 2152 inhibitiones
834 2123 864 2152 et
889 2129 958 2152 mo-

221 2172 335 2206 nitoria
353 2173 445 2205 etiam
471 2172 529 2205 sub
554 2172 696 2205 censuris
720 2177 750 2205 et
766 2172 834 2204 aliis
853 2172 963 2216 poenis

221 2225 399 2270 praedictis,
415 2225 591 2269 ceterisque
612 2225 666 2258 tibi
686 2224 843 2258 benevisis
860 2236 963 2258 reme-

218 2279 303 2322 diis,
335 2279 421 2313 omni
458 2284 488 2311 et
522 2289 721 2323 quacumque
754 2278 963 2323 appellatione

222 2332 409 2378 postposita,
427 2332 626 2374 decernendi,
644 2332 812 2375 omniaque
829 2332 859 2364 in
876 2343 964 2376 prae-

224 2387 328 2420 missis
352 2391 382 2419 et
407 2386 490 2419 circa
516 2396 551 2418 ea
575 2386 753 2419 necessaria
777 2390 807 2418 et
831 2396 965 2430 quomo-

223 2439 342 2474 dolibet
365 2444 547 2484 opportuna
572 2438 714 2480 faciendi,
741 2438 907 2471 mandandi
934 2444 964 2471 et

225 2493 408 2538 exequendi,
435 2493 528 2527 ctiam
553 2502 635 2536 quae
659 2492 893 2536 expressionem
920 2503 964 2526 rc-

225 2547 386 2591 quirerent
410 2546 510 2589 magis
535 2546 702 2590 specialem
732 2552 762 2579 et
785 2547 843 2580 sub
863 2557 961 2590 gene-

226 2601 284 2636 rali
308 2601 508 2638 concessione
533 2610 594 2634 non
622 2600 771 2633 venirent.

1637 189 1695 222 127

1033 245 1101 289 §⁶2-
1134 246 1310 280 Dummodo
1339 248 1522 281 inconsultis
1554 247 1645 280 nobis
1677 252 1730 280 aut

989 298 1202 332 cardinalibus
1227 302 1394 344 praedictis
1420 308 1447 333 et
1472 301 1530 334 nisi
1557 301 1594 334 tle
1619 312 1729 334 eorum

990 357 1061 385 voto
1077 352 1106 384 in
1116 353 1222 396 aliquo
1234 355 1483 397 praemissorum
1494 365 1555 387 nou
1568 354 1730 398 procedas,

989 416 1046 438 nec
1063 407 1247 439 senientiam
1275 408 1365 448 seras,
1392 413 1444 439 aut
1469 407 1638 451 quicquam
1664 418 1731 440 exe-

989 458 1106 502 quaris,
1128 469 1185 492 nec
1203 465 1232 492 te
1254 460 1283 492 in
1301 460 1406 503 aliquo
1426 460 1611 493 immisceas.

1033 512 1048 555 ξ
1072 512 1101 545 3.
1134 513 1202 545 Non
1228 513 1426 546 obstantibus
1458 514 1732 547 constitutionibus

990 570 1019 597 et
1039 565 1290 599 ordinationibus
1314 567 1510 610 apostolicis,
1532 578 1567 600 ac
1585 578 1732 610 quarum-

990 629 1127 663 cumque
1141 619 1233 652 etiam
1248 620 1505 664 patriarchalium
1517 621 1732 660 ecclesiarum,

991 673 1267 713 monasteriorum,
1285 674 1465 713 domorum,
1483 673 1641 714 ordinum,
1658 684 1732 706 con-

990 726 1231 767 fraternitatum,
1249 727 1642 768 archiconsraternitatum,
1658 738 1733 760 con-

990 779 1211 822 gregationum
1237 785 1266 813 et
1291 780 1508 824 hospitalium,
1534 780 1627 814 etiam
1654 780 1734 812 iura-

991 838 1107 874 mento,
1125 833 1366 867 confirmatione
1383 833 1571 877 apostolica,
1592 833 1641 865 vel
1658 843 1734 877 qua-

992 887 1036 919 vis
1067 886 1216 920 firmitate
1246 887 1306 919 alia
1338 887 1517 928 roboratis,
1550 886 1672 920 statutis
1705 891 1735 918 et

991 940 1292 981 consuetudinibus,
1319 940 1492 985 privilegiis
1517 950 1663 984 quoque,
1688 939 1735 972 in-

990 994 1085 1027 dultis
1110 998 1139 1028 et
1156 995 1268 1027 litteris
1288 994 1468 1038 apostolicis
1489 993 1518 1026 in
1539 993 1734 1026 contrarium

991 1048 1237 1092 praemissorum
1272 1048 1332 1081 illis
1357 1058 1532 1091 eorumque
1556 1047 1732 1091 superiori-

991 1102 1048 1134 bus
1073 1107 1102 1134 et
1127 1102 1272 1146 personis
1296 1101 1535 1145 quomodolibet
1567 1101 1735 1140 concessis,

991 1155 1186 1188 confirmatis
1211 1161 1241 1188 et
1266 1155 1435 1194 innovatis;
1453 1155 1568 1198 quihus
1588 1154 1736 1187 omuibus

991 1215 1020 1242 et
1038 1210 1181 1252 singulis,
1207 1210 1334 1242 illorum
1365 1215 1488 1242 tenores
1517 1208 1737 1252 praesentibus

992 1274 1048 1307 pro
1070 1263 1227 1307 expressis
1254 1264 1414 1305 habentes,
1436 1263 1497 1295 illis
1528 1262 1603 1295 alias
1625 1262 1654 1294 in
1679 1272 1736 1294 suo

992 1318 1107 1351 robore
1128 1317 1354 1362 permansuris,
1375 1317 1413 1349 ad
1431 1317 1678 1361 praemissorum
1697 1316 1738 1348 cs-

992 1372 1106 1404 sectum
1143 1371 1321 1415 specialiter
1354 1376 1383 1403 et
1415 1380 1563 1414 expresse
1596 1369 1733 1412 deroga—

994 1436 1080 1465 mus;
1096 1425 1271 1469 ceterisque
1288 1425 1455 1457 contrariis
1474 1424 1736 1467 quilmscumque.

1037 1477 1149 1509 Datum
1168 1477 1295 1517 Romae,
1315 1476 1398 1520 apud
1415 1476 1444 1509 S.
1465 1476 1600 1514 Petrum,
1615 1475 1672 1507 sub
1689 1485 1738 1506 an-

993 1531 1068 1564 nulo
1089 1530 1267 1570 piscatoris,
1291 1530 1340 1562 die
1366 1540 1430 1563 xxv
1452 1529 1584 1562 ianuarii
1610 1538 1737 1569 noemi,

993 1584 1194 1629 pontificatus
1212 1583 1310 1616 nostri
1330 1594 1411 1616 auno
1430 1594 1447 1615 1.

1029 1647 1089 1674 Dat.
1111 1647 1145 1673 25
1166 1645 1279 1672 ianuarii
1302 1646 1386 1678 tuso,
1405 1645 1498 1680 pontif.
1516 1653 1585 1671 anuo
1604 1652 1621 1671 t.

1306 1790 1434 1823 LXXIX.

995 1871 1061 1904 Pro
1075 1871 1345 1903 eminentissimis
1363 1870 1502 1902 dominis
1516 1870 1740 1902 cardinalibus

1040 1924 1218 1967 assumptis
1239 1934 1300 1967 pro
1324 1924 1417 1955 sacru'
1447 1923 1634 1955 visitatione
1666 1934 1741 1966 apo-

1040 1977 1151 2009 stolicd
1170 1977 1312 2020 facultas
1326 1977 1493 2009 emercendi
1507 1975 1739 2020 pontificalia‘.

1199 2058 1365 2084 Alexander
1382 2057 1460 2090 Papa
1475 2057 1536 2084 VII.

996 2111 1166 2139 Venerabili
1187 2111 1274 2138 fratri
1289 2114 1393 2138 nostro
1415 2111 1522 2138 Martio
1543 2111 1682 2146 episeopo
1698 2112 1741 2138 At-

1032 2156 1157 2184 bunensi
1198 2156 1334 2188 Ginetto,
1370 2163 1486 2183 necnon
1517 2156 1638 2183 dilectis
1673 2156 1742 2183 filiis

1032 2201 1145 2228 nostris
1166 2202 1303 2229 Ulderico
1332 2201 1360 2228 S.
1382 2201 1560 2228 Anastasiae
1588 2202 1740 2235 carpineo,

1034 2247 1132 2273 Marco
1150 2246 1280 2273 Antonio
1310 2246 1337 2273 S⁷
1361 2247 1474 2273 Mariae
1495 2246 1530 2273 de
1551 2247 1626 2273 Pace
1651 2247 1741 2274 Fran-

1034 2290 1137 2322 ciotto,
1159 2290 1318 2318 francisco
1338 2291 1449 2324 Angelo
1469 2290 1496 2316 S.
1519 2290 1665 2318 Caeciliae
1687 2291 1742 2317 Ra-

1032 2334 1177 2368 paceium,
1193 2335 1315 2363 Nicolao
1328 2335 1355 2361 S.
1371 2335 1483 2361 Mariae
1497 2335 1675 2368 Angelorum
1690 2335 1744 2362 Lu-

1034 2379 1158 2410 dovisio,
1183 2380 1289 2407 Iacobo
1317 2379 1344 2406 S.
1367 2379 1479 2406 Mariae
1504 2380 1743 2413 Transpontinae

1034 2424 1170 2455 corrado,
1200 2424 1361 2451 Laurentio
1389 2424 1413 2451 S·
1437 2424 1619 2459 chrysogoni
1648 2425 1744 2458 Impe-

1032 2468 1119 2501 riati,
1148 2471 1178 2495 et.
1208 2468 1326 2494 Giberto
1358 2468 1401 2495 Ss.
1440 2468 1562 2495 Ioannis
1593 2471 1624 2495 et,
1658 2468 1743 2496 Pauli

1033 2513 1191 2540 titulorum
1217 2513 1400 2546 preshyteris
1424 2513 1452 2540 S.
1475 2513 1507 2539 R.
1531 2513 1560 2540 E.
1582 2512 1744 2540 cardinali-

1033 2557 1088 2584 hus
1109 2557 1282 2584 Borromaeo
1302 2556 1470 2590 respective
1495 2557 1687 2590 nuncupatis.

1035 2611 1045 2638 1
1069 2610 1105 2637 Ex
1127 2609 1234 2646 Regest.
1257 2610 1284 2637 in
1304 2609 1405 2637 Secret.
1427 2609 1504 2637 Brev.

1744 199 1836 225 An.t1.
1863 199 1928 226 1656

1758 260 1870 286 ludexjnon
1881 267 1929 286 pro-

1745 288 1809 307 cedat
1835 288 1872 307 nisi
1902 288 1928 308 de

1747 317 1794 334 icto
1823 314 1929 340 pra-sata.

1746 347 1789 361 ium
1813 341 1834 360 S.
1858 340 1883 361 R,
1904 341 1930 361 E.

1746 367 1894 388 cardinalium.

1773 516 1883 535 Contraria
1899 520 1930 534 re-

1746 548 1789 563 itioi
1796 544 1824 562 ct.
