2243 3205
37 158 85 184 Kn.
106 155 134 182 C.
153 153 220 182 ¹659

65 1657 203 1678 Prooemium.

71 2403 152 2425 Petilio.

833 150 1018 175 ALEXANDER
1043 149 1087 173 vn
1111 150 1160 173 PP-

231 200 337 233 busvis
352 226 359 240 ‚
391 200 485 234 etiam
517 200 716 242 iuramento,
752 203 828 239 etc.;
859 198 973 242 quibus

232 253 378 286 omnibus
396 257 426 287 et
448 253 590 297 singulis,
608 258 677 295 etc.,
698 253 825 286 illorum
850 256 974 286 tenores

231 306 450 350 praesentibus
473 317 531 351 pro
549 307 642 350 plene
666 311 696 339 et
715 305 906 339 sufficienter
927 315 975 337 ex-

232 359 359 403 pressis,
380 365 449 402 etc,
467 359 645 404 specialiter
668 364 698 392 et
722 369 868 403 expresse
885 358 974 390 dero-

231 422 357 455 gamus;
382 413 557 457 ceterisque
582 412 747 447 contrariis
764 412 971 456 quibuscum-

231 477 302 509 que.

275 520 388 554 Datum
416 522 542 563 Romae,
569 521 651 565 apud
679 521 708 554 S.
730 521 859 554 Mariam
884 520 974 553 Maio-

234 584 311 614 rem,
329 575 387 607 sub
404 575 521 608 annulo
534 575 713 615 piscatoris,
727 574 776 607 dic
793 573 884 608 xxx1¹
900 573 972 606 maii

232 637 357 670 Μῡαιικ,
383 628 583 671 pontificatus
615 628 714 661 nostri
740 638 821 661 anno
848 638 875 661 v.

268 690 327 718 Dat.
345 691 388 719 die
403 691 433 719 31
452 691 513 719 maii
532 692 608 726 1659,
627 691 723 726 pontif·
741 699 810 719 anno
826 698 852 718 v.

527 833 676 866 CCXLIV.

231 912 356 946 Statuit
381 913 468 957 quod
488 913 707 946 commissarii
726 914 893 957 yeuerales
920 913 975 947 Or-

278 967 366 1000 dinis
390 968 534 1011 fratrum
551 967 719 1000 Minorum
735 968 841 1000 saneti
866 968 896 1000 F
896 978 974 1000 rau-

277 1021 354 1054 cisci
379 1021 417 1054 de
443 1021 654 1055 Observautid
680 1031 745 1054 uon
775 1021 901 1066 possint
926 1032 974 1054 re-

278 1074 408 1108 tardare
425 1074 572 1118 eapituta
583 1075 771 1118 provinciae
783 1074 815 1108 S.
836 1075 977 1108 Tliomae

276 1128 415 1171 apostoli
449 1128 486 1160 in
514 1127 623 1161 Iuvdiis
649 1127 873 1162 Orientalibus
897 1128 977 1161 dicti

280 1180 424 1222 Ordinis,
438 1181 502 1221 sed,
516 1182 629 1214 statim
642 1182 845 1224 corzqreyatis
858 1181 894 1214 iu
910 1182 977 1215 Goa

277 1234 451 1276 vocalibus,
473 1235 566 1268 intra
582 1234 799 1278 quatriduum
823 1234 866 1267 ad
891 1236 976 1278 capi-

279 1288 383 1321 tulum
395 1288 574 1332 procedere,
594 1287 745 1331 illudque
763 1289 852 1321 intra
868 1288 978 1321 simile

278 1341 424 1384 spatium
449 1341 610 1374 absolvere
635 1341 755 1381 debere,
780 1341 852 1374 licet
868 1341 978 1385 aliqui

278 1394 402 1427 vocales
427 1394 534 1427 absint
552 1394 704 1438 impediti
727 1394 777 1427 vet
801 1394 909 1428 adesse
932 1405 978 1428 rre-

279 1452 438 1489 cusanus,
454 1458 527 1481 cum
540 1447 674 1481 dii-ersis
688 1447 841 1481 indultis.
928 1453 930 1455 ’

431 1528 599 1556 Alexander
619 1529 698 1563 Papa
717 1528 780 1561 VII,

377 1573 413 1600 ad
435 1574 568 1601 futuram
587 1573 633 1600 rei
654 1573 834 1601 memoriam.

279 1645 424 1678 Debitum
448 1645 639 1679 sacrosancti
664 1645 856 1689 apostolatus
877 1645 977 1678 humi-

236 1700 315 1732 litati
340 1705 466 1733 nostrae
482 1710 539 1743 per
557 1699 747 1732 ineffabilem
772 1700 894 1732 divinae
918 1700 976 1733 bo-

235 1753 341 1787 nitatis
364 1753 589 1787 abundantiam
614 1753 754 1797 impositi
779 1754 926 1798 postulat,
944 1759 977 1786 ut

235 1808 402 1852 pastoralis
434 1808 613 1851 vigilantiae
637 1811 763 1841 nostrae
788 1808 897 1841 oculos
921 1818 978 1852 per

237 1863 398 1896 universas
423 1862 584 1896 christiani
616 1861 708 1896 Orbis
733 1867 838 1905 partes
862 1862 978 1906 iugiter

239 1915 508 1957 circumferentes,
534 1915 614 1948 felici
631 1915 893 1957 christifidelium,
914 1915 978 1958 qui,

239 1971 347 2013 spreta
372 1969 467 2002 seculi
494 1970 638 2011 vanitate,
655 1969 805 2002 Altissimi
820 1968 979 2012 obsequiis

240 2032 307 2055 sese
340 2022 398 2055 sub
423 2022 509 2055 suavi
534 2022 696 2065 religionis
721 2022 795 2066 iugo
821 2023 979 2066 mancipa-

240 2081 323 2118 runt,
348 2075 523 2117 directioni,
545 2075 762 2119 spiritualique
787 2076 976 2109 christiano-

239 2139 309 2162 rum
329 2129 520 2172 populorum
540 2129 663 2162 utilitati
689 2129 838 2172 congruis
856 2130 980 2163 rationi-

240 2181 298 2216 bus
315 2182 479 2216 consulere
497 2181 687 2223 studeamus,
704 2187 810 2226 prout,
826 2183 980 2224 locorum,

239 2246 445 2280 personarum
478 2241 508 2268 et
538 2240 715 2280 temporum
741 2236 889 2280 qualitate
914 2247 979 2268 ma-

240 2295 309 2322 ture
334 2289 540 2331 considerata,
558 2290 768 2334 conspicimus
792 2290 823 2322 in
848 2290 981 2323 Domino

240 2343 408 2376 salubriter
433 2342 592 2387 expedire.

285 2397 300 2441 ἓ
323 2397 352 2430 1.
377 2397 452 2431 Cum
479 2397 593 2441 itaque,
618 2396 697 2430 sicut
722 2396 826 2430 dilecti
851 2396 906 2429 filii
927 2397 981 2429 mi—

277 2479 288 2504 1
311 2477 382 2504 Male
397 2480 427 2504 ut
442 2481 505 2512 puto
519 2476 563 2504 ed.
580 2476 659 2503 tttain.
675 2475 757 2504 habet
776 2483 803 2503 ιιι
823 2476 901 2509 maii;
919 2485 980 2504 nam

241 2522 274 2549 ad
290 2530 375 2558 marg.
393 2522 475 2550 habet
490 2523 519 2551 31
534 2522 608 2556 maii,
624 2526 651 2550 et
665 2521 702 2550 ita
717 2522 830 2558 requirit
844 2522 909 2551 ordo
924 2522 982 2551 bul-

242 2567 328 2596 larum
349 2570 386 2603 (a.
401 2571 449 2601 τ.).

1006 197 1104 230 nister
1140 197 1342 241 provincialis
1367 202 1397 232 et
1421 198 1602 232 definitores
1627 199 1751 242 provin-

1007 251 1073 284 ciae
1097 251 1126 284 S.
1145 252 1283 284 Thomac
1307 253 1441 296 apostoli
1467 253 1499 285 in
1523 253 1618 285 Indiis
1644 252 1750 286 Orien-

1008 305 1122 338 talibus
1155 304 1280 338 Ordinis
1312 305 1444 338 fratrum
1470 306 1625 339 Minorum
1651 305 1750 339 sancti

1009 357 1166 391 Francisci
1201 357 1239 390 de
1270 357 1473 391 Observantia
1496 365 1750 403 nuncupatorum

1007 411 1098 445 nobis
1115 421 1217 455 nuper
1234 411 1346 455 exponi
1369 412 1519 454 fecerunt,
1536 413 1605 457 ipsi,
1626 424 1688 457 quo
1705 424 1751 447 re-

1007 465 1126 507 gularis
1151 465 1348 498 observantia
1380 476 1504 509 paxque
1529 472 1558 499 et
1582 467 1751 500 concordia

1008 518 1039 550 in
1056 518 1165 552 eadem
1183 519 1348 561 provincia
1367 519 1479 552 melius
1493 525 1707 562 conservetur,
1721 526 1751 553 et

1007 571 1112 605 debita
1126 571 1304 605 christianis
1322 572 1447 605 illarum
1472 573 1609 616 partium
1626 574 1751 618 populis

1007 636 1084 658 cura
1108 636 1125 658 a
1150 625 1300 659 fratribus
1325 625 1399 658 dicti
1425 626 1559 669 Ordinis,
1576 627 1690 671 quibus
1714 638 1751 660 ex

1008 679 1128 712 indulto
1145 679 1232 713 Sedis
1245 680 1445 723 Apostolicae
1458 681 1589 724 parochi
1611 681 1750 714 officium

1008 733 1039 766 in
1057 733 1174 766 eisdem
1199 734 1342 777 partibus
1360 745 1506 767 exercere
1522 734 1604 775 licet,
1626 735 1751 779 expedi-

1009 789 1068 822 tius
1094 788 1269 831 maiorique
1294 799 1366 821 cum
1391 788 1568 821 animarum
1591 790 1696 823 fructu
1713 790 1751 822 de

1008 846 1113 876 cetero
1138 842 1276 885 impendi
1302 842 1424 884 valeat,
1450 853 1486 875 ac
1509 853 1663 886 prospero
1687 848 1750 876 tam

1009 895 1189 939 praedictae
1210 895 1392 939 provinciae
1416 896 1445 930 S.
1463 896 1602 930 Tliomae
1618 897 1751 940 apostoli

1010 959 1102 992 quam
1129 949 1221 983 etiam
1242 949 1292 983 SS.
1312 949 1365 982 Dei
1384 949 1550 983 Genitricis
1571 950 1751 994 provinciae

1010 1003 1040 1034 in
1065 1002 1155 1035 dietis
1180 1002 1275 1035 lndiis
1300 1002 1510 1037 Orientalibus
1535 1004 1653 1047 pariter
1683 1015 1752 1038 con—

1010 1055 1146 1089 sistentis
1171 1056 1305 1089 fratrum
1323 1057 1477 1090 Minorum
1496 1058 1749 1092 Reformatornm

1010 1115 1263 1153 nuncupatorum
1307 1110 1446 1143 eiusdem
1490 1110 1614 1145 Ordinis
1654 1113 1750 1145 sancti

1011 1163 1166 1196 Francisci
1187 1163 1332 1207 regimini
1350 1168 1526 1208 opportune
1539 1165 1751 1208 provideatur,

1011 1217 1210 1260 infrascripta
1242 1228 1258 1249 a
1284 1218 1375 1250 nobis
1402 1218 1574 1262 respective
1599 1219 1691 1252 statui
1717 1231 1752 1252 ac

1011 1271 1141 1303 concedi
1167 1276 1197 1304 et
1222 1270 1379 1314 indulgeri
1400 1282 1603 1315 summopere
1629 1272 1752 1305 deside·

1011 1327 1096 1357 rent:

1054 1376 1115 1420 §⁹2
1140 1378 1214 1418 Nos,
1239 1377 1406 1421 specialem
1426 1378 1500 1422 ipsis
1525 1379 1752 1422 exponentibus

1010 1431 1143 1473 gratiam
1169 1431 1272 1463 facere
1290 1432 1439 1475 volentes,
1458 1438 1488 1464 ct
1512 1443 1622 1466 eorum
1649 1433 1753 1476 singu-

1011 1484 1092 1517 lares
1123 1495 1275 1528 personas
1299 1496 1316 1518 a
1341 1485 1503 1528 quibusvis
1535 1487 1751 1520 excommuni-

1011 1538 1163 1579 cationis,
1188 1538 1403 1582 suspensionis
1428 1544 1458 1572 et
1488 1539 1656 1582 interdicti,
1681 1546 1750 1582 etc,

1010 1583 1206 1625 absolventes
1234 1597 1264 1624 ct
1290 1592 1449 1625 absolutas
1477 1593 1545 1626 fore
1574 1599 1751 1636 censentes,

1010 1646 1290 1689 supplicationibus
1315 1657 1424 1680 corum
1443 1647 1570 1681 nomine
1587 1648 1678 1681 nobis
1703 1659 1752 1682 su-

1010 1710 1067 1743 per
1081 1699 1140 1732 hoc
1152 1700 1313 1734 humiliter
1322 1701 1478 1744 porrectis
1488 1701 1637 1742 inclinati,
1649 1701 1686 1735 de
1701 1713 1752 1735 ve-

1011 1752 1198 1785 nerabilium
1213 1753 1346 1786 fratrum
1361 1759 1544 1788 nostrorum
1559 1754 1587 1787 S.
1600 1756 1634 1789 R.
1645 1755 1677 1788 E.
1689 1766 1753 1789 car-

1011 1806 1161 1840 dinalium
1187 1807 1322 1850 negotiis
1348 1813 1376 1840 et
1401 1809 1669 1842 consulationibus
1693 1810 1754 1853 epi-

1011 1871 1179 1904 scoporum
1206 1867 1236 1894 et
1260 1862 1454 1905 regularium
1485 1863 1753 1907 praepositorum,

1012 1915 1127 1958 quibus
1154 1916 1276 1948 litterae
1307 1926 1496 1950 consensum
1522 1917 1617 1950 totius
1641 1917 1752 1951 defini-

1013 1969 1084 2002 torii
1110 1969 1305 2003 continentes
1325 1969 1356 2002 in
1376 1970 1556 2003 authentica
1581 1971 1681 2004 forma
1706 1982 1755 2004 ex-

1013 2022 1129 2055 hibitae
1154 2022 1290 2065 fuerunt,
1309 2023 1450 2064 consilio,
1474 2025 1659 2058 auctoritate
1684 2036 1755 2069 apo-

1013 2076 1754 2122 stoliezt,tenorepraesentium,statuimusquod

1013 2129 1116 2162 nullus
1141 2130 1376 2163 commissarius
1402 2131 1557 2173 generalis
1582 2132 1754 2175 capitulum

1015 2183 1207 2226 provinciale
1232 2183 1332 2217 dictae
1360 2185 1540 2228 provinciae
1562 2186 1591 2219 S.
1616 2186 1754 2219 Thomae

1014 2237 1144 2280 apostoli
1163 2237 1324 2270 retardare
1339 2238 1446 2280 valeat,
1465 2239 1528 2279 sed,
1546 2239 1648 2272 statim
1661 2243 1753 2283 atque

1015 2292 1136 2324 vocales
1161 2291 1275 2324 fuerint
1303 2292 1333 2324 in
1358 2292 1423 2325 Goa
1448 2293 1649 2336 congregati,
1674 2294 1754 2327 intra

1014 2345 1147 2387 spatium
1162 2349 1296 2388 quatuor
1314 2345 1436 2378 dicrum
1454 2346 1491 2377 ad
1510 2346 1679 2389 capitulum
1699 2348 1754 2380 liu-

1014 2397 1148 2430 insmodi
1173 2398 1356 2441 procedere,
1381 2398 1520 2442 illudque
1544 2399 1625 2433 intra
1652 2401 1753 2434 simile

1014 2452 1149 2495 spatium
1175 2462 1245 2484 cum
1272 2452 1417 2485 omnibus
1442 2453 1647 2487 electionibus
1665 2454 1703 2487 ad
1723 2455 1753 2487 id

1015 2505 1244 2548 pcrtinentibus
1275 2505 1437 2539 absolvere
1473 2506 1604 2548 debeat,
1631 2509 1753 2542 tametsi

1015 2558 1232 2593 desiderentur
1257 2559 1353 2604 aliqui
1378 2560 1510 2606 vocales,
1534 2562 1644 2607 quavis
1668 2573 1753 2598 occa-

1765 151 1802 177 Αιι
1833 150 1854 178 C
1881 150 1951 178 1659

1796 1391 1912 1418 Cdp1tulum
1933 1391 1952 1410 in

1769 1419 1813 1439 Gna
1848 1418 1952 1438 retensum

1769 1446 1833 1467 iubet.
1847 1445 1915 1464 statim
1927 1450 1952 1463 :ic

1769 1472 1852 1492 vorat-¹«
1863 1474 1952 1491 interve-

1768 1501 1844 1521 ntrint,
1861 1498 1899 1517 elsi
1915 1497 1952 1516 ati-

1768 1531 1801 1551 qni
1819 1526 1895 1544 :lusini-
