2263 3215
297 198 344 221 An.
362 194 390 221 C,
415 195 479 221 1050

320 1480 420 1500 Hortatur
435 1480 477 1500 cle-

294 1512 337 1527 rum
348 1508 368 1527 et
376 1507 476 1532 poputum

295 1533 476 1558 Angamalensem,

293 1561 316 1579 ut
330 1560 350 1580 in
371 1559 476 1581 obedien-

294 1586 323 1606 tia
333 1591 382 1611 erga
393 1586 475 1607 archie-

293 1613 401 1638 piscopum
410 1614 476 1638 nnga-

294 1639 407 1660 malensem
429 1645 475 1666 per-

293 1669 397 1687 sererent.

531 185 588 216 t:}t;

494 241 581 275 Sedis
598 241 773 285 praedictae
792 240 968 283 delegatum
987 245 1169 273 reverenter
1185 249 1232 272 su-

494 292 641 336 scipiatis,
667 292 796 335 eiusque
822 291 999 324 salubribus
1024 291 1150 324 monitis
1175 290 1231 323 bu-

494 346 609 378 militet·
635 355 756 389 parere,
781 356 815 377 ac
842 355 875 377 ea
901 355 980 388 quae
998 344 1086 378 vobis
1111 344 1141 377 in
1165 355 1233 377 exe-

494 399 651 433 cutionem
679 399 896 431 mandatorum
924 398 1112 437 iniunxerit,
1138 397 1230 431 veluti

494 452 688 486 obedientiae
707 452 771 493 filii,
794 457 938 496 prompte
965 452 1135 495 adimplere
1159 461 1231 495 pro-

493 506 617 539 curetis.

538 559 647 592 Datum
675 560 806 600 Romae,
835 559 918 603 apud
948 560 976 594 S.
1006 560 1142 599 Petrum,
1176 558 1232 591 sub

493 613 609 645 annulo
623 612 798 653 piscatoris,
813 613 862 645 die
875 623 926 645 xix
941 612 1088 646 februarii
1106 622 1232 652 iioccvi,

494 665 695 708 pontificatus
709 665 806 698 nostri
828 676 909 699 anno
936 676 954 698 1.

528 727 588 754 Dat.
610 727 652 754 die
673 727 701 755 ¹9
721 727 851 754 februarii
870 728 946 761 1656,
963 728 1058 763 pontis.
1075 736 1144 755 anno
1161 734 1177 754 Ι.

767 869 951 902 LXXXVIII,

492 948 720 982 Hortatorem-m
744 947 826 980 ciero
857 952 886 980 ec
913 947 1034 991 populo
1058 946 1228 990 Anyama-

538 1002 620 1034 lensi
655 1001 817 1034 occasione
852 1000 1017 1033 missionis
1049 1000 1179 1044 Ioseplii
1214 1011 1232 1033 α

537 1054 566 1086 S.
602 1054 710 1087 Maria
742 1052 935 1087 Car-melicae
966 1053 1160 1086 Discalceatz·
1191 1053 1233 1086 ad

535 1107 738 1150 provinciam
763 1107 1036 1150 Anqamalensem
1047 1107 1065 1139 ¹.

524 1186 648 1214 Dilectis
673 1186 743 1213 filiis
765 1188 844 1214 clero
869 1188 899 1213 et
921 1187 1029 1220 populo
1055 1186 1199 1220 civitatis,

546 1231 692 1259 dioecesis
711 1234 741 1259 et
757 1231 928 1265 provinciae
940 1232 1176 1265 Angamalensis,

686 1286 851 1313 Alexander
870 1286 948 1319 Papa
968 1287 1030 1313 VII.

764 1349 872 1376 Dilecti
891 1349 958 1382 filii,

528 1395 657 1421 salutem
678 1397 709 1421 et
728 1395 922 1428 apostolicam
946 1394 1193 1422 benedictionem.

491 1524 591 1553 strum
616 1519 719 1552 ass'eeit
743 1519 840 1552 relata
864 1519 955 1552 nobis
979 1519 1129 1552 discessio
1153 1519 1230 1552 Tho-

492 1583 560 1606 mae
585 1572 797 1606 archidiaconi
823 1572 972 1606 ecclesiae
993 1572 1229 1615 Angamalensis

492 1636 546 1659 seu
578 1626 689 1659 Serrae
721 1637 756 1658 ac
788 1626 921 1668 ingentis
947 1626 1080 1659 aliorum
1106 1626 1229 1658 numeri

491 1690 509 1712 a
534 1680 718 1712 venerabilis
743 1680 847 1713 fratris
874 1679 1102 1723 archiepiscopi
1127 1680 1229 1723 linga--

492 1733 637 1766 malensis
661 1733 847 1775 obedientia⁷
872 1733 990 1776 grande
1015 1733 1159 1766 solatium
1178 1744 1228 1766 ac-

491 1786 632 1830 cepimus
653 1786 862 1829 intelligentes
887 1796 953 1825 vos,
977 1785 1117 1818 eiusdem
1141 1786 1226 1819 Tho-

491 1850 559 1872 mae
584 1840 790 1873 temeritatem
816 1843 845 1873 et
869 1845 1047 1872 ceterorum
1073 1839 1228 1872 levitatem

490 1897 681 1936 aspernatos,
702 1892 862 1937 praedicto
887 1892 1127 1936 archiepiscopo
1149 1893 1229 1936 patri

491 1951 594 1979 vestro
620 1947 752 1979 firmiter
777 1946 954 1979 adhaesisse
988 1951 1017 1978 et
1047 1946 1228 1979 adhaerere.

491 2000 555 2039 Qua
580 2000 609 2032 in
636 2011 669 2032 re
698 2000 753 2032 etsi
785 2000 869 2043 quod
896 2010 986 2032 veros
1010 1999 1230 2032 christifideles

492 2059 522 2086 et
538 2053 732 2087 obedientiae
750 2053 831 2086 filios
850 2053 981 2086 decebat
998 2053 1134 2096 egeritis,
1149 2064 1230 2085 sum-

491 2116 574 2140 mam
605 2112 706 2139 tamen
738 2106 863 2139 laudem
897 2111 1036 2139 meretur
1067 2110 1170 2140 vestra
1199 2107 1229 2139 in

493 2165 553 2193 tarn
584 2159 752 2204 perniciosi
784 2159 917 2203 exempli
949 2159 1075 2192 obiectu
1099 2159 1176 2191 fides
1201 2165 1229 2192 et

491 2213 674 2254 constantia,
694 2213 929 2257 plurimumque
953 2212 1075 2246 divinae
1100 2213 1228 2246 bonitati

490 2267 611 2300 debetis
636 2277 715 2310 quae
739 2266 827 2300 vobis
857 2277 924 2299 eam
960 2271 1096 2299 mentem
1121 2266 1229 2306 dedit,

490 2324 520 2354 et
542 2331 599 2364 per
623 2320 843 2353 abundantiam
877 2320 996 2363 gratiae
1026 2330 1101 2352 suae
1128 2330 1182 2353 vos
1213 2330 1230 2352 a

489 2373 667 2418 propinqua
687 2373 872 2416 contagione
893 2373 1027 2406 servavit
1046 2373 1229 2406 incolumes.

490 2427 589 2460 Porro
614 2437 683 2460 curn
706 2438 764 2471 pro
785 2426 1004 2470 componendo
1028 2426 1157 2459 dissidio
1176 2426 1231 2459 hu-

490 2479 626 2513 iusmodi
641 2479 788 2512 dilectum
803 2479 902 2512 filiurn
917 2479 1084 2523 Iosephum
1099 2490 1115 2512 a
1129 2479 1157 2512 S.
1173 2480 1231 2512 Ma-

528 2597 537 2623 t
562 2596 599 2624 Ex
619 2595 726 2631 Regest.
747 2595 773 2623 in
793 2595 896 2627 Secret.
918 2594 994 2623 Brev.

1080 192 1198 215 amima
1205 191 1257 214 wit
1284 191 1437 214 ROMANUM

1245 1504 1248 1520 l

1268 238 1313 271 ria
1338 237 1462 271 Ordinis
1487 238 1618 270 fratrum
1638 237 1902 270 Discalceatorum
1929 236 2006 269 eius·-

1266 291 1336 324 (lem
1362 292 1391 325 S.
1421 290 1534 323 Mariae
1554 289 1592 323 de
1609 291 1711 323 Monte
1730 289 1881 330 Carmelo,
1903 289 2004 322 virum

1266 343 1437 388 praeclaris
1470 342 1637 376 virtutibus
1670 348 1836 382 ornatum,
1867 341 1904 375 ad
1937 342 2005 375 illas

1267 402 1372 442 partes
1397 397 1519 430 mittere
1540 395 1751 438 statuerimus,
1770 400 1950 439 conceptam
1968 405 2004 428 ex

1267 451 1380 483 virtute
1408 451 1509 483 vestra
1532 449 1679 483 laetitiam
1706 450 1742 481 ea
1767 448 1930 482 occasione
1955 448 2007 481 ha-

1248 514 1336 536 .rum
1363 503 1443 536 serie
1469 502 1574 535 testari
1595 501 1760 542 voluimus,
1778 511 1813 534 ac
1833 511 1890 545 pro
1907 505 2006 545 pasto-

1267 559 1323 591 rali
1355 559 1464 591 nostra
1497 557 1706 590 sollicitudine
1738 567 1792 590 vos
1817 559 1945 600 paterne
1975 555 2006 588 in

1266 611 1400 645 Domino
1417 611 1549 650 hortari,
1566 614 1600 644 ut
1616 610 1647 642 in
1667 609 1813 642 laudabili
1831 609 1934 641 vestra
1955 607 2006 641 fir-

1267 665 1383 705 mitate,
1408 675 1443 697 ae
1468 664 1499 697 in
1525 664 1663 697 eiusdem
1688 662 1917 706 archiepiscopi
1945 671 2001 705 pa-

1267 718 1359 751 storis
1378 717 1474 751 vestri
1497 717 1686 757 obedientia,
1704 726 1783 760 quae
1803 715 1866 748 Deo
1887 714 2006 758 gratior

1267 776 1312 804 est
1336 771 1422 804 omni
1448 771 1583 811 victima,
1600 774 1634 804 ut
1658 769 1766 811 facitis,
1783 768 1922 802 animose
1938 778 2007 812 per-

1267 825 1436 865 severetis,
1462 824 1652 868 eosdemque
1679 822 1951 866 archiepiscopum
1977 826 2007 855 et

1267 878 1434 922 Iosephum
1461 877 1622 921 obsequiis
1647 882 1676 910 et
1701 876 1810 910 officiis
1839 875 1950 908 vestris
1975 874 2005 907 in

1266 930 1428 964 sarcienda
1454 930 1610 963 Ecclesiae
1634 929 1794 973 praedicta
1816 927 1952 961 scissura
1977 931 2007 961 et

1266 983 1465 1028 procuranda
1490 983 1620 1017 fratrum
1642 987 1818 1016 vestrorum
1843 991 1860 1013 a
1885 980 1933 1014 via
1959 980 2005 1013 iu·

1267 1036 1368 1070 stitiae
1385 1036 1598 1070 aberrantium
1620 1035 1802 1068 reductione
1819 1033 2006 1067 coadiuvare

1267 1090 1425 1131 studeatis,
1439 1089 1510 1122 inde
1525 1094 1686 1122 aeternum
1705 1099 1722 1121 a
1739 1088 1802 1121 Deo
1818 1086 2005 1131 praemium,

1265 1153 1282 1175 a
1306 1143 1396 1176 nobis
1416 1153 1490 1176 vero
1515 1147 1544 1176 et
1568 1143 1626 1176 hac
1651 1142 1757 1175 sancta
1778 1140 1857 1175 Sede
1876 1141 2006 1184 Aposto-

1265 1197 1324 1230 liea
1350 1197 1479 1230 uberem
1505 1197 1636 1240 gratiam
1663 1194 1871 1229 consecuturi.

1309 1251 1420 1283 Datum
1446 1251 1584 1291 Rornae,
1610 1250 1692 1294 apud
1717 1249 1746 1282 S.
1772 1249 1921 1289 Petrum,
1946 1248 2004 1281 sub

1247 1322 1249 1331 ι
1265 1305 1380 1337 annulo
1395 1304 1572 1345 piscatoris,
1583 1304 1632 1337 die
1646 1314 1698 1336 xix
1712 1302 1860 1336 februarii
1876 1311 2004 1343 iunctm,

1247 1357 1466 1401 ¹pontificatus
1491 1357 1590 1390 nostri
1611 1367 1692 1389 anno
1713 1366 1732 1389 1.

1247 1438 1248 1445 1
1300 1420 1357 1447 Dat.
1380 1420 1422 1447 (lie
1446 1421 1475 1448 19
1496 1420 1627 1447 februarii
1649 1419 1726 1454 1656,
1748 1419 1840 1455 pontif.
1863 1427 1933 1446 anno
1954 1426 1972 1445 ι.

536 1466 568 1498 ln
593 1465 778 1509 gravissimo
799 1465 918 1506 dolore,
934 1475 996 1509 quo
1019 1465 1157 1498 animum
1178 1475 1248 1503 no-¹

1551 1553 1717 1586 LXXXIX.

1263 1634 1492 1668 Hortalorium
1512 1634 1751 1678 archiepiscopo
1768 1632 2006 1676 Anyamalensi

1308 1688 1469 1721 occasione
1494 1687 1658 1720 missionis
1682 1686 1811 1730 Iosephi
1835 1697 1855 1719 α
1879 1686 1909 1719 S.
1936 1687 2004 1720 Ma·

1308 1741 1361 1773 ria
1382 1740 1576 1775 Carmelitae
1599 1739 1794 1772 Discalceali
1813 1737 1855 1771 acl
1872 1739 2004 1782 provin-

1309 1794 1392 1826 ciam
1415 1790 1717 1837 Anyamaknsem'.

1267 1874 1434 1902 Venerabili
1448 1873 1535 1901 fratri
1547 1873 1771 1908 archiepiscopo
1782 1873 2004 1908 Anqamalonsi,

1457 1927 1626 1954 Alexander
1650 1927 1728 1960 Papa
1747 1927 1809 1954 vn.

1481 1988 1667 2016 Venerabilis
1683 1988 1787 2020 frater,

1300 2035 1428 2061 salutern
1450 2036 1481 2060 et
1500 2032 1698 2066 apostolicam
1717 2031 1968 2060 benedictinam.

1308 2105 1450 2139 Relatum
1470 2109 1514 2136 est
1530 2103 1621 2137 nobis
1641 2103 1789 2136 dilectum
1809 2103 1907 2136 filium
1925 2103 2006 2137 Tho·
2031 2111 2201 2165 cffigsstgssgbug-

1265 2169 1347 2190 mam
1373 2157 1630 2190 archidiaconum
1655 2157 1745 2190 istius
1770 2157 1919 2190 ecclesiae
1943 2157 2005 2190 An·
2025 2164 2197 2190 Anzamalensem
2242 2182 2244 2186 .

2019 2193 2042 2211 ut
2060 2193 2149 2212 conetur
2169 2196 2202 2212 re-

1264 2211 1462 2254 gamalensis,
1480 2210 1617 2244 nescitur
1642 2220 1704 2254 quo
1729 2209 1840 2254 spiritu
1865 2209 2004 2250 ductum,
2020 2217 2098 2239 ducere
2114 2217 2142 2238 ad
2162 2217 2200 2239 ze-

2019 2244 2096 2265 clcsiae
2103 2244 2202 2270 gremium

1265 2263 1325 2297 una
1350 2274 1420 2297 cum
1447 2263 1563 2307 ingenti
1596 2263 1838 2296 christianorum
1871 2272 2005 2296 numero
2019 2270 2200 2319 Zigane-32:3¹2

1263 2317 1302 2349 ab
1320 2316 1497 2350 obedientia
1516 2317 1567 2349 tua
1586 2315 1761 2357 recessisse,
1779 2321 1818 2358 et,
1835 2315 1919 2360 quod
1935 2326 2006 2350 exe·
2019 2323 2071 2345 siao-

1264 2370 1412 2403 crabilius
1433 2374 1488 2412 est,
1506 2369 1687 2412 dignitatem
1713 2369 1924 2413 episcopalem
1945 2369 2003 2402 sibi

1265 2428 1382 2456 temere
1399 2433 1574 2466 arrogasse.
1599 2423 1748 2456 Pertulit*
1770 2423 1842 2456 hinc
1859 2421 2004 2456 nuntius2
2045 2429 2112 2451 '‘Sic·

1301 2506 1311 2530 1
1335 2503 1371 2530 Ex
1392 2504 1501 2539 Regest.
1523 2504 1548 2530 in
1568 2503 1669 2530 Secret.
1691 2503 1767 2530 Brev.

1298 2548 1315 2575 2
1330 2548 1367 2575 Ad
1383 2549 1530 2583 marginem
1547 2548 1611 2575 edit.
1630 2548 1707 2575 Main.
1725 2550 1799 2575 notat
1819 2548 1874 2581 sic;
1896 2551 1920 2574 at
1942 2555 2002 2575 cor-

1264 2592 1404 2628 rigendum
1421 2593 1524 2621 videtur
1539 2593 1670 2622 Perculit
1686 2593 1731 2621 hic
1744 2592 1865 2623 nuntius
1878 2593 1917 2628 (R.
1933 2591 1982 2628 Τ.).

2021 189 2068 213 An.
2086 188 2112 213 C.
2137 188 2200 216 ¹656
2236 198 2238 208 t
