2243 3205
242 177 290 204 An.
306 176 336 204 c.
358 175 426 204 ¹659
470 166 537 199 464

309 1460 430 1485 Accepiauo

246 1486 361 1507 Pontinus.

1024 173 1203 199 BULLARIUM
1227 172 1382 199 ROMANUM

1963 173 2015 202 An.
2030 172 2060 203 C.
2076 172 2144 203 1⁶59

438 223 575 257 tionibus
588 228 618 256 et
630 222 698 256 aliis
715 222 862 257 clausulis
879 228 909 256 et
926 223 1176 257 solemnitatibus
1209 232 1270 266 que
1287 226 1317 255 et
1329 221 1602 266 qualitercumque
1626 231 1721 266 super
1737 222 1828 256 dictis
1848 221 1947 256 feudis

439 278 471 310 in
495 276 650 310 similibus
672 276 858 310 necessariis
883 281 913 310 et
932 276 1128 321 opportunis,
1149 279 1178 310 et
1210 286 1246 308 ac
1265 274 1352 315 locis,
1371 279 1401 308 et
1420 284 1530 308 eorum
1547 274 1697 319 quolibet,
1714 275 1816 318 nobis⁷
1833 275 1948 309 dictae-

440 330 555 373 apponi
590 330 689 363 solitis
721 334 751 362 et
782 330 961 372 consuetis,
991 330 1050 370 de†
1064 329 1178 374 quibus

440 381 587 415 omnibus
610 386 803 425 rogaverunt
833 382 902 415 sieri
934 383 1097 427 publicum
1130 382 1178 414 in-

441 439 651 468 strumentum
675 445 732 478 per
757 445 807 468 me
831 436 991 469 notarium
1020 434 1179 468 infrascri-

441 492 530 531 ptum
564 486 732 522 dictamine
762 487 930 532 sapientis,
955 488 980 521 si
1005 498 1083 531 opus
1108 487 1176 519 sue-

442 540 497 581 rit,
522 544 580 573 etc.

486 593 706 637 Supradictum
731 593 973 628 instrumentum
992 597 1119 636 rogatus
1136 603 1181 625 re-

443 646 511 690 cepi
536 651 566 680 et
590 646 701 691 scripsi
725 649 786 681 una
811 657 882 680 cum
908 646 1108 690 infrascripto
1129 645 1182 679 do-

444 700 529 734 mino
554 700 668 734 Ioanne
685 700 820 734 Antonio
833 700 953 740 Badini,
976 711 1034 743 ego
1052 700 1181 733 Carolus

443 753 629 787 Franciscus
659 754 854 797 Bornengus,
879 753 1023 798 publicus
1049 757 1178 797 aposto-

443 807 522 841 licus
545 808 742 852 principatus
765 808 933 841 Messerani
966 807 1107 840 notarius
1121 835 1128 849 ,
1152 812 1182 841 et

444 871 502 904 pro
526 861 588 894 fide
613 861 799 896 manualiter
821 861 1024 904 subsignatus
1041 860 1183 895 BonNEN-

444 923 522 955 cus,
547 919 604 947 etc.

487 966 707 1012 Supradictum
738 967 982 1000 instrumentum
1014 967 1077 999 una
1110 977 1182 1000 cum

443 1020 624 1065 supradicto
648 1019 776 1054 domino
801 1020 911 1054 Carolo
928 1020 1094 1054 Francisco
1111 1020 1184 1053 Bor-

442 1083 546 1116 nengo
558 1077 686 1116 rogatus
698 1073 804 1117 recepi
818 1083 876 1116 ego
889 1073 1021 1107 Ioannes
1032 1073 1183 1107 Antonius

443 1126 561 1169 Badini,
571 1126 716 1170 publicus
730 1126 902 1171 apostolica
909 1126 1093 1160 auctoritate
1100 1126 1184 1170 prin-

443 1180 565 1225 cipatus
589 1180 758 1214 Messerani
772 1180 924 1223 notarius,
946 1180 978 1213 in
997 1180 1184 1224 praemisso-

444 1244 515 1267 rum
539 1234 681 1268 omnium
700 1233 796 1267 fidem
815 1233 1002 1268 manualiter
1023 1234 1184 1278 subsigna-

444 1293 494 1321 tus
518 1287 667 1322 BAnmus.

547 1368 704 1412 Sequitur
729 1367 877 1411 leyalitas
901 1367 939 1401 in
961 1368 1077 1411 forma.

490 1448 505 1493 ἓ,
528 1448 558 1482 3.
584 1448 663 1481 Hinc
687 1453 734 1481 est
754 1447 838 1492 quod
867 1458 934 1490 nos,
963 1447 1186 1492 acceptationis

446 1501 658 1536 conditionem
676 1501 897 1535 donationibus
913 1501 1094 1545 praedictis,
1108 1501 1187 1534 sicut

445 1555 667 1600 praemittitur,
678 1554 831 1588 adiectam
848 1554 1021 1598 adimplere
1034 1554 1186 1595 volentes,

446 1614 534 1642 motu
558 1608 699 1652 proprio,
718 1613 748 1641 et
768 1618 804 1641 ex
826 1609 912 1642 certa
930 1607 1060 1641 scientia
1078 1612 1108 1641 et
1126 1618 1187 1641 ma-

446 1663 516 1696 tura
540 1662 767 1695 deliberatione
791 1662 918 1702 nostris,
940 1661 1041 1704 deque
1066 1666 1188 1705 aposto-

445 1716 524 1749 licae
540 1715 704 1759 potestatis
721 1715 925 1759 plenitudine,
942 1715 1126 1748 donationes
1143 1715 1189 1748 iu-

446 1768 529 1801 rium
555 1774 585 1800 et
609 1767 767 1801 actionum
792 1767 972 1801 huiusmodi
996 1778 1054 1811 per
1073 1767 1188 1811 primo-

446 1822 564 1855 dictum
579 1821 781 1855 Franciscum
792 1821 919 1854 Mariam
934 1826 965 1854 et
977 1826 1187 1854 memoratum

447 1875 608 1909 Octavium
626 1875 769 1919 proprio,
783 1884 907 1907 necnon
924 1874 963 1907 ab
978 1874 1048 1918 ipso
1062 1874 1188 1908 Octavio

447 1934 477 1961 ct
501 1928 681 1972 supradicta
708 1928 843 1961 Antonia
867 1927 985 1960 tutorio
1012 1927 1188 1970 praedicto-

447 1992 517 2014 rum
544 1981 671 2014 Victorii
696 1980 818 2021 Felicis,
836 1985 865 2013 et
881 1980 1042 2013 Francisci
1062 1980 1188 2021 Mariae,

447 2045 483 2068 ac
507 2034 632 2078 Iosephi
655 2034 814 2067 Benedicti
839 2037 869 2068 et
898 2034 981 2066 Petri
1006 2034 1107 2067 Lucae
1132 2045 1189 2078 pu-

448 2088 596 2132 pillorum
621 2088 803 2121 nominibus
827 2087 1016 2132 respective,
1041 2087 1069 2121 S.
1095 2088 1129 2121 R.
1155 2088 1188 2121 E.

448 2141 637 2186 praedictae,
661 2151 697 2174 ac
720 2141 811 2174 nobis
836 2146 866 2174 et
890 2141 1038 2174 Romanis
1066 2141 1191 2174 Pontifi-

449 2193 539 2228 cibus
564 2194 800 2228 successoribus
824 2194 958 2237 nostris,
987 2205 1044 2238 per
1071 2194 1189 2227 instru-

451 2253 554 2281 menta
577 2248 773 2292 praeinserta
797 2247 913 2290 factas,
946 2247 1023 2281 citra
1053 2247 1189 2291 aliquam

451 2307 555 2335 tamen
575 2301 836 2346 approbationem
854 2301 902 2334 vel
919 2301 1190 2334 canonizationem

451 2355 635 2388 eorumdem
661 2354 777 2388 iurium
803 2359 833 2388 et
857 2354 1038 2395 actionum,
1070 2354 1129 2387 nisi
1162 2357 1192 2388 et

450 2412 602 2452 quatenus
628 2408 735 2452 aliquo
759 2407 854 2441 modo
875 2408 1045 2441 subsistant
1069 2412 1099 2440 et
1115 2418 1189 2451 qua-

452 2467 541 2494 tenus
552 2461 697 2506 expediat
709 2461 779 2496 Sedi
792 2461 989 2505 Apostolicae
1002 2460 1191 2504 praedictae,

452 2524 488 2547 ac
513 2514 604 2550 salvis
634 2520 665 2548 et
695 2515 809 2548 illaesis
842 2525 969 2558 semper
993 2513 1192 2548 manentibus

1211 338 1272 372 que
1296 327 1367 361 Sedi
1388 332 1417 361 et
1434 337 1577 361 camerae
1600 333 1726 361 nostrae
1746 329 1949 372 competenti-

1212 381 1270 414 bus
1294 385 1324 414 et
1348 380 1579 424 competituris,
1604 386 1635 414 et
1658 381 1727 414 iura
1751 381 1873 414 iuribus
1896 381 1949 414 ad-

1213 433 1325 476 dendo,
1347 439 1377 467 et
1402 434 1555 467 cautelam
1572 434 1721 475 cautelae,
1738 438 1768 467 et
1783 443 1847 467 non
1863 433 1950 475 alias,

1213 487 1315 528 aliter,
1339 497 1397 520 nec
1414 487 1475 521 alio
1495 486 1600 528 modo,
1616 492 1724 520 tenore
1737 486 1949 532 praesentium

1214 545 1423 584 acceptamus.

1259 594 1274 637 ξ
1296 593 1327 626 4.
1352 594 1528 635 Praeterea,
1547 603 1656 627 omnes
1672 599 1703 626 et
1721 593 1862 636 singulos
1875 593 1952 627 iuris
2002 607 2148 633 Quoscumque

1967 632 2062 653 desectus
2129 633 2149 653 in
2202 629 2203 632 ¹

1215 652 1245 680 et
1262 647 1346 688 sacti,
1363 657 1399 680 ac
1418 646 1650 680 solemnitatum
1668 657 1951 692 quarumcumque,
1967 659 2152 689 praedicta-aona-

1215 706 1278 733 tam
1302 711 1339 734 ex
1363 700 1440 733 iuris
1465 701 1658 742 communis,
1682 711 1775 744 quam
1800 711 1836 733 ex
1859 685 2152 734 statu-¹⁵¹1?‚?1‘³es⁶⁸t‘s‚¹111¹i⁰‡i

1215 759 1318 787 torum
1344 753 1528 797 quorumvis
1551 754 1756 798 praescripto,
1781 753 1873 787 etiam
1897 763 1953 787 ne·
1968 739 2047 760 ³¹³⁰¹⁰¹'

1216 807 1352 840 cessario
1369 806 1647 848 observandarum,
1661 812 1691 840 et
1706 807 1783 840 alios
1799 806 1956 850 quoslibet

1215 860 1415 905 quantumvis
1448 870 1581 903 magnos
1606 866 1636 893 et
1660 860 1878 894 substantiales
1902 859 1956 892 de-

1215 914 1324 955 sectus,
1341 914 1367 947 si
1386 913 1440 958 qui
1457 913 1489 946 in
1513 913 1680 948 donatione
1704 924 1802 957 supra
1817 912 1957 946 nomina-

1215 972 1322 1001 torum
1347 967 1540 1012 pupillorum
1565 967 1693 1000 nomine
1723 977 1780 1011 per
1805 976 1957 1000 memora-

1216 1027 1265 1055 tos
1282 1021 1443 1056 Octavium
1460 1026 1491 1055 et
1513 1021 1680 1055 Antoniam
1700 1031 1811 1056 eorum
1827 1024 1957 1061 tutores,

1217 1075 1297 1109 sicut
1320 1075 1554 1119 praemittitur,
1579 1075 1658 1108 facta
1672 1103 1680 1118 ,
1713 1085 1751 1108 ex
1783 1075 1878 1108 causa
1901 1083 1957 1108 seu

1217 1128 1337 1162 ratione
1360 1129 1525 1172 pupillaris
1557 1134 1587 1162 et
1611 1128 1786 1172 respective
1809 1127 1958 1162 infantilis

1217 1182 1326 1216 aetatis
1348 1182 1531 1215 eorumdem
1548 1181 1753 1226 pupillorum,
1774 1181 1839 1215 sive
1866 1191 1902 1215 ex
1919 1191 1957 1215 eo

1217 1234 1301 1278 quod
1320 1235 1380 1279 ipsi
1405 1235 1549 1269 Octavius
1565 1239 1594 1269 et
1612 1234 1747 1269 Antonia
1764 1239 1883 1268 tutores
1900 1233 1959 1267 suf-

1218 1288 1334 1321 ficienti
1360 1288 1398 1321 ad
1422 1288 1620 1322 donationem
1637 1287 1819 1321 huiusmodi
1842 1287 1958 1320 sacien-

1219 1341 1290 1374 dam
1315 1341 1460 1375 facultate
1485 1341 1523 1374 de
1547 1341 1616 1374 iure
1639 1340 1820 1381 caruerint,
1840 1339 1959 1373 caruis-

1219 1405 1290 1428 seve
1313 1394 1572 1438 praetendantur,
1597 1393 1833 1438 quomodolibet
1856 1393 1957 1426 inter-

1219 1447 1372 1489 venerint,
1397 1457 1451 1480 seu
1476 1446 1682 1480 intervenisse
1706 1446 1788 1489 dici,
1816 1445 1959 1488 censeri,

1220 1500 1383 1544 praetendi
1401 1500 1449 1533 vel
1469 1500 1601 1543 intelligi
1621 1510 1750 1544 quoquo
1767 1499 1861 1533 modo
1888 1509 1961 1544 pos-

1221 1558 1298 1594 sent,
1327 1558 1431 1595 motu,
1459 1553 1587 1587 scientia
1611 1552 1836 1586 deliberatione
1861 1557 1890 1585 et
1909 1562 1962 1596 po-

1221 1607 1339 1640 testatis
1362 1607 1557 1651 plenitudine
1574 1606 1713 1651 paribus,
1731 1606 1915 1650 supplemus
1932 1611 1963 1639 et

1221 1670 1385 1703 sanamus,
1407 1671 1443 1694 ac
1467 1661 1592 1704 penitus
1617 1665 1646 1693 et
1669 1659 1798 1694 omnino
1823 1659 1962 1693 tollimus

1222 1719 1252 1746 et
1275 1714 1447 1747 abolemus.
1640 1720 1647 1725 “

1266 1768 1281 1811 ἓ
1312 1767 1342 1800 5.
1376 1768 1585 1801 Decernentes
1622 1766 1748 1800 easdem
1780 1770 1961 1810 praesentes

1222 1820 1341 1854 litteras
1357 1821 1444 1853 nullo
1465 1830 1603 1863 unquam
1629 1824 1771 1863 tempore
1791 1819 1830 1852 de
1857 1819 1963 1852 subre-

1222 1874 1337 1918 ptionis
1354 1874 1402 1907 vel
1420 1873 1614 1917 obreptionis
1638 1877 1691 1906 aut
1710 1872 1860 1906 nullitatis
1876 1872 1962 1915 vitio,

1223 1938 1278 1960 seu
1303 1927 1482 1961 intentionis
1505 1932 1631 1960 nostrae
1659 1927 1707 1960 vel
1736 1927 1886 1961 interesse
1912 1926 1964 1960 ha-

1223 1981 1364 2014 bentium
1390 1990 1572 2021 consensus,
1590 1980 1690 2013 aliove
1706 1980 1847 2023 quolibet
1870 1989 1965 2024 quan-

1223 2034 1338 2066 tumvis
1363 2043 1478 2076 magno
1504 2038 1534 2066 et
1557 2033 1751 2067 substantiali
1770 2032 1893 2066 defectu
1910 2042 1964 2066 no-

1225 2087 1293 2128 tari,
1313 2086 1511 2131 impugnari,
1540 2086 1725 2127 retractari,
1746 2086 1891 2129 infringi,
1912 2090 1965 2119 aut

1224 2141 1255 2173 in
1280 2140 1528 2174 controversiam
1555 2139 1708 2180 revocari,
1735 2150 1789 2172 seu
1813 2139 1964 2172 adversus

1224 2193 1292 2226 illas
1316 2192 1499 2237 apel-itionis
1524 2192 1604 2234 oris,
1635 2192 1838 2226 restitutionis
1863 2192 1893 2224 in
1919 2191 1963 2224 in<

1224 2252 1368 2289 tegrum,
1394 2246 1517 2279 aliudve
1540 2245 1838 2289 quomodocumque
1867 2245 1964 2285 iuris,

1225 2300 1296 2334 sacti
1313 2300 1361 2333 vel
1383 2300 1502 2342 gratiae
1526 2299 1701 2332 remedium
1720 2299 1895 2342 impetrari,
1912 2302 1965 2331 aut

1225 2354 1404 2397 impetrato,
1419 2353 1466 2386 vel
1480 2353 1573 2386 etiam
1591 2357 1679 2386 motu
1691 2352 1786 2385 simili
1803 2362 1964 2393 concesso,

1225 2406 1406 2450 quempiam
1430 2406 1462 2438 in
1487 2405 1603 2439 iudicio
1633 2405 1680 2438 vel
1705 2409 1791 2438 extra
1815 2404 1892 2437 illud
1920 2404 1964 2437 uti

1225 2470 1280 2492 scu
1304 2470 1337 2492 se
1362 2459 1470 2492 iuvare
1485 2469 1588 2502 posse,
1606 2458 1659 2491 sed
1684 2458 1765 2501 ipsas
1785 2461 1965 2501 praesentes

1226 2513 1344 2546 litteras
1361 2522 1487 2556 semper
1511 2512 1628 2552 firmas,
1647 2511 1762 2544 validas
1778 2516 1809 2544 et
1825 2510 1965 2543 efficaces

2003 1774 2115 1795 Decretum
2131 1773 2159 1794 ir·

1976 1801 2049 1822 ritans.

451 2566 598 2601 omnibus
612 2573 641 2601 ct
655 2568 786 2612 singulis
811 2568 933 2602 iuribus
948 2568 1192 2614 quomodocum-
1226 2566 1358 2601 existere
1375 2571 1405 2599 et
1428 2565 1508 2607 fore,
1525 2575 1561 2600 ac
1585 2575 1657 2599 suos
1676 2563 1834 2609 plenarios
1857 2568 1888 2596 et
1910 2562 1961 2595 in-
