2202 3190
411 152 473 187 806
952 163 1128 187 arimanni
1155 163 1303 188 nomnen

365 215 508 248 Oscensis
535 214 686 246 dioecesis
711 214 912 247 ecelesiastici
939 221 1103 261 teneantur
1127 226 1318 249 concurrere
1344 225 1416 249 cum
1441 215 1531 248 laicis
1556 215 1594 248 ad
1619 216 1811 250 solutionem
1837 226 1889 261 ga-

454 267 553 300 bellae
578 278 635 310 pro
660 266 850 300 extinctione
876 267 953 301 aeris
979 268 1086 310 alieni,
1114 268 1170 301 ⁶261
1202 269 1227 300 b.

1124 384 1145 416 p

367 481 524 514 l‘ancratii
551 480 610 523 (S.)
636 481 767 513 ccclesia
792 487 820 514 et
845 486 1018 514 conventus
1042 487 1129 514 extra
1159 487 1190 514 et
1223 492 1321 524 prope
1346 491 1454 514 muros
1479 480 1574 514 Urbis
1608 480 1745 514 traditur
1775 480 1899 515 Carme-

454 533 518 566 litis
542 534 746 567 Discalceatis
771 545 828 577 pro
854 535 1026 568 seminario
1051 534 1240 567 missionum
1266 534 1367 577 ipsius
1393 533 1532 575 Ordinis,
1561 532 1621 566 767
1648 545 1666 566 a
1693 539 1723 566 et
1747 544 1807 576 seq.

366 587 590 620 Panormitano
614 587 852 631 archiepiscopo
878 588 1090 621 committitur
1120 592 1154 620 ut
1185 581 1369 630 interponat
1399 587 1619 620 auctoritatem
1651 586 1820 620 Alexandri
1845 587 1897 620 vlt

453 640 558 682 quoad
584 640 807 683 obligationem
834 640 864 672 in
890 641 1048 674 solvendis
1073 640 1217 684 pecuniis
1233 668 1240 682 ‚
1271 646 1346 681 eto,
1372 642 1485 674 factam
1512 651 1569 684 per
1593 641 1712 674 clerum
1738 640 1826 684 regni
1851 640 1899 674 Si-

455 693 557 733 ciliae,
585 692 602 725 7
626 694 652 726 (ι.

366 746 551 779 l’arisiensis
569 747 708 789 episcopi
728 747 833 779 vicarii
852 748 1016 791 generales
1037 747 1241 780 temerarium
1260 747 1401 781 edictum
1417 747 1584 781 ediderunt
1603 747 1690 791 quod
1707 745 1899 791 reprobatur

453 810 469 831 a
494 799 658 839 Pontifiee,
687 799 749 832 702
774 800 799 832 1'1.

365 853 496 885 Parochi
522 859 550 886 et
578 853 679 885 clerus
704 853 859 885 secularis
885 860 1018 897 possunt
1036 854 1159 897 ingredi
1181 853 1330 888 eeclesias
1355 854 1550 897 regularium
1576 864 1648 886 cum
1674 863 1769 887 cruce
1793 853 1825 886 iu
1849 863 1898 885 as-

452 905 625 938 sociatione
649 906 836 939 cadaverum
863 907 1124 940 tumulandorum
1151 906 1182 938 in
1209 907 1303 940 dictis
1329 907 1488 949 ecclesiis,
1518 906 1530 938 ‘l
1560 907 1591 947 b,
1620 907 1735 940 iterum
1769 905 1808 940 de
1839 906 1898 939 hac

452 970 497 999 re,
521 958 584 991 182
611 970 629 991 a
653 965 684 992 ct
707 970 766 1003 seq.

364 1010 562 1044 Parthemius
587 1011 713 1044 Ordinis
738 1012 766 1044 S.
792 1012 900 1044 Basilii
926 1020 1131 1047 consecratur
1154 1013 1321 1057 episcopus
1348 1014 1566 1048 Ruthenorum
1587 1024 1604 1046 a
1623 1012 1724 1046 tribus
1742 1011 1898 1057 episcopis

454 1065 679 1105 schismaticis;
706 1065 737 1098 in
764 1076 915 1099 censuras
940 1067 980 1099 ob
1004 1067 1063 1100 lioc
1089 1066 1222 1107 incidit,
1250 1078 1267 1099 a
1293 1067 1408 1111 quibus
1434 1066 1620 1107 absolvitur,
1645 1066 1684 1099 21
1713 1078 1742 1099 α.

364 1117 451 1150 Pauli
479 1118 539 1160 (S.)
565 1118 659 1161 primi
685 1119 833 1152 eremitae
858 1120 941 1153 Ordo
967 1120 1084 1163 gaudet
1108 1120 1279 1163 privilegiis
1304 1120 1429 1153 Ordinis
1454 1120 1726 1153 Carthusiensium
1750 1120 1896 1163 aliisque,

468 1170 530 1204 367
553 1171 569 1203 b
590 1177 620 1204 et
639 1183 717 1216 scqn,
742 1183 782 1204 ne
808 1173 839 1205 in
866 1184 964 1216 regno
988 1174 1201 1218 Portugalliae
1226 1174 1324 1217 ipsius
1348 1174 1487 1217 religiosi
1508 1180 1595 1207 extra
1615 1175 1755 1207 claustra
1771 1174 1897 1216 degant,

452 1223 664 1268 licentiaeque
689 1226 779 1258 datae
804 1233 1011 1266 revocentur,
1037 1227 1101 1260 698
1126 1238 1145 1260 α
1169 1233 1200 1261 et
1224 1227 1261 1268 tr,
1291 1232 1325 1260 ut
1353 1228 1385 1260 in
1410 1233 1572 1271 posterum
1597 1233 1804 1261 amoveantur
1827 1226 1895 1259 dis-

453 1278 529 1310 ereti
556 1279 679 1311 vocales
704 1280 888 1322 nuncupati,
917 1279 981 1313 764
1005 1292 1035 1313 α.

364 1329 479 1363 Paulus
505 1330 608 1373 Ingles
633 1331 719 1375 prior
743 1333 928 1366 Valentinus
953 1333 1083 1367 Ordinis
1108 1334 1252 1367 militaris
1276 1335 1312 1367 B.
1339 1334 1453 1368 Mariae
1479 1334 1516 1367 de
1541 1333 1707 1374 Montesia‚
1732 1332 1795 1366 759
1820 1331 1846 1365 b.

364 1383 479 1416 Paulus
504 1384 588 1417 Oliva
613 1385 739 1427 eligitur
764 1385 795 1417 in
820 1385 973 1419 vicarium
1003 1388 1185 1430 generalem
1218 1394 1408 1432 perpetuum
1441 1387 1606 1421 Societatis
1630 1387 1702 1420 Iesu
1728 1397 1799 1420 cum
1829 1396 1899 1420 suc-

454 1437 593 1469 cessione
619 1438 650 1470 in
676 1437 780 1471 ostieio
806 1439 975 1483 praepositi
1002 1440 1159 1482 generalis
1184 1446 1214 1474 et
1238 1442 1333 1484 plena
1357 1441 1591 1481 iurisdictione,
1618 1439 1680 1473 708
1705 1440 1722 1472 b
1746 1446 1776 1474 et
1800 1450 1859 1483 seq.

364 1488 521 1533 pauperes
553 1490 673 1533 aegroti
707 1490 798 1523 Urbis
830 1492 1036 1525 subveniendi
1066 1499 1139 1526 suut
1168 1495 1344 1527 secundum
1369 1493 1611 1528 constitutiones
1634 1493 1752 1527 Urbani
1777 1493 1843 1526 VIII
1869 1498 1899 1526 et.

452 1543 627 1576 lnnoceutii
653 1545 697 1584 X,
724 1554 802 1588 quas
827 1543 954 1578 innovat
980 1546 1159 1580 Alexander
1185 1547 1257 1588 Vll,
1284 1547 1346 1580 317
1372 1559 1401 1581 α.

364 1595 562 1639 Pauperibus
587 1598 667 1630 sacta
692 1598 795 1640 legata
822 1597 898 1630 olim
924 1598 1072 1633 basilicae
1099 1600 1128 1633 S.
1154 1600 1238 1634 Petri
1264 1600 1432 1644 applicata,
1456 1599 1496 1633 57
1522 1611 1562 1641 a;
1587 1610 1673 1633 nunc
1702 1598 1894 1643 pauperibus

452 1650 609 1691 restituta,
638 1650 678 1683 57
704 1651 729 1684 I).

364 1702 559 1736 Pedemontii
585 1704 720 1737 Vallium
746 1706 894 1740 catholici
918 1717 1074 1750 pauperes
1091 1713 1175 1749 sunt,
1197 1712 1227 1742 et
1244 1708 1284 1741 ab
1301 1707 1469 1741 haereticis
1494 1713 1695 1751 premuntur,
1715 1706 1756 1740 88
1772 1707 1802 1748 b;
1821 1706 1896 1740 sub-

452 1756 572 1789 sidium
594 1757 673 1801 ipsis
698 1759 860 1800 collatum,
888 1760 965 1792 ibid.
995 1766 1025 1793 et
1050 1771 1111 1804 seq.

363 1807 536 1843 Pensioncs
560 1811 798 1845 ecclesiasticae
823 1813 984 1846 transferri
1010 1820 1040 1847 et
1063 1819 1250 1848 testamenta
1276 1815 1437 1859 quomodo
1462 1814 1557 1848 condi
1589 1815 1726 1849 debeant
1757 1819 1898 1858 tempore

451 1864 642 1907 suspicionis
668 1866 782 1909 pestis,
810 1865 874 1899 2⁶29
899 1878 930 1899 cc.

363 1914 516 1950 Perusina
540 1918 648 1951 civitas
673 1919 842 1963 privilegio
860 1919 998 1953 donatur
1015 1921 1120 1964 quoad
1139 1921 1336 1965 presidentes
1355 1921 1477 1964 collegii
1496 1921 1664 1955 doctorum
1682 1921 1759 1955 iuris
1784 1920 1898 1953 utrius-

453 1980 526 2012 que,
553 1970 617 2004 386
643 1971 659 2003 b
684 1978 714 2006 et
739 1983 799 2016 seq.

364 2020 533 2055 Perusinae
557 2023 672 2057 civitati
699 2024 940 2069 indulgetuirut
965 2027 1168 2061 ecclesiastici
1196 2028 1308 2062 directi
1335 2028 1456 2062 domini
1480 2028 1641 2062 bonorum
1678 2028 1840 2063 stabilium
1866 2026 1898 2060 in

452 2076 612 2109 territorio
638 2077 771 2111 civitatis
795 2079 967 2112 Perusinae
991 2080 1194 2114 existentium
1222 2087 1403 2122 teneantur,
1430 2082 1521 2116 finita
1544 2083 1637 2123 tinea,
1662 2082 1702 2115 de
1727 2081 1789 2115 illis
1812 2081 1898 2114 inve-

452 2128 527 2160 stire
551 2129 778 2173 proximiorem
804 2131 888 2165 illius
912 2144 968 2175 per
993 2134 1083 2167 cuius
1109 2136 1230 2168 obitum
1255 2135 1377 2177 finitur,
1405 2135 1468 2169 648
1493 2147 1512 2169 a
1538 2142 1568 2169 et
1592 2146 1652 2180 seq.

363 2179 452 2214 Peste
476 2181 603 2216 insectis
627 2181 742 2217 desunt
765 2185 942 2229 presbyteri
963 2187 993 2219 in
1020 2198 1117 2231 regno
1137 2188 1296 2232 Neapolis,
1318 2188 1431 2230 200123
1453 2186 1618 2233 privilegia
1641 2199 1700 2234 pro
1723 2189 1800 2233 ipsis
1825 2198 1898 2222 con-

451 2243 551 2276 cessa,
575 2235 640 2269 993
665 2237 680 2267 h
705 2242 733 2269 ct
759 2248 823 2280 seq.

362 2282 447 2319 Petri
475 2287 534 2329 (S.)
560 2288 701 2330 basilica,
728 2290 797 2322 vide
823 2291 955 2325 Basilica
980 2293 1011 2325 S.
1039 2294 1131 2327 Petri.

364 2335 446 2370 Petri
472 2339 536 2382 (Β.)
561 2341 600 2373 de
624 2342 756 2376 Nolasco
782 2351 954 2378 conventus
980 2347 1011 2379 in
1036 2349 1119 2380 terra
1143 2346 1245 2380 Roeca
1268 2348 1301 2381 cli
1318 2348 1411 2391 Papa
1437 2349 1635 2382 Tusculanae
1659 2348 1814 2383 dioecesis
1838 2348 1897 2381 tri-

452 2392 560 2425 buitur
585 2397 824 2438 congregationi
850 2398 881 2430 B.
910 2398 1025 2433 Mariae
1049 2400 1088 2433 de
1113 2401 1256 2435 Mercede
1281 2401 1519 2445 Redemptionis
1544 2403 1755 2446 captivorum,
1781 2401 1846 2435 625
1862 2412 1892 2434 α.

364 2440 477 2477 Petrus
501 2446 625 2480 Berulle
649 2448 677 2481 S.
704 2449 742 2482 R.
770 2450 803 2482 E.
829 2451 1007 2493 cardinalis,
1034 2454 1104 2486 vide
1128 2454 1264 2488 Berulle.

364 2495 483 2583 Petruds
500 2498 683 2580 Fcrrlaecius
708 2502 805 2536 abbas
837 2505 992 2547 generalis
1025 2507 1281 2551 congregationis
1307 2508 1558 2543 Camaldulensis
1585 2509 1711 2543 Ordinis
1734 2508 1765 2543 S.
1789 2509 1892 2543 Bene-

477 2557 543 2592 1ct1,
570 2554 634 2585 4¹26
659 2564 688 2586 a.
