2243 3205
277 199 325 226 An.
341 199 370 225 c.
393 198 461 226 1660
506 188 569 223 582

279 950 388 972 Contraria
400 952 459 973 tollit.

476 252 505 278 et
529 246 598 278 aliis
622 245 730 289 poenis
755 245 932 289 praedictis,
957 247 1131 290 ceterisque
1156 246 1210 279 tibi

475 298 630 331 benevisis
644 298 798 340 remediis,
812 299 895 332 omni
911 305 939 332 et
953 310 1150 343 quacumque
1164 309 1214 342 ap-

475 351 643 395 pellatione
671 352 854 395 postposita,
882 352 1080 393 decernendi,
1096 352 1213 385 omnia-

475 415 536 448 que
561 405 591 437 in
611 405 792 448 praemissis
817 410 845 439 ct
871 405 955 438 circa
980 417 1014 439 ea
1038 405 1213 439 necessaria

475 464 504 491 et
522 458 760 501 quomodolibet
778 465 956 502 opportuna
972 459 1114 500 faciendi,
1131 468 1213 491 man—

476 511 569 543 dandi
594 516 624 544 et
649 512 832 554 exequendi,
857 512 949 545 etiam
981 523 1060 556 quae
1085 521 1212 555 expres-

477 565 596 598 sionem
629 566 828 609 requirerent
853 566 952 609 magis
977 566 1156 610 specialem,
1185 570 1214 597 et

477 618 535 651 sub
560 618 698 661 generali
730 619 932 652 concessione
967 629 1030 652 non
1055 618 1213 658 venirent,

476 671 650 705 dummodo
675 672 858 705 inconsultis
877 673 968 706 nobis
996 678 1048 705 aut
1072 671 1214 704 cardina-

476 724 557 758 libus
581 725 770 769 praedicfis,
796 732 825 758 et
848 726 906 758 nisi
932 725 970 758 de
994 735 1103 758 eorum
1132 730 1213 765 voto,

475 777 506 810 in
532 779 636 822 aliquo
665 779 913 823 praemissorum
947 789 1008 812 non
1040 778 1213 822 procedas,

475 842 533 865 nec
558 834 741 865 sententiam
768 834 857 874 seras,
878 838 931 865 aut
955 833 1122 876 quicquam
1144 841 1213 864 exe-

476 886 592 929 quaris,
618 896 676 919 nec
701 891 731 918 te
756 886 786 918 in
810 886 916 929 aliquo
941 886 1125 918 immisceas

521 939 578 982 52.
596 940 664 972 Non
682 940 877 973 obstantibus
894 939 1170 972 constitutionibus
1186 943 1216 971 et

477 991 727 1025 ordinationibus
741 992 931 1035 apostolicis,
949 1002 984 1024 ac
997 1001 1216 1035 quarumcum-

476 1056 537 1089 que
569 1045 660 1078 etiam
697 1045 953 1089 patriarchalium
990 1045 1215 1086 ecclesiarum,

477 1098 764 1138 monasteriorum,
788 1098 956 1131 domorum
988 1103 1019 1130 et
1050 1097 1214 1140 ordinum,

477 1151 767 1185 confraternitatum
779 1178 786 1192 ,
811 1151 1192 1184 archiconfraternitatum
1207 1177 1214 1191 ‚

477 1206 758 1248 congregationum
776 1210 806 1237 et
830 1205 1040 1248 hospitalium,
1057 1205 1150 1237 etiam
1171 1204 1215 1236 iu-

476 1264 641 1299 ramento,
671 1259 911 1292 confirmatione
944 1258 1114 1302 apostolica
1131 1285 1138 1299 ‚
1167 1258 1214 1290 vel

476 1312 586 1356 quavis
610 1312 756 1346 firmitate
781 1312 840 1344 alia
859 1311 1023 1353 roboratis,
1045 1311 1166 1343 statutis
1186 1315 1216 1343 et

477 1365 767 1407 consuetudinibus,
792 1364 964 1408 privilegiis
991 1375 1133 1408 quoque,
1161 1364 1211 1396 in-

477 1419 571 1452 dultis
589 1424 618 1451 et
635 1419 747 1451 litteris
765 1418 953 1462 apostolicis,
968 1418 1028 1450 illis
1041 1428 1214 1461 eorumque

477 1472 693 1515 superioribus
725 1476 755 1504 et
785 1471 929 1515 personis
962 1471 993 1503 in
1022 1471 1214 1504 contrarium

476 1525 723 1569 praemissorum
762 1524 1001 1568 quomodolibet
1038 1525 1213 1567 concessis,

477 1577 670 1610 confirmatis
695 1581 724 1611 et
744 1577 909 1618 innovatis3
933 1577 1046 1621 quibus
1070 1578 1215 1611 omnibus

477 1636 508 1664 et
527 1631 674 1674 singulis,
695 1630 821 1663 illorum
846 1635 972 1663 tenores
997 1631 1214 1674 praesentibus

477 1694 536 1728 pro
560 1684 651 1728 plene
670 1689 699 1717 et
723 1683 914 1716 sufficienter
938 1684 1094 1727 expressis
1118 1694 1153 1717 ac
1177 1684 1215 1717 de

477 1738 575 1771 verbo
599 1738 637 1770 ad
663 1737 793 1771 verbum
819 1737 943 1770 insertis
968 1737 1129 1778 habentes,
1155 1737 1215 1770 illis

477 1791 552 1823 alias
571 1791 601 1824 in
618 1802 675 1824 suo
692 1790 806 1824 robore
824 1791 1049 1834 permansuris,
1070 1791 1107 1823 ad
1125 1801 1214 1834 prae-

478 1844 647 1878 missorum
672 1844 837 1885 effectum,
866 1844 924 1877 hac
955 1843 1021 1876 vice
1045 1844 1215 1885 dumtaxat,

477 1897 654 1941 specialiter
679 1903 709 1930 et
732 1907 880 1941 expresse
905 1896 1111 1939 derogamus;
1138 1901 1216 1930 cete—

478 1951 583 1994 risque
600 1951 765 1984 contrariis
785 1951 1047 1994 quibuscumque.

522 2004 632 2037 Datum
658 2005 784 2044 Romae,
809 2004 890 2047 apud
919 2004 947 2037 S.
968 2004 1096 2036 Mariam
1121 2003 1216 2036 Maio—

478 2067 555 2100 rem,
573 2058 630 2090 sub
652 2058 767 2091 annulo
785 2057 960 2099 piscatoris,
974 2057 1024 2090 die
1048 2067 1123 2090 xxxl
1144 2058 1215 2090 maii

478 2119 591 2152 uben,
614 2111 813 2155 pontificatus
837 2110 936 2143 nostri
960 2120 1041 2143 anno
1066 2120 1106 2143 vt.

513 2173 574 2200 Dat.
591 2172 634 2200 die
648 2173 677 2199 3¹
698 2172 759 2200 maii
782 2172 858 2205 1650,
876 2172 969 2208 pontif.
987 2180 1056 2200 anno
1073 2179 1109 2199 vr.

801 2302 890 2340 CCCI.

478 2382 630 2420 Declarac
654 2386 804 2420 alumnos
833 2385 1043 2429 colleyiorum
1067 2385 1218 2429 apostoli-

522 2450 632 2472 corum
656 2449 720 2473 non
741 2439 784 2472 ad
805 2439 984 2472 triennium
1010 2443 1147 2480 tantum,
1165 2439 1218 2472 sed

521 2497 674 2536 perpetuo
690 2492 798 2537 quoad
815 2493 957 2526 vixerint
976 2492 1066 2526 Sedis
1079 2493 1216 2536 Aposto-

525 2544 604 2578 licae
634 2546 763 2579 servitio
799 2545 968 2579 adstrictos
1000 2556 1084 2587 esse,
1109 2550 1137 2579 el
1161 2544 1218 2578 dac

523 2598 662 2640 sormam
683 2599 870 2633 iuramenti,

1059 198 1236 222 BULLARIUM
1262 196 1414 222 ROMANUM

1439 244 1604 271 Alexander
1624 244 1703 277 Papa
1721 245 1788 276 vll,

1387 289 1423 316 ad
1444 289 1577 315 futuram
1601 288 1645 315 rei
1665 288 1844 316 memoriam.

1292 351 1367 385 Cum
1394 350 1475 383 circa
1507 350 1674 383 iuramenti
1711 350 1890 391 vinculum,
1920 360 1982 394 quo

1247 404 1481 447 pontificiorum
1515 403 1720 446 collegiorum
1755 402 1871 435 alumni
1896 402 1983 436 Sedis

1247 457 1444 500 Apostolicae
1469 457 1509 500 (a
1534 467 1594 500 qua
1631 455 1774 488 maximis
1806 455 1983 499 sumptibus

1247 509 1440 553 educantur)
1461 509 1587 542 servitio
1605 506 1817 552 recipiuntur-¹
1835 507 1983 549 adstricti,

1249 563 1351 596 variae
1382 563 1498 596 fuerint
1527 563 1690 606 hucusque
1714 572 1731 595 a
1755 562 1912 595 nonnullis
1937 571 1985 594 ex-

1248 616 1401 659 cogitatae
1419 616 1701 660 interpretationes,
1715 615 1827 659 quibus
1845 614 1983 648 eiusdem

1247 669 1336 702 Sedis
1367 669 1398 701 in
1429 669 1490 702 hoc
1526 668 1668 702 eludatur
1699 668 1851 710 intentio,
1879 673 1908 701 et
1930 667 1984 702 Dei

1248 722 1368 765 gloriae
1399 733 1435 755 ac
1460 722 1597 765 servitio,
1624 722 1672 755 cui
1698 721 1878 755 huiusmodi
1904 721 1986 754 insti-

1248 779 1347 808 tutum
1361 775 1518 818 dirigitur,
1532 786 1594 809 non
1609 775 1772 808 minimum
1787 775 1984 809 detrahatur:

1293 828 1307 871 ἓ
1332 828 1360 861 l.
1386 828 1459 870 Nos,
1485 828 1569 861 etc.¹.

1292 881 1402 913 Datum
1429 881 1556 921 Romae,
1578 881 1662 925 apud
1686 881 1715 914 S.
1740 880 1868 914 Mariam
1888 880 1984 914 Maio-

1249 944 1327 975 rem,
1353 934 1410 966 sub
1435 935 1551 967 annulo
1576 934 1761 975 piscatoris,
1789 934 1839 967 die
1871 943 1913 967 xx
1939 933 1986 966 iu-

1249 986 1313 1019 ῐιίἰ8
1330 997 1443 1029 MDCffl,
1462 987 1662 1030 pontificatus
1679 987 1777 1020 nostri
1798 997 1880 1020 anno
1899 996 1940 1019 vi.

1287 1048 1344 1074 liat.
1363 1048 1406 1075 die
1421 1048 1455 1075 20
1471 1048 1537 1075 iunii
1554 1049 1632 1081 1660,
1649 1048 1743 1084 pontis,
1761 1057 1831 1076 anno
1848 1054 1881 1075 vt.

1567 1182 1672 1216 CCCll.

1248 1253 1295 1286 De
1324 1253 1521 1297 obliyalione
1553 1252 1777 1285 denunciandi
1803 1251 1987 1294 haereticos,

1292 1306 1342 1339 vel
1355 1307 1392 1340 de
1406 1307 1530 1340 haeresi
1544 1306 1654 1339 leviter
1665 1310 1834 1350 suspectos,
1862 1310 1890 1339 et
1903 1304 1989 1349 quod

1293 1360 1329 1392 in
1361 1360 1499 1392 materici
1534 1359 1673 1392 haeresis
1706 1369 1771 1392 non
1798 1358 1989 1392 admittitur

1293 1413 1444 1445 correctio
1467 1413 1625 1455 fraterna.

1248 1483 1332 1511 Feria
1347 1491 1373 1518 v,
1391 1484 1438 1511 die
1454 1490 1499 1510 vnt
1512 1483 1580 1511 iulii
1596 1490 1695 1518 MDCLx,
1713 1483 1743 1511 in
1758 1482 1988 1519 congregatione

1285 1528 1417 1563 generali
1434 1528 1461 1555 S.
1480 1528 1511 1555 R.
1534 1531 1564 1556 et.
1583 1528 1768 1555 universalis
1783 1527 1989 1562 inquisitionis

1284 1572 1388 1600 hahita
1408 1572 1439 1599 in
1459 1572 1573 1607 palatio
1594 1572 1759 1607 apostolico
1780 1572 1858 1607 apud
1878 1572 1906 1599 S.
1928 1572 1990 1599 Ha-

1283 1616 1359 1643 riam
1386 1616 1527 1643 Maiorem
1557 1623 1655 1643 coram
1680 1616 1727 1643 SS.
1750 1617 1781 1643 D.
1804 1616 1836 1643 Ν.
1861 1616 1989 1643 Alexan-

1284 1660 1336 1688 dro
1362 1659 1463 1687 divina
1486 1659 1677 1694 providentia
1701 1661 1780 1694 Papa
1798 1660 1862 1692 vn,
1882 1667 1917 1688 ac
1935 1659 1987 1687 ER.

1284 1708 1315 1732 et
1335 1705 1392 1732 BR.
1413 1704 1469 1731 ΒΣ).
1491 1706 1518 1732 S·
1539 1704 1571 1731 R.
1595 1705 1624 1731 E.
1646 1704 1850 1732 cardinalibus
1870 1704 1901 1731 in
1920 1703 1988 1730 uni-

1284 1748 1374 1777 versa
1401 1748 1557 1783 republica
1577 1747 1744 1777 christiana
1764 1751 1869 1776 contra
1887 1748 1990 1776 haere-

1285 1801 1348 1821 cam
1372 1793 1552 1827 pravitatem
1579 1791 1810 1827 inquisitoribus
1840 1792 1989 1827 generali-

1283 1840 1338 1865 bus
1360 1845 1377 1865 a
1397 1839 1426 1865 S.
1449 1838 1524 1865 Sede
1544 1837 1717 1872 Apostolica
1741 1837 1917 1872 specialiter
1937 1836 1989 1864 de-

1284 1883 1410 1916 putatis.

1294 1943 1379 1976 Licet
1402 1943 1478 1976 alias
1513 1953 1571 1987 per
1602 1942 1855 1976 constitutionem
1887 1941 1990 1975 felicis

1250 1997 1476 2030 recordationis
1498 1996 1585 2029 Pauli
1610 1996 1633 2029 V
1658 2001 1832 2029 emanatam
1858 1995 1916 2029 sub
1935 1995 1986 2028 die

1251 2061 1260 2084 1
1285 2051 1471 2094 septembris
1495 2059 1610 2091 MDCVI,
1634 2060 1713 2094 quae
1738 2049 1848 2093 incipit
1871 2049 1989 2083 Roma-

1250 2114 1312 2137 nus
1335 2104 1496 2147 Pontifex,
1521 2103 1614 2137 suerit
1637 2103 1777 2136 districte
1793 2102 1988 2147 prohibitum

1286 2203 1297 2228 1
1321 2201 1412 2228 Potius
1427 2201 1569 2236 legendum
1584 2200 1784 2235 reperiuntur,
1800 2203 1829 2226 ut
1843 2199 1922 2235 infra,
1943 2207 1992 2236 pa-

1249 2246 1312 2281 gina
1331 2246 1381 2272 587
1401 2247 1440 2280 (R.
1455 2250 1504 2278 Τ.).

1285 2291 1301 2317 2
1317 2290 1459 2326 Reliquum
1474 2289 1632 2325 omittimus,
1645 2290 1709 2326 quia
1724 2288 1818 2317 eadem
1831 2288 1991 2317 Constitutio

1251 2335 1365 2363 habetur
1380 2335 1448 2363 infra
1463 2336 1522 2363 loco
1534 2335 1625 2362 debito
1641 2335 1691 2362 sub
1703 2335 1765 2362 data
1779 2341 1814 2361 xx
1826 2334 1885 2362 iulii
1894 2334 1989 2370 (n.r.).

1286 2382 1302 2409 3
1322 2380 1395 2408 lstud
1409 2380 1502 2407 datum
1518 2388 1660 2407 erroneum
1675 2379 1807 2406 evincitur
1820 2387 1852 2406 ex
1872 2387 1903 2406 eo
1919 2377 1990 2415 quod

1251 2426 1277 2454 in
1298 2426 1494 2454 Constitutione
1511 2425 1628 2452 citantur
1642 2425 1840 2452 declarationes
1859 2424 1909 2452 sub
1929 2423 1990 2451 data

1251 2480 1284 2498 xx
1304 2471 1370 2498 iulii.
1398 2471 1469 2498 Haec
1489 2470 1582 2498 eadem
1604 2470 1765 2498 Constitutio
1789 2469 1888 2505 legitur
1910 2469 1989 2503 infra,

1250 2524 1364 2544 numero
1388 2523 1466 2548 cccv,
1489 2515 1539 2542 sub
1561 2524 1623 2543 vero
1643 2515 1716 2549 dato,
1736 2515 1850 2550 ideoque
1870 2513 1990 2549 priorem

1251 2562 1320 2589 lianc
1338 2561 1409 2588 illius
1428 2561 1615 2588 recensionem
1639 2559 1830 2587 eliminandam
1845 2566 1904 2586 esse
1924 2566 1988 2585 cen-

1232 2619 1234 2633 ι
1251 2605 1354 2633 suimus
1374 2610 1412 2640 (n.
1431 2605 1478 2639 τ.>.

1999 196 2047 222 An.
2064 197 2092 224 c.
2112 197 2178 225 1660
2207 208 2211 233 3

2025 369 2113 392 Metira,

2061 1962 2185 1984 Constitutio

2004 1989 2065 2011 Pauli
2081 1989 2104 2010 V.
