2243 3205
33 154 81 180 An.
98 153 125 179 C.
148 151 215 179 1660

173 1071 176 1074 ⁴
227 1053 311 1097 quod
336 1053 374 1086 ad
400 1053 501 1097 ipsum
528 1053 737 1097 pervenerint.

49 1118 166 1138 lui-amento
176 1118 212 1138 ad-

30 1145 73 1166 dita
89 1145 190 1165 clausula.

821 148 1007 173 ALEXANDER
1032 148 1076 171 vn
1101 148 1148 171 PP-

229 199 354 232 riuntur
384 199 546 241 obstricti,
572 209 738 240 revocare,
757 197 969 242 praecipimus

230 251 377 285 omnibus
408 252 561 293 alumnis,
592 258 642 293 ut,
674 257 839 296 postquam
865 261 880 283 e
907 250 988 291 suisj

229 306 370 349 collegiis
401 307 448 339 vel
481 312 590 350 sponte
623 306 742 349 egressi
776 305 823 338 vel
848 304 988 351 dimissi¹

228 360 364 397 fuerint,
390 361 453 393 sive
479 361 508 393 in
540 365 621 394 statu
646 365 676 393 et
701 360 810 393 habitu
836 355 988 391 seculari!

228 414 471 457 permanserint,
496 414 616 447 etiamsi
643 414 674 446 in
700 413 797 446 sacris
821 422 883 445 non
909 412 971 443 sue-

228 465 301 504 rint,
316 465 380 497 sive
405 465 497 498 etiam
523 471 688 508 postquam
714 464 807 497 alicui
825 462 969 506 religioni

228 517 345 550 suerint
369 517 530 561 adscripti,
551 518 650 550 donec
671 517 813 557 vixerint,
831 516 971 560 quolibet

230 580 322 610 anno,
348 570 371 603 si
397 571 478 602 intra
499 570 576 603 fines
593 571 736 614 Europae
761 570 886 610 fuerint,
912 570 970 609 vel,

228 623 253 656 si
279 629 376 664 extra,
401 624 541 667 quolibet
565 624 702 664 biennio,
728 624 766 656 de
790 635 822 656 se
850 633 970 667 suoque

228 683 309 710 statu
335 683 364 710 et
385 677 455 711 loco
472 677 524 710 ubi
544 684 697 719 maneant,
720 682 748 711 et
772 678 886 721 quibus
907 684 969 709 stu-

228 731 287 764 diis
313 737 342 764 et
367 731 524 764 exercitiis
549 741 678 775 operam
703 737 826 773 navent,
845 742 901 775 per
919 731 969 763 lit-

227 790 310 818 teras
334 785 524 829 praedictam
552 785 828 828 congregationem
861 785 971 817 certio-

228 844 314 878 rent3
340 839 460 871 litteras
484 844 587 871 autem
614 838 795 870 huiusmodi
827 837 967 870 viciniori

227 892 316 925 Sedis
348 892 549 936 Apostolicae
581 892 696 924 nuncio
732 892 969 931 transmittere,

227 951 321 989 atque
346 946 439 978 etiam
464 956 604 990 eousque
634 945 748 978 iterare
778 950 968 985 tencantur,

227 999 327 1033 donec
351 1010 409 1044 per
434 999 573 1032 eiusdem
598 999 762 1043 epistolam
792 999 869 1031 certi
895 994 982 1031 {iantv

272 1108 287 1151 ξ
311 1107 340 1140 5.
355 1107 455 1150 thue
474 1106 503 1139 id
521 1106 650 1140 omnino
667 1106 861 1148 observetur,
882 1116 970 1150 prae-

228 1161 361 1205 cipimus
382 1165 416 1193 ut
433 1160 610 1193 iuramento
635 1160 674 1192 ab
699 1160 816 1193 eisdem
835 1160 969 1192 alumnis

227 1214 416 1259 praestando
441 1214 574 1247 addatur
595 1214 795 1257 infrascripta
819 1213 968 1246 clausula:

226 1269 310 1303 Item
327 1279 418 1302 voveo
443 1273 471 1302 et
488 1269 571 1310 iuro,
590 1268 677 1312 quod
693 1269 758 1302 sive
775 1268 968 1312 reliqionem

227 1322 393 1366 inyressus
417 1323 526 1365 fuero,
551 1322 617 1354 sive
648 1322 684 1355 in
716 1326 805 1355 stata
829 1321 971 1354 seculari

224 1387 445 1420 permansero,
461 1376 490 1409 si
508 1377 596 1409 intra
611 1376 691 1418 fines
708 1376 857 1420 Europae
868 1377 969 1420 fuero,

227 1431 370 1475 quolibet
402 1441 506 1473 anno,
531 1431 560 1463 si
593 1440 666 1463 vero
697 1434 804 1472 eaetra,
830 1429 971 1473 quolibet

227 1483 380 1527 biennio,
405 1485 470 1517 mei
502 1484 627 1527 ipsius,
662 1484 787 1527 meique
815 1488 918 1516 status
942 1488 970 1516 et

227 1538 376 1572 eoeercitii
400 1542 427 1571 et
453 1537 514 1570 loci
538 1537 596 1570 ube·
615 1548 740 1570 moram
763 1541 901 1577 traxero,
918 1548 969 1570 sa-

227 1602 317 1624 cram
327 1595 497 1635 conyreqa!
502 1591 606 1624 ionem
614 1590 651 1623 de
658 1590 882 1634 Propayandci
889 1591 971 1623 Fide

227 1645 414 1678 certiorabo.
430 1644 644 1688 Praecipimus
665 1644 772 1690 itidem
789 1644 872 1687 quod
894 1644 971 1687 idip-

228 1709 296 1732 sum
322 1703 482 1742 praestent
507 1709 616 1731 eorum
644 1698 825 1742 superiores
852 1699 971 1741 regula-

227 1763 278 1786 res
314 1752 416 1796 quoad
450 1762 503 1785 eos
546 1752 598 1796 qui
632 1752 818 1795 religionem
854 1752 970 1784 suerint

227 1805 372 1849 ingressi.
390 1805 557 1839 Praefectis
576 1816 649 1838 vero
667 1805 852 1838 missionum
871 1816 971 1838 sacer-

228 1859 336 1892 dotum
357 1858 546 1892 secularium
566 1859 770 1901 iniungimus,
791 1859 849 1891 sub
868 1860 969 1902 poena

227 1913 442 1957 suspensionis
471 1923 488 1944 a
513 1912 625 1945 divinis
657 1912 724 1956 ipso
759 1912 838 1945 sacto
864 1912 969 1945 incur-

227 1967 353 2007 rendae,
379 1972 413 1999 ut
436 1966 577 2010 quolibet
601 1976 682 1998 anno
707 1965 874 2008 diligenter
898 1976 969 2009 per-

227 2020 354 2064 quirant
374 2019 412 2052 de
437 2024 518 2052 statu
543 2019 741 2062 singulorum
765 2019 817 2062 qui
843 2019 971 2051 suerunt

228 2074 346 2107 alumni
373 2079 402 2106 et
418 2073 456 2106 ad
477 2083 544 2106 eain
570 2073 753 2106 missionem
776 2073 823 2106 vel
848 2073 969 2106 ratione

228 2128 360 2171 originis
378 2128 424 2161 vel
442 2128 577 2160 nationis
591 2133 643 2160 aut
662 2127 722 2160 alio
740 2127 851 2171 quovis
877 2127 969 2160 modo

228 2181 396 2225 pertinent,
417 2181 481 2214 sive
507 2181 692 2224 religionem
718 2180 833 2214 suerint
854 2180 971 2223 ingres

228 2234 264 2275 si,
282 2235 346 2267 sive
371 2244 443 2275 non,
461 2234 563 2277 deque
581 2234 656 2278 ipsis
677 2245 851 2277 eorumque
877 2239 968 2273 statu,

229 2288 385 2321 exercitiis
410 2298 446 2321 ac
469 2287 547 2320 locis
571 2287 713 2320 eamdem
746 2288 968 2330 congregatio-

227 2352 300 2375 nem
320 2342 450 2375 omnino
476 2347 633 2374 moneant.
660 2342 825 2374 Praeterea
850 2341 969 2384 praeci-

228 2395 334 2439 pimus
359 2399 540 2438 praesentes
565 2395 683 2427 litteras
708 2394 745 2426 ad
771 2393 893 2436 singula
911 2394 971 2427 col-

228 2448 310 2492 legia
335 2448 519 2489 transmitti,
543 2458 651 2481 eorum
679 2447 898 2491 superioribus
924 2447 966 2480 in-

229 2501 396 2546 iungentcs
427 2507 461 2534 ut
492 2501 683 2533 adamussim
710 2502 777 2533 illas
809 2500 970 2534 observari

231 2561 351 2599 curent,
369 2555 589 2599 expositasquc
614 2555 749 2588 babeant
774 2555 802 2587 in
829 2555 899 2589 loco
923 2565 972 2599 pa-

1649 136 1712 171 589

1003 196 1090 236 tenti,
1108 195 1304 239 singulisque
1330 196 1432 238 obvio,
1451 207 1488 229 ne
1514 196 1577 229 ullo
1602 200 1745 240 tempore

1004 250 1128 282 illarum
1155 250 1333 293 ignorantia
1359 261 1376 283 a
1401 250 1551 295 quopiam
1582 249 1745 294 praetendi

986 304 1118 348 =p0ssit;
1143 307 1173 337 et
1197 309 1231 336 ut
1257 304 1367 347 quovis
1392 314 1473 337 anno
1499 305 1529 337 in
1554 303 1683 348 publico
1701 314 1746 336 re-

1004 356 1135 390 fectorio
1159 356 1206 389 bis
1224 357 1378 399 legantur,
1395 358 1545 390 nimirum
1570 358 1674 401 prima
1692 356 1747 390 do-

1005 410 1117 443 minica
1150 410 1282 442 ianuarii
1316 416 1346 443 et
1370 411 1474 454 prim-22
1499 410 1597 450 iunii,
1623 419 1746 443 necnon

1004 464 1097 497 etiam
1117 463 1298 496 immediate
1323 469 1393 497 ante
1406 465 1648 508 praestationem
1668 464 1748 496 iura-

1005 517 1111 560 menti,
1138 518 1223 552 clara
1248 527 1323 551 voce
1349 518 1484 551 alumnis
1502 529 1572 551 mox
1598 517 1746 551 iuraturis

1005 572 1163 615 legantur,
1180 582 1226 613 ac,
1240 581 1279 604 ne
1297 571 1367 614 quis
1384 571 1422 604 ab
1440 582 1547 604 earum
1566 571 1748 615 exequutio-

1004 636 1042 659 ne
1067 624 1210 658 excusari
1237 625 1346 665 valeat,
1372 625 1470 669 ipsius
1496 625 1663 658 iuramenti
1683 625 1747 658 sor-

1006 679 1108 712 mulae
1133 688 1306 722 eani,quae
1330 678 1481 721 sequitur,
1507 678 1677 711 clausulam
1695 689 1746 711 su-

1003 732 1133 776 peraddi
1154 731 1354 764 mandamus:
1371 731 1519 775 Denique
1538 742 1629 764 voveo
1650 735 1679 764 et
1700 731 1747 764 iu-

1003 796 1049 825 ro,
1073 796 1123 818 me
1140 785 1345 829 praedictum
1367 785 1593 817 iuramentum
1613 785 1746 828 eiusque

985 860 987 872 i
1003 839 1233 882 obliyationem
1251 838 1435 882 intelliqere
1459 842 1487 870 et
1503 837 1746 870 observaturam

1003 893 1098 924 iuoeta
1122 891 1359 924 declarationes
1382 891 1485 934 factas
1511 902 1529 924 α
1555 892 1646 924 sacra
1671 901 1746 923 con-

1002 945 1191 988 91·eyatione
1208 945 1246 977 de
1261 944 1487 989 Propayandd
1504 944 1587 977 Fide
1604 949 1632 977 et
1650 944 1748 977 Brevi

1003 998 1177 1042 apostolico
1212 998 1378 1032 roboratas
1410 998 1469 1031 sub
1501 998 1553 1030 die
1589 1007 1631 1030 xx
1667 996 1747 1030 iulii

1004 1062 1118 1085 MDCLx.

1048 1106 1062 1149 ἓ
1081 1106 1110 1139 6.
1132 1105 1210 1145 Quia
1228 1116 1302 1138 vero
1321 1105 1351 1137 in
1370 1110 1454 1137 tanto
1472 1105 1673 1138 alumnorum
1694 1114 1748 1137 nu-

1004 1169 1103 1199 mero,
1120 1169 1199 1203 quos
1220 1159 1298 1191 haec
1315 1164 1420 1191 sancta
1434 1158 1529 1191 Sedes
1546 1158 1583 1190 ad
1602 1157 1674 1190 fidei
1692 1157 1747 1190 rni-

1003 1212 1169 1245 nisterium
1195 1212 1339 1244 maximis
1365 1211 1542 1255 sumptibus
1567 1211 1684 1244 enutrit
1711 1220 1747 1243 ac

1004 1266 1140 1307 instruit,
1152 1266 1335 1310 quotidiana
1347 1265 1540 1309 experientia
1551 1265 1747 1308 comperitur

1004 1330 1040 1352 ex
1066 1319 1189 1352 defectu
1214 1319 1396 1352 huiusmodi
1422 1318 1642 1351 ministrorum
1668 1327 1747 1362 opus

1004 1373 1056 1406 Dei
1075 1374 1235 1406 multoties
1255 1373 1476 1417 praetermitti,
1491 1376 1529 1413 et,
1544 1372 1627 1416 quod
1647 1372 1745 1405 maxi-

1004 1438 1054 1460 me
1086 1427 1256 1460 dolendum
1294 1432 1360 1466 est,
1391 1427 1545 1471 plurimas
1578 1426 1745 1469 regiones,

1004 1491 1083 1524 quae
1108 1481 1199 1514 albae
1224 1484 1295 1514 sunt
1319 1480 1356 1513 ad
1383 1491 1527 1521 messem,
1546 1481 1581 1512 ea
1601 1480 1639 1512 de
1654 1481 1746 1512 causa

1005 1534 1119 1567 misere
1155 1534 1321 1577 deperire,
1358 1534 1498 1566 districte
1534 1533 1746 1577 praecipimus

1004 1587 1221 1631 superioribus
1239 1587 1459 1630 collegiorum,
1480 1587 1538 1620 sub
1563 1588 1664 1630 poena
1682 1596 1747 1619 sus-

1005 1642 1165 1685 pensionis
1190 1642 1258 1685 ipso
1284 1642 1364 1674 facto
1387 1640 1604 1681 incurrendae,
1621 1645 1655 1672 ut
1674 1650 1746 1684 qua-

1005 1696 1079 1728 libet
1096 1696 1162 1728 vice
1179 1695 1307 1728 nomina
1333 1695 1530 1738 singulorum
1549 1694 1602 1738 qui
1622 1694 1660 1726 ad
1685 1693 1746 1727 col-

1005 1749 1122 1792 legium
1149 1748 1375 1788 admittuntur,
1401 1758 1521 1781 necnon
1551 1758 1660 1780 corum
1692 1746 1745 1791 qui

1004 1803 1204 1835 dimittuntur
1222 1802 1268 1834 vel
1294 1803 1350 1835 sua
1372 1806 1482 1845 sponte
1506 1801 1666 1841 recedunt,
1684 1805 1746 1833 sta·

1000 1856 1057 1889 -tim
1085 1856 1210 1900 ipsimet
1235 1855 1472 1898 congregationi
1498 1854 1678 1898 praedictae
1698 1853 1746 1886 vel

1004 1906 1100 1953 ipsius
1132 1909 1304 1942 secretario
1333 1908 1555 1949 transmittant,
1587 1907 1745 1952 expressis

1004 1964 1201 2007 singulorum
1227 1968 1338 2005 aetate,
1364 1962 1483 2006 patria,
1508 1962 1629 2002 studiis,
1654 1961 1742 1995 ordi-

1003 2018 1104 2060 nibus,
1131 2017 1313 2058 habilitate,
1339 2028 1374 2049 ac
1406 2017 1484 2050 locis
1509 2017 1546 2049 ad
1571 2027 1650 2060 quae
1675 2015 1747 2049 diri÷

1003 2075 1131 2114 guntur,
1153 2081 1254 2115 quove
1279 2071 1328 2104 die
1354 2071 1564 2104 iuramentum
1587 2070 1747 2114 praestite-

1005 2126 1084 2166 rint,
1109 2130 1142 2158 ut
1168 2125 1197 2157 in
1223 2125 1299 2158 actis
1325 2125 1464 2158 eiusdem
1491 2123 1746 2167 congregationis

1004 2178 1102 2221 redigi
1138 2177 1244 2222 possit.
1271 2178 1472 2221 iniungentes
1507 2177 1663 2218 alumnis,
1689 2176 1746 2208 sub

1003 2233 1104 2275 poena
1130 2232 1291 2265 eiectionis
1316 2242 1333 2264 a
1354 2231 1497 2274 collegio,
1518 2241 1556 2263 ne
1578 2228 1745 2263 iuramenti

1004 2286 1248 2328 praestationem
1283 2286 1364 2318 ultra
1397 2289 1529 2317 aetatem
1556 2284 1586 2316 in
1618 2283 1745 2316 decreto

1006 2339 1190 2371 recolendae
1208 2339 1380 2371 memoriae
1401 2337 1519 2371 Urbani
1537 2337 1601 2369 wll
1619 2337 1747 2381 praede-

1005 2393 1137 2425 cessoris
1154 2392 1252 2425 nostri
1270 2392 1319 2424 (lie
1334 2402 1408 2425 xx1v
1421 2392 1600 2425 novembris
1615 2400 1745 2425 itincxxv

1004 2446 1230 2490 praescriptam
1246 2445 1407 2485 differant,
1425 2445 1642 2489 superioribus
1660 2455 1745 2486 vero,

1005 2499 1062 2532 sub
1087 2500 1196 2533 eadem
1223 2502 1325 2544 poena
1342 2498 1568 2543 suspensionis,
1586 2509 1624 2532 ne
1649 2498 1745 2531 ullam

1005 2555 1062 2587 liac
1084 2555 1114 2588 in
1139 2564 1173 2587 rc
1198 2553 1380 2588 dilationem
1406 2553 1599 2598 permittant,
1624 2552 1683 2586 nisi
1709 2563 1744 2586 ex

1759 147 1810 173 An.
1825 146 1853 172 C.
1875 146 1943 173 1660

1788 742 1888 763 clausula
1914 743 1946 763 iu·

1760 772 1856 790 ramento
1870 775 1945 796 super-

1760 797 1841 817 addita.

1809 1116 1944 1137 Alumnorurn

1761 1144 1846 1164 uomina
1862 1143 1881 1163 in
1892 1146 1946 1163 actis

1763 1171 1857 1190 eiusdem
1895 1176 1946 1190 con-

1762 1197 1890 1222 gregationis
1916 1197 1946 1217 iu-

1761 1224 1887 1244 scribantur.
