2243 3205
309 207 361 234 An.
382 207 408 235 c.
430 208 498 235 1660
544 199 607 233 536

504 255 556 299 qui
575 255 666 288 ctiam
688 255 856 299 aliquando
878 255 973 288 laicus
990 256 1085 290 fuisse
1109 257 1242 301 reperie-

505 309 607 349 batur,
635 314 664 341 et
689 308 730 340 ita
754 318 864 341 omncs
889 309 1097 343 communiter
1122 311 1237 354 psalle-

502 361 587 401 bant,
605 361 688 404 quod
712 361 808 404 ipsius
832 361 998 395 Clementis
1023 363 1241 406 praedecesso-

503 415 546 448 ris
564 419 707 459 tempore
725 419 855 459 propter
874 417 1026 450 maiorem
1048 416 1240 459 intelligendi

502 468 640 510 latinam⁷
654 478 747 511 quam
766 473 838 501 tunc
857 479 1000 512 graecam
1020 469 1169 512 linguam,
1187 468 1242 501 dis-

502 520 672 554 ficultatem
703 521 916 565 maioremque
949 522 1042 555 officii
1066 522 1188 555 romani
1211 521 1240 554 in

503 573 600 607 choro
613 573 823 617 prolixitatem
847 574 915 607 fieri
932 585 995 608 non
1013 579 1144 618 poterat,
1159 574 1240 607 idem

501 627 642 661 Clemens
655 627 890 671 praedecessor,
905 628 1039 661 mediam
1051 633 1080 660 et
1091 628 1154 660 suis
1168 633 1242 660 tem-

501 680 633 725 poribus
657 681 892 714 convenientem
919 681 999 714 viam
1025 686 1184 725 sequutus,
1209 681 1242 714 li-

502 738 550 767 cet
562 734 713 767 maiorem
728 738 756 768 et
770 734 1028 778 principaliorem
1042 738 1163 777 partem
1179 744 1241 767 mo-

500 787 675 820 nachorum
702 797 739 820 ex
764 787 850 820 laicis
867 798 934 820 esse
953 787 1055 827 vellet,
1072 792 1167 830 prout
1183 797 1241 831 per

502 839 626 874 easdem
651 840 770 873 litteras
795 841 891 873 voluit
916 846 946 873 et
970 840 1135 882 ordinavit,
1154 840 1236 873 suffi-

501 894 618 927 cientes
643 897 745 928 tamen
770 893 923 927 choristas
947 898 977 926 et
1001 892 1178 926 sacerdotes
1202 893 1240 926 ad

501 947 590 980 chori
622 952 652 980 et
679 947 857 981 divinorum
890 947 1067 981 officiorum
1094 946 1236 980 ministe-

500 1000 547 1033 ria
563 999 673 1032 haberi
694 1000 892 1044 permiserat,
909 1005 942 1032 ut
963 999 1004 1032 ita
1028 999 1080 1032 alii
1104 999 1238 1032 aliorum

500 1055 599 1098 opera
616 1052 856 1093 adiuvarentur,
881 1053 1037 1096 quodque,
1056 1052 1128 1096 quia
1146 1052 1177 1085 in
1194 1052 1236 1085 di-

500 1105 557 1139 ctis
577 1105 689 1139 litteris
706 1115 769 1139 non
785 1105 887 1138 fuerat
907 1110 1055 1138 statutum
1077 1105 1178 1149 qualis
1196 1115 1239 1138 es-

500 1162 546 1190 set
569 1167 719 1190 numerus
750 1158 949 1191 sacerdotum
975 1163 1004 1190 et
1028 1157 1237 1191 choristarum

500 1210 690 1244 sufficienter
714 1210 752 1244 ad
776 1211 976 1255 supradicta,
1004 1210 1137 1254 indeque
1161 1210 1238 1243 aliae

500 1263 709 1297 dissensiones
727 1264 807 1297 inter
825 1264 996 1298 monachos
1009 1264 1104 1297 laicos
1120 1274 1156 1297 ex
1177 1266 1237 1297 una

500 1322 590 1361 parte
607 1322 637 1350 et
653 1317 831 1351 sacerdotes
856 1322 885 1352 et
908 1318 1061 1351 choristas
1079 1328 1115 1351 ex
1140 1318 1238 1350 altera

500 1376 587 1404 ortae
611 1371 742 1413 fuerant,
757 1372 941 1405 recolendae
958 1371 1128 1405 memoriae
1146 1371 1238 1405 Urba-

499 1435 558 1459 nus
583 1425 665 1469 Papa
680 1426 744 1460 VIII
766 1427 857 1459 etiam
876 1426 1101 1470 praedecessor
1120 1431 1237 1469 noster,

500 1489 557 1523 per
570 1479 660 1512 binas
680 1490 751 1512 suas
767 1481 887 1524 pariter
904 1480 934 1512 in
952 1481 1051 1514 forma
1065 1480 1171 1513 Brevis
1188 1480 1237 1512 lit-

501 1538 593 1573 teras,
623 1533 747 1566 ultimas
774 1533 901 1577 quidem
932 1533 981 1567 die
1013 1543 1098 1567 xxvn
1129 1533 1238 1577 aprilis

499 1595 618 1619 MDCXLI
642 1586 811 1630 expeditas,
832 1597 912 1630 quae
940 1586 1095 1630 incipiunt
1125 1586 1238 1620 Salva-

501 1639 578 1672 torz's
602 1643 630 1672 el
646 1639 782 1673 Domini
804 1640 908 1673 nostri
927 1640 1001 1674 Iesu
1020 1641 1153 1683 Christi,
1170 1647 1238 1682 etc„

500 1698 707 1737 praeceperat
737 1704 905 1726 numerum
938 1694 1136 1727 sacerdotum
1171 1705 1238 1727 csse

501 1750 621 1779 tantum
646 1752 788 1790 quartam
816 1753 948 1791 partem,
974 1753 1034 1780 tam
1061 1748 1091 1780 in
1116 1748 1238 1781 duobus

501 1800 699 1832 monasteriis
723 1801 845 1842 erectis,
863 1812 955 1844 quam
976 1801 1005 1833 in
1023 1801 1164 1834 futurum
1182 1802 1238 1834 eri—

500 1852 627 1895 gendis,
644 1858 785 1897 petentes
810 1865 884 1888 vero
908 1854 1050 1888 habitum
1075 1854 1238 1898 religionis

501 1905 623 1939 excludi
640 1907 758 1951 absque
784 1912 855 1940 voto
872 1907 1001 1950 capituli
1026 1909 1238 1941 conventualis

501 1969 564 1992 non
589 1970 697 2003 posse;
723 1965 762 2001 et,
787 1966 822 1994 ut
842 1961 1003 1994 tolleretur
1024 1963 1238 1995 controversia

502 2013 584 2046 circa
609 2014 737 2047 modum
766 2015 938 2058 recipiendi
969 2020 1031 2047 tam
1061 2015 1237 2049 sacerdotes

502 2071 532 2099 et
566 2067 719 2100 choristas
758 2078 851 2111 quam
886 2068 1002 2110 laicos,
1037 2069 1238 2102 mandaverat

502 2120 586 2164 quod
610 2131 730 2162 omnes,
747 2121 799 2165 qui
825 2122 937 2154 vellent
961 2121 1083 2165 ingredi
1108 2123 1236 2166 religio-

470 2175 472 2177 '
502 2183 574 2206 nem
598 2184 656 2217 pro
680 2173 776 2216 laicis,
798 2174 822 2207 si
841 2174 990 2207 haberent
1015 2175 1164 2219 requisita
1188 2187 1237 2209 re-

503 2227 695 2271 ciperentur,
715 2233 745 2260 et
764 2228 801 2260 ad
822 2229 1060 2272 proportionem
1085 2230 1238 2263 laicorum

502 2281 721 2324 reciperentur
741 2281 919 2315 sacerdotes
935 2293 993 2326 pro
1010 2284 1121 2326 quarta
1139 2289 1238 2327 parte,

502 2338 537 2366 ut
560 2334 678 2367 scilicet
701 2335 726 2368 si
751 2335 867 2379 recepti
898 2335 1029 2369 fuissent
1060 2342 1122 2369 tres
1146 2337 1237 2381 laici⁷

504 2387 699 2431 reciperetur
730 2398 810 2421 unus
834 2388 980 2422 sacerdos
1012 2389 1059 2422 vel
1084 2389 1238 2430 cliorista;

547 2440 562 2484 ἓ
579 2440 608 2473 2.
628 2440 789 2485 Quodque,
807 2452 877 2475 cum
897 2442 1043 2476 monaehi
1063 2443 1239 2477 sacerdotes

504 2493 542 2525 ad
555 2493 623 2536 piae
635 2495 806 2528 memoriae
817 2496 986 2530 Innocentii
1001 2496 1102 2540 Papae
1116 2498 1139 2530 X
1153 2508 1240 2541 prae-

504 2546 699 2580 decessorem
724 2549 841 2593 pariter
872 2555 1014 2583 nostrum
1045 2561 1103 2594 pro
1129 2551 1240 2584 maiori

504 2609 636 2636 numero
650 2602 877 2636 monachorum
895 2614 1004 2637 eorum
1023 2608 1120 2637 status
1136 2615 1240 2638 recur-

1082 209 1258 234 BULLARIUM
1283 209 1436 234 ROMANUM

1275 257 1397 298 rissent‚
1413 257 1494 290 idem
1508 258 1706 292 Innocentius
1718 261 1940 303 praedecessor
1953 271 2011 305 per

1275 321 1346 343 suas
1370 311 1400 343 in
1426 311 1518 343 simili
1544 312 1646 345 forma
1663 313 1770 346 Brevis
1787 314 1836 346 die
1856 324 1909 347 xlv
1927 319 2011 348 octo-

1275 363 1339 396 bris
1363 364 1520 397 MDcxnv1¹
1545 365 1704 408 expeditas
1728 366 1856 408 litteras,
1877 378 2010 410 quarum

1276 415 1395 449 initium
1428 417 1612 450 pastoralis
1637 418 1742 461 officii,
1767 423 1836 459 ete,
1853 419 2010 462 assignato

1274 478 1406 501 numero
1431 470 1571 513 praefixo
1596 471 1821 504 monachorum
1848 482 1907 514 pro
1932 482 2010 514 quo-

1275 520 1350 553 libet
1367 523 1630 555 monasteriorum
1649 524 1848 566 antiquorum
1863 523 1892 556 S.
1907 523 2010 556 Basilii

1275 574 1326 607 del
1347 574 1474 608 Tardon
1491 580 1521 608 et
1542 575 1570 608 S.
1587 576 1712 609 Antonii
1729 576 1778 609 del
1796 576 1891 618 Valle,
1910 576 2012 609 volue-

1275 631 1322 659 rat
1342 627 1525 661 eorumdem
1553 628 1778 661 monachorum
1803 628 1880 662 duas
1905 633 2011 672 partes

1275 690 1342 713 esse
1366 691 1491 724 semper
1515 691 1551 714 ex
1575 681 1672 722 laicis,
1690 687 1720 714 et
1740 681 1862 714 tertiam
1888 686 2010 726 partem

1275 733 1446 776 respective
1479 744 1515 766 ex
1540 734 1754 768 sacerdotibus
1785 738 1814 768 et
1845 734 2009 777 choristis,

1274 786 1393 819 interea
1408 792 1521 828 tamen,
1535 787 1683 831 quamdiu
1701 787 1877 821 sacerdotes
1893 792 1923 820 et
1940 788 2011 821 cho-

1275 839 1368 872 ristae
1393 839 1505 873 dictam
1533 841 1654 872 tertiam
1681 845 1803 883 partem
1820 849 1882 873 non
1903 840 2011 884 imple-

1275 891 1405 933 vissent,
1431 892 1613 926 alternative
1638 893 1675 926 ad
1701 892 1927 936 professionem
1953 903 2010 925 re-

1274 945 1464 989 ciperentur,
1489 945 1520 978 id
1544 951 1600 986 est,
1626 956 1706 979 unus
1731 945 1876 979 sacerdos
1893 951 1922 979 et
1939 946 2010 980 eho-

1274 998 1369 1039 rista,
1395 1003 1424 1031 et
1448 998 1526 1031 alter
1550 999 1660 1040 laicus,
1685 1003 1715 1032 et
1739 999 1784 1032 sic
1815 998 2008 1033 successive:

1272 1057 1437 1096 postquam
1476 1063 1549 1086 vero
1582 1052 1696 1086 dictam
1729 1051 1851 1086 tertiam
1887 1056 2008 1096 partem

1273 1106 1531 1149 complevissent,
1557 1106 1661 1139 nullus
1685 1116 1744 1150 pro
1768 1111 1904 1149 utroque
1927 1109 2010 1138 statu

1273 1158 1467 1203 reciperetur
1484 1159 1630 1204 amplius,
1644 1159 1704 1192 nisi
1718 1159 1761 1192 illi
1784 1158 2008 1201 tantummodo,

1272 1212 1326 1256 qui
1350 1211 1615 1254 desiderarentur,
1640 1218 1674 1246 ut
1697 1213 1798 1246 dictae
1823 1217 1885 1245 tres
1903 1217 2008 1256 partes

1272 1266 1353 1298 intra
1377 1276 1543 1299 numerum
1568 1277 1626 1310 pro
1651 1266 1793 1310 quolibet
1817 1265 2008 1299 monasterio

1271 1318 1462 1361 assignatum
1487 1325 1735 1363 perseverarent,
1752 1318 1927 1363 usquedum
1945 1329 2009 1352 mo-

1271 1372 1405 1404 nasteria
1431 1371 1656 1405 reducerentur
1684 1372 1722 1405 ad
1753 1382 1920 1404 numerum
1952 1381 2009 1404 no-

1271 1425 1398 1468 naginta
1422 1431 1452 1458 et
1476 1426 1635 1469 octoginta
1651 1425 1839 1469 respective,
1859 1425 1902 1457 illi
1923 1435 2008 1466 vero,

1272 1478 1324 1522 qui
1350 1489 1386 1511 ex
1411 1479 1495 1513 dicto
1525 1489 1658 1513 numero
1683 1479 1714 1512 in
1738 1478 1919 1512 huiusmodi
1940 1488 2007 1512 mo-

1271 1532 1415 1565 nasteriis
1441 1538 1541 1566 tractu
1562 1533 1714 1577 temporis
1738 1533 1896 1573 deessent,
1921 1531 2005 1565 indi-

1272 1585 1382 1618 stincte
1406 1586 1624 1630 reciperentur
1648 1586 1825 1631 usquedum
1857 1595 2008 1620 numerus

1271 1638 1429 1682 praefixus
1453 1650 1512 1683 pro
1538 1640 1686 1673 choristis
1711 1645 1740 1673 et
1762 1639 1848 1672 laicis
1873 1639 2009 1683 comple-

1273 1698 1321 1725 tus
1346 1697 1440 1731 esset;

1316 1745 1330 1788 ἓ
1354 1745 1382 1778 3.
1418 1746 1476 1778 Pro
1501 1745 1698 1779 monasteriis
1734 1751 1837 1778 autem
1863 1745 1901 1779 de
1926 1755 2007 1779 novo

1272 1798 1436 1831 fundandis
1461 1799 1631 1842 capitulum
1656 1799 1848 1843 provinciale
1872 1799 2007 1842 assigna-

1273 1856 1319 1884 ret
1342 1862 1508 1885 numerum
1534 1852 1773 1895 monachorum,
1798 1852 1850 1896 qui
1877 1851 1906 1884 in
1931 1862 2008 1896 quo-

1272 1906 1347 1939 libet
1371 1917 1480 1939 eorum
1506 1906 1672 1939 commode
1696 1906 1863 1939 sustentari
1887 1911 2007 1950 posset,

1271 1959 1308 1992 ad
1333 1960 1559 2003 praescriptum
1573 1960 1653 1992 sacri
1678 1959 1807 1994 Concilii
1824 1958 2005 2002 Tridentini,

1271 2014 1408 2046 sessione
1435 2023 1503 2055 xxv,
1529 2013 1574 2046 De
1597 2012 1821 2057 requtarihus,
1855 2023 1921 2057 cap.
1947 2023 2006 2055 111,

1271 2072 1301 2100 et
1325 2067 1426 2110 quoad
1459 2067 1670 2111 receptionem
1707 2066 1897 2099 novitiorum
1928 2065 2007 2099 ordo

1270 2120 1468 2164 supradictus
1492 2121 1522 2153 in
1549 2120 1608 2153 illis
1633 2120 1867 2160 observaretur3
1892 2119 2008 2163 profes-

1271 2173 1374 2207 siones
1398 2185 1472 2207 vero
1493 2175 1523 2207 in
1543 2173 1723 2207 huiusmodi
1741 2173 1901 2217 provincia
1918 2173 2007 2206 aliter

1272 2228 1369 2261 sactae
1394 2227 1509 2260 nullius
1534 2227 1660 2260 roboris
1684 2226 1861 2267 existerent,
1879 2226 2007 2259 nullam-

1271 2292 1331 2325 que
1356 2281 1386 2313 in
1411 2281 1455 2314 sic
1478 2281 1619 2325 professo
1643 2280 1866 2323 obligationem
1885 2279 2008 2313 induce-

1272 2341 1356 2376 rent,
1381 2345 1417 2368 ae
1441 2334 1614 2379 praemissa
1630 2334 1668 2367 ab
1686 2334 1843 2376 omnibus,
1860 2343 1938 2377 quos
1955 2333 2007 2366 illa

1272 2392 1507 2429 concernerent,
1533 2394 1640 2421 exacte
1664 2392 1694 2421 et
1718 2387 1775 2420 sub
1799 2386 1908 2431 poenis
1931 2397 2006 2420 con-

1274 2443 1364 2477 tentis
1381 2443 1411 2475 in
1431 2442 1599 2487 praedictis
1615 2442 1732 2476 Urbani
1756 2441 2006 2486 praedecessoris

1272 2497 1383 2531 litteris
1407 2496 1457 2529 die
1481 2506 1572 2530 xxvn
1597 2495 1704 2539 aprilis
1721 2505 1837 2529 Mncxm
1856 2494 2005 2539 expeditis

1273 2550 1435 2584 observari
1460 2549 1675 2590 mandaverat;
1972 2558 1974 2561 ’

1310 2614 1319 2639 1
1339 2606 1404 2638 maie
1419 2611 1483 2639 edit.
1500 2611 1578 2638 Maia.
1596 2611 1659 2646 legii
1676 2610 1797 2645 174601.
1815 2610 1863 2644 τ.).

2020 214 2070 241 An.
2093 214 2122 242 c.
2140 215 2206 245 1660
2224 210 2227 243 ζ
