2243 3205
281 178 328 205 An⁴
351 177 378 204 c.
403 178 469 204 ¹660
515 169 578 201 (5⁶24

309 1993 427 2014 Ctawutao.

478 226 537 267 nis,
563 225 777 269 suspensionis
791 231 821 258 et
838 225 1003 268 interdicti,
1018 226 1147 270 aliisque
1165 237 1213 259 ec-

479 278 661 312 clesiasticis
685 279 856 321 sententiis,
881 279 1022 312 censuris
1046 285 1076 312 et
1095 280 1214 323 poenis,

479 331 502 364 si
529 331 642 375 quibus
667 331 902 375 quomodolibet
916 332 1052 365 innodati
1071 332 1214 373 existunt,

478 383 516 416 ad
541 383 687 417 ess'eetum
713 378 926 428 praesentium
958 384 1118 417 dumtaxat
1142 394 1214 417 con-

479 437 671 481 sequendum
686 464 694 478 ,
725 437 836 470 harum
863 437 944 470 serie
967 437 1162 470 absolventes
1186 442 1215 469 et

478 489 636 524 absolutos
661 490 727 523 sore
745 496 915 533 censentes,
940 489 1118 523 huiusmodi
1140 500 1214 533 sup-

477 542 698 586 plicationibus
722 542 881 585 inclinati,
907 554 942 576 ac.
972 542 1112 576 honestis
1136 541 1215 574 votis

479 594 576 639 ipsius
602 595 711 638 Angeli
743 596 855 629 Mariae
880 596 938 629 bac
963 596 993 628 in
1018 601 1105 639 parte
1130 595 1214 627 savo-

478 647 618 680 rabiliter
642 654 823 692 annuentes,
848 649 948 681 eidem
967 648 1085 691 Angelo
1102 646 1216 679 Mariae

478 700 632 734 moderno
657 701 797 734 eiusdem
828 700 1086 745 Congregationis
1113 699 1215 731 abbati

477 754 627 797 generali,
647 754 778 799 eiusque
798 754 1032 788 successoribus
1052 752 1216 785 abbatibus

478 808 677 850 generalibus
690 819 749 852 pro
765 812 905 853 tempore
915 807 1117 841 existentibus
1130 816 1217 850 prae-

478 860 578 902 dictis,
599 865 632 894 ut
656 861 693 894 de
719 865 823 896 cetero
836 861 996 906 perpetuis
1010 860 1122 893 suturis
1143 864 1217 892 tem-

476 913 618 957 poribuS‚
643 919 705 946 tam
731 914 761 947 in
778 915 919 947 Romana
940 913 1039 954 curia,
1058 923 1151 957 quam
1169 923 1217 944 ex·

478 971 526 998 tra
551 976 630 1008 eam,
655 977 690 1000 ae
711 967 828 1011 ubique
852 967 1006 1007 locorum,
1023 966 1076 998 ubi
1097 965 1215 998 dictum

478 1019 631 1062 Angelum
664 1020 793 1052 Mariam
830 1025 859 1053 et
894 1030 953 1064 pro
982 1024 1125 1063 tempore
1158 1018 1216 1050 exi-

478 1078 594 1105 stentes
619 1073 747 1117 abbates
771 1073 933 1116 generales
965 1072 1121 1117 praefatos
1156 1081 1215 1115 pro

478 1130 621 1169 tempore
657 1126 795 1158 residere
820 1131 850 1158 et
874 1125 991 1159 morari
1024 1123 1191 1167 contigerit
1208 1150 1215 1164 ,

478 1189 513 1212 ac
537 1178 568 1211 in
593 1178 753 1223 quibusvis
790 1178 1039 1218 visitationibus,
1071 1177 1216 1222 capitulis

478 1237 508 1265 et
531 1232 739 1274 sessionibus,
763 1242 885 1265 necnon
909 1231 1072 1276 quibusvis
1095 1230 1216 1263 actibus

478 1291 508 1319 et
529 1285 795 1330 processionibus,
820 1286 912 1319 etiam
939 1296 1045 1318 eoram
1070 1284 1161 1317 nobis
1186 1289 1216 1316 et

478 1339 714 1373 successoribus
738 1340 853 1373 nostris
878 1338 1025 1372 Romanis
1057 1337 1215 1371 Pontifici-

478 1394 546 1437 bus,
572 1394 665 1427 etiam
691 1394 720 1426 in
746 1393 894 1438 cappellis
918 1392 1103 1438 pontificiis,
1129 1402 1215 1424 moz-

479 1453 590 1481 zettam
628 1453 657 1480 et
693 1447 915 1480 mantellettam
952 1445 1067 1479 eoloris
1091 1445 1216 1477 habitus

479 1501 576 1546 ipsius
596 1500 854 1545 Congregationis
871 1500 1047 1533 Olivetanae
1065 1499 1127 1531 una
1145 1508 1215 1530 cum

478 1555 561 1600 pileo
585 1559 615 1589 et
638 1555 739 1588 bireto
767 1553 949 1599 praelatitiis
986 1553 1116 1585 induere
1131 1578 1139 1592 ,
1163 1561 1214 1595 ge-

479 1615 561 1643 stare
585 1614 616 1644 et
639 1609 772 1651 deferre,
797 1609 921 1653 illisque
938 1607 991 1650 uti,
1016 1607 1076 1640 frui
1094 1612 1124 1639 et
1141 1617 1217 1650 gau-

479 1665 553 1698 dere
578 1663 678 1697 libere
703 1667 732 1696 et
756 1663 840 1696 licite
864 1662 962 1707 possit
985 1665 1015 1695 et
1039 1661 1156 1702 valeat,
1181 1670 1217 1693 ac

478 1721 598 1765 possint
622 1725 652 1752 et
676 1720 805 1761 valeant,
831 1717 1003 1762 apostolica
1021 1716 1216 1756 auctoritate,

480 1780 588 1807 tenore
605 1773 830 1818 praesentium,
846 1776 998 1816 perpetuo
1016 1770 1217 1804 concedimus

480 1833 510 1861 et
534 1827 741 1871 indulgemus,
762 1827 950 1870 plenamque
975 1830 1005 1857 et
1028 1824 1158 1856 liberam
1177 1824 1218 1856 sa·

480 1881 627 1915 cultatem
653 1885 682 1913 et
706 1879 921 1914 auctoritatem
948 1878 1083 1922 desuper
1108 1877 1219 1921 imper-

481 1935 586 1968 timur.

525 1987 585 2031 §3
616 1987 823 2020 Decernentes
857 1985 958 2029 ipsum
983 1985 1137 2028 Angelum
1158 1983 1218 2016 Ma-

482 2041 560 2073 riam
588 2045 617 2073 et
641 2049 839 2073 successores
875 2049 948 2071 suos
983 2048 1041 2082 pro
1077 2042 1219 2080 tempore

481 2094 646 2126 existentes
681 2093 809 2125 abbates
845 2092 1007 2135 generales
1042 2090 1219 2135 praedictos

481 2158 576 2192 super
599 2146 771 2187 delatione,
796 2146 968 2189 gestatione
993 2150 1022 2177 et
1047 2155 1104 2177 usu
1130 2155 1215 2177 moz-

482 2204 580 2234 zettae
605 2205 634 2233 et
659 2200 877 2239 mantellettae,
895 2198 969 2242 pilei
983 2203 1012 2230 et
1026 2197 1116 2230 bireti
1134 2207 1220 2241 prae-

481 2254 614 2288 fatorum
640 2264 656 2286 a
680 2263 837 2297 quoquam
855 2252 913 2285 sub
931 2251 1040 2295 quovis
1057 2256 1219 2295 praetextu

483 2307 529 2340 vel
554 2308 647 2340 causa
672 2312 701 2340 et
725 2306 889 2340 occasione
920 2305 1097 2338 nullatenus
1125 2304 1220 2348 impe-

482 2360 542 2393 diri
574 2370 681 2405 posse;
715 2364 896 2404 praesentes
931 2368 1056 2402 quoque
1094 2367 1219 2401 semper

484 2419 513 2447 et
537 2418 692 2458 perpetuo
721 2413 836 2446 validas
868 2417 897 2445 et
928 2412 1069 2445 efficaces
1098 2421 1164 2444 esse
1189 2416 1219 2443 et

484 2467 560 2507 sore,
585 2477 721 2510 suosque
745 2465 904 2509 plenarios
928 2470 958 2498 et
982 2465 1120 2507 integros
1144 2464 1216 2496 effe-

485 2523 552 2553 ctus
577 2520 681 2552 sortiri
706 2524 737 2551 et
760 2519 904 2552 obtinere
929 2518 1054 2558 debere,
1079 2527 1137 2550 nec
1161 2518 1218 2550 sub

486 2573 645 2623 quibusvis
669 2573 816 2604 similium
843 2573 889 2603 vel
919 2571 1115 2605 dissimilium
1141 2582 1216 2614 gra-

1063 177 1240 202 BULLAntUM
1264 176 1372 201 ROMAN
1378 177 1419 200 ΠΜ

1250 225 1362 257 tiarum
1378 226 1640 268 revocationibus,
1651 226 1918 269 suspensionibus,
1931 233 1984 260 aut

1249 279 1316 311 aliis
1342 279 1508 312 contrariis
1543 279 1801 323 dispositionibus
1833 291 1982 325 compre-

1250 331 1353 373 hendi,
1368 332 1421 364 sed
1446 343 1571 376 semper
1595 332 1633 364 ab
1651 332 1710 366 illis
1728 333 1840 376 excipi,
1861 339 1890 366 et
1910 344 1983 377 quo-

1251 385 1307 417 ties
1333 384 1403 416 illac
1423 385 1624 425 emanabunt‚
1648 385 1737 418 toties
1754 390 1933 429 praesentes
1954 386 1985 418 in

1249 437 1415 481 pristinum
1441 442 1471 470 et
1489 437 1719 478 validissimum
1751 443 1862 475 statum
1897 438 1985 470 resti—

1251 494 1340 531 tutas,
1365 490 1517 534 repositas
1541 496 1571 523 et
1595 490 1734 534 plenarie
1759 490 1985 533 reintegratus,

1250 553 1286 575 ac
1310 543 1348 576 de
1380 553 1461 576 novo
1494 543 1550 575 sub
1583 553 1780 586 quacumque
1817 543 1985 587 posteriori

1251 595 1321 628 data
1344 606 1401 640 per
1417 595 1570 638 Angelum
1590 596 1716 628 Mariam
1742 601 1771 628 et
1789 606 1986 628 successores

1250 649 1404 692 praefatos
1429 649 1555 682 abbates
1580 649 1742 691 generales
1766 659 1825 692 pro
1846 653 1986 692 tempore

1250 702 1416 734 existentes
1441 702 1702 746 quandocumque
1727 701 1881 744 eligenda,
1905 711 1982 735 eon-

1251 765 1352 788 cessas
1389 765 1455 788 esse
1491 761 1521 788 et
1555 756 1637 795 s01·e;
1663 756 1769 798 sicque
1802 765 1858 798 per
1886 765 1983 798 quos-

1250 819 1385 852 cumque
1410 809 1526 841 iudiccs
1551 808 1728 842 ordinarios
1753 812 1782 842 et
1806 808 1985 850 delegatos,

1251 861 1343 894 etiam
1366 872 1533 894 causarum
1558 861 1664 905 palatii
1685 861 1846 905 apostolici
1870 860 1988 893 audito-

1251 925 1300 947 res
1325 919 1355 947 et
1373 914 1401 947 S.
1419 915 1452 947 R.
1472 915 1504 947 E.
1528 913 1711 955 cardinales,
1728 914 1820 947 etiam
1836 913 1873 946 de
1890 913 1987 946 latere

1251 967 1368 1010 legatos
1392 971 1421 1001 et
1445 967 1531 1001 Sedis
1557 967 1714 1011 praefatae
1738 966 1880 1009 nuncios,
1906 966 1986 999 iudi-

1251 1021 1315 1053 cari
1329 1025 1359 1053 et
1383 1020 1506 1053 definiri
1527 1020 1651 1062 debere,
1670 1020 1794 1052 irritum
1816 1029 1940 1063 quoque
1958 1024 1988 1052 et

1251 1074 1351 1116 inane,
1376 1073 1527 1118 quidquid
1553 1084 1643 1107 secus
1667 1083 1762 1117 super
1790 1072 1839 1106 his
1863 1083 1880 1105 a
1902 1083 1984 1116 quo-

1250 1138 1354 1171 quam,
1380 1127 1488 1171 quavis
1513 1127 1706 1169 auctoritate,
1731 1126 1866 1159 scienter
1890 1125 1937 1159 vel
1963 1125 1988 1159 i-

1250 1183 1430 1223 gnoranter,
1451 1179 1617 1223 eontigerit
1640 1178 1794 1212 attentari.

1294 1234 1309 1277 ξ
1333 1233 1362 1265 Ιι.
1388 1234 1455 1267 Non
1481 1232 1678 1266 obstantibus
1701 1231 1872 1276 quibusvis,
1893 1232 1985 1265 etiam

1251 1287 1282 1319 in
1307 1286 1507 1331 synodalibus
1540 1291 1569 1318 et
1593 1285 1839 1330 provincialibus
1864 1295 1899 1318 ac
1927 1295 1985 1327 ge-

1249 1341 1410 1373 neralibus
1427 1340 1568 1373 conciliis
1588 1339 1677 1372 editis
1698 1339 1744 1372 vel
1763 1338 1900 1380 edendis,
1921 1349 1988 1382 spe-

1251 1393 1380 1426 cialibus
1406 1393 1452 1425 vel
1478 1392 1689 1436 generalibus,
1714 1391 1987 1425 constitutionibus

1251 1451 1280 1478 et
1300 1446 1550 1479 ordinationibus
1576 1445 1765 1489 apostolicis,
1786 1455 1909 1478 necnon
1932 1444 1988 1478 Or-

1251 1500 1331 1532 dinis
1350 1505 1379 1533 et
1396 1499 1653 1542 Congregationis
1673 1499 1851 1532 Olivetanae
1874 1498 1989 1530 huius-

1252 1553 1540 1594 modi‚iuramento‚
1553 1552 1791 1586 confirmatione
1805 1551 1988 1596 apostolica,

1252 1606 1298 1639 vel
1323 1606 1432 1650 quavis
1449 1606 1598 1638 firmitate
1612 1606 1671 1646 alia
1684 1605 1850 1646 roboratis,
1868 1604 1988 1638 statutis

1251 1665 1280 1692 et
1305 1659 1604 1702 consuetudinibus,
1623 1659 1798 1702 ceterisque
1823 1657 1988 1691 contrariis

1251 1714 1509 1758 quibuscumque.

1295 1768 1310 1811 ἓ
1335 1767 1363 1800 5.
1393 1767 1475 1801 Nulli
1501 1777 1577 1810 ergo
1602 1766 1730 1800 omnino
1754 1765 1985 1798 hominum'li-

1252 1827 1319 1854 ceat
1343 1821 1422 1854 hanc
1446 1821 1592 1865 paginam
1618 1825 1743 1853 nostrae
1773 1818 1988 1859 absolutionis,

1252 1874 1477 1915 concessionis,
1502 1873 1623 1915 indulti,
1649 1871 1871 1916 impartitionis
1895 1875 1925 1905 et
1940 1871 1989 1904 de-

1253 1929 1329 1962 ereti
1355 1929 1548 1972 infringere,
1573 1928 1620 1960 vel
1653 1927 1680 1960 ei
1712 1937 1790 1959 ausu
1821 1925 1988 1960 temerario

1253 1983 1432 2024 contraire,
1457 1983 1482 2015 si
1518 1981 1587 2026 quis
1622 1987 1724 2014 autem
1754 1981 1814 2014 hoc
1839 1983 1990 2013 attentare

1252 2036 1508 2081 praesumpserit,
1533 2034 1779 2078 indignationem
1797 2034 1989 2077 omnipoten-

1253 2091 1291 2123 tis
1315 2090 1368 2123 Dei
1393 2100 1428 2123 ac
1452 2089 1616 2122 beatorum
1640 2088 1720 2121 Petri
1746 2092 1776 2120 et
1807 2086 1892 2119 Pauli
1917 2096 1987 2130 apo-

1253 2144 1406 2177 stolorum
1433 2143 1499 2176 eius
1524 2153 1556 2175 se
1580 2141 1704 2175 noverit
1731 2141 1942 2174 incursurum.

1297 2198 1406 2230 Datum
1426 2198 1455 2229 in
1476 2197 1555 2230 Arce
1571 2194 1759 2239 Gandulpbi,
1776 2193 1926 2227 dioecesis
1942 2193 1989 2226 Al-

1252 2250 1409 2291 banensis,
1435 2259 1516 2282 anno
1556 2247 1782 2294 lncarnatiouis
1809 2245 1988 2280 Dominicae

1252 2314 1374 2345 MDCLX,
1400 2303 1501 2336 idibus
1527 2302 1686 2342 octobris,
1717 2301 1915 2346 pontificatus
1938 2309 1990 2333 no-

1252 2358 1307 2392 stri
1324 2368 1406 2390 anno
1426 2367 1468 2389 vi.

1288 2420 1346 2447 Dat.
1364 2420 1407 2446 die
1426 2420 1456 2446 15
1481 2418 1598 2446 octobris
1617 2417 1694 2452 1660,
1711 2417 1809 2453 pontis.
1827 2423 1898 2444 anno
1913 2423 1947 2445 vi.

1994 180 2044 207 An.
2060 179 2089 208 C.
2110 181 2174 210 1660
2202 215 2205 229 ¹

2069 1243 2176 1270 noregaiie

2002 1270 2154 1292 contrariorum.

2067 1774 2173 1794 Clausulas

2002 1802 2106 1828 poenatos.
