2243 3205
273 199 322 228 Λη.
338 198 366 227 C.
390 199 457 227 ¹658

317 1492 435 1518 impartitur
447 1492 474 1510 sa-

291 1521 389 1540 cultatem
399 1524 475 1539 nuileio

291 1546 412 1567 rethorum,
437 1547 476 1565 elci

291 1575 313 1593 ut
329 1572 436 1592 confirmet
456 1573 476 1591 et

292 1599 395 1624 :il-probel
427 1605 450 1617 ei·

293 1626 386 1645 witham
400 1625 476 1650 prinei-

293 1659 341 1678 puut
358 1652 477 1678 praedictu-

294 1685 344 1699 ιυιιι.

455 1605 476 1617 ..-
492 1584 647 1617 actionem
666 1594 720 1616 seu
739 1583 940 1617 concordiam
961 1583 1141 1616 huiusmodi
1160 1593 1230 1626 apo-

503 190 562 206 0⁵!

502 204 566 223 oei
1045 200 1223 224 nULLamuu
1248 199 1402 225 nomnen

472 258 507 280 ac
525 246 710 280 sacerdotali
731 247 904 290 respective
921 246 1154 291 praefulgemus
1169 248 1211 281 di·
1244 258 1326 289 rum,
1343 247 1396 291 qui
1413 247 1586 291 praemissa
1603 247 1766 281 mandatu¹
1786 253 1895 282 nostro
1912 258 1982 282 con·

472 301 588 344 gnitate
613 304 642 334 et
666 300 777 342 gradu,
802 311 859 343 pro
884 300 985 342 nobis,
1006 302 1120 335 nostris
1145 312 1212 335 suc·
1245 301 1433 342 siderarunt,
1459 300 1599 343 consilio,
1616 301 1803 334 fraternitati
1828 306 1899 335 tuae
1926 312 1982 346 per

473 354 651 387 cessoribus
669 358 698 385 et
715 353 905 386 haeredibus
931 359 1127 398 praesentem
1155 359 1213 389 tra·
1247 359 1427 397 praesentes
1460 353 1686 387 committimus
1718 359 1748 386 et
1777 354 1982 396 mandamus,

474 411 601 447 clatum,
619 417 675 439 nos
692 407 852 450 perpetuis
875 407 986 440 suturis
1005 408 1213 451 temporibus,
1247 412 1411 450 quatenus,
1427 407 1452 439 si
1473 412 1502 439 et
1518 411 1683 451 postquam
1700 406 1840 450 (vocatis,
1854 407 1908 450 qui
1922 407 1984 441 sue-

476 461 507 493 in
531 460 676 494 omnibus
701 460 765 493 suis
786 461 919 503 punctis,
939 461 1087 505 periodis,
1105 462 1216 495 articu-
1249 460 1309 492 rint
1334 459 1494 501 evocandi,
1517 470 1552 492 ac
1576 459 1757 503 praemissis
1785 459 1931 492 omnibus
1956 464 1986 494 et

475 514 513 545 lis
538 518 567 545 ct
591 513 764 554 tenoribus,
786 513 913 546 firmum
939 519 969 546 et
993 518 1094 548 ratum
1121 514 1216 547 invio·
1250 512 1591 556 singulis,illorumque
1610 512 1853 546 circumstantiis
1865 512 1986 546 univer-

477 565 612 598 labiliter
637 565 808 608 habituros,
830 566 920 610 eique
945 566 976 600 in
993 567 1138 600 omnibus
1163 567 1216 599 su·-
1250 565 1291 598 sis
1315 565 1403 609 prius
1429 575 1535 598 coram
1560 571 1589 598 te
1614 565 1812 609 specificatis)
1835 565 1872 598 de
1904 565 1987 599 dicta

479 619 570 652 miter
595 619 863 654 obsecundaturos
888 626 918 653 et
939 619 1140 661 statuturos¹,
1160 630 1217 653 nec
1251 618 1459 652 transactione
1483 629 1538 652 seu
1562 618 1741 660 concordia,
1761 618 1908 662 quodque
1935 618 1988 651 illa

479 683 615 716 unquam
642 678 917 715 contraventuros‚
945 680 997 707 aut
1029 679 1062 707 ut
1087 679 1214 707 contra·
1252 671 1283 703 in
1300 671 1475 704 evidentem
1492 672 1650 716 praefatae
1666 671 1816 705 ecclesiae
1832 670 1989 705 Curiensis

480 726 622 759 veniatur
651 727 871 770 permissuros.
901 728 938 761 Et
965 727 1082 760 isthaec
1113 726 1219 760 omnia
1253 725 1341 757 cedat
1365 730 1395 757 et
1420 735 1545 758 cessura
1576 725 1615 758 sit
1644 725 1808 759 utilitatem
1833 724 1887 757 tibi
1911 725 1990 768 legi-

482 778 563 812 bona
581 778 652 820 lide,
670 779 735 812 sine
751 780 860 813 fraude
877 780 924 814 vel
942 780 1023 813 dolo.
1039 780 1072 812 In
1085 789 1218 823 quorum
1255 778 1327 811 time
1353 778 1537 820 constiterit,
1562 789 1658 822 super
1682 789 1743 822 quo
1769 777 1990 811 conscientiam

481 833 621 866 omnium
648 839 676 866 et
701 834 898 876 singulorum
924 834 1017 866 fidem
1044 844 1079 866 ac
1104 833 1219 873 robur,
1255 834 1338 864 tuam
1365 840 1551 872 oneramus,
1576 831 1719 864 eamdem
1747 830 1990 864 transactionem

481 896 537 919 nos
562 886 712 920 archidux
748 887 964 920 Ferdinandus
992 887 1120 921 Carolus
1148 896 1220 919 uec·
1254 894 1309 917 scu
1326 884 1538 927 concordiam,
1552 889 1705 928 quatenus
1721 883 1847 928 quidem
1864 884 1992 917 nulliter

482 950 545 973 non
562 950 619 973 nos
635 940 765 973 loannes
782 940 948 984 episcopus
970 939 1127 974 Curiensis
1152 950 1222 983 pro·
1255 941 1360 970 secuta
1385 937 1445 979 sit,
1470 937 1655 971 auctoritate
1685 938 1793 971 nostra
1818 936 1993 980 apostolica

483 994 570 1037 prla,
597 993 741 1026 similiter
765 1004 822 1026 nos
847 993 1061 1038 praepositus,
1086 993 1222 1026 decanus
1256 990 1452 1031 convalides;
1478 991 1503 1024 si
1529 1001 1603 1024 vero
1628 990 1761 1029 validam
1786 990 1900 1024 factam
1925 1000 1994 1023 esse

485 1052 514 1079 et
531 1047 704 1090 capitulum
722 1047 820 1080 nostri
847 1047 973 1091 capituli
994 1046 1166 1091 respective
1187 1046 1223 1078 si·
1256 1047 1416 1088 appareat,
1441 1044 1527 1077 illam
1547 1044 1658 1077 eadem
1683 1044 1868 1077 auctoritate
1883 1043 1995 1077 confir-

485 1101 569 1144 gilla,
587 1112 644 1144 pro
662 1101 763 1141 nobis,
782 1101 897 1134 nostris
914 1101 1103 1134 haeredibus
1116 1105 1145 1133 et
1159 1110 1224 1132 suc·
1258 1097 1345 1130 mes²
1362 1102 1391 1130 et
1408 1097 1575 1141 approbes,
1594 1097 1700 1141 illique
1720 1097 1908 1131 inviolabilis
1925 1107 1996 1141 apo-

486 1154 674 1197 eessoribus,
693 1154 815 1187 duobus
836 1155 922 1187 hisce
943 1154 1090 1187 consectis
1110 1154 1224 1186 iustru-
1259 1151 1386 1185 stolicac
1410 1151 1567 1185 firmitatis
1592 1151 1691 1185 robur
1716 1151 1853 1194 adiicias,
1873 1161 1909 1184 ac
1933 1161 1996 1185 om-

486 1209 609 1249 mentis,
628 1218 763 1251 quorum
783 1208 939 1251 quaelibet
956 1218 1028 1251 pars
1049 1218 1145 1240 unum
1166 1217 1225 1250 pro
1259 1215 1314 1238 nes
1341 1210 1371 1238 ct
1394 1205 1534 1249 singulos
1559 1205 1636 1238 iuris
1661 1209 1691 1238 et
1715 1205 1786 1238 sacti
1803 1204 1954 1246 desectus,
1971 1204 1996 1237 si

487 1272 518 1294 se
539 1262 736 1303 assei-ravist,
754 1262 889 1306 appendi
907 1261 1097 1295 curavimus.
1115 1262 1225 1295 Datum
1260 1259 1313 1303 qui
1339 1258 1475 1303 desuper
1500 1258 1737 1302 quomodolibet
1761 1257 1996 1301 intervenerint,

489 1321 630 1348 etaetum
643 1316 874 1359 t]·]11ip01]ti,dic
884 1326 939 1348 vul
954 1315 1067 1356 martii,
1079 1326 1161 1348 anuo
1172 1316 1227 1348 Na-
1260 1312 1342 1345 dicta
1356 1312 1540 1345 auctoritate
1554 1312 1701 1355 suppleas
1716 1311 1788 1355 (hac
1801 1316 1905 1344 tamen
1917 1311 1997 1355 lege,

490 1369 858 1403 tiritatislloiuininoslri
873 1370 941 1403 lesu
954 1369 1065 1403 Christi
1080 1379 1226 1403 albet-11³1.
1261 1371 1294 1398 ut
1318 1364 1395 1399 duas
1420 1365 1626 1406 conditiones,
1652 1375 1745 1398 unam
1771 1375 1894 1410 nempe,
1915 1365 1999 1399 utin

490 1424 637 1467 Sequitur
662 1424 802 1466 legalitas
827 1424 857 1456 in
882 1424 993 1457 forma.
1262 1419 1442 1463 provisione
1467 1419 1672 1452 ecclesiarum
1691 1430 1708 1451 a
1732 1423 1908 1452 memorato
1924 1419 1999 1452 Fer-

534 1478 548 1521 g
579 1478 623 1510 12.
650 1478 724 1511 Cum
751 1481 868 1519 autem,
896 1479 975 1510 sicut
1000 1476 1107 1509 eadem
1134 1486 1228 1520 expo·
1262 1473 1399 1507 dinaudo
1415 1473 1526 1507 Carolo
1543 1472 1712 1506 archiduce
1730 1472 1830 1507 dictae
1850 1472 1999 1506 ecclesiae

492 1531 562 1564 sitio
587 1531 805 1573 subiungebat,
824 1530 897 1564 dicti
920 1535 1112 1574 exponentes
1131 1533 1229 1563 trans-
1263 1538 1317 1560 seu
1349 1527 1541 1571 episcopatui
1573 1526 1714 1561 Curiensi
1747 1527 1856 1570 vigore
1881 1531 2002 1560 transa-

1264 1581 1374 1615 ctionis
1399 1592 1452 1614 seu
1478 1580 1665 1615 concordiae
1690 1579 1869 1614 huiusmodi
1894 1590 2001 1614 cessa-

1265 1647 1334 1668 rum
1359 1636 1464 1680 placet
1488 1646 1542 1668 seu
1563 1645 1708 1669 assensus
1729 1634 1927 1668 existentium
1944 1645 2003 1680 pro

1267 1694 1408 1733 tempore
1421 1689 1625 1723 archiducum
1651 1688 1759 1722 haberi
1777 1688 1898 1731 debeat,
1917 1694 1947 1722 et
1964 1689 2005 1722 al-

1267 1748 1376 1783 teram,
1401 1747 1434 1775 ut
1458 1742 1506 1775 ius
1530 1742 1718 1776 succedendi
1743 1742 1774 1774 in
1799 1741 1889 1775 bonis
1914 1742 2004 1776 cleri-

1266 1807 1374 1830 corum
1390 1806 1447 1840 per
1462 1795 1643 1829 comitatum
1661 1795 1862 1840 Tyrolensem
1882 1795 2005 1839 aliaque

492 1638 619 1671 stolieac
649 1637 898 1670 continuationis
932 1642 1058 1670 nostrae
1096 1636 1231 1680 patroci-

493 1691 545 1724 nio
570 1691 760 1724 communiri
794 1701 996 1735 summopere
1033 1690 1230 1723 desiderent:

493 1757 560 1786 nos,
578 1745 744 1789 specialem
763 1745 836 1789 ipsis
856 1743 1082 1788 exponentibus
1099 1743 1231 1786 gratiam

493 1800 594 1832 facere
620 1800 759 1832 volentes
784 1803 814 1831 et
839 1808 949 1831 corum
974 1798 1149 1840 singulares
1166 1808 1234 1840 pcr-

494 1864 585 1886 souas
622 1864 637 1885 a
677 1852 838 1896 quibusvis
878 1850 1233 1891 excommunicationis,

495 1907 707 1950 suspensionis
737 1912 766 1939 et
792 1905 959 1946 interdicti,
984 1904 1114 1947 aliisque
1139 1905 1234 1937 eccle-

495 1960 626 1992 siasticis
652 1959 830 2000 sententiis,
856 1958 996 1991 censuris
1021 1963 1048 1990 ct
1073 1957 1193 2001 poenis,
1218 1968 1234 1990 a

496 2012 563 2045 iure
584 2014 628 2045 rel
651 2013 688 2045 ab
706 2012 845 2051 homine,
865 2011 976 2055 quavis
1001 2010 1166 2044 occasione
1188 2011 1234 2044 rcl

497 2069 589 2101 causa
609 2067 687 2104 latis,
713 2066 736 2099 si
762 2066 875 2109 quibus
893 2065 1129 2109 quomodolibet
1146 2066 1236 2099 iuno-

498 2121 559 2153 ‹lati
585 2120 743 2159 existunt,
776 2120 812 2151 ad
846 2119 990 2152 ess'eetun]
1022 2119 1234 2162 praesentium

1266 1915 1306 1948 po
1327 1903 1468 1937 Curiensi
1490 1908 1670 1947 competens
1696 1903 1727 1935 in
1747 1912 1869 1936 annuae
1885 1902 2006 1947 pensio-

1267 1957 1315 1990 nis
1332 1956 1570 1991 eonrentionem
1584 1961 1806 1999 commutetur,
1821 1967 1898 2000 quas
1914 1967 2006 2000 prae-

1268 2012 1403 2045 fatorum
1440 2009 1644 2043 cardinalium
1679 2009 1883 2052 congregatio
1907 2009 2008 2043 dictae

1269 2064 1418 2097 ccclesiae
1442 2064 1582 2098 Curiensi
1607 2063 1845 2108 praeiudiciales
1869 2074 1937 2097 esse
1962 2063 2008 2096 iu-

1270 2118 1391 2160 dicarit,
1413 2117 1570 2151 moderari
1591 2117 1685 2150 facias
1702 2128 1739 2150 co
1757 2117 1862 2158 modo,
1884 2117 1938 2161 qui
1956 2117 2009 2150 tibi

1270 2172 1343 2206 hinc
1368 2171 1500 2205 seorsim
1537 2181 1591 2215 per
1625 2171 1788 2215 epistolam
1815 2170 2010 2214 significatus

1272 2225 1358 2269 suit),
1384 2230 1547 2269 praeterea
1573 2225 1778 2268 transigentes
1797 2224 1974 2268 praedictos
1994 2235 2012 2257 a

1272 2279 1412 2312 censuris
1431 2278 1650 2311 ecclesiasticis
1666 2277 1868 2321 quibuslibet,
1886 2277 1917 2310 in
1934 2288 2011 2322 quas

1273 2332 1517 2376 praemissorum
1533 2331 1697 2364 occasione
1713 2330 2012 2374 quomodocumque

1275 2385 1378 2418 forsan
1405 2384 1617 2426 incurrerunt,
1642 2383 1827 2417 auctoritate
1851 2382 2012 2426 praedicta

1275 2439 1305 2471 iu
1324 2445 1458 2481 utroque
1480 2438 1546 2471 soro
1566 2436 1758 2477 absolvendi,
1776 2441 1805 2470 et
1822 2437 1897 2470 alias
1917 2447 2013 2481 super

1274 2492 1520 2536 praemissorum
1557 2490 1739 2524 executione
1783 2501 2014 2534 quamcumque

499 2175 656 2207 dumtaxat
676 2173 941 2216 consequendum,
959 2173 1071 2205 harum
1090 2173 1170 2206 serie
1188 2173 1238 2205 ab·

499 2229 654 2262 solventes
672 2232 699 2260 et
718 2227 878 2259 absolutos
897 2227 962 2259 sore
980 2230 1150 2267 censentes,
1169 2237 1237 2270 sup-

500 2281 718 2326 plicationibus·
741 2291 851 2313 eorum
877 2280 1004 2313 nomine
1029 2280 1120 2313 nobis
1146 2290 1239 2324 super

498 2336 559 2368 boc
584 2334 745 2367 humiliter
766 2334 919 2377 porrectis
945 2334 1099 2374 inclinati,
1126 2334 1163 2366 de
1190 2344 1239 2367 re-

499 2388 685 2422 uerabilituu
723 2388 853 2420 fratrum
891 2392 1071 2420 nostrorum
1097 2388 1125 2420 S.
1147 2389 1180 2421 R.
1206 2388 1238 2420 Ε.

502 2442 707 2474 ‹::u·‹liualium
741 2441 875 2483 negotiis
900 2445 929 2474 et
959 2441 1240 2473 consultationibus

503 2495 726 2539 episcoporum
760 2498 788 2528 et
819 2493 1012 2537 regularum]
1044 2494 1239 2538 praeposito-

538 2568 550 2592 ·1
576 2566 685 2592 l'idetur
704 2566 848 2599 legeudutu
869 2568 995 2593 staturos
1015 2566 1052 2600 (u.
1073 2574 1120 2598 ¹1¹4.

1315 2564 1321 2588 1
1347 2563 1458 2589 Videtur
1472 2562 1615 2597 legendum
1632 2562 1770 2591 mamlaaeo
1792 2566 1828 2596 (a.
1845 2562 1892 2593 Τ.).

539 2611 554 2637 ‘2
572 2610 669 2637 Forsan
686 2611 829 2646 legendum
846 2610 1003 2638 ctsscrbabil
1021 2616 1054 2642 (n.
1073 2610 1120 2639 T.).

1310 2609 1325 2634 2
1346 2607 1417 2635 Edit.
1439 2607 1522 2635 Main.
1543 2607 1608 2644 legit
1627 2607 1781 2643 confirmas
1802 2607 1840 2642 (n.
1859 2606 1907 2641 Τ.),

1992 201 2042 228 An.
2058 200 2088 229 C.
2108 201 2174 232 1658

1267 1851 1334 1883 loca
1360 1849 1522 1893 Austriaca
1539 1848 1697 1882 Curiensis
1715 1848 1867 1882 dioecesis
1888 1848 2007 1892 episco-
2042 1842 2045 1843 ⁷
