2263 3215
304 212 390 239 Aac.
413 211 482 240 1655
527 203 570 236 94

378 1281 490 1301 rma-uraris

308 1307 402 1333 dei-egat.

347 2181 440 2201 'l'rausun
451 2183 494 2207 p'o-

312 2213 356 2229 runi
372 2208 430 2229 tides.

546 262 560 304 ἓ
588 260 616 293 5.
648 260 824 294 statuentes
863 263 897 291 ut
928 258 1046 291 arbiter
1078 260 1237 292 consultae

501 312 656 355 generalis
669 311 845 355 praedictae
855 312 1113 355 Congregationis
1127 322 1239 355 nequa-

501 376 593 410 quam
615 376 650 398 ex
670 365 721 398 itta
738 365 909 409 provincia,
927 376 961 397 ex
984 376 1043 409 qua
1064 365 1239 409 praefectus

501 418 655 461 generalis
675 429 732 462 pro
759 424 897 462 tempore
923 419 1024 459 suerit,
1046 418 1098 451 sed
1124 429 1159 452 ex
1181 418 1240 450 alia

501 476 695 511 assumatur-3
716 482 750 503 ac
769 471 972 505 decernentes
998 476 1177 515 praesentes
1194 472 1240 504 lit·
1257 479 1258 512 g

503 529 584 557 teras
609 535 734 568 semper
758 524 876 565 firmas,
903 524 1019 557 validas
1044 530 1074 557 et
1099 524 1258 559 efficaces*

502 578 635 611 existere
660 583 689 611 et
713 578 790 618 sore,
810 588 947 621 suosque
972 578 1128 621 plenarios
1152 584 1181 610 et
1198 578 1259 619 in<¹

504 634 608 673 [egros
633 630 762 663 effectus
787 631 891 664 sortiri
918 636 948 663 et
972 630 1125 671 obtinere⁷
1150 640 1184 662 ac
1202 631 1241 662 ab

503 684 659 725 omnibus⁷
677 685 714 717 ad
732 695 810 728 quos
827 690 943 728 spectat
962 690 991 717 et
1015 695 1072 728 pro
1098 690 1241 728 ternpore
1258 703 1259 711 κ

504 737 664 781 spectabit,
682 743 833 782 perpetuo
855 737 1074 770 inviolabiliter
1099 737 1241 770 observa-

505 790 545 830 ri,
571 790 677 835 sicque
703 791 732 823 in
753 790 933 834 praemissis
951 801 1007 834 per
1025 801 1241 834 quoscumque

505 843 621 876 iudices
639 844 813 876 ordinarios
828 849 857 876 et
874 844 1043 885 delegatos⁷
1063 843 1154 877 etiam
1173 853 1242 876 cau-

505 907 608 930 sarum
630 898 737 941 palatii
751 897 912 941 apostolici
930 897 1100 938 auditores,
1119 896 1241 929 sublata

504 949 548 982 cis
578 955 607 982 ct
631 960 741 983 eorum
767 949 894 982 cuilibet
919 950 1026 993 quavis
1051 949 1140 982 aliter
1166 949 1259 982 iudi-i

505 1002 594 1035 candi
619 1013 673 1035 seu
711 1002 937 1046 interpretandi
968 1003 1113 1036 facultate
1138 1008 1167 1035 ct
1191 1014 1242 1035 au-

505 1056 657 1096 ctoritate,
683 1056 811 1088 iudicari
843 1061 872 1088 ct
896 1056 1018 1088 definiri
1043 1055 1177 1097 debere,
1206 1066 1241 1088 ac

506 1109 628 1141 irritum
655 1114 684 1141 et
709 1109 821 1149 inane,
846 1109 869 1141 si
903 1120 992 1142 secus
1025 1121 1121 1153 super
1145 1110 1193 1142 bis
1225 1122 1241 1142 a

506 1172 674 1205 quoquam,
696 1162 802 1206 quavis
823 1162 1016 1203 auctoritate,
1044 1163 1178 1195 scienter
1194 1163 1240 1194 vel

508 1215 698 1258 ignoranter,
728 1216 894 1258 contigerit
918 1216 1071 1249 attentari.

550 1270 564 1311 ᾗ
594 1269 622 1301 6.
653 1269 720 1301 Non
754 1269 949 1302 obstantibus
982 1269 1182 1312 praemissis,
1208 1280 1243 1302 ac

507 1322 780 1355 constitutionibus
799 1327 827 1354 et
847 1321 1097 1355 ordinationibus
1122 1328 1244 1366 aposto-

506 1375 583 1417 licis,
601 1385 720 1408 necnon
746 1375 847 1408 dictae
864 1376 1130 1418 Congregafiouis,
1149 1376 1242 1409 etiam

507 1428 693 1468 iuramento,
718 1429 956 1462 confirmatione
981 1429 1170 1472 apostolica,
1195 1430 1242 1462 vel

507 1482 565 1514 alia
584 1482 692 1525 quavis
717 1482 864 1514 firmitate
882 1483 1048 1524 roboratis,
1074 1483 1196 1516 statutis
1214 1489 1243 1516 ct

507 1534 800 1575 consuetudinibus,
826 1535 999 1578 privilegiis
1030 1546 1171 1579 quoque,
1197 1536 1242 1568 in-

507 1588 601 1621 dultis
619 1593 649 1621 et
666 1589 776 1622 litteris
796 1589 974 1632 apostolicis
992 1589 1091 1622 eidem
1110 1591 1244 1633 Congre-

507 1641 623 1684 gationi
634 1640 678 1674 ac¹
691 1641 774 1674 illius
788 1642 1003 1685 superioribus
1013 1648 1042 1675 et
1054 1642 1198 1686 personis
1212 1643 1242 1674 iu

507 1694 699 1726 contrarium
727 1695 973 1738 praemissorum
1008 1695 1244 1738 quomodolibet

507 1749 675 1791 concessis,
701 1749 892 1781 confirmatis
923 1756 952 1782 et
984 1750 1154 1789 irinoratis;
1180 1750 1244 1793 qui-

506 1801 564 1834 bus
589 1802 735 1834 omnibus
760 1809 789 1834 et
814 1802 956 1844 singulis,
975 1803 1099 1836 illorum
1121 1809 1244 1836 tenores

507 1855 724 1898 praesentibus
750 1866 806 1898 pro
831 1856 920 1898 plene
943 1862 967 1888 et
989 1857 1178 1901 sullicieiitcr
1196 1870 1245 1890 cx-

508 1908 622 1951 pressis
647 1914 676 1940 et
701 1908 738 1940 :ul
765 1908 892 1940 verbum
924 1910 1046 1941 insertis
1062 1910 1244 1951 lmbentes,

509 1960 567 1992 illis
592 1961 666 1993 alliis
688 1961 717 1992 iu
740 1971 795 1993 suo
821 1961 933 1994 robore
958 1973 1005 2004 pei
1017 1964 1182 2005 mansuris,
1207 1964 1244 1995 ad

508 2014 752 2056 praemissorum
764 2014 920 2055 effectum,
932 2015 988 2047 liae
1000 2015 1062 2048 vice
1077 2016 1245 2057 dumtaxat,

509 2067 684 2110 specialiter
709 2073 738 2100 et
761 2078 907 2111 expresse
941 2068 1142 2111 dei-og:inuis;
1169 2076 1246 2103 cete-

510 2120 615 2163 risque
635 2121 800 2153 contrariis
817 2121 1075 2165 quibuscumque.

554 2173 620 2216 §T
648 2173 798 2206 Volumus
833 2180 936 2206 autem
970 2181 1003 2207 ut
1034 2176 1244 2218 praesentium

512 2226 731 2270 transumptis,
757 2227 849 2259 etiam
876 2228 1051 2271 impressis,
1077 2240 1171 2262 manu
1195 2240 1247 2263 no-

511 2279 578 2312 tarii
597 2279 712 2322 publici
738 2280 931 2324 subscriptis,
950 2286 979 2313 et
996 2281 1097 2323 sigillo
1115 2283 1246 2316 alicuius

510 2343 662 2376 personae
687 2333 715 2365 in
742 2334 950 2367 ecclesiastica
969 2335 1118 2377 dignitate
1136 2336 1246 2369 eonsti-

511 2391 593 2418 tutae
617 2387 752 2427 munitis,
769 2387 877 2419 eadem
903 2398 1032 2431 prorsus
1051 2389 1126 2422 sides
1153 2389 1182 2421 in
1201 2389 1246 2422 iu-

510 2438 592 2471 dicio
617 2444 646 2471 ct
671 2446 756 2472 extra
786 2451 821 2473 ac
845 2440 960 2484 ubique
995 2442 1136 2474 locorum
1163 2442 1246 2475 adbi-

511 2491 631 2532 beatur,
653 2503 731 2536 quae
750 2493 825 2536 ipsis
844 2495 1062 2537 praesentibus
1079 2495 1245 2528 adhibere-

512 2549 573 2586 tur,
590 2545 614 2577 si
632 2545 731 2578 forent
750 2547 904 2580 exhibitae
922 2548 968 2581 vel
987 2553 1137 2582 ostensae.

549 2607 558 2633 1
578 2606 715 2634 Coniunct.
733 2616 765 2635 ac
781 2616 829 2636 nos
845 2608 967 2636 addimus
987 2610 1024 2645 (a.
1037 2611 1085 2646 τ.).

1072 211 1251 236 BULLARIUM
1275 210 1428 236 ROMANUM

1316 261 1425 293 Datum
1452 260 1577 300 Rornae,
1603 257 1685 302 apud
1709 257 1737 291 S.
1763 257 1890 290 Mariam
1914 256 2009 291 Maio-

1274 324 1350 354 rem,
1365 314 1422 345 sub
1436 312 1550 345 annulo
1560 310 1735 353 Piscatoris,
1747 310 1797 344 die
1810 321 1873 345 xxu
1887 321 2010 345 novem-

1274 367 1337 399 bris
1354 376 1466 408 MDCLV,
1486 365 1685 409 pontificatus
1702 364 1800 397 nostri
1823 374 1905 398 anno
1923 374 1942 397 1.

1310 429 1368 455 Dat.
1387 429 1429 454 die
1445 428 1478 454 22
1496 426 1649 455 novembris
1666 426 1742 462 1655,
1760 425 1853 462 pontif.
1870 434 1942 453 anno
1956 432 1973 453 1.

1605 570 1678 603 Llll.

1276 651 1400 684 nennio
1411 651 1599 694 provinciae
1616 650 1770 694 Belqi'cue
1796 649 1931 684 Ordinis
1946 651 2014 694 sra-

1322 708 1407 737 trum
1425 704 1531 737 sancti
1550 704 1720 736 Francisci
1733 703 1771 737 de
1790 703 1902 737 Paula
1917 703 2015 736 Mini-

1320 767 1443 789 morum
1467 760 1731 800 imncupalorum
1760 757 1818 789 sut>
1851 766 1916 789 uno
1937 766 2013 800 pro-

1320 809 1458 843 vinciali
1472 810 1489 842 ¹.

1459 889 1626 916 Alexander
1646 889 1723 922 Papa
1744 889 1821 922 VIII,

1417 933 1452 960 ad
1473 933 1604 960 futuram
1624 935 1669 960 rei
1688 933 1870 960 memoriam.

1320 1003 1402 1035 luter
1428 1003 1630 1046 gravissimas
1663 1003 1913 1047 multiplicesque
1942 1013 2013 1048 apo·
2055 1014 2195 1036 Prooemium.

1276 1056 1404 1089 stolicae
1425 1056 1583 1089 servitutis
1601 1056 1691 1089 nobis
1715 1066 1771 1100 per
1791 1055 2013 1089 abundantiam

1276 1109 1397 1141 divinae
1418 1109 1565 1142 bonitatis
1584 1109 1670 1142 nullo
1688 1109 1873 1142 meritorum
1891 1114 2014 1142 nostro-

1278 1173 1346 1195 rum
1372 1162 1523 1205 suffragio
1542 1162 1704 1206 impositae
1726 1172 1827 1202 curas,
1845 1161 1929 1194 illam
1946 1172 2015 1206 pro-

1277 1215 1380 1258 pensis
1401 1215 1510 1247 studiis
1535 1215 1766 1258 amplectimur,
1792 1220 1825 1247 ut
1849 1215 2016 1248 discordia-

1277 1279 1346 1300 rum
1361 1268 1477 1311 spinas,
1489 1268 1569 1300 inter
1582 1267 1746 1311 religiosos
1761 1268 1844 1301 viros
1857 1268 1914 1301 sub
1928 1268 2015 1301 suavi

1278 1321 1438 1364 religionis
1452 1321 1526 1364 iugo
1540 1321 1689 1354 Altissimi
1700 1321 1859 1365 obsequiis
1874 1321 2015 1355 addictos

1277 1384 1338 1406 uon
1365 1374 1431 1407 siue
1457 1374 1611 1417 regularis
1636 1374 1819 1418 disciplinae
1849 1374 2014 1418 dispendio

1277 1434 1391 1467 enatas,
1409 1434 1604 1472 opportunae
1629 1429 1818 1472 provisionis
1839 1429 2014 1463 ministerio

1277 1481 1462 1522 recidamus,
1476 1487 1515 1521 et,
1533 1492 1571 1514 ne
1590 1482 1796 1525 imposterum
1814 1482 2014 1526 repullulent,

1276 1540 1427 1578 quantuni
1453 1535 1542 1567 nobis
1568 1546 1602 1567 ex
1629 1536 1691 1568 alto
1716 1535 1915 1577 conceditur,
1940 1546 2014 1580 pro-

1277 1587 1455 1631 spiciamus.

1321 1641 1335 1683 ξ
1360 1641 1388 1672 Γ1.
1415 1641 1489 1674 Cum
1516 1641 1636 1684 itaque,
1662 1641 1741 1674 sicut
1772 1641 1903 1675 dilectus
1931 1641 2014 1675 silius

1277 1694 1403 1727 Zelosus
1431 1688 1555 1727 Ordinis
1579 1694 1711 1727 fratrum
1736 1695 1831 1728 sancti
1857 1694 2015 1728 Francisci

1278 1748 1315 1780 de
1340 1748 1435 1780 Paula
1458 1747 1660 1780 Minimorum
1685 1753 1938 1791 nuncupatorum
1959 1758 2016 1782 no-

1279 1800 1325 1833 bis
1342 1810 1444 1844 nuper
1464 1800 1578 1844 exponi
1604 1800 1685 1841 t'ccit‚
1701 1801 1775 1833 alias
1792 1801 1887 1844 aliqui
1903 1801 2015 1834 fratres

1279 1853 1458 1896 provinciae
1475 1853 1617 1896 Belgicae
1635 1853 1708 1887 dicti
1722 1853 1926 1896 01·dinis‚sub
1941 1854 2015 1889 ficto

1280 1912 1309 1939 et
1326 1907 1466 1940 colorato
1486 1913 1660 1950 praetextu,
1678 1918 1799 1940 necnon
1816 1906 1902 1940 sine⁹
1919 1907 2017 1951 legiti-

1281 1971 1331 1993 mo
1349 1960 1492 1993 mandato
1510 1970 1677 2004 procurae,
1692 1972 1708 1993 a
1723 1961 1858 2004 capitulo
1876 1960 2016 2003 generali

1280 2012 1418 2045 eiusdem
1436 2012 1560 2046 Ordinis
1580 2013 1618 2046 de
1639 2023 1720 2045 anuo
1740 2023 1882 2046 iuuexmn
1898 2014 2016 2046 Romae

1280 2066 1437 2099 celebrato
1466 2066 1685 2110 subreptitium
1719 2067 1879 2100 decretum
1912 2070 2016 2100 extor-

1280 2119 1386 2160 serint,
1407 2125 1559 2162 quatenus
1591 2131 1650 2152 uua
1675 2119 1846 2163 eademque
1870 2121 1950 2153 bene
1971 2130 2017 2153 re-

1280 2178 1391 2217 cthue
1415 2173 1582 2206 constituta
1607 2173 1767 2216 provincia
1791 2173 1950 2217 praedicta
1974 2173 2017 2206 di—

1281 2226 1438 2260 videretur
1467 2226 1498 2259 in
1523 2226 1618 2267 duas,
1643 2227 1772 2260 alteram
1800 2227 1926 2270 quidem
1951 2227 2017 2260 Val-

1280 2280 1433 2321 lonicam‚
1458 2280 1588 2313 alteram
1615 2290 1687 2313 vero
1709 2280 1923 2321 Flandricam‚
1947 2279 2016 2324 qui-

1280 2333 1411 2366 busdam
1435 2333 1533 2377 pactis
1561 2337 1591 2367 et
1621 2333 1852 2367 conditionibus
1876 2332 2015 2376 adiectis,

1280 2387 1378 2431 iisque
1402 2387 1534 2421 subinde
1559 2387 1736 2421 reformatis
1760 2399 1816 2432 per
1843 2387 2016 2421 secundum

1279 2441 1453 2482 decretum,
1478 2447 1511 2474 ut
1537 2441 1790 2486 provincial-atus,
1812 2447 1902 2474 autea
1925 2441 2015 2475 datus

1279 2495 1426 2528 fratribus
1447 2495 1598 2539 Flandris,
1615 2496 1847 2540 relinqueretur
1866 2495 2015 2529 fratribus

1316 2568 1326 2593 1
1345 2565 1382 2593 Ex
1397 2566 1502 2601 llegest.
1520 2567 1546 2593 in
1561 2566 1660 2594 Secret.
1678 2567 1754 2594 Brev.

1314 2611 1328 2637 ἓ
1340 2610 1486 2646 Perperam
1498 2611 1540 2639 ed.
1553 2611 1633 2639 Μαίη.
1646 2612 1712 2646 legit
1725 2611 1781 2639 sive
1793 2619 1840 2647 pro
1851 2612 1914 2640 sine
1924 2612 2014 2647 (nm).

2028 209 2077 237 An.
2089 209 2117 237 C.
2137 210 2206 239 1655
