2243 3205
60 234 108 262 Au.
130 233 158 260 C.
179 232 246 260 ¹658

853 231 1036 255 ALEXANDER
1063 232 1105 255 vn
1130 232 1177 254 PP.

256 279 368 324 iusque
384 279 584 324 praebendae
601 279 794 324 qualitatem,
806 280 836 312 in
850 289 997 321 annuam,

257 332 452 366 tolerabilem
467 338 583 374 tamen,
593 333 786 377 pensionem,
796 333 913 366 scilicet
926 343 999 376 qua-

256 392 342 426 tuor,
368 387 432 429 vel,
458 386 488 419 in
512 387 672 420 beneficiis
697 385 934 430 pinguioribuS,
959 385 996 418 ad

255 450 414 472 summum
447 449 498 472 sex
524 439 718 473 florenorum
743 450 780 472 eo
804 444 895 483 pacto
921 449 996 472 con—

256 492 431 533 veniretur,
451 498 499 532 ut,
520 503 593 526 mox
611 492 833 526 decedentibus
858 493 996 534 clericis,

256 555 366 578 eorum
391 545 543 579 haeredes
564 556 599 578 ex
622 549 808 579 testamento
829 545 875 578 vel
896 545 935 577 ab
956 545 998 577 in-

256 604 368 631 testato
381 599 553 631 secundum
570 597 829 632 consuetudinem
844 598 996 642 cuiusque

255 652 314 685 loci
340 651 510 685 succedere
534 652 664 685 valeant.

299 706 314 750 ξ
338 705 367 739 5.
393 706 496 739 Status
520 705 722 749 conditioque
745 705 840 738 officii
866 705 994 749 pincer-

253 769 377 801 narum,
403 759 486 803 quod
513 759 753 792 communitates
777 759 900 799 Tirolis,
925 768 995 792 nec-

253 822 317 846 non
341 812 527 845 archiduces
543 813 686 845 Austriae
703 812 747 844 uti
768 812 898 845 comites
919 812 997 844 eius·

253 866 323 898 dem
349 865 526 907 comitatus,
546 865 585 898 ab
605 866 786 910 episcopatu
807 865 946 899 Curiensi
966 865 995 898 in

253 919 381 953 seudum
407 919 481 953 olim
507 924 695 964 receperunt
719 923 748 952 et
768 929 851 951 nunc
871 929 996 962 quoque

252 972 419 1016 recipiunt,
444 972 508 1005 suis
531 972 666 1016 antiquis
682 971 713 1004 in
738 971 880 1004 terminis
897 976 926 1003 et
946 971 997 1004 fir-

253 1025 360 1059 mitate
384 1036 511 1059 manere
536 1025 649 1060 habeat
673 1030 703 1059 et
727 1025 847 1058 debeat.

297 1079 312 1121 g
335 1078 365 1112 6.
391 1078 467 1112 Cum
493 1079 622 1123 insuper
647 1089 682 1112 ex
709 1083 798 1122 parte
822 1077 993 1121 saepedicti

252 1131 467 1175 episcopatus,
493 1131 627 1175 qualiter
651 1141 708 1164 nos
734 1141 769 1163 ac
794 1129 994 1163 serenissima

251 1187 360 1216 nostra
384 1183 496 1217 domus
517 1188 643 1228 praeter
668 1183 806 1216 officium
831 1183 994 1227 pincerna-

252 1246 322 1268 rum
347 1237 498 1269 nonnulla
522 1236 581 1269 alia
613 1236 651 1268 ab
676 1235 787 1268 eodem
813 1236 994 1279 episcopatu

251 1300 309 1334 pro
334 1290 434 1323 feudis
458 1300 688 1334 recognoscere
713 1295 888 1331 teneamur,
910 1300 993 1322 asse-

252 1348 340 1375 ratur
367 1353 417 1376 res
441 1343 545 1376 taliter
569 1343 651 1376 inter
675 1354 732 1376 nos
757 1343 849 1376 etiam
876 1347 994 1376 transa-

251 1401 310 1437 cta,
327 1400 361 1430 ut
373 1396 477 1429 omnia
490 1397 648 1430 Curientia
665 1397 766 1437 feuda,
784 1396 994 1440 quotiescum-

252 1461 313 1495 que
338 1461 447 1484 eorum
483 1450 683 1484 investiturae
714 1451 752 1483 de
777 1461 865 1484 more
889 1450 994 1484 seudo-

252 1514 323 1537 rum
349 1508 442 1537 erunt
467 1504 665 1537 renovandae
679 1531 686 1544 ,
706 1505 736 1536 in
758 1514 883 1547 genere,
909 1504 993 1536 iuxta

252 1558 365 1602 stylum
386 1558 550 1602 hucusque
567 1563 764 1598 consuetum,
784 1557 875 1589 etiam
896 1558 994 1601 impo-

252 1616 370 1646 sterum
396 1612 538 1656 recipere
563 1617 592 1645 ct
610 1622 782 1655 agnoscere
800 1612 948 1651 velimus;

296 1667 311 1709 ξ
337 1666 364 1699 7.
392 1665 593 1709 indulgemus
611 1671 640 1698 et
660 1666 837 1698 facultatem
864 1665 994 1697 facimus

252 1729 310 1752 nos
329 1718 481 1751 archidux
498 1718 626 1751 domino
647 1718 795 1762 episcopo
815 1728 850 1750 ae
875 1729 994 1750 sueces-

251 1772 376 1807 soribus
401 1773 478 1812 eius,
499 1776 532 1805 ut
549 1772 581 1804 in
602 1772 730 1804 lacubus
750 1772 779 1803 in
798 1771 990 1814 Malterlieid,

251 1826 510 1872 quotiescumque
536 1826 621 1869 ipsos
646 1825 811 1869 episcopos
842 1835 992 1869 persona-

251 1880 323 1914 liter
348 1880 379 1913 in
404 1890 476 1912 arce
494 1879 713 1922 Firstemburg
737 1879 871 1912 existere
897 1879 992 1911 conti-

251 1934 342 1978 gerit,
368 1943 426 1978 pro
443 1944 517 1966 suae
538 1943 664 1966 mensae
681 1932 789 1966 usibus
806 1933 919 1976 piscari
941 1943 991 1965 va-

251 1989 344 2029 leant,
368 1988 476 2031 eisque
501 1987 570 2030 pari
593 1986 729 2027 ratione,
759 1987 801 2027 si,
826 1987 870 2019 uti
896 1997 992 2030 supra

250 2042 367 2075 dictum
386 2040 460 2081 est¹,
478 2040 689 2083 Fistcmburgi
715 2040 900 2081 resederint,
922 2040 986 2073 sin-

251 2095 333 2138 gulis
357 2094 447 2127 annis
470 2104 582 2127 cervus
606 2099 636 2126 et
660 2093 739 2126 duae
763 2104 874 2127 cervae
895 2104 910 2126 a
936 2104 991 2127 no-

251 2149 324 2182 stris
356 2154 386 2181 et
416 2151 616 2189 nostrorum,
650 2153 754 2181 tamen
789 2148 991 2181 venatoribus

251 2202 361 2236 solutis
375 2201 560 2235 eorumdem
576 2201 742 2234 venatariis
757 2201 926 2245 regalibus,
941 2213 990 2235 ca-

252 2256 378 2301 piantur
403 2260 433 2288 et
457 2254 630 2287 tradantur.

296 2312 311 2356 ἓ
335 2310 364 2343 8.
389 2309 477 2349 Quod
501 2319 606 2341 arcem
633 2308 849 2351 Firstemliurg
873 2308 991 2350 attinet,

252 2365 391 2398 eiusdem
406 2364 487 2396 arcis
501 2366 531 2396 et
547 2362 771 2395 iurisdictionis
787 2362 864 2401 iura,
879 2362 992 2405 quibus

253 2419 415 2462 bucusque
439 2417 533 2450 fruita
557 2421 612 2456 est,
640 2420 701 2449 tani
724 2416 844 2448 ratione
869 2415 991 2459 pariunt

251 2472 391 2512 Curium,
409 2481 501 2515 quam
528 2470 659 2502 aliarum
686 2470 865 2502 libertatum
884 2475 910 2501 et
933 2469 993 2513 pri-

252 2526 450 2570 vilegiorum,
467 2525 497 2557 in
515 2534 571 2557 suo
584 2523 718 2556 debcant
733 2533 858 2556 manere
875 2522 990 2566 vigore.

290 2599 300 2624 1
324 2597 470 2632 Perperam
484 2595 548 2622 edit.
567 2594 651 2622 Main.
669 2594 731 2629 tegit
745 2594 770 2621 sz'
785 2594 828 2622 uli
844 2595 992 2629 supradic-

254 2645 314 2672 tum
327 2641 366 2677 (n.
382 2641 431 2675 1.).

336 2695 412 2722 Bull.
434 2695 517 2722 Rom.
538 2708 572 2714 —-
596 2693 653 2722 Vol.
675 2693 750 2721 XVI.

896 2693 928 2718 Jiz'i

1077 279 1092 321 ξ
1117 278 1145 311 9.
1171 278 1247 312 Cum
1273 283 1382 312 contra
1408 284 1438 311 et
1461 277 1611 310 adversus
1636 287 1692 309 nos
1717 286 1771 308 ar-

1032 331 1197 364 chiducem
1216 331 1473 375 praenominatus
1490 330 1636 364 dominus
1654 329 1774 374 cpisco-

1032 394 1089 427 pus
1113 384 1239 416 nomine
1264 383 1311 415 sui
1337 383 1536 426 episcopatus
1559 383 1654 415 multa
1676 383 1773 415 millia

1031 437 1224 470 florenorum
1240 436 1297 468 sub
1310 436 1437 468 nomine
1451 436 1645 468 diversarum
1657 435 1774 468 damni-

1031 490 1214 524 ficationum
1241 489 1405 522 occasione
1434 488 1589 521 bellorum
1617 489 1773 521 illatarum

1031 549 1125 587 prout
1149 543 1210 576 alia
1234 543 1304 575 iura
1330 548 1359 575 et
1383 542 1475 582 bona,
1493 553 1529 574 ex
1556 549 1643 586 parte
1670 549 1773 575 tamen

1030 596 1252 629 serenissimae
1265 601 1392 629 nostrae
1406 595 1519 628 donius
1532 606 1692 638 nunquam
1704 606 1774 629 con-

1030 650 1142 682 fessata
1174 654 1227 681 aut
1260 648 1384 691 agnita,
1410 648 1638 691 praetenderit,
1671 649 1774 681 taliter

1030 703 1112 735 inter
1136 712 1194 735 nos
1218 702 1277 734 suit
1309 701 1558 740 concordatum,
1584 706 1616 733 ut
1640 711 1697 734 nos
1723 712 1772 733 ar-

1030 756 1144 789 chidux
1170 755 1435 799 spoponderimus
1468 754 1620 787 moderno
1645 754 1773 788 domino

1030 810 1190 854 episcopo,
1219 809 1347 853 praevia
1372 808 1513 842 omnium
1541 807 1773 851 impetitionum

1030 868 1059 896 et
1085 863 1359 907 praetensionum‚
1385 862 1614 904 cuiuscumque
1646 860 1772 893 demum

1029 916 1175 957 nominis⁷
1201 927 1280 959 quae
1301 914 1513 960 episcopatui¹
1532 914 1682 947 adversus
1706 914 1772 947 lau-

1029 969 1164 1002 dabilem
1190 970 1319 1003 domum
1346 974 1487 1002 nostram
1513 972 1694 1011 competere
1725 967 1772 1000 vi-

1029 1022 1201 1063 debantur,
1225 1022 1337 1055 harum
1366 1027 1475 1055 tenore
1500 1021 1578 1054 sacta
1608 1020 1773 1053 renuncia-

1029 1075 1123 1116 tione,
1145 1078 1280 1119 quatuor
1294 1075 1393 1107 millia
1410 1074 1605 1107 florenorum
1625 1084 1682 1117 per
1702 1083 1773 1116 pro-

1030 1128 1163 1161 vinciam
1195 1128 1390 1162 Tirolensem
1423 1127 1490 1160 sine
1523 1126 1773 1160 contradictione

1028 1181 1235 1226 persolvenda
1259 1181 1438 1224 assignare,
1464 1191 1499 1213 ac
1525 1180 1608 1212 hunc
1633 1179 1670 1212 ad
1696 1178 1772 1211 effe-

1028 1239 1112 1268 ctum
1131 1234 1355 1278 obligationem
1379 1234 1514 1277 desuper
1535 1232 1772 1276 quamprimum

1029 1288 1255 1332 expediendam
1282 1287 1417 1327 tradere,
1442 1287 1528 1320 salvo
1559 1285 1660 1328 nobis,
1686 1290 1770 1317 tam-

1028 1353 1121 1385 quam
1149 1341 1351 1380 cessionario,
1370 1340 1524 1384 praesatas
1546 1339 1697 1371 militares
1723 1339 1773 1371 da-

1029 1395 1257 1429 mnificationes
1282 1406 1335 1428 seu
1369 1394 1444 1427 alias
1477 1393 1729 1438 praetensioncs,
1755 1404 1771 1424 a

1028 1449 1157 1483 domino
1189 1450 1338 1494 episcopo
1365 1448 1532 1493 expetitas,
1558 1446 1622 1479 suis
1647 1447 1717 1479 loco
1742 1451 1772 1478 et

1029 1508 1182 1547 tempore,
1207 1508 1238 1536 et
1261 1513 1277 1535 a
1303 1502 1465 1546 quibusvis
1489 1510 1675 1545 possumus,
1701 1499 1768 1531 exi-

1028 1558 1132 1601 gendi,
1151 1563 1180 1591 et
1197 1557 1486 1602 compensationem
1507 1554 1633 1599 petendi
1659 1553 1726 1586 iure
1742 1558 1772 1586 et

1028 1621 1185 1654 regressu.

1072 1666 1087 1709 ἓ
1103 1664 1154 1698 10.
1173 1664 1256 1698 Sicut
1275 1664 1395 1698 domini
1414 1662 1553 1708 episcopi
1577 1672 1699 1695 necnon
1725 1672 1771 1694 ca-

1027 1717 1159 1762 pitulum
1179 1718 1236 1750 sub
1262 1718 1481 1750 serenissimae
1503 1716 1616 1749 doinus
1633 1715 1770 1748 Austrin-

1027 1782 1081 1804 cac
1116 1770 1343 1804 uiundibundio
1377 1776 1407 1803 et
1431 1769 1626 1814 protectione
1652 1767 1767 1801 extite-

1028 1830 1108 1867 runt,
1136 1825 1175 1858 ita
1200 1835 1256 1857 nos
1281 1825 1411 1857 Ioannes
1437 1824 1620 1867 episcopus,
1646 1832 1768 1855 nei-non

1025 1888 1082 1911 nos
1107 1877 1372 1921 ple-nilssiotentiarii
1391 1877 1591 1920 capitulares,
1611 1875 1695 1907 iuxta
1723 1886 1769 1907 rc-

1026 1933 1151 1976 gularcs
1172 1938 1201 1965 et
1227 1932 1436 1972 investituras,
1462 1942 1497 1963 ex
1524 1936 1613 1974 parte
1638 1930 1770 1962 serenis-

1025 1987 1122 2019 simae
1147 1986 1258 2019 domus
1284 1991 1313 2018 ct
1334 1986 1534 2029 episcopatus
1559 1984 1625 2016 dari
1652 1983 1768 2023 solitas,

1026 2039 1167 2073 camdem
1200 2040 1429 2083 protectionem
1455 2038 1578 2070 firmam
1605 2036 1768 2075 habemus,

1026 2099 1119 2137 prout
1144 2093 1249 2126 onmia
1274 2092 1360 2125 hisce
1386 2091 1615 2125 confirmantur
1638 2094 1668 2122 et
1692 2089 1769 2121 noti-

1026 2147 1169 2179 ficantur.

1071 2201 1085 2243 ἓ
1112 2200 1162 2233 ll.
1189 2200 1307 2238 Quibus
1340 2198 1554 2242 promittimus
1580 2201 1609 2229 ct
1634 2196 1767 2240 sponde-

1027 2265 1095 2287 mus
1116 2264 1173 2287 nos
1202 2253 1398 2297 saepedictus
1423 2251 1574 2284 archidux
1596 2250 1767 2283 Ferdinan-

1026 2308 1084 2340 dus
1108 2307 1247 2348 Carolus,
1273 2306 1317 2338 uti
1342 2306 1488 2338 dominus
1507 2309 1535 2338 ct
1556 2304 1702 2347 princeps
1720 2313 1768 2335 co-

1028 2361 1153 2393 mitatus
1177 2359 1362 2400 'l‘irolensis,
1392 2359 1448 2391 sub
1475 2363 1500 2390 et
1532 2368 1587 2401 per
1618 2356 1768 2400 principis

1028 2414 1179 2453 verbum,
1209 2423 1329 2445 necnon
1362 2423 1418 2444 nos
1449 2412 1578 2443 loannes
1603 2409 1768 2453 episcopus

1026 2467 1193 2509 (hiriensis,
1214 2477 1249 2498 ae
1269 2476 1325 2498 nos
1343 2464 1553 2510 praepositus,
1578 2463 1714 2495 decanus
1739 2466 1768 2495 ot

1026 2520 1208 2564 capitulum,
1235 2530 1291 2562 pro
1317 2518 1432 2552 nostris
1457 2517 1570 2560 quibus
1596 2516 1765 2560 episcopali

1066 2638 1070 2662 1
1097 2636 1165 2663 Male
1186 2635 1251 2662 edit.
1272 2634 1350 2661 Main.
1372 2634 1435 2668 tegit
1454 2633 1634 2668 episcopatus
1649 2635 1684 2668 in.
1703 2632 1751 2665 r).

1676 218 1740 252 ‚³553
1789 227 1837 254 An.
1854 226 1881 253 C.
1907 227 1974 256 1658
