2185 3188
57 204 104 232 Αιι.
121 202 148 229 C.
171 200 234 228 1657

86 529 227 553 transumpto·

52 563 94 578 rum
109 556 164 576 nde«.

20 2124 23 2150 1
67 2126 221 2151 eonnrmnom

21 2159 23 2168 v
49 2159 220 2183 υκαι-σημειω-

21 2188 23 2201 t
48 2183 189 2204 nonedam-eta
202 2190 220 2204 m

22 2219 23 2222 ,
49 2209 148 2232 pruvincia
172 2211 220 2230 Pur-

21 2234 23 2250 !
49 2234 141 2260 {nullia
156 2242 197 2257 saw
199 2241 219 2257 ιι

21 2260 24 2288 j
48 2260 156 2286 Augustini.

846 200 1030 224 ΑιΕΧΑΝΒΕιι
1056 200 1100 224 vu
1125 201 1171 224 rr.

245 246 368 280 insertis
393 252 422 280 et
447 248 604 291 expressis
629 248 798 288 habentes,
825 248 886 280 illis
911 249 1003 285 alias,

244 300 274 333 in
300 311 356 333 suo
381 300 496 334 robore
521 301 757 345 permansuris,
775 300 812 334 ad
838 301 987 344 praemis-

242 364 350 387 sorum
381 354 539 396 effectum,
557 355 614 388 hac
633 355 698 388 vice
723 354 894 395 dumtaxat,
920 365 1002 398 spe-¹

242 407 364 440 cialiter
380 413 411 441 et
427 419 576 452 expresse
596 409 796 452 derogamus,
811 408 985 452 ceterisque
1001 438 1002 442 ,

242 461 409 494 contrariis
444 463 708 506 quibuscumque.

286 514 301 557 ἓ
325 514 354 547 5.
380 514 530 548 Volumus
554 521 659 549 autem
688 522 720 548 ut
741 521 921 560 praesentes
939 515 985 547 lit-

243 574 325 601 terae
350 579 406 612 per
431 569 567 613 aliquem
593 579 646 602 seu
672 569 794 613 aliquos
814 580 849 602 ex
877 579 984 602 curso-

242 620 329 655 ribus
354 621 471 655 nostris
496 621 534 654 ad
560 622 663 654 valvas
682 622 830 655 ecclesiae
852 622 880 654 S.
900 621 1001 654 toan<

240 674 288 707 nis
321 675 352 706 in
384 675 537 708 Laterano
574 686 608 708 ac
646 675 791 708 basilicae
829 674 982 718 Principis

239 729 461 772 Apostolorum
487 735 515 762 et
541 730 571 762 in
596 730 662 763 acie
686 729 795 773 Campi
814 728 925 762 Florae
942 727 981 760 de

240 781 324 815 Urbe
338 782 549 825 publicentur,
563 788 592 815 et
606 792 714 816 earum
732 782 876 826 exempla
889 782 980 814 etiam

239 835 391 879 impressa
416 835 531 869 ibidem
557 836 734 879 affigantur,
753 845 843 880 quae,
862 835 905 867 sie
924 846 981 879 pu-

238 889 368 923 blicatae
382 895 411 922 et
425 890 545 931 affixae,
559 900 669 923 omnes
687 895 717 922 et
737 889 887 932 singulos,
902 900 981 932 quos
996 885 998 922 ἔ

238 949 448 986 concernunt,
474 944 605 988 perinde
625 948 747 976 arctent
772 948 800 975 et
822 943 957 976 afficiant
973 970 980 983 ,

237 1007 273 1029 ac
291 996 315 1029 si
342 996 469 1030 illorum
488 998 658 1041 unicuique
683 996 891 1041 personaliter
909 996 979 1028 inti-

239 1054 338 1084 matae
364 1050 508 1092 fuissent3
530 1051 676 1095 quodque
702 1050 912 1094 praesentium
933 1061 980 1083 ea-

238 1104 382 1137 rumdem
416 1105 644 1148 transumptis,
669 1104 761 1137 etiam
796 1104 978 1148 impressis,

237 1168 331 1190 manu
351 1158 483 1191 alicuius
505 1158 617 1191 notarii
644 1158 762 1202 publici
781 1157 978 1201 subscriptis,

236 1217 265 1244 et
290 1211 393 1255 sigillo
414 1222 568 1256 personae
594 1212 623 1245 in
649 1211 858 1245 ecelesiastica
876 1211 978 1254 digni-

237 1270 297 1297 tate
322 1265 511 1299 constitutae
537 1265 686 1306 munitis,
712 1265 820 1297 eadem
847 1275 978 1309 prorsus

236 1318 313 1351 fides
339 1319 369 1351 in
395 1319 511 1352 iudicio
528 1325 557 1351 et
582 1323 668 1353 extra
684 1319 880 1360 adhibeatur,
898 1329 977 1362 quae

235 1373 454 1416 praesentibus
480 1373 554 1417 ipsis
579 1373 794 1413 adhiberetur,
826 1373 849 1405 si
877 1373 995 1405 soi-ems

235 1426 393 1460 exhibitae
417 1427 464 1460 vel
490 1433 642 1460 ostensae.

278 1481 388 1513 Datum
416 1482 550 1519 Romae,
575 1481 656 1524 apud
679 1481 708 1512 S.
733 1480 860 1513 Mariam
882 1480 975 1512 lllaio-

235 1545 312 1576 rem,
342 1535 400 1567 sub
425 1535 542 1567 annulo
569 1534 747 1574 Piscator-is,
779 1533 828 1565 die
855 1543 927 1566 xxm
949 1544 977 1565 a-

234 1588 322 1632 prilis
340 1598 479 1630 unccvu,
502 1588 703 1632 pontificatus
716 1587 813 1619 nostri
832 1597 913 1619 anuo
933 1597 976 1619 111.

270 1650 328 1677 Dat.
350 1650 392 1677 die
412 1651 446 1677 23
467 1650 558 1686 aprilis
582 1651 658 1683 1657,
681 1650 775 1685 pontis.
795 1658 863 1676 auno
881 1656 917 1676 111.

563 1794 643 1827 CLV.

233 1875 337 1918 Super
359 1875 497 1917 neyotiis
526 1875 716 1919 provinciae
748 1875 977 1918 Portusyalle'ae

279 1926 413 1961 Ordinis
438 1927 660 1960 Eremilarum
681 1928 713 1961 S.
738 1928 952 1971 Auquslim‘¹.

429 2007 595 2035 Alexander
614 2008 694 2042 Papa
714 2008 780 2040 vu,

374 2052 410 2078 ad
430 2052 562 2079 futuram
583 2053 625 2080 rei
646 2052 827 2080 memoriam.

280 2124 295 2166 ἓ
319 2123 348 2157 i.
366 2124 442 2158 Cum
461 2124 554 2167 <sicut
571 2124 703 2158 dilectus
719 2124 803 2157 silius
822 2125 943 2169 prior,³
927 2136 945 2150 s·
937 2136 976 2158 *e-

235 2177 349 2210 neralis
373 2178 497 2210 Ordinis
518 2178 673 2211 Eicmit‘u
678 2190 728 2211 um
750 2179 779 2211 S.
809 2180 992 2230 Augustini

236 2230 325 2264 nobis
349 2241 451 2275 nuper
475 2232 587 2275 exponi
612 2232 696 2275 fecit)
723 2232 855 2265 dilectus
880 2233 992 2265 etiam

235 2284 317 2317 fitius
341 2284 527 2318 Octavianus
551 2285 589 2317 de
614 2285 741 2318 Pelusii
774 2286 871 2319 s1atet
896 2286 973 2319 cius-

235 2337 304 2370 dem
329 2337 470 2379 Or,dinis
493 2338 632 2372 visitator
657 2339 836 2382 piovinciae
862 2340 973 2373 Portu-

234 2390 345 2433 galliae
358 2391 483 2425 Ordinis
503 2391 681 2425 huiusmodi
698 2404 713 2425 a
728 2393 991 2447 congregatione

235 2444 459 2477 venerabilium
485 2445 562 2477 fian
565 2456 616 2477 um
643 2451 823 2479 nostrorum
850 2433 991 2498 sanctae}

234 2496 392 2529 Romanae
424 2497 580 2530 Ecclesiae
606 2498 812 2531 cardinalium
840 2500 990 2548 negotiis

235 2554 264 2583 et
288 2550 568 2583 consultationibus
587 2551 811 2595 episcoporum
830 2558 858 2584 et
878 2563 972 2596 r'egu—

275 2614 280 2637 l
306 2611 341 2638 Ex
359 2612 464 2647 liegest,
482 2613 506 2639 iu
523 2613 626 2639 Sec-iet.
648 2614 725 2640 [ἔνων.

1664 193 1728 226 977

1021 248 1133 280 larium
1160 250 1340 292 praeposita
1374 250 1448 283 alias
1481 250 1668 294 deputatus,
1699 261 1761 284 non

1019 301 1215 334 obstantibus
1241 302 1380 336 eiusdem
1414 304 1669 347 congregationis
1701 304 1762 337 de-

1020 355 1134 396 cretis,
1167 365 1289 389 necnon
1319 357 1431 389 litteris
1460 358 1638 400 patentibus
1664 358 1761 401 ipsius

1019 408 1135 452 prioris
1153 409 1320 452 generalis,
1334 420 1369 442 ac
1386 410 1573 454 quibusdam
1596 412 1711 445 nostris
1730 412 1760 444 iu

1019 462 1113 495 simili
1147 462 1250 495 forma
1288 463 1395 495 Brevis
1435 465 1585 507 expeditis
1626 466 1759 506 litteris,

999 551 1001 560 ¹
1019 516 1115 548 multa
1133 521 1162 548 et
1182 517 1368 560 praesertim
1387 517 1416 550 in
1437 528 1567 551 munere
1591 519 1759 553 visitatoris

999 561 1197 602 iliuiusmodi
1227 570 1440 603 continuando
1468 573 1682 612 attentaverit;
1708 573 1759 605 alii

1018 633 1091 656 vero
1123 623 1304 667 provinciae
1339 623 1549 667 Portugalliae
1579 626 1759 668 praedictae

998 676 1000 720 j
1016 676 1128 709 fratres
1146 676 1184 709 ad
1202 676 1445 710 celebrationem
1467 677 1630 710 cuiusdam
1648 680 1758 711 asserti

998 732 1000 742 ¹
1017 729 1145 772 capituli
1169 729 1316 762 devenire
1342 734 1452 764 contra
1469 730 1623 763 dictarum
1643 731 1758 764 littera-

1015 793 1085 815 rum
1105 783 1277 826 patentium
1297 788 1438 817 tenorem
1457 794 1519 817 non
1537 784 1756 824 dubitave1·int;

1016 842 1045 869 et
1069 843 1237 880 propterea
1269 837 1450 881 praedictus
1482 838 1570 881 prior
1601 839 1758 881 generalis

1015 889 1052 922 de
1085 896 1264 934 opportuno
1298 891 1327 923 in
1360 891 1542 935 praemissis
1575 892 1716 925 remedio
1741 904 1756 925 a

1014 944 1105 977 nobis
1114 944 1273 988 provideri
1286 956 1488 989 summopere
1501 945 1668 979 desideret:
1683 946 1756 980 hinc

1014 1003 1057 1030 est
1075 997 1158 1041 quod
1173 1008 1240 1039 uos,
1254 998 1399 1031 eumdem
1415 998 1555 1042 priorem
1574 1000 1754 1041 generalem

995 1051 1204 1095 'specialibus
1229 1051 1389 1085 favoribus
1414 1057 1443 1084 et
1473 1053 1582 1095 gratiis
1607 1054 1754 1097 prosequi

994 1105 1164 1147 ivolentes,
1197 1111 1227 1138 et
1260 1116 1276 1138 a
1308 1106 1471 1149 quibusvis
1499 1108 1754 1141 excommunica-

994 1191 996 1201 ,
1013 1159 1117 1199 tionis,
1138 1160 1353 1203 suspensionis
1370 1163 1401 1193 et
1421 1160 1598 1201 interdicti,

994 1207 1233 1245 {ecelesiasticis
1258 1213 1435 1254 sententiis,
1460 1215 1602 1247 censuris
1627 1221 1655 1247 et
1680 1226 1754 1259 poe-

1623 1162 1754 1206 aliisque

1012 1267 1070 1307 uis,
1084 1277 1100 1299 a
1118 1267 1185 1299 iure
1200 1267 1246 1299 vel
1261 1267 1299 1299 ab
1316 1267 1454 1308 bomine,
1467 1268 1576 1311 quavis
1590 1270 1754 1302 occasione

1012 1320 1058 1352 vel
1085 1322 1178 1353 causa
1205 1320 1292 1361 tatis,
1322 1321 1345 1353 si
1375 1321 1489 1365 quibus
1517 1323 1753 1366 quomodolibet

1012 1374 1178 1406 innodatus
1192 1374 1304 1417 existit,
1323 1375 1360 1407 ad
1378 1374 1524 1408 effectum
1540 1377 1753 1419 praesentium

1011 1427 1170 1461 dumtaxat
1188 1428 1456 1472 consequendum,
1475 1428 1588 1461 barum
1609 1430 1689 1463 serie.
1705 1430 1754 1462 ab-

1011 1482 1167 1515 solventes
1200 1488 1229 1514 et
1260 1481 1440 1515 absolutum
1467 1483 1532 1516 sore
1568 1489 1752 1525 censentes,

1011 1535 1294 1578 supplicationibus
1319 1535 1385 1568 eius
1402 1535 1528 1569 nomine
1549 1536 1639 1569 nobis
1657 1548 1754 1580 super

1011 1589 1070 1621 boc
1096 1589 1257 1621 humiliter
1281 1589 1435 1633 porrectis
1456 1589 1605 1631 inclinati,
1631 1601 1752 1624 necnon

1011 1643 1186 1675 litterarum
1213 1648 1243 1675 et
1267 1643 1467 1676 decretorum
1499 1643 1678 1677 huiusmodi
1710 1650 1753 1677 tc-

1009 1706 1103 1729 nores
1135 1702 1164 1728 et
1188 1697 1248 1729 alia
1272 1697 1398 1740 speciali
1432 1697 1633 1741 expressione
1658 1698 1752 1741 digna

1010 1749 1228 1793 praesentibus
1252 1760 1310 1793 pro
1328 1750 1419 1793 plene
1444 1756 1473 1782 et
1499 1751 1753 1784 sufficientercx-

1008 1804 1125 1847 pressis
1149 1814 1185 1837 ac
1211 1803 1363 1836 verbatim
1384 1804 1507 1837 insertis
1533 1805 1694 1846 babentes,
1714 1806 1752 1837 de

1010 1857 1194 1889 eorumdem
1220 1857 1439 1899 cardinalium,
1464 1858 1518 1901 qui
1544 1869 1610 1891 rem
1631 1864 1752 1891 mature

1010 1910 1225 1943 discusserunt
1257 1917 1287 1943 et
1316 1911 1484 1954 diligenter
1515 1911 1751 1955 examinarunt,

1009 1965 1150 2005 consilio,
1176 1965 1282 1997 omnia
1306 1975 1386 2009 quae
1404 1964 1566 2010 hucusque
1584 1976 1641 2010 pro
1667 1977 1752 2010 prac-

1009 2019 1092 2051 dicia
1117 2018 1283 2062 provincia
1300 2018 1329 2051 S.
1346 2019 1510 2062 Augustini
1529 2019 1617 2063 regni
1644 2019 1751 2053 Portu-

991 2072 1120 2115 =galliae
1145 2072 1183 2104 ab
1215 2071 1325 2105 eadem
1353 2073 1598 2115 conmegatione
1628 2073 1753 2106 suerunt

991 2125 1133 2163 decreta
1147 2125 1206 2157 sul)
1221 2125 1333 2157 diebus
1347 2135 1386 2158 xv
1391 2135 1422 2158 111
1437 2125 1615 2158 decembris
1627 2136 1751 2167 uncctv

1009 2188 1050 2212 xx
1074 2179 1197 2221 augusti
1232 2187 1421 2218 unetv,x1
1451 2178 1599 2211 lb·.··l›1uuii
1634 2190 1750 2213 minervi

1008 2237 1038 2264 et
1058 2242 1143 2265 xxvu
1161 2232 1350 2276 septembris
1364 2233 1456 2265 etiam
1473 2243 1589 2266 uncLVt
1608 2234 1750 2277 (except-i

990 2278 1200 2338 {repositione
1232 2286 1336 2319 dilecti
1367 2287 1485 2330 pariter
1521 2287 1575 2319 filii
1609 2287 1750 2320 Andreae

990 2316 1110 2376 i'lcllez
1135 2339 1239 2372 fratris
1270 2339 1395 2372 Oidinis
1421 2339 1571 2383 praedicti
1604 2340 1634 2372 in
1661 2341 1744 2373 vita-

989 2377 1089 2425 irium
1105 2393 1356 2436 provincialem),
1368 2393 1519 2436 apostoli(
1523 2395 1661 2427 lauctor
1665 2395 1748 2434 itate

1008 2452 1116 2478 tenore
1142 2456 1188 2489 pr
1181 2446 1366 2486 icseittitittl,
1392 2447 1618 2479 contii-urunus
1643 2453 1671 2480 et
1697 2458 1748 2492 ap-

989 2499 1191 2543 probamus,
1213 2499 1336 2542 illisque
1354 2499 1541 2532 inviolabilis
1559 2501 1748 2544 apostolitae

988 2552 1164 2585 *firmitatis
1190 2553 1288 2585 iobui
1309 2553 1481 2586 adnuimus

989 2596 991 2607 ,
1051 2605 1105 2647 {¹2
1129 2606 1290 2638 Praeterea
1307 2607 1419 2639 iteruin
1435 2607 1630 2640 declaramus
1649 2609 1747 2651 priva-

1777 202 1825 228 An.
1843 203 1870 229 C.
1890 203 1958 230 1657

1789 2613 1875 2635 Munere
1898 2620 1945 2635 vist-
