2243 3205
43 246 89 272 Λπ.
109 243 138 270 C.
156 242 223 270 ¹658

61 1503 66 1507 .
74 1475 186 1497 Decretum
204 1476 230 1497 it‘

49 1505 120 1524 ritans.

59 2169 165 2191 Contraria
175 2169 235 2191 tollit.

833 239 1020 265 ALEXANDER
1044 239 1089 263 vn
1109 240 1156 263 PP.

238 294 269 323 et
291 290 411 334 poenis,
436 301 453 323 a
478 291 545 323 iure
570 290 616 323 vel
642 289 680 322 ab
704 289 848 327 homine,
869 288 979 332 quavis

237 343 402 376 occasione
422 343 470 376 vel
497 345 591 377 causa
616 343 697 384 latis,
723 342 880 387 siquibus
907 352 981 386 quo-

238 396 410 429 modolibet
425 396 589 430 innodatae
604 396 751 437 existunt,
771 395 810 428 ad
835 395 979 428 effectum

238 450 453 493 praesentium
472 449 633 482 dumtaxat
650 449 916 493 consequendum,
929 448 982 481 ha-

238 513 309 534 rum
341 502 423 535 serie
451 503 648 536 absolventes
677 509 707 535 et
731 502 890 536 absolutas
915 502 982 534 fore.

239 561 412 596 censentes,
433 555 716 599 supplicationibus
730 565 840 588 eorum
854 555 982 588 nomine

237 608 329 642 nobis
354 619 449 653 super
474 609 533 642 boc
559 609 721 641 humiliter
746 609 903 652 porrectis
928 609 979 641 in-

239 661 355 701 clinati,
378 667 562 695 revocantes
588 661 617 693 in
643 662 756 705 primis
774 668 804 695 et
824 662 983 694 annullan-

239 720 285 747 tes
310 716 357 747 ius
383 715 602 748 communitati
628 720 657 747 et
682 715 863 747 bominibus
892 726 983 759 prae-

239 767 331 800 dictis
355 769 478 812 pridem
493 778 688 807 concessum,
707 769 770 801 sive
789 775 982 812 competens,

240 822 419 854 celebrandi
443 821 599 855 nundinas
616 821 797 855 huiusmodi
815 823 983 865 quotannis

241 874 279 908 de
305 885 410 909 mense
435 875 599 909 novembri
625 880 654 907 et
679 875 858 914 decembri,
883 876 924 909 ita
951 881 984 908 ut

240 928 300 972 ipsi
326 939 362 961 eo
387 929 455 961 iure
482 929 511 961 in
536 934 698 972 posterum
717 929 805 961 nullo
824 929 917 963 modo
938 929 983 962 uti

241 982 371 1025 possint,
384 982 500 1015 eisdem
515 982 731 1016 communitati
747 987 777 1015 et
790 982 984 1023 bominibus,

241 1040 274 1067 ut
298 1035 453 1068 nundinas
467 1035 646 1068 huiusmodi
667 1046 737 1067 cum
756 1036 854 1067 solitis
869 1042 897 1067 et
915 1046 986 1069 con-

241 1090 338 1122 suetis
373 1090 627 1133 exemptionibus
668 1095 696 1122 ct
732 1090 985 1122 immunitatiltms

244 1143 341 1175 semel
367 1143 536 1186 quotannis
573 1153 679 1175 mense
715 1143 799 1175 maio
832 1154 890 1187 per
913 1149 985 1177 octo

243 1196 310 1229 dies
335 1201 405 1228 ante
431 1196 542 1229 festum
569 1196 597 1229 S.
623 1197 742 1241 Cyriaci
770 1202 799 1229 et
836 1208 892 1240 per
917 1197 986 1230 toti-

243 1251 313 1283 dem
339 1250 407 1283 dies
432 1254 501 1294 post
526 1250 607 1282 idem
635 1251 745 1283 festum
773 1251 935 1284 celebrare
952 1251 987 1283 li-

243 1304 317 1336 bere
344 1310 373 1336 et
399 1304 482 1336 licite
507 1305 626 1347 possint
653 1310 682 1336 et
708 1305 838 1344 valeant,
865 1310 988 1347 aposto-

244 1357 303 1390 lica
328 1358 525 1398 auctoritate,
547 1364 654 1391 tenore
673 1358 897 1401 praesentium,
915 1369 987 1391 con-

246 1411 386 1444 cedimus
411 1416 439 1445 et
465 1411 674 1454 indulgemus.

291 1465 305 1507 §
329 1464 358 1497 3.
381 1464 589 1497 Decernentes
605 1470 786 1508 praesentes
804 1465 922 1497 litteras
941 1476 989 1498 va-

246 1516 335 1556 lidas,
354 1517 460 1549 sirmas
489 1523 518 1550 et
544 1518 685 1551 efficaces
705 1518 838 1551 existere
855 1524 884 1550 et
910 1520 988 1558 sore,

247 1571 401 1615 dictisque
415 1571 632 1603 communitati
651 1576 680 1604 et
698 1571 891 1609 hominibus,
910 1572 990 1605 aliis-

246 1636 307 1669 que
332 1635 467 1668 quornm
497 1626 638 1665 interest,
671 1625 852 1668 plenissime
877 1626 988 1658 sutl'ra-

247 1679 332 1722 gari,
354 1679 460 1723 sicque
491 1684 519 1713 ct
550 1690 612 1712 non
639 1679 729 1712 aliter
755 1679 784 1711 in
807 1679 990 1722 praemissis

247 1743 306 1776 per
342 1743 558 1776 quoscumque
595 1733 713 1765 iudices
752 1733 930 1765 ordinarios
962 1738 992 1765 ct

248 1786 420 1829 delegatos,
439 1787 531 1818 etiam
558 1796 723 1818 causarum
746 1786 850 1829 palatii
869 1792 992 1830 aposto-

248 1839 300 1873 lici
321 1839 491 1880 auditores,
506 1850 540 1872 ac
555 1841 583 1872 S.
599 1840 632 1872 R.
652 1840 684 1872 E.
700 1839 887 1877 cardinales,
899 1839 991 1871 etiam

249 1893 288 1926 de
311 1893 551 1935 laterelegatos,
579 1892 709 1925 iudicari
736 1897 763 1924 et
789 1892 913 1924 definiri
939 1892 992 1924 de-

248 1946 334 1987 here,
360 1957 395 1979 ac
428 1947 549 1980 irritum
576 1950 605 1980 et
632 1946 743 1986 inane,
769 1946 792 1978 si
825 1956 913 1979 secus
943 1957 994 1979 su-

249 2011 305 2045 per
335 2000 383 2033 bis
408 2011 424 2032 a
450 2011 625 2044 quoquam,
652 2001 760 2043 quavis
786 2000 993 2040 auctoritate,

250 2055 384 2088 scienter
408 2055 455 2087 vel
482 2055 676 2097 ignoranter,
702 2054 868 2095 contigerit
895 2059 991 2086 atten-

252 2108 321 2140 tari.

297 2162 312 2205 ἓ
336 2162 364 2194 lt.
392 2163 460 2195 Non
492 2162 690 2196 obstantibus
719 2162 996 2195 constitutionibus

253 2220 279 2247 et
296 2215 547 2248 ordinationibus
569 2216 759 2259 apostolicis,
774 2225 906 2255 necnon,
921 2225 997 2258 qua-

254 2274 344 2301 tenus
380 2279 460 2312 opus
485 2269 547 2310 sit,
580 2269 713 2300 civitatis
749 2268 942 2312 praedictae,
968 2274 998 2300 et

254 2322 417 2366 quibusvis
442 2321 519 2361 aliis,
545 2322 636 2354 etiam
668 2322 865 2359 iuramento,
887 2322 999 2353 contir-

257 2375 394 2407 matione
421 2375 619 2418 apostolica,
646 2375 690 2406 vel
718 2374 826 2417 quavis
853 2374 998 2405 firmitate

255 2428 315 2460 alia
330 2428 497 2467 roboratis,
518 2428 640 2459 statutis
659 2432 688 2461 ct
708 2427 998 2467 eonsuetudinilms,

257 2481 431 2525 privilegiis
444 2492 579 2525 quoque,
596 2482 722 2513 indultis
738 2486 767 2513 ct
788 2481 898 2514 litteris
923 2491 999 2524 apo-

257 2535 374 2568 stolicis
396 2536 424 2567 in
450 2535 643 2567 conti-arium
663 2534 908 2578 praemissorum
924 2545 999 2578 quo-

257 2589 428 2623 modolibet
456 2589 624 2627 concessis,
649 2589 841 2622 confirmatis
867 2594 896 2621 et
915 2589 999 2621 inno-

259 2643 349 2678 vatis:
374 2642 490 2686 quibus
511 2642 657 2674 omnibus
672 2647 701 2674 et
714 2642 856 2684 singulis,
872 2643 997 2675 illorum

1012 293 1139 321 tenores
1165 287 1384 331 praesentibus
1415 296 1473 330 pro
1499 286 1590 330 plene
1615 290 1645 318 et
1670 284 1756 317 suffi-

1014 342 1132 375 cienter
1158 341 1313 385 expressis
1330 352 1364 374 ac
1383 341 1421 373 de
1446 340 1542 373 verbo
1563 339 1600 371 ad
1626 338 1757 371 verbum

1014 396 1140 428 insertis
1165 395 1327 435 babentes,
1345 394 1406 427 illis
1427 395 1501 427 alias
1520 394 1551 426 in
1569 403 1625 426 suo
1642 392 1758 425 robore

1014 449 1242 494 permansuris,
1261 448 1298 481 ad
1316 448 1563 492 praemissorum
1590 447 1735 480 effectum
1753 474 1758 487 ,

1015 504 1073 536 bac
1087 504 1153 535 vice
1176 503 1346 541 dumtaxat,
1365 501 1542 545 specialiter
1563 506 1590 533 et
1612 509 1759 544 expresse

1015 557 1227 600 derogamus;
1253 555 1429 598 ceterisque
1450 555 1616 588 contrariis
1634 553 1761 597 quibus-

1016 620 1160 653 cumque.

1060 664 1171 695 Datum
1187 663 1315 702 Romae,
1341 662 1423 705 apud
1456 661 1484 692 S.
1511 661 1638 693 Mariam
1670 660 1761 693 Maio-

1017 728 1095 759 rem,
1122 717 1179 749 sub
1193 716 1308 748 annulo
1335 715 1518 755 piscatoris,
1533 715 1583 747 die
1597 725 1642 747 xu
1656 715 1760 747 martii

1017 780 1169 811 uncum,
1194 770 1394 813 pontificatus
1419 768 1519 801 nostri
1546 778 1628 801 anno
1649 778 1692 801 111.

1054 832 1112 859 Dat.
1134 832 1178 858 die
1203 832 1231 857 1⁴2
1253 832 1340 858 martii
1364 831 1440 865 1658,
1463 830 1557 866 pontif.
1580 839 1649 857 anno
1666 837 1704 857 ιιι.

1328 975 1450 1009 tJIXClll.

1021 1056 1231 1098 Confirmatio
1268 1055 1386 1088 decreti
1421 1055 1563 1099 capituti
1601 1055 1764 1098 yeneralis

1064 1110 1324 1153 conqreqatiouis
1359 1109 1544 1152 Hispaniae
1585 1109 1760 1141 monacho-

1065 1174 1136 1195 rnm
1157 1162 1292 1195 Ordinis
1317 1163 1422 1195 suncti
1439 1163 1617 1204 Benedicti,
1637 1173 1699 1206 quo
1717 1162 1765 1194 de—

1064 1217 1219 1258 cernitur,
1246 1216 1332 1261 quod
1358 1217 1470 1249 trullus
1494 1217 1672 1249 monachus
1700 1227 1765 1248 mo·

1064 1271 1203 1303 nasterii
1227 1271 1255 1303 S.
1279 1270 1446 1303 Benedicti
1467 1270 1696 1302 Vullisoletanz'
1720 1268 1767 1301 iti-

1065 1329 1132 1356 ctae
1176 1324 1435 1367 conyreyatz'onis
1470 1324 1570 1366 possit
1605 1323 1767 1366 suscipere

1067 1377 1173 1410 ullum
1193 1377 1334 1421 qraclttm
1361 1378 1395 1409 1th
1422 1377 1632 1409 um‘rersilate
1670 1375 1767 1408 Valli-

1065 1429 1221 1471 soletana,
1246 1434 1476 1474 nequepelere,
1497 1434 1554 1463 atil
1580 1428 1767 1462 contendere

1066 1483 1103 1516 cle
1129 1483 1292 1517 cathedris
1308 1483 1325 1515 ¹.

1225 1564 1393 1592 Alexander
1408 1565 1486 1598 Papa
1502 1564 1564 1595 vn,

1166 1610 1202 1636 ad
1223 1610 1355 1636 futuram
1375 1609 1420 1635 rei
1442 1608 1623 1636 memoriam.

1069 1680 1083 1723 ἓ
1115 1680 1138 1712 l.
1165 1680 1285 1723 Exponi
1311 1680 1401 1713 nobis
1422 1690 1523 1723 nuper
1543 1680 1611 1712 tecit
1636 1679 1768 1712 dilectus

1026 1734 1108 1766 silius
1142 1734 1327 1767 Benedictus
1352 1734 1488 1773 Nevado,
1513 1733 1767 1775 congregationis

1026 1787 1192 1830 Hispaniae
1207 1787 1435 1820 monachorum
1461 1786 1586 1819 Ordinis
1604 1786 1701 1818 sancti
1716 1786 1769 1818 Be-

1026 1840 1142 1873 nedicti
1168 1841 1198 1873 in
1224 1842 1364 1874 Romana
1390 1841 1477 1873 curia
1503 1845 1691 1884 procurator
1715 1850 1770 1883 ge-

1027 1895 1153 1933 neralis,
1171 1894 1254 1938 quod
1269 1895 1353 1937 (scum
1371 1895 1446 1926 alias
1462 1894 1605 1926 nonnulli
1625 1893 1769 1927 monachi

1029 1948 1210 1981 monasterii
1230 1948 1259 1980 S.
1281 1948 1437 1981 Benedicti
1457 1947 1666 1980 Vallisoletani
1692 1947 1773 1979 eius-

1028 2001 1097 2034 dem
1117 2001 1381 2044 congregationis,
1399 2002 1428 2033 in
1445 2011 1507 2045 quo
1521 2000 1628 2033 novitii
1643 2010 1772 2042 congre-

1029 2055 1163 2098 gationis
1187 2055 1364 2099 praedictae
1384 2055 1569 2088 novitiatum
1595 2064 1706 2096 gerere
1725 2064 1770 2085 so-

1029 2108 1113 2150 lent,
1140 2108 1280 2151 publicas
1306 2108 1470 2141 cathedras
1508 2108 1537 2139 in
1570 2107 1772 2140 universitate

1030 2161 1122 2194 studii
1150 2161 1306 2203 generalis
1339 2161 1556 2194 Vallisoletana
1588 2171 1604 2192 a
1637 2165 1771 2203 quatuor

1031 2221 1105 2248 tunc
1130 2215 1248 2247 ultimis
1273 2215 1362 2247 annis
1387 2215 1549 2258 petiissent
1573 2218 1601 2247 et
1626 2224 1772 2256 occupas-

1032 2274 1120 2308 sent,
1155 2268 1287 2312 indeque
1320 2269 1475 2312 regularis
1508 2267 1705 2301 observantia
1743 2267 1773 2298 in

1032 2322 1143 2355 eodem
1158 2322 1349 2355 monasterio
1362 2332 1424 2355 non
1444 2322 1564 2354 modice
1586 2321 1773 2358 laederetur,

1032 2375 1105 2407 dum
1123 2376 1266 2409 monachi
1282 2376 1412 2419 praefati
1430 2375 1593 2408 cathedras
1610 2375 1773 2407 Ιιυίιιςιιιο4

1032 2429 1061 2461 di
1077 2429 1136 2461 sibi
1154 2429 1344 2472 procurandi
1361 2439 1436 2469 ergo
1455 2440 1487 2461 se
1503 2434 1530 2460 et
1546 2428 1771 2461 monasterium

1034 2482 1216 2525 inquietant,
1231 2486 1260 2515 et
1274 2482 1333 2514 illis
1353 2492 1439 2514 more
1456 2481 1644 2514 secularium
1665 2490 1773 2522 regen-

1033 2535 1079 2567 dis
1106 2535 1281 2568 insistentes
1306 2545 1322 2566 a
1348 2535 1446 2567 elioro
1471 2539 1499 2566 et
1524 2534 1592 2566 aliis:
1617 2533 1774 2566 exercitiis

1072 2653 1078 2678 t
1105 2652 1139 2678 Ex
1163 2652 1267 2687 ltegest.
1292 2652 1316 2678 in
1338 2652 1438 2678 Serret.
1461 2651 1526 2678 ltrer

1662 226 1726 260 339
1773 235 1821 261 An.
1840 234 1870 263 c.
1888 235 1954 263 1658

1810 1689 1926 1715 Expositio.
