2206 3174
255 213 309 238 An.
332 211 447 239 01657

247 1336 359 1365 Clau-ntae
370 1340 430 1360 prae*

246 1371 275 1383 brt
284 1366 371 1382 tatlt‘ae.

274 2592 388 2614 Contrariis
397 2592 432 2613 do-

248 2623 314 2645 rogat.

493 203 557 234 ,⁶300

450 260 566 293 cutioni
586 258 821 299 demandentur,
839 258 1024 302 illarumque
1042 258 1190 301 ignoran-

450 314 490 345 tia
516 324 531 345 a
557 312 680 344 nemine
698 312 763 344 ulto
781 322 916 355 uuquam
943 317 1084 356 tempore
1101 322 1190 355 prae-

451 365 531 398 tendi
558 365 672 409 possit,
698 365 930 397 venerabilibus
956 364 1107 397 fratribus
1133 374 1189 397 no-

449 418 521 450 stris
548 418 658 450 Martio
683 418 832 461 episcopo
857 416 1035 458 Albanensi,
1057 417 1086 451 S.
1105 417 1139 449 R,
1157 417 1188 449 li.

449 471 597 503 cardinali
635 470 757 504 Ginetto
790 476 990 515 nuncupato,
1014 476 1122 504 nostro
1159 471 1189 502 in

451 524 531 557 tjrbe
563 524 722 568 praedicta
759 523 875 557 vicario
909 524 938 556 in
975 523 1189 568 spiritualibus

449 577 598 618 generali,
617 577 662 608 rel
678 577 780 610 Marco
800 577 935 610 Antonio
957 577 1104 620 episcopo
1122 576 1191 609 Ilie-

448 630 682 673 1*.·ipolitanensi,
709 630 806 673 ipsius
831 630 930 662 Martii
958 629 1125 662 cardinalis
1150 629 1190 661 vi-

448 684 521 715 carii
550 684 765 726 ricesgerenti,
786 683 898 716 barum
914 683 993 716 serie
1018 683 1188 715 committi-

448 746 517 767 mus
542 742 571 767 et
597 735 780 768 mandamus
809 742 838 768 ut
862 742 1041 780 praesentes
1059 736 1187 777 litteras,

448 799 500 822 scu
535 790 658 822 illarum
685 795 837 830 tenorem,
864 790 894 821 in
920 789 1035 822 idioma
1060 789 1189 831 vulgare

447 842 581 876 fideliter
606 843 779 883 transferri,
797 854 831 875 ac
850 843 1012 875 translatas
1037 842 1188 886 imprimi,

447 896 634 939 illarumque
649 896 851 939 exemplaria,
866 896 895 928 in
911 895 1043 928 sormam
1058 895 1189 928 authen-

447 948 538 980 ticam
561 949 696 990 redacta,
716 950 745 980 in
765 949 897 991 singulis
923 948 1186 982 monasteriorum

446 1002 680 1045 praedictorum]
707 1002 856 1034 sacristiis
891 1012 925 1034 ac
951 1002 1056 1035 choris
1082 1007 1111 1034 ct
1136 1002 1184 1034 lo-

447 1055 596 1095 cutor-iis,
622 1055 651 1087 in
677 1056 746 1087 loeo
771 1055 919 1098 cospicuo
943 1054 995 1087 ubi
1023 1054 1062 1087 ab
1087 1054 1188 1087 omni-

446 1108 503 1140 bus
529 1108 588 1151 legi
614 1108 752 1152 possint,
778 1108 924 1140 constitui
961 1113 991 1140 et
1017 1108 1187 1148 collocari,

446 1160 551 1203 ibique
577 1165 729 1204 perpetuo
755 1171 936 1202 remanere,
962 1164 992 1194 et
1023 1171 1039 1193 a
1063 1161 1187 1193 nemine

445 1214 583 1247 amoveri
602 1220 722 1253 curent,
742 1214 799 1246 sub
820 1214 928 1256 poenis
946 1213 1133 1256 supradictis
1150 1224 1187 1245 eo
1204 1233 1205 1238 =

446 1267 514 1310 ipso
540 1278 595 1309 per
621 1266 878 1299 contrafacientes
903 1266 1109 1298 incurrendis.

490 1321 504 1362 ξ
529 1320 558 1352 5.
580 1320 788 1353 Dcccrnentes
802 1320 926 1352 easdem
945 1323 1125 1363 praesentes
1143 1319 1187 1351 lit-

447 1379 527 1405 teias
553 1384 678 1417 semper
705 1373 822 1412 tirmas,
847 1372 965 1404 validas
991 1376 1020 1405 et
1045 1372 1186 1404 efficaces

446 1427 578 1459 existere
604 1432 629 1459 ct
663 1427 745 1467 sore,
770 1436 871 1469 neque
904 1426 941 1458 de
975 1425 1188 1468 subreptionis

447 1481 492 1512 vel
530 1481 724 1524 obreptionis
757 1486 809 1513 aut
838 1480 988 1512 nullitatis
1020 1479 1115 1521 vilio,
1141 1479 1187 1512 vet

448 1533 627 1566 intentionis
662 1539 786 1565 nostrae
816 1543 869 1565 seu
901 1532 962 1565 alio
987 1542 1188 1575 quocumque

446 1585 578 1625 defectu,
604 1596 639 1618 ex
662 1585 772 1628 quovis
791 1585 890 1628 eapite
917 1585 962 1618 vel
985 1586 1076 1617 causa
1096 1584 1187 1617 etiam

446 1639 572 1682 speciali
598 1639 757 1671 mentione
781 1638 874 1681 digna
891 1665 898 1678 ,
922 1637 1025 1670 notari
1054 1643 1107 1670 aut
1132 1638 1207 1670 im-=

445 1692 579 1735 pugnari
605 1702 741 1735 unquam
770 1701 870 1735 posse,
889 1690 942 1723 sed
968 1690 1006 1722 ab
1032 1690 1188 1731 omnibus,

446 1746 482 1777 ad
502 1756 580 1788 quos
601 1750 716 1789 spectat
737 1750 765 1777 et,
790 1755 847 1788 pro
866 1750 1009 1788 tempore
1027 1744 1189 1788 spectabit,

446 1799 672 1842 cuiuscumque
697 1803 804 1838 status,
830 1797 958 1840 gradus,
983 1797 1119 1837 ordinis,
1145 1797 1189 1830 di>

446 1852 573 1894 gnitatis
608 1858 636 1884 et
674 1851 861 1884 conditionis
886 1851 1037 1893 existant,
1064 1851 1191 1884 inviola-

445 1905 550 1937 biliter
574 1905 752 1944 observari,
778 1904 884 1947 sicque
909 1909 939 1936 et
963 1914 1024 1936 non
1046 1903 1134 1937 aliter
1159 1904 1189 1936 in

446 1959 627 2002 praemissis
652 1969 709 2002 per
733 1968 949 2002 quoscumque
968 1957 1085 1989 iudices
1110 1957 1190 1989 ordi-

446 2013 550 2045 narios
576 2018 602 2044 et
629 2012 798 2054 delegatos,
816 2012 908 2044 etiam
926 2021 1089 2043 causarum
1104 2011 1189 2054 pala-

447 2067 480 2098 tii
506 2066 668 2110 apostolici
695 2066 864 2105 auditores,
890 2071 919 2097 et
948 2065 977 2099 S.
1003 2065 1037 2097 R.
1064 2065 1095 2097 E.
1123 2075 1190 2096 car-

446 2119 576 2159 dinales,
601 2119 693 2151 etiam
720 2119 757 2151 de
782 2119 879 2151 latere
908 2119 1038 2160 legatos,
1060 2121 1087 2151 et
1112 2117 1189 2149 alios

446 2173 603 2216 quoslibet
627 2172 736 2216 quavis
762 2172 948 2204 auctoritate
973 2176 1002 2203 et
1037 2175 1189 2213 potestate

445 2226 612 2269 fungentes
637 2231 667 2258 et
691 2226 863 2267 suncturos,
886 2225 1007 2257 sublata
1028 2224 1071 2256 eis
1096 2229 1125 2256 et
1142 2234 1191 2256 eo-

445 2291 516 2312 rum
543 2279 672 2312 cuilibet
688 2279 777 2313 aliter
797 2278 954 2311 iudicandi
984 2282 1013 2310 et
1039 2277 1203 2320 interprc-‘

446 2332 530 2364 tandi
557 2332 700 2365 facultate
725 2335 755 2365 et
779 2331 984 2371 auctoritate,
1009 2329 1140 2362 iudicari
1161 2334 1190 2361 et

447 2386 570 2418 dctiniri
597 2386 712 2418 debere
730 2413 737 2427 ,
764 2396 799 2418 ac
824 2385 948 2417 irritum
975 2387 1004 2418 et
1027 2383 1139 2425 inane,
1164 2383 1188 2416 si

447 2449 537 2471 secus
562 2450 655 2483 super
673 2439 721 2471 liis
747 2449 764 2471 a
780 2448 950 2482 quoquam,
965 2436 1074 2481 quavis
1087 2441 1190 2469 aucto-

448 2492 547 2533 ritate,
573 2492 707 2525 scienter
732 2492 777 2524 vel
804 2491 995 2534 ignoranter,
1022 2489 1190 2532 contigerit

447 2545 602 2578 attentari.

492 2603 506 2642 g
523 2601 551 2631 ti.
571 2600 636 2632 Non
655 2599 860 2637 (distantibus,
874 2603 1027 2641 quatenus
1046 2607 1125 2641 opus
1138 2597 1188 2636 sit,

1032 209 1209 235 nULLAntttM
1233 209 1385 234 ROMANUM

1223 258 1261 291 de
1287 258 1354 291 iure
1386 256 1527 301 quaesito
1556 265 1618 289 non
1643 255 1803 296 tollendo,
1835 254 1964 298 aliisque

1224 311 1338 344 nostris
1353 315 1383 343 et
1407 309 1612 342 cancellariae
1632 308 1820 353 apostolieae
1837 307 1964 350 regulis,

1224 369 1253 396 et
1278 363 1390 397 ceteris
1415 361 1690 396 constitutionibus
1710 366 1739 393 et
1763 359 1966 393 ordinationi-

1224 416 1283 449 bus
1305 415 1496 460 apostolicis‚
1514 415 1607 448 etiam
1633 414 1870 453 conciliaribus‚
1895 422 1965 445 nec-

1224 480 1285 503 non
1312 469 1575 503 monasteriorum
1612 474 1643 501 et
1673 467 1824 501 Ordinum
1849 465 1961 498 liuius-

1225 523 1333 563 modi,
1358 522 1451 555 ctiam
1486 522 1662 554 iuramento
1681 548 1688 562 ‚
1726 518 1965 553 confirmatione

1223 575 1406 618 apostolica,
1425 574 1472 607 vel
1498 574 1608 618 quavis
1632 572 1780 606 firmitate
1798 572 1858 605 alia
1872 571 1962 605 robo-

1223 628 1309 668 ratis,
1330 627 1452 661 statutis
1471 632 1499 660 ct
1524 625 1813 667 consuetudinibus,
1837 625 1963 669 privile-

1223 680 1282 723 giis
1302 690 1437 724 quoque,
1458 679 1587 713 indultis
1607 685 1637 712 et
1652 679 1765 713 litteris
1784 677 1964 722 apostolicis

1223 733 1253 765 in
1266 733 1458 766 contrarium
1469 733 1716 776 praemissorum
1727 730 1963 776 quomodolibet

1223 786 1399 827 concessis,
1425 786 1618 819 confirmatis
1649 789 1678 819 et
1702 779 1870 824 innovatis}
1894 784 1961 827 qni-

1222 839 1280 872 bus
1305 840 1451 872 omnibus
1476 845 1506 872 et
1530 839 1684 881 singulis,
1709 838 1835 871 illorum
1874 843 1962 870 teno-

1222 903 1272 926 res
1290 893 1510 936 praesentibus
1527 903 1585 936 pro
1603 892 1694 935 plene
1718 896 1748 924 et
1772 891 1964 924 sufficienter

1223 946 1377 990 expressis
1402 946 1562 986 babentes,
1587 945 1648 977 illis
1675 945 1749 977 alias
1779 944 1809 976 in
1834 954 1891 978 suo
1915 954 1964 976 ro-

1222 1000 1298 1033 bore
1322 999 1548 1043 permansuris,
1565 998 1602 1031 ad
1619 999 1864 1042 praemissorum
1890 996 1963 1030 effe-

1222 1058 1305 1098 ctum
1332 1051 1510 1095 specialiter
1535 1057 1565 1084 et
1589 1062 1738 1095 expresse
1755 1051 1962 1093 derogamus;

1222 1106 1397 1149 ceterisque
1421 1106 1588 1138 contrariis
1613 1105 1873 1148 quibuscumque.

1267 1160 1281 1201 ξ
1307 1159 1335 1192 7.
1362 1158 1514 1192 Volumus
1531 1162 1634 1192 autem
1655 1163 1687 1190 ut
1709 1162 1889 1202 praesentes
1916 1156 1963 1189 lit-

1223 1218 1306 1245 terae
1325 1223 1381 1256 per
1399 1212 1534 1257 aliquem
1553 1222 1608 1244 scu
1628 1211 1750 1254 aliquos
1776 1220 1811 1243 ex
1830 1220 1964 1243 cursori-

1222 1265 1279 1297 bus
1304 1265 1420 1298 nostris
1444 1265 1481 1296 ad
1509 1265 1610 1297 vali-as
1627 1264 1776 1297 ecclesiae
1796 1263 1825 1296 S.
1840 1263 1962 1296 loannis

1224 1319 1251 1351 in
1274 1319 1425 1351 Laterano
1449 1328 1484 1351 ac
1502 1317 1648 1350 basilicae
1663 1316 1818 1360 Principis
1834 1317 1963 1359 Aposto-

1223 1372 1323 1404 lorum
1355 1372 1433 1404 etin
1460 1371 1525 1403 acic
1550 1371 1654 1414 Campi
1681 1370 1792 1403 Florae
1817 1370 1854 1402 de
1881 1370 1963 1402 Urbe

1222 1425 1359 1468 praefata
1392 1424 1608 1467 publicentur,
1634 1429 1663 1455 et
1687 1433 1794 1455 earum
1821 1423 1982 1466 exempla*

1222 1478 1314 1511 etiam
1342 1478 1492 1521 impressa
1518 1477 1633 1510 ibidem
1659 1477 1844 1519 affigantur,
1871 1486 1962 1520 quae,

1222 1532 1266 1564 sie
1280 1531 1457 1574 publicatae
1471 1535 1499 1563 et
1515 1530 1632 1571 affixae,
1647 1539 1757 1563 omnes
1769 1534 1798 1562 et
1812 1529 1963 1571 singulos,

1222 1594 1301 1628 quos
1327 1587 1532 1624 concernunt,
1552 1582 1683 1627 perinde
1708 1582 1844 1615 afficiant
1868 1586 1896 1614 et
1914 1592 1963 1614 ar-

1223 1642 1316 1677 ctent,
1331 1648 1365 1669 ae
1385 1637 1407 1669 si
1431 1637 1556 1669 illorum
1573 1636 1742 1680 unicuique
1755 1635 1964 1680 personaliter

1224 1691 1382 1723 intimatae
1400 1690 1544 1729 fuissent;
1564 1695 1658 1734 utque
1675 1688 1855 1722 earumdem
1873 1698 1964 1732 prae-

1223 1744 1358 1776 sentium
1378 1743 1589 1786 transumptis,
1605 1742 1696 1775 etiam
1713 1742 1884 1786 impressis,
1902 1751 1964 1773 ma-

1223 1807 1265 1830 nu
1282 1796 1395 1829 notarii
1410 1796 1526 1839 publici
1545 1795 1741 1838 subscriptis,
1755 1799 1783 1826 et
1798 1794 1901 1837 sigillo
1913 1794 1964 1826 ali-

1224 1850 1312 1883 cuius
1336 1859 1489 1894 personae
1518 1849 1548 1881 in
1579 1848 1789 1882 ecclesiastiea
1813 1847 1963 1890 dignitate

1224 1904 1409 1936 constitutae
1438 1902 1576 1943 munitis,
1597 1902 1704 1934 eadem
1733 1912 1864 1945 prorsus
1886 1900 1964 1934 sides

1224 1957 1254 1989 in
1279 1956 1394 1989 iudicio
1412 1961 1442 1989 et
1459 1959 1544 1990 extra
1563 1955 1761 1995 adhibeatur,
1779 1965 1858 1998 quae
1875 1965 1964 1998 prae-

1223 2011 1362 2043 sentibus
1388 2010 1462 2053 ipsis
1487 2009 1711 2050 adhiberetur,
1737 2009 1761 2041 si
1786 2008 1888 2042 forent
1913 2018 1963 2041 ex-

1224 2063 1338 2096 hibitae
1364 2063 1410 2095 vel
1435 2068 1587 2095 ostensae.

1262 2116 1372 2148 Datum
1384 2116 1512 2156 Romae,
1526 2115 1608 2158 apud
1623 2114 1651 2147 S.
1662 2114 1789 2147 Mariam
1804 2113 1962 2154 Maiorem,

1223 2169 1281 2201 sub
1299 2169 1414 2201 annulo
1444 2168 1621 2207 piscatoris,
1647 2167 1695 2200 die
1724 2177 1798 2199 xxiv
1820 2171 1960 2210 septem-

1225 2222 1289 2254 bris
1314 2231 1457 2262 naemu,
1478 2221 1679 2265 pontificatus
1703 2220 1801 2252 nostri
1820 2230 1901 2253 anno
1918 2229 1962 2252 iu.

1259 2284 1316 2310 nat.
1335 2283 1377 2310 die
1393 2283 1426 2310 ⁹24
1441 2282 1603 2318 septembris
1627 2283 1704 2315 ¹657,
1717 2282 1812 2318 pontis.
1830 2290 1901 2309 anno
1921 2288 1961 2308 m.

1519 2442 1668 2476 CLXXIII.

1206 2541 1408 2582 ¹Prolu'bv'tio
1442 2539 1636 2572 arta-ahendi
1674 2538 1769 2572 libros
1805 2543 1833 2572 et
1868 2548 1962 2582 quae—

1267 2604 1403 2636 cumque
1427 2593 1495 2625 aliu
1521 2603 1559 2624 ea?
1577 2591 1766 2624 bibliotheca
1789 2596 1961 2624 conventus

1971 206 2023 234 An.
2045 205 2074 234 c.
2092 207 2157 236 1657
2173 190 2184 235 θ’

2013 1166 2160 1193 'ri-antummo-

1944 1210 1950 1215 .
1978 1200 2023 1214 runi
2038 1193 2097 1214 tides.
