2243 3205
285 178 333 203 An.
355 177 382 202 r..
407 176 468 204 1661
519 168 582 201 652

1057 178 1234 202 BULLARIUM

485 230 574 257 nutas
610 230 639 256 et
674 224 846 268 scripturas
876 235 971 269 penes
1002 227 1220 260 contrahentes

483 278 667 318 existentes,
693 282 721 312 et
745 289 801 321 per
828 285 1066 322 procuratorem
1092 285 1144 312 aut
1167 290 1220 312 ne-

482 331 639 373 gotiorum
666 337 823 374 gestorem
850 332 957 375 vigore
976 333 1111 366 mandati
1130 344 1220 376 gene-

482 384 566 424 ralis,
592 385 683 416 etiam
708 396 778 417 cum
805 386 931 419 decreto
957 386 1067 420 iudicis
1092 387 1137 419 vcl
1163 398 1219 430 per

481 436 571 468 aliam
590 438 788 480 quantumvis
805 438 1034 482 privilegiatam
1052 450 1216 483 personam

480 490 706 533 cuiuscumque
731 491 889 533 dignitatis
922 503 958 525 ac
989 493 1114 537 speciali
1144 495 1217 526 nota

479 544 713 584 recensendam,
739 546 785 577 vcl
810 545 945 589 denique
972 547 1082 589 quovis
1108 546 1214 578 iuridi·

479 607 586 629 carum
605 598 836 632 solemnitatum
855 606 1007 643 apparatu
1028 599 1213 644 praemuni-

478 649 554 690 tos¹3
581 656 772 695 cunctosque
798 653 839 685 ita
864 654 1082 686 contrahentes
1108 653 1215 696 poenis

477 704 507 735 in
548 705 735 748 supradictis
775 707 1050 740 constitutionibus
1090 706 1216 740 inflictis

476 757 672 791 mulctandos
696 759 842 801 decrevit,
862 760 1081 804 licentiamque
1096 760 1125 792 in
1144 760 1215 792 scri-

474 810 535 852 ptis
560 821 655 854 super
679 811 857 845 huiusmodi
879 813 1090 847 contractibus
1108 813 1215 856 implo-

475 864 604 896 randam
631 875 647 896 a
672 865 811 898 Romano
836 866 995 907 Pontifice,
1009 877 1045 900 ac
1060 867 1089 898 in
1104 867 1212 899 eadem

475 916 555 949 serie
581 923 759 951 contractus
784 919 999 962 explicandam
1025 930 1092 952 esse
1112 919 1214 952 deela-

474 970 568 1010 ravit,
602 971 757 1014 derogans
782 972 969 1016 cuicumque
994 973 1133 1005 civilitati
1160 984 1213 1006 seu

473 1023 649 1066 privilegio,
675 1024 795 1057 indulto
820 1030 873 1057 aut
893 1025 1019 1058 decreto
1046 1025 1213 1067 civilitatis,

473 1076 613 1118 quolibet
637 1077 726 1110 titulo
744 1078 837 1110 etiam
859 1089 993 1112 oneroso
1012 1089 1047 1112 ac
1068 1079 1124 1112 sub
1139 1090 1213 1123 qua-

472 1129 517 1162 vis
541 1129 734 1173 amplissima
760 1131 928 1164 verborum
955 1133 1113 1165 structura
1139 1143 1212 1166 con-

473 1192 591 1222 cessae;
618 1183 753 1217 subdens
777 1190 940 1228 praeterea
965 1185 1138 1229 simplicem
1158 1185 1212 1218 do-

472 1235 580 1268 micilii
607 1236 791 1270 electionem
818 1237 899 1281 apud
924 1244 992 1271 acta
1012 1238 1136 1282 publica
1161 1249 1212 1271 ne-

473 1300 630 1333 quaquam
656 1290 843 1333 suffi‘agari,
876 1291 930 1324 sed
955 1302 1034 1335 opus
1059 1302 1147 1333 esse,
1179 1297 1212 1325 ut

470 1343 638 1386 privilegio
665 1344 819 1377 incolatus
837 1345 938 1388 quoad
957 1345 1128 1388 praemissa
1141 1346 1211 1389 quis

471 1396 516 1428 uti
541 1397 650 1439 possit,
675 1407 747 1430 vere
773 1402 803 1430 et
822 1397 949 1430 realiter
967 1398 1160 1431 domicilium
1179 1398 1209 1431 in

471 1448 558 1482 Statu
585 1450 633 1482 vel
658 1450 740 1483 Urbe
764 1451 932 1494 praedictis
960 1452 989 1483 in
1022 1457 1208 1495 perpetuum

470 1506 500 1536 et
516 1502 621 1535 animo
638 1504 843 1547 permanendi
862 1505 1060 1537 constituere.
1075 1505 1121 1544 Et,
1138 1516 1208 1538 cum

469 1556 698 1599 praeiudicium
723 1557 852 1590 Sanctae
877 1557 965 1591 Sedis
986 1568 1083 1601 aeque
1109 1559 1210 1591 immi-

469 1614 558 1642 neret
582 1610 606 1641 si
631 1609 714 1642 bona
734 1621 834 1654 prope
852 1610 966 1643 Urbem
986 1611 1105 1644 consita
1119 1611 1209 1646 dictis

470 1662 747 1696 constitutionibus
772 1664 934 1707 supposita
957 1665 1135 1698 nullatenus
1160 1676 1208 1698 re-

469 1722 625 1757 maneant,
650 1716 767 1750 idcirco
783 1717 839 1750 sub
853 1717 970 1750 eisdem
991 1728 1207 1761 quaecumque

470 1770 592 1811 casalia,
618 1775 740 1804 tenutas
766 1776 796 1804 et
819 1771 961 1814 pedicas,
986 1771 1050 1804 sive
1075 1772 1204 1804 iurisdi-

470 1823 624 1864 ctionalia,
639 1823 702 1856 sive
716 1834 788 1863 non,
802 1825 882 1856 ultra
896 1829 1030 1868 quatuor
1044 1825 1082 1858 ab
1097 1825 1206 1858 eadem

469 1876 552 1909 Urbe
591 1877 737 1909 milliaria
775 1878 998 1921 comprehendi
1038 1878 1206 1911 mandavit.

469 1929 608 1973 Insuper,
633 1936 667 1963 ut
692 1941 728 1964 eo
753 1931 853 1974 magis
878 1931 1036 1964 dictarum
1061 1932 1207 1964 constitu-

468 1983 588 2015 tionum
630 1983 828 2016 observantia
867 1984 991 2017 firmata
1029 1990 1205 2025 remaneat,

468 2035 550 2068 ultra
574 2046 626 2068 eas
650 2047 706 2079 per
730 2036 829 2070 dictos
849 2037 1107 2080 praedecessores
1125 2048 1207 2070 com-

468 2090 610 2130 minatas,
627 2090 744 2122 addidit
765 2100 882 2134 poenas
904 2091 1136 2124 confiscationis
1154 2091 1207 2124 bo-

468 2153 580 2177 norum
607 2143 859 2187 praedictorum,
886 2145 931 2176 vel
958 2155 1067 2177 eorum
1094 2145 1204 2188 pretii,

468 2196 532 2228 sive
557 2196 691 2229 solutum
717 2197 832 2237 suerit,
865 2197 928 2229 sive
961 2197 1151 2241 promissum
1177 2202 1206 2230 et

468 2249 674 2290 destinatum,
700 2255 729 2282 et
754 2250 877 2283 interim
903 2251 940 2283 ad
966 2251 1123 2283 cambium
1158 2251 1204 2283 vel

468 2302 525 2334 sub
549 2302 609 2335 alio
634 2303 824 2336 interusurio
861 2314 958 2347 penes
986 2304 1204 2338 contrahentes

468 2356 515 2388 vel
540 2356 617 2389 alios
641 2357 807 2397 relictum,
840 2358 864 2389 si
894 2358 1013 2402 absque
1044 2358 1203 2401 praedicta

467 2409 674 2451 praecedente
698 2410 823 2443 licentia
849 2411 878 2442 in
902 2411 1041 2444 savorem
1072 2411 1204 2444 sorensis

467 2473 593 2505 quoquo
619 2463 711 2496 modo
736 2463 862 2497 illorum
879 2464 1025 2497 dominus
1043 2464 1203 2497 absolutus

503 2535 514 2559 1
532 2533 599 2560 Vide
618 2534 729 2561 Constit.
746 2541 844 2562 cxxxttt
863 2535 1014 2563 Innocentii
1033 2535 1053 2561 Χ
1074 2536 1156 2563 relata
1176 2536 1203 2562 in

468 2581 531 2606 tom.
545 2587 589 2614 xv,
602 2588 661 2615 pag.
673 2581 734 2615 eta,
747 2584 773 2608 et
782 2581 922 2616 speciatim
933 2582 946 2617 ἓ
957 2582 973 2609 9
985 2590 1045 2617 pag.
1057 2581 1109 2609 653
1120 2581 1198 2616 (uxr.)

1259 177 1412 202 ROMANUM

1255 226 1356 259 suerit.
1393 226 1446 259 Sin
1478 236 1552 260 vero
1583 226 1763 261 huiusmodi
1795 227 1877 261 bona
1900 228 1987 262 fidei-

1254 279 1422 312 commisso
1436 279 1483 312 vel
1508 280 1776 323 primogeniturae
1796 280 1885 314 aliive
1901 281 1990 314 resti-

1253 331 1363 365 tutioni
1389 332 1549 376 supposita
1573 332 1676 373 suerit,
1694 337 1767 366 tunc
1782 332 1912 366 durante
1924 333 1988 366 vita

1253 390 1371 417 tantum
1416 385 1630 418 contrahentis
1668 385 1706 418 ad
1746 395 1901 418 cameram
1941 386 1988 419 vel

1251 438 1431 480 ecelesiam⁷
1465 449 1482 471 a
1517 449 1578 482 qua
1605 438 1765 483 praedicta
1789 439 1870 472 bona
1895 449 1988 473 reco-

1251 496 1488 533 gnoscerentur,
1513 496 1654 535 spectare
1678 491 1825 533 decrevit,
1840 491 1904 525 sive
1921 502 1991 525 con-

1252 549 1367 577 tractus
1392 555 1409 577 a
1435 550 1537 577 tutore
1564 545 1612 577 vel
1636 545 1696 578 alio
1721 545 1862 588 quolibet
1890 545 1988 578 admi-

1250 597 1418 630 nistratore
1443 598 1617 631 celebratus
1631 598 1734 639 suerit,
1753 609 1932 642 poenasque
1951 598 1988 631 ad

1250 651 1414 683 arbitrium
1440 652 1487 683 sui
1513 652 1560 684 vel
1586 662 1644 695 pro
1669 657 1812 696 tempore
1831 652 1989 685 existentis

1250 704 1427 736 Pontificis¹
1445 714 1509 745 eos,
1534 705 1586 748 qui
1613 705 1715 737 taliter
1740 706 1866 738 nomine
1887 705 1988 739 alieno

1249 758 1463 790 contraxerint
1481 759 1528 791 vel
1557 769 1742 792 consensum
1768 759 1988 802 qualitercum-

1248 822 1308 854 que
1324 812 1546 854 praestiterint,
1561 812 1792 845 constituendas
1807 813 1987 854 reservavit,

1249 875 1398 897 revocans
1415 875 1630 909 quascumque
1650 865 1790 898 licentias
1805 866 1988 899 contrahen-

1247 917 1277 949 di
1303 918 1334 950 in
1360 918 1497 951 savorem
1523 918 1693 951 sorensium
1719 919 1834 962 absque
1855 919 1986 953 Romani

1249 970 1405 1004 Pontificis
1429 971 1573 1004 facultate
1598 982 1696 1015 usque
1717 971 1790 1004 illuc
1816 971 1994 1015 quomodo-⁴

1247 1023 1324 1056 libet
1347 1034 1519 1058 concessas.

1291 1077 1305 1120 ἓ
1331 1078 1358 1110 7.
1382 1077 1560 1111 Successive
1573 1082 1675 1111 autem
1694 1079 1822 1119 cunctis,
1839 1078 1891 1122 qui
1910 1089 1985 1112 con-

1247 1133 1293 1163 tra
1317 1135 1459 1163 tenorem
1484 1131 1637 1164 dictarum
1663 1131 1920 1164 constitutionum
1947 1132 1985 1165 de

1246 1183 1325 1216 sacto
1350 1184 1542 1217 contraxisse
1570 1184 1788 1228 reperiantur,
1814 1185 1983 1218 terminum

1246 1236 1339 1268 trium
1359 1237 1523 1277 mensium,
1538 1238 1616 1270 citra
1634 1243 1737 1270 tamen
1755 1237 1983 1280 praeiudicium

1245 1300 1387 1323 camerae
1401 1291 1502 1334 quoad
1517 1301 1632 1334 poenas
1645 1290 1752 1333 vigore
1764 1301 1871 1323 earum
1884 1291 1986 1324 incur-

1244 1342 1312 1376 sas²
1328 1344 1480 1386 praefixit,
1499 1354 1560 1387 quo
1578 1344 1729 1387 temporis
1743 1344 1843 1387 spatio
1862 1344 1985 1378 unicui-

2001 180 2051 207 An.
2067 181 2096 209 C.
2116 182 2177 214 ¹86¹
2219 186 2223 206 ι’

2020 1089 2177 1114 Contu-avenion-

2001 1117 2051 1138 tium
2065 1123 2151 1144 poenae.
2172 1122 2186 1130 ⁸

1244 1406 1303 1438 que
1318 1395 1425 1429 liceret
1438 1396 1521 1439 quod
1537 1396 1639 1428 taliter
1658 1396 1790 1439 gesserit
1803 1401 1983 1438 retractare,
2024 1444 2027 1447 Δ

1244 1459 1279 1481 ae
1294 1449 1324 1481 in
1336 1449 1468 1492 pristino
1484 1453 1574 1491 statu,
1585 1460 1647 1493 quo
1662 1454 1732 1482 ante
1746 1450 1982 1484 conventionem

1244 1508 1343 1543 erant,
1368 1502 1490 1545 singula
1512 1513 1676 1546 reponere,
1696 1513 1795 1546 eoque
1812 1504 1930 1547 elapso,
1947 1514 1983 1537 ac

1244 1556 1456 1589 contractibus
1478 1556 1656 1589 huiusmodi
1687 1567 1748 1589 non
1780 1556 1920 1598 abolitis,
1945 1557 1983 1590 ad

1243 1618 1400 1641 eameram
1422 1609 1505 1642 bona
1530 1608 1690 1652 praedicta
1715 1609 1910 1652 pertineant,
1936 1609 1982 1642 in-

1243 1661 1374 1704 iungens
1409 1661 1502 1694 simul
1538 1662 1668 1695 notariis
1700 1662 1913 1705 quibuslibet,
1950 1667 1982 1696 ut

1243 1715 1447 1750 instrumenta
1472 1716 1577 1749 onmia
1602 1727 1696 1760 super
1720 1717 1900 1760 praemissis
1925 1727 1982 1761 per

1241 1779 1295 1802 eos
1319 1770 1459 1803 confecta
1488 1769 1653 1810 exhibere,
1684 1780 1719 1802 ac
1750 1770 1981 1804 revocationem

1241 1827 1402 1864 gestorum
1429 1823 1570 1855 omnium
1589 1822 1619 1855 in
1640 1823 1823 1856 eorumdem
1840 1823 1981 1866 margine

1241 1874 1406 1919 designare
1430 1881 1605 1918 teneantur,
1623 1876 1691 1909 loca
1708 1881 1811 1908 autem
1826 1876 1979 1909 montium

1242 1935 1272 1962 ct
1289 1929 1391 1962 officia
1409 1930 1566 1962 Romanae
1587 1930 1702 1970 curiae,
1717 1929 1761 1963 uti
1779 1940 1836 1963 nec
1850 1940 1978 1963 suorum

1239 1982 1518 2026 praedecessorum
1544 1982 1683 2016 subiecta
1704 1993 1884 2016 remansere
1904 1993 1979 2016 con-

1240 2036 1463 2077 stitutionibus,
1488 2037 1528 2069 ita
1552 2036 1671 2080 pariter
1685 2036 1723 2069 ab
1741 2036 1857 2069 eisdem
1872 2047 1977 2070 exem-

1239 2095 1290 2133 pta
1315 2091 1391 2130 sore,
1415 2100 1474 2123 nec
1499 2090 1728 2133 comprehensa
1757 2089 1877 2123 censeri
1903 2100 1977 2124 con-

1238 2143 1384 2176 firmavit.

1283 2198 1297 2240 ξ
1322 2198 1350 2230 8.
1378 2198 1502 2239 Verum,
1521 2197 1594 2240 quia
1611 2197 1648 2230 ad
1673 2202 1812 2230 nostram
1833 2197 1975 2230 notitiam

1238 2251 1361 2283 devenit
1372 2251 1550 2294 complures
1562 2251 1709 2292 sorenseS,
1723 2250 1903 2294 praemissis
1912 2250 1978 2283 nul-

1239 2305 1358 2337 latenus
1383 2304 1517 2345 attentis,
1535 2304 1617 2337 bona
1639 2309 1700 2336 tam
1726 2303 1858 2336 feudalia
1882 2313 1974 2348 quam

1237 2358 1413 2398 allodialia,
1439 2368 1509 2390 cum
1535 2357 1751 2390 iurisdictione
1776 2361 1806 2389 et
1836 2356 1920 2398 sine,
1944 2357 1976 2389 in

1237 2416 1346 2443 nostro
1360 2411 1446 2444 Statu
1461 2410 1679 2444 Ecclesiastico
1700 2410 1757 2443 sita
1770 2409 1975 2443 nihilominus

1237 2464 1408 2508 possidere,
1431 2475 1548 2508 eosque
1569 2464 1673 2497 forsan
1699 2474 1716 2496 a
1740 2468 1848 2497 tenore
1870 2473 1975 2507 supra·

1272 2539 1283 2564 1
1301 2537 1383 2564 Deest
1399 2536 1560 2572 praepositio
1576 2536 1606 2562 in
1621 2535 1662 2563 vel
1678 2538 1779 2562 contra
1792 2536 1833 2570 (R.
1852 2534 1901 2569 12).

1270 2581 1286 2608 ἓ
1302 2581 1371 2608 Edit.
1392 2581 1470 2609 Main.
1487 2581 1553 2616 legit
1566 2581 1696 2608 incussas
1708 2581 1749 2615 (n.
1766 2582 1812 2610 T.).

2020 2201 2097 2224 Mottva
2110 2187 2167 2224 huius

1991 2235 2056 2261 nevae
2070 2229 2168 2251 Constitu-

1991 2259 2058 2278 tionis.
