<?xml version="1.0" encoding="UTF-8"?>
<!DOCTYPE html PUBLIC "-//W3C//DTD XHTML 1.0 Transitional//EN"
    "http://www.w3.org/TR/xhtml1/DTD/xhtml1-transitional.dtd">
<html xmlns="http://www.w3.org/1999/xhtml" xml:lang="en" lang="en">
 <head>
  <title>
</title>
<meta http-equiv="Content-Type" content="text/html;charset=utf-8" />
  <meta name='ocr-system' content='tesseract 3.04.00' />
  <meta name='ocr-capabilities' content='ocr_page ocr_carea ocr_par ocr_line ocrx_word'/>
</head>
<body>
  <div class='ocr_page' id='page_1' title='image "./bullarumdiplomat16cath_0055.png"; bbox 0 0 2185 3188; ppageno 0'>
   <div class='ocr_carea' id='block_1_1' title="bbox 47 201 233 231">
    <p class='ocr_par' dir='ltr' id='par_1_1' title="bbox 47 201 233 231">
     <span class='ocr_line' id='line_1_1' title="bbox 47 201 233 231; baseline -0.011 0"><span class='ocrx_word' id='word_1_1' title='bbox 47 204 97 231; x_wconf 78' lang='lat' dir='ltr'>An.</span> <span class='ocrx_word' id='word_1_2' title='bbox 113 202 142 230; x_wconf 90' lang='lat' dir='ltr'>C.</span> <span class='ocrx_word' id='word_1_3' title='bbox 164 201 233 230; x_wconf 80' lang='lat'>1655</span> 
     </span>
    </p>
   </div>
   <div class='ocr_carea' id='block_1_2' title="bbox 844 195 1165 221">
    <p class='ocr_par' dir='ltr' id='par_1_2' title="bbox 844 195 1165 221">
     <span class='ocr_line' id='line_1_2' title="bbox 844 195 1165 221; baseline -0.009 0"><span class='ocrx_word' id='word_1_4' title='bbox 844 196 1030 221; x_wconf 63' lang='lat' dir='ltr'>ALEXANDER</span> <span class='ocrx_word' id='word_1_5' title='bbox 1053 195 1098 220; x_wconf 86' lang='lat' dir='ltr'>vn</span> <span class='ocrx_word' id='word_1_6' title='bbox 1117 195 1165 219; x_wconf 84' lang='lat' dir='ltr'>PP.</span> 
     </span>
    </p>
   </div>
   <div class='ocr_carea' id='block_1_3' title="bbox 47 239 1758 345">
    <p class='ocr_par' dir='ltr' id='par_1_3' title="bbox 47 239 1758 345">
     <span class='ocr_line' id='line_1_3' title="bbox 47 239 1758 293; baseline -0.008 -8"><span class='ocrx_word' id='word_1_7' title='bbox 47 264 110 286; x_wconf 64' lang='lat' dir='ltr'>„aaa</span> <span class='ocrx_word' id='word_1_8' title='bbox 141 258 307 293; x_wconf 74' lang='lat' dir='ltr'>Partho-que</span> <span class='ocrx_word' id='word_1_9' title='bbox 323 248 470 282; x_wconf 84' lang='lat' dir='ltr'>defuncto</span> <span class='ocrx_word' id='word_1_10' title='bbox 493 247 585 281; x_wconf 86' lang='lat' dir='ltr'>nobis</span> <span class='ocrx_word' id='word_1_11' title='bbox 601 246 639 280; x_wconf 87' lang='lat' dir='ltr'>ad</span> <span class='ocrx_word' id='word_1_12' title='bbox 656 245 770 280; x_wconf 83' lang='lat' dir='ltr'>summi</span> <span class='ocrx_word' id='word_1_13' title='bbox 795 245 988 289; x_wconf 87' lang='lat' dir='ltr'>apostolatus</span> <span class='ocrx_word' id='word_1_14' title='bbox 1020 254 1097 286; x_wconf 80' lang='lat' dir='ltr'>rem,</span> <span class='ocrx_word' id='word_1_15' title='bbox 1123 242 1181 276; x_wconf 88' lang='lat' dir='ltr'>sub</span> <span class='ocrx_word' id='word_1_16' title='bbox 1205 242 1320 275; x_wconf 87' lang='lat' dir='ltr'>annulo</span> <span class='ocrx_word' id='word_1_17' title='bbox 1350 240 1528 281; x_wconf 79' lang='lat' dir='ltr'>piscatoris,</span> <span class='ocrx_word' id='word_1_18' title='bbox 1551 239 1602 273; x_wconf 89' lang='lat' dir='ltr'>die</span> <span class='ocrx_word' id='word_1_19' title='bbox 1628 248 1686 273; x_wconf 81' lang='lat' dir='ltr'>vm</span> <span class='ocrx_word' id='word_1_20' title='bbox 1710 239 1758 272; x_wconf 92' lang='lat' dir='ltr'>iu-</span> 
     </span>
     <span class='ocr_line' id='line_1_4' title="bbox 247 295 1659 345; baseline -0.006 -10"><span class='ocrx_word' id='word_1_21' title='bbox 247 302 372 336; x_wconf 84' lang='lat' dir='ltr'>cutmen</span> <span class='ocrx_word' id='word_1_22' title='bbox 386 301 555 345; x_wconf 79' lang='lat' dir='ltr'>assumptis</span> <span class='ocrx_word' id='word_1_23' title='bbox 572 301 734 334; x_wconf 87' lang='lat' dir='ltr'>humiliter</span> <span class='ocrx_word' id='word_1_24' title='bbox 751 298 987 343; x_wconf 81' lang='lat' dir='ltr'>supplicaveriS,</span> <span class='ocrx_word' id='word_1_25' title='bbox 1020 298 1062 331; x_wconf 91' lang='lat' dir='ltr'>nii</span> <span class='ocrx_word' id='word_1_26' title='bbox 1080 306 1195 337; x_wconf 75' lang='lat' dir='ltr'>MDCLV,</span> <span class='ocrx_word' id='word_1_27' title='bbox 1211 297 1414 341; x_wconf 83' lang='lat' dir='ltr'>pontificatus</span> <span class='ocrx_word' id='word_1_28' title='bbox 1427 295 1526 329; x_wconf 90' lang='lat' dir='ltr'>nostri</span> <span class='ocrx_word' id='word_1_29' title='bbox 1541 304 1622 328; x_wconf 89' lang='lat' dir='ltr'>anno</span> <span class='ocrx_word' id='word_1_30' title='bbox 1639 302 1659 327; x_wconf 85' lang='lat'>1.</span> 
     </span>
    </p>
   </div>
   <div class='ocr_carea' id='block_1_4' title="bbox 47 293 119 314">
    <p class='ocr_par' dir='ltr' id='par_1_4' title="bbox 47 293 119 314">
     <span class='ocr_line' id='line_1_5' title="bbox 47 293 119 314; baseline -0.042 0"><span class='ocrx_word' id='word_1_31' title='bbox 47 293 119 314; x_wconf 74' lang='lat' dir='ltr'>mim.</span> 
     </span>
    </p>
   </div>
   <div class='ocr_carea' id='block_1_5' title="bbox 53 2339 233 2362">
    <p class='ocr_par' dir='ltr' id='par_1_5' title="bbox 53 2339 233 2362">
     <span class='ocr_line' id='line_1_6' title="bbox 53 2339 233 2362; baseline 0.006 -1"><span class='ocrx_word' id='word_1_32' title='bbox 53 2339 161 2362; x_wconf 70' lang='lat' dir='ltr'>contraria</span> <span class='ocrx_word' id='word_1_33' title='bbox 172 2339 233 2362; x_wconf 79' lang='lat' dir='ltr'>tollit.</span> 
     </span>
    </p>
   </div>
   <div class='ocr_carea' id='block_1_6' title="bbox 247 350 988 2647">
    <p class='ocr_par' dir='ltr' id='par_1_6' title="bbox 247 350 988 2322">
     <span class='ocr_line' id='line_1_7' title="bbox 247 350 988 386; baseline -0.007 0"><span class='ocrx_word' id='word_1_34' title='bbox 247 357 281 386; x_wconf 92' lang='lat' dir='ltr'>ut</span> <span class='ocrx_word' id='word_1_35' title='bbox 301 352 514 386; x_wconf 87' lang='lat' dir='ltr'>Parthemium</span> <span class='ocrx_word' id='word_1_36' title='bbox 534 352 712 385; x_wconf 87' lang='lat' dir='ltr'>Ruthenum</span> <span class='ocrx_word' id='word_1_37' title='bbox 738 350 925 384; x_wconf 84' lang='lat' dir='ltr'>catholicum</span> <span class='ocrx_word' id='word_1_38' title='bbox 944 360 988 382; x_wconf 91' lang='lat' dir='ltr'>sa-</span> 
     </span>
     <span class='ocr_line' id='line_1_8' title="bbox 247 404 985 444; baseline -0.007 -4"><span class='ocrx_word' id='word_1_39' title='bbox 247 406 407 440; x_wconf 87' lang='lat' dir='ltr'>cerdotem</span> <span class='ocrx_word' id='word_1_40' title='bbox 432 405 557 440; x_wconf 88' lang='lat' dir='ltr'>Ordinis</span> <span class='ocrx_word' id='word_1_41' title='bbox 582 406 679 439; x_wconf 88' lang='lat' dir='ltr'>sancti</span> <span class='ocrx_word' id='word_1_42' title='bbox 704 404 828 444; x_wconf 87' lang='lat' dir='ltr'>Basilii,</span> <span class='ocrx_word' id='word_1_43' title='bbox 853 404 985 436; x_wconf 89' lang='lat' dir='ltr'>electum</span> 
     </span>
     <span class='ocr_line' id='line_1_9' title="bbox 247 458 987 504; baseline -0.004 -11"><span class='ocrx_word' id='word_1_44' title='bbox 247 461 428 504; x_wconf 90' lang='lat' dir='ltr'>episcopum</span> <span class='ocrx_word' id='word_1_45' title='bbox 453 460 670 494; x_wconf 84' lang='lat' dir='ltr'>Ruthenorum</span> <span class='ocrx_word' id='word_1_46' title='bbox 695 459 875 502; x_wconf 87' lang='lat' dir='ltr'>degentium</span> <span class='ocrx_word' id='word_1_47' title='bbox 900 458 987 491; x_wconf 87' lang='lat' dir='ltr'>Mun-</span> 
     </span>
     <span class='ocr_line' id='line_1_10' title="bbox 248 510 987 555; baseline -0.007 -8"><span class='ocrx_word' id='word_1_48' title='bbox 248 513 327 547; x_wconf 88' lang='lat' dir='ltr'>chak</span> <span class='ocrx_word' id='word_1_49' title='bbox 353 518 383 547; x_wconf 89' lang='lat' dir='ltr'>et</span> <span class='ocrx_word' id='word_1_50' title='bbox 406 513 438 546; x_wconf 86' lang='lat' dir='ltr'>in</span> <span class='ocrx_word' id='word_1_51' title='bbox 465 514 533 546; x_wconf 89' lang='lat' dir='ltr'>aliis</span> <span class='ocrx_word' id='word_1_52' title='bbox 555 513 633 546; x_wconf 86' lang='lat' dir='ltr'>locis</span> <span class='ocrx_word' id='word_1_53' title='bbox 658 511 848 555; x_wconf 74' lang='lat' dir='ltr'>flung-ariae,</span> <span class='ocrx_word' id='word_1_54' title='bbox 872 510 987 544; x_wconf 82' lang='lat' dir='ltr'>confir-</span> 
     </span>
     <span class='ocr_line' id='line_1_11' title="bbox 248 564 988 611; baseline -0.007 -10"><span class='ocrx_word' id='word_1_55' title='bbox 248 578 334 602; x_wconf 83' lang='lat' dir='ltr'>mare</span> <span class='ocrx_word' id='word_1_56' title='bbox 350 568 563 611; x_wconf 83' lang='lat' dir='ltr'>dignaremur,</span> <span class='ocrx_word' id='word_1_57' title='bbox 581 571 611 601; x_wconf 91' lang='lat' dir='ltr'>et</span> <span class='ocrx_word' id='word_1_58' title='bbox 631 577 701 599; x_wconf 93' lang='lat' dir='ltr'>cum</span> <span class='ocrx_word' id='word_1_59' title='bbox 719 577 757 599; x_wconf 91' lang='lat' dir='ltr'>eo</span> <span class='ocrx_word' id='word_1_60' title='bbox 774 565 910 607; x_wconf 79' lang='lat' dir='ltr'>benigne</span> <span class='ocrx_word' id='word_1_61' title='bbox 929 564 988 596; x_wconf 90' lang='lat' dir='ltr'>dis-</span> 
     </span>
     <span class='ocr_line' id='line_1_12' title="bbox 247 617 987 665; baseline -0.007 -10"><span class='ocrx_word' id='word_1_62' title='bbox 247 631 395 665; x_wconf 90' lang='lat' dir='ltr'>pensare,</span> <span class='ocrx_word' id='word_1_63' title='bbox 420 626 469 663; x_wconf 86' lang='lat' dir='ltr'>ut,</span> <span class='ocrx_word' id='word_1_64' title='bbox 492 631 555 654; x_wconf 91' lang='lat' dir='ltr'>non</span> <span class='ocrx_word' id='word_1_65' title='bbox 579 620 722 654; x_wconf 89' lang='lat' dir='ltr'>obstante</span> <span class='ocrx_word' id='word_1_66' title='bbox 744 618 828 663; x_wconf 90' lang='lat' dir='ltr'>quod</span> <span class='ocrx_word' id='word_1_67' title='bbox 852 617 946 651; x_wconf 86' lang='lat' dir='ltr'>suerit</span> <span class='ocrx_word' id='word_1_68' title='bbox 970 628 987 650; x_wconf 89' lang='lat' dir='ltr'>a</span> 
     </span>
     <span class='ocr_line' id='line_1_13' title="bbox 248 673 986 719; baseline -0.005 -11"><span class='ocrx_word' id='word_1_69' title='bbox 248 675 348 708; x_wconf 90' lang='lat' dir='ltr'>tribus</span> <span class='ocrx_word' id='word_1_70' title='bbox 372 674 527 719; x_wconf 86' lang='lat' dir='ltr'>episcopis</span> <span class='ocrx_word' id='word_1_71' title='bbox 547 673 753 707; x_wconf 70' lang='lat' dir='ltr'>schismaticis</span> <span class='ocrx_word' id='word_1_72' title='bbox 773 676 986 711; x_wconf 87' lang='lat' dir='ltr'>consecratus,</span> 
     </span>
     <span class='ocr_line' id='line_1_14' title="bbox 247 725 987 772; baseline -0.005 -11"><span class='ocrx_word' id='word_1_73' title='bbox 247 728 347 772; x_wconf 84' lang='lat' dir='ltr'>possit</span> <span class='ocrx_word' id='word_1_74' title='bbox 366 727 558 772; x_wconf 87' lang='lat' dir='ltr'>pontificalia</span> <span class='ocrx_word' id='word_1_75' title='bbox 574 738 610 760; x_wconf 87' lang='lat' dir='ltr'>ac</span> <span class='ocrx_word' id='word_1_76' title='bbox 633 727 694 759; x_wconf 86' lang='lat' dir='ltr'>alia</span> <span class='ocrx_word' id='word_1_77' title='bbox 717 726 837 760; x_wconf 79' lang='lat' dir='ltr'>ordinis</span> <span class='ocrx_word' id='word_1_78' title='bbox 854 725 901 758; x_wconf 90' lang='lat' dir='ltr'>sui</span> <span class='ocrx_word' id='word_1_79' title='bbox 922 736 987 758; x_wconf 92' lang='lat' dir='ltr'>mu-</span> 
     </span>
     <span class='ocr_line' id='line_1_15' title="bbox 248 779 983 822; baseline -0.005 -7"><span class='ocrx_word' id='word_1_80' title='bbox 248 792 324 815; x_wconf 89' lang='lat' dir='ltr'>nera</span> <span class='ocrx_word' id='word_1_81' title='bbox 348 791 512 821; x_wconf 87' lang='lat' dir='ltr'>exercere;</span> <span class='ocrx_word' id='word_1_82' title='bbox 537 791 572 813; x_wconf 89' lang='lat' dir='ltr'>re</span> <span class='ocrx_word' id='word_1_83' title='bbox 602 780 633 813; x_wconf 95' lang='lat' dir='ltr'>in</span> <span class='ocrx_word' id='word_1_84' title='bbox 658 779 904 822; x_wconf 76' lang='lat' dir='ltr'>congregatione</span> <span class='ocrx_word' id='word_1_85' title='bbox 928 789 983 811; x_wconf 91' lang='lat' dir='ltr'>su-</span> 
     </span>
     <span class='ocr_line' id='line_1_16' title="bbox 248 832 985 879; baseline -0.004 -11"><span class='ocrx_word' id='word_1_86' title='bbox 248 845 377 879; x_wconf 87' lang='lat' dir='ltr'>premae</span> <span class='ocrx_word' id='word_1_87' title='bbox 393 840 423 868; x_wconf 92' lang='lat' dir='ltr'>et</span> <span class='ocrx_word' id='word_1_88' title='bbox 438 834 623 868; x_wconf 86' lang='lat' dir='ltr'>universalis</span> <span class='ocrx_word' id='word_1_89' title='bbox 648 832 858 877; x_wconf 84' lang='lat' dir='ltr'>inquisitionis</span> <span class='ocrx_word' id='word_1_90' title='bbox 879 842 985 866; x_wconf 88' lang='lat' dir='ltr'>coram</span> 
     </span>
     <span class='ocr_line' id='line_1_17' title="bbox 247 885 987 930; baseline -0.005 -8"><span class='ocrx_word' id='word_1_91' title='bbox 247 888 337 922; x_wconf 90' lang='lat' dir='ltr'>nobis</span> <span class='ocrx_word' id='word_1_92' title='bbox 360 888 467 922; x_wconf 71' lang='lat' dir='ltr'>habita</span> <span class='ocrx_word' id='word_1_93' title='bbox 491 893 613 921; x_wconf 85' lang='lat' dir='ltr'>mature</span> <span class='ocrx_word' id='word_1_94' title='bbox 640 887 790 929; x_wconf 78' lang='lat' dir='ltr'>discussa,</span> <span class='ocrx_word' id='word_1_95' title='bbox 811 885 987 930; x_wconf 86' lang='lat' dir='ltr'>auditisque</span> 
     </span>
     <span class='ocr_line' id='line_1_18' title="bbox 247 941 985 976; baseline -0.004 -2"><span class='ocrx_word' id='word_1_96' title='bbox 247 942 327 976; x_wconf 85' lang='lat' dir='ltr'>votis</span> <span class='ocrx_word' id='word_1_97' title='bbox 365 942 591 975; x_wconf 87' lang='lat' dir='ltr'>venerabilium</span> <span class='ocrx_word' id='word_1_98' title='bbox 631 941 763 975; x_wconf 79' lang='lat' dir='ltr'>fratrum</span> <span class='ocrx_word' id='word_1_99' title='bbox 803 945 985 973; x_wconf 88' lang='lat' dir='ltr'>nostrorum</span> 
     </span>
     <span class='ocr_line' id='line_1_19' title="bbox 248 993 984 1030; baseline -0.007 0"><span class='ocrx_word' id='word_1_100' title='bbox 248 995 277 1030; x_wconf 93' lang='lat' dir='ltr'>S.</span> <span class='ocrx_word' id='word_1_101' title='bbox 294 996 328 1030; x_wconf 88' lang='lat' dir='ltr'>R.</span> <span class='ocrx_word' id='word_1_102' title='bbox 346 996 378 1030; x_wconf 91' lang='lat' dir='ltr'>E.</span> <span class='ocrx_word' id='word_1_103' title='bbox 396 995 601 1029; x_wconf 82' lang='lat' dir='ltr'>cardinalium</span> <span class='ocrx_word' id='word_1_104' title='bbox 627 994 778 1027; x_wconf 87' lang='lat' dir='ltr'>adversus</span> <span class='ocrx_word' id='word_1_105' title='bbox 795 993 984 1027; x_wconf 87' lang='lat' dir='ltr'>haereticam</span> 
     </span>
     <span class='ocr_line' id='line_1_20' title="bbox 247 1047 986 1094; baseline -0.004 -12"><span class='ocrx_word' id='word_1_106' title='bbox 247 1050 432 1094; x_wconf 83' lang='lat' dir='ltr'>pravitatem</span> <span class='ocrx_word' id='word_1_107' title='bbox 467 1049 499 1082; x_wconf 92' lang='lat' dir='ltr'>in</span> <span class='ocrx_word' id='word_1_108' title='bbox 523 1051 586 1084; x_wconf 76' lang='lat' dir='ltr'>tota</span> <span class='ocrx_word' id='word_1_109' title='bbox 619 1048 784 1092; x_wconf 68' lang='lat' dir='ltr'>republica</span> <span class='ocrx_word' id='word_1_110' title='bbox 814 1047 986 1080; x_wconf 75' lang='lat' dir='ltr'>christiana</span> 
     </span>
     <span class='ocr_line' id='line_1_21' title="bbox 248 1100 986 1146; baseline -0.003 -11"><span class='ocrx_word' id='word_1_111' title='bbox 248 1102 442 1145; x_wconf 83' lang='lat' dir='ltr'>generalium</span> <span class='ocrx_word' id='word_1_112' title='bbox 467 1102 710 1146; x_wconf 88' lang='lat' dir='ltr'>inquisitorum,</span> <span class='ocrx_word' id='word_1_113' title='bbox 736 1111 772 1134; x_wconf 92' lang='lat' dir='ltr'>ac</span> <span class='ocrx_word' id='word_1_114' title='bbox 796 1100 835 1134; x_wconf 90' lang='lat' dir='ltr'>de</span> <span class='ocrx_word' id='word_1_115' title='bbox 860 1111 986 1134; x_wconf 91' lang='lat' dir='ltr'>eorum-</span> 
     </span>
     <span class='ocr_line' id='line_1_22' title="bbox 248 1154 986 1201; baseline -0.003 -13"><span class='ocrx_word' id='word_1_116' title='bbox 248 1155 318 1189; x_wconf 87' lang='lat' dir='ltr'>dem</span> <span class='ocrx_word' id='word_1_117' title='bbox 344 1156 473 1190; x_wconf 87' lang='lat' dir='ltr'>consilio</span> <span class='ocrx_word' id='word_1_118' title='bbox 488 1183 495 1197; x_wconf 91' lang='lat'>,</span> <span class='ocrx_word' id='word_1_119' title='bbox 519 1161 553 1188; x_wconf 93' lang='lat' dir='ltr'>ut</span> <span class='ocrx_word' id='word_1_120' title='bbox 583 1155 763 1201; x_wconf 87' lang='lat' dir='ltr'>praedictus</span> <span class='ocrx_word' id='word_1_121' title='bbox 788 1154 986 1188; x_wconf 85' lang='lat' dir='ltr'>Parthemius</span> 
     </span>
     <span class='ocr_line' id='line_1_23' title="bbox 249 1208 986 1243; baseline -0.001 -1"><span class='ocrx_word' id='word_1_122' title='bbox 249 1209 280 1242; x_wconf 93' lang='lat' dir='ltr'>in</span> <span class='ocrx_word' id='word_1_123' title='bbox 303 1210 434 1243; x_wconf 89' lang='lat' dir='ltr'>salutem</span> <span class='ocrx_word' id='word_1_124' title='bbox 460 1210 636 1243; x_wconf 88' lang='lat' dir='ltr'>animarum</span> <span class='ocrx_word' id='word_1_125' title='bbox 661 1209 719 1242; x_wconf 89' lang='lat' dir='ltr'>sibi</span> <span class='ocrx_word' id='word_1_126' title='bbox 738 1208 931 1242; x_wconf 87' lang='lat' dir='ltr'>creditarum</span> <span class='ocrx_word' id='word_1_127' title='bbox 956 1213 986 1241; x_wconf 90' lang='lat' dir='ltr'>et</span> 
     </span>
     <span class='ocr_line' id='line_1_24' title="bbox 249 1262 986 1297; baseline -0.004 0"><span class='ocrx_word' id='word_1_128' title='bbox 249 1264 360 1297; x_wconf 89' lang='lat' dir='ltr'>maiori</span> <span class='ocrx_word' id='word_1_129' title='bbox 385 1264 450 1297; x_wconf 94' lang='lat' dir='ltr'>zelo</span> <span class='ocrx_word' id='word_1_130' title='bbox 467 1274 503 1297; x_wconf 87' lang='lat' dir='ltr'>ac</span> <span class='ocrx_word' id='word_1_131' title='bbox 527 1263 736 1297; x_wconf 89' lang='lat' dir='ltr'>sollicitudine</span> <span class='ocrx_word' id='word_1_132' title='bbox 754 1263 785 1295; x_wconf 90' lang='lat' dir='ltr'>in</span> <span class='ocrx_word' id='word_1_133' title='bbox 809 1262 986 1296; x_wconf 89' lang='lat' dir='ltr'>conversio-</span> 
     </span>
     <span class='ocr_line' id='line_1_25' title="bbox 248 1316 987 1350; baseline -0.003 0"><span class='ocrx_word' id='word_1_134' title='bbox 248 1325 321 1350; x_wconf 88' lang='lat' dir='ltr'>nem</span> <span class='ocrx_word' id='word_1_135' title='bbox 345 1317 576 1350; x_wconf 88' lang='lat' dir='ltr'>haereticorum</span> <span class='ocrx_word' id='word_1_136' title='bbox 600 1322 631 1350; x_wconf 94' lang='lat' dir='ltr'>et</span> <span class='ocrx_word' id='word_1_137' title='bbox 653 1316 926 1350; x_wconf 86' lang='lat' dir='ltr'>schismaticorum</span> <span class='ocrx_word' id='word_1_138' title='bbox 944 1316 987 1348; x_wconf 91' lang='lat' dir='ltr'>in-</span> 
     </span>
     <span class='ocr_line' id='line_1_26' title="bbox 249 1369 986 1411; baseline -0.003 -8"><span class='ocrx_word' id='word_1_139' title='bbox 249 1370 397 1403; x_wconf 85' lang='lat' dir='ltr'>cumbere</span> <span class='ocrx_word' id='word_1_140' title='bbox 413 1371 521 1411; x_wconf 87' lang='lat' dir='ltr'>valeat,</span> <span class='ocrx_word' id='word_1_141' title='bbox 538 1370 723 1402; x_wconf 79' lang='lat' dir='ltr'>fraternitati</span> <span class='ocrx_word' id='word_1_142' title='bbox 741 1375 822 1410; x_wconf 86' lang='lat' dir='ltr'>tuae,</span> <span class='ocrx_word' id='word_1_143' title='bbox 839 1369 878 1402; x_wconf 90' lang='lat' dir='ltr'>de</span> <span class='ocrx_word' id='word_1_144' title='bbox 898 1369 986 1402; x_wconf 93' lang='lat' dir='ltr'>cuius</span> 
     </span>
     <span class='ocr_line' id='line_1_27' title="bbox 250 1422 986 1466; baseline -0.001 -11"><span class='ocrx_word' id='word_1_145' title='bbox 250 1422 436 1456; x_wconf 84' lang='lat' dir='ltr'>rectitudine</span> <span class='ocrx_word' id='word_1_146' title='bbox 460 1428 490 1455; x_wconf 90' lang='lat' dir='ltr'>et</span> <span class='ocrx_word' id='word_1_147' title='bbox 513 1423 680 1466; x_wconf 75' lang='lat' dir='ltr'>prudentia</span> <span class='ocrx_word' id='word_1_148' title='bbox 704 1423 736 1455; x_wconf 91' lang='lat' dir='ltr'>in</span> <span class='ocrx_word' id='word_1_149' title='bbox 758 1423 891 1456; x_wconf 89' lang='lat' dir='ltr'>Domino</span> <span class='ocrx_word' id='word_1_150' title='bbox 916 1432 986 1455; x_wconf 85' lang='lat' dir='ltr'>con-</span> 
     </span>
     <span class='ocr_line' id='line_1_28' title="bbox 252 1477 986 1521; baseline 0 -11"><span class='ocrx_word' id='word_1_151' title='bbox 252 1477 396 1518; x_wconf 76' lang='lat' dir='ltr'>fidimus,</span> <span class='ocrx_word' id='word_1_152' title='bbox 421 1478 633 1510; x_wconf 85' lang='lat' dir='ltr'>Parthemium</span> <span class='ocrx_word' id='word_1_153' title='bbox 657 1478 832 1521; x_wconf 80' lang='lat' dir='ltr'>praefatum</span> <span class='ocrx_word' id='word_1_154' title='bbox 848 1505 855 1518; x_wconf 91' lang='lat'>,</span> <span class='ocrx_word' id='word_1_155' title='bbox 876 1478 901 1510; x_wconf 87' lang='lat' dir='ltr'>si</span> <span class='ocrx_word' id='word_1_156' title='bbox 925 1477 986 1510; x_wconf 88' lang='lat' dir='ltr'>hoc</span> 
     </span>
     <span class='ocr_line' id='line_1_29' title="bbox 251 1531 986 1575; baseline -0.001 -11"><span class='ocrx_word' id='word_1_157' title='bbox 251 1541 268 1564; x_wconf 83' lang='lat' dir='ltr'>a</span> <span class='ocrx_word' id='word_1_158' title='bbox 287 1537 318 1564; x_wconf 86' lang='lat' dir='ltr'>te</span> <span class='ocrx_word' id='word_1_159' title='bbox 341 1531 502 1565; x_wconf 90' lang='lat' dir='ltr'>humiliter</span> <span class='ocrx_word' id='word_1_160' title='bbox 526 1531 660 1575; x_wconf 88' lang='lat' dir='ltr'>petierit,</span> <span class='ocrx_word' id='word_1_161' title='bbox 678 1531 823 1575; x_wconf 75' lang='lat' dir='ltr'>imposita</span> <span class='ocrx_word' id='word_1_162' title='bbox 846 1531 903 1574; x_wconf 90' lang='lat' dir='ltr'>ipsi</span> <span class='ocrx_word' id='word_1_163' title='bbox 929 1541 986 1574; x_wconf 92' lang='lat' dir='ltr'>pro</span> 
     </span>
     <span class='ocr_line' id='line_1_30' title="bbox 251 1585 986 1629; baseline -0.001 -11"><span class='ocrx_word' id='word_1_164' title='bbox 251 1585 432 1629; x_wconf 80' lang='lat' dir='ltr'>praemissis</span> <span class='ocrx_word' id='word_1_165' title='bbox 449 1585 580 1618; x_wconf 91' lang='lat' dir='ltr'>arbitrio</span> <span class='ocrx_word' id='word_1_166' title='bbox 597 1589 650 1619; x_wconf 90' lang='lat' dir='ltr'>tuo</span> <span class='ocrx_word' id='word_1_167' title='bbox 667 1585 771 1629; x_wconf 82' lang='lat' dir='ltr'>aliqua</span> <span class='ocrx_word' id='word_1_168' title='bbox 796 1585 986 1629; x_wconf 76' lang='lat' dir='ltr'>poenitentia</span> 
     </span>
     <span class='ocr_line' id='line_1_31' title="bbox 250 1638 988 1682; baseline 0 -12"><span class='ocrx_word' id='word_1_169' title='bbox 250 1638 388 1678; x_wconf 81' lang='lat' dir='ltr'>salutari,</span> <span class='ocrx_word' id='word_1_170' title='bbox 402 1648 418 1670; x_wconf 90' lang='lat' dir='ltr'>a</span> <span class='ocrx_word' id='word_1_171' title='bbox 431 1638 592 1681; x_wconf 74' lang='lat' dir='ltr'>quibusvis</span> <span class='ocrx_word' id='word_1_172' title='bbox 606 1638 746 1671; x_wconf 85' lang='lat' dir='ltr'>censuris</span> <span class='ocrx_word' id='word_1_173' title='bbox 760 1649 795 1671; x_wconf 86' lang='lat' dir='ltr'>ac</span> <span class='ocrx_word' id='word_1_174' title='bbox 812 1638 988 1682; x_wconf 87' lang='lat' dir='ltr'>suspensio-</span> 
     </span>
     <span class='ocr_line' id='line_1_32' title="bbox 249 1691 985 1735; baseline 0 -11"><span class='ocrx_word' id='word_1_175' title='bbox 249 1691 341 1724; x_wconf 89' lang='lat' dir='ltr'>nibus</span> <span class='ocrx_word' id='word_1_176' title='bbox 353 1701 496 1735; x_wconf 89' lang='lat' dir='ltr'>pereum</span> <span class='ocrx_word' id='word_1_177' title='bbox 511 1691 644 1723; x_wconf 88' lang='lat' dir='ltr'>incursis</span> <span class='ocrx_word' id='word_1_178' title='bbox 660 1691 854 1731; x_wconf 86' lang='lat' dir='ltr'>absolvendi,</span> <span class='ocrx_word' id='word_1_179' title='bbox 868 1697 897 1724; x_wconf 88' lang='lat' dir='ltr'>et</span> <span class='ocrx_word' id='word_1_180' title='bbox 915 1703 985 1724; x_wconf 88' lang='lat' dir='ltr'>cum</span> 
     </span>
     <span class='ocr_line' id='line_1_33' title="bbox 250 1745 986 1789; baseline -0.001 -11"><span class='ocrx_word' id='word_1_181' title='bbox 250 1754 286 1778; x_wconf 90' lang='lat' dir='ltr'>eo</span> <span class='ocrx_word' id='word_1_182' title='bbox 304 1755 398 1789; x_wconf 89' lang='lat' dir='ltr'>super</span> <span class='ocrx_word' id='word_1_183' title='bbox 417 1754 615 1788; x_wconf 87' lang='lat' dir='ltr'>quacumque</span> <span class='ocrx_word' id='word_1_184' title='bbox 640 1745 872 1786; x_wconf 80' lang='lat' dir='ltr'>irregularitate</span> <span class='ocrx_word' id='word_1_185' title='bbox 896 1755 986 1778; x_wconf 89' lang='lat' dir='ltr'>occa-</span> 
     </span>
     <span class='ocr_line' id='line_1_34' title="bbox 249 1797 986 1842; baseline -0.003 -10"><span class='ocrx_word' id='word_1_186' title='bbox 249 1798 336 1832; x_wconf 87' lang='lat' dir='ltr'>sione</span> <span class='ocrx_word' id='word_1_187' title='bbox 359 1799 604 1842; x_wconf 86' lang='lat' dir='ltr'>praemissorum</span> <span class='ocrx_word' id='word_1_188' title='bbox 630 1797 734 1830; x_wconf 82' lang='lat' dir='ltr'>forsan</span> <span class='ocrx_word' id='word_1_189' title='bbox 759 1801 929 1838; x_wconf 79' lang='lat' dir='ltr'>contracta,</span> <span class='ocrx_word' id='word_1_190' title='bbox 957 1804 986 1831; x_wconf 89' lang='lat' dir='ltr'>et</span> 
     </span>
     <span class='ocr_line' id='line_1_35' title="bbox 248 1852 986 1896; baseline -0.001 -11"><span class='ocrx_word' id='word_1_191' title='bbox 248 1857 283 1885; x_wconf 93' lang='lat' dir='ltr'>ut</span> <span class='ocrx_word' id='word_1_192' title='bbox 305 1852 495 1896; x_wconf 81' lang='lat' dir='ltr'>pontificalia</span> <span class='ocrx_word' id='word_1_193' title='bbox 521 1862 556 1885; x_wconf 91' lang='lat' dir='ltr'>ac</span> <span class='ocrx_word' id='word_1_194' title='bbox 580 1852 640 1884; x_wconf 87' lang='lat' dir='ltr'>alia</span> <span class='ocrx_word' id='word_1_195' title='bbox 663 1852 783 1884; x_wconf 86' lang='lat' dir='ltr'>ordinis</span> <span class='ocrx_word' id='word_1_196' title='bbox 808 1857 838 1884; x_wconf 88' lang='lat' dir='ltr'>et</span> <span class='ocrx_word' id='word_1_197' title='bbox 866 1852 986 1884; x_wconf 87' lang='lat' dir='ltr'>iurisdi-</span> 
     </span>
     <span class='ocr_line' id='line_1_36' title="bbox 249 1906 986 1950; baseline 0 -11"><span class='ocrx_word' id='word_1_198' title='bbox 249 1906 360 1940; x_wconf 88' lang='lat' dir='ltr'>ctionis</span> <span class='ocrx_word' id='word_1_199' title='bbox 390 1906 574 1950; x_wconf 85' lang='lat' dir='ltr'>episcopalis</span> <span class='ocrx_word' id='word_1_200' title='bbox 607 1916 737 1938; x_wconf 90' lang='lat' dir='ltr'>munera</span> <span class='ocrx_word' id='word_1_201' title='bbox 770 1906 801 1938; x_wconf 95' lang='lat' dir='ltr'>in</span> <span class='ocrx_word' id='word_1_202' title='bbox 825 1906 986 1940; x_wconf 86' lang='lat' dir='ltr'>Ruthenos</span> 
     </span>
     <span class='ocr_line' id='line_1_37' title="bbox 248 1959 985 2002; baseline -0.001 -10"><span class='ocrx_word' id='word_1_203' title='bbox 248 1959 326 1992; x_wconf 85' lang='lat' dir='ltr'>ritus</span> <span class='ocrx_word' id='word_1_204' title='bbox 351 1960 455 2002; x_wconf 80' lang='lat' dir='ltr'>graeci</span> <span class='ocrx_word' id='word_1_205' title='bbox 480 1965 542 1992; x_wconf 87' lang='lat' dir='ltr'>tam</span> <span class='ocrx_word' id='word_1_206' title='bbox 568 1959 721 1992; x_wconf 86' lang='lat' dir='ltr'>Munchak</span> <span class='ocrx_word' id='word_1_207' title='bbox 742 1969 835 2002; x_wconf 91' lang='lat' dir='ltr'>quam</span> <span class='ocrx_word' id='word_1_208' title='bbox 862 1959 891 1991; x_wconf 93' lang='lat' dir='ltr'>in</span> <span class='ocrx_word' id='word_1_209' title='bbox 918 1960 985 1992; x_wconf 89' lang='lat' dir='ltr'>aliis</span> 
     </span>
     <span class='ocr_line' id='line_1_38' title="bbox 248 2012 986 2055; baseline 0 -10"><span class='ocrx_word' id='word_1_210' title='bbox 248 2013 338 2055; x_wconf 82' lang='lat' dir='ltr'>regni</span> <span class='ocrx_word' id='word_1_211' title='bbox 364 2012 540 2055; x_wconf 85' lang='lat' dir='ltr'>Hungariae</span> <span class='ocrx_word' id='word_1_212' title='bbox 564 2012 640 2045; x_wconf 90' lang='lat' dir='ltr'>locis</span> <span class='ocrx_word' id='word_1_213' title='bbox 657 2017 760 2055; x_wconf 87' lang='lat' dir='ltr'>perte</span> <span class='ocrx_word' id='word_1_214' title='bbox 785 2012 986 2055; x_wconf 77' lang='lat' dir='ltr'>designandis</span> 
     </span>
     <span class='ocr_line' id='line_1_39' title="bbox 249 2065 983 2108; baseline -0.001 -9"><span class='ocrx_word' id='word_1_215' title='bbox 249 2065 397 2108; x_wconf 85' lang='lat' dir='ltr'>degentes</span> <span class='ocrx_word' id='word_1_216' title='bbox 421 2075 566 2098; x_wconf 87' lang='lat' dir='ltr'>exercere</span> <span class='ocrx_word' id='word_1_217' title='bbox 590 2066 688 2108; x_wconf 81' lang='lat' dir='ltr'>possit</span> <span class='ocrx_word' id='word_1_218' title='bbox 713 2070 742 2098; x_wconf 90' lang='lat' dir='ltr'>et</span> <span class='ocrx_word' id='word_1_219' title='bbox 767 2066 865 2098; x_wconf 79' lang='lat' dir='ltr'>valeat</span> <span class='ocrx_word' id='word_1_220' title='bbox 890 2066 983 2098; x_wconf 88' lang='lat' dir='ltr'>beni-</span> 
     </span>
     <span class='ocr_line' id='line_1_40' title="bbox 249 2118 982 2162; baseline 0 -11"><span class='ocrx_word' id='word_1_221' title='bbox 249 2129 309 2162; x_wconf 80' lang='lat' dir='ltr'>gne</span> <span class='ocrx_word' id='word_1_222' title='bbox 333 2118 542 2162; x_wconf 82' lang='lat' dir='ltr'>dispensandi,</span> <span class='ocrx_word' id='word_1_223' title='bbox 567 2118 743 2151; x_wconf 85' lang='lat' dir='ltr'>facultatem</span> <span class='ocrx_word' id='word_1_224' title='bbox 769 2129 864 2162; x_wconf 89' lang='lat' dir='ltr'>super</span> <span class='ocrx_word' id='word_1_225' title='bbox 888 2129 982 2162; x_wconf 87' lang='lat' dir='ltr'>prae-</span> 
     </span>
     <span class='ocr_line' id='line_1_41' title="bbox 249 2171 986 2215; baseline 0.001 -11"><span class='ocrx_word' id='word_1_226' title='bbox 249 2171 352 2204; x_wconf 89' lang='lat' dir='ltr'>missis</span> <span class='ocrx_word' id='word_1_227' title='bbox 369 2171 575 2204; x_wconf 87' lang='lat' dir='ltr'>necessariam</span> <span class='ocrx_word' id='word_1_228' title='bbox 594 2176 623 2203; x_wconf 93' lang='lat' dir='ltr'>et</span> <span class='ocrx_word' id='word_1_229' title='bbox 640 2176 863 2215; x_wconf 85' lang='lat' dir='ltr'>opportunam,</span> <span class='ocrx_word' id='word_1_230' title='bbox 881 2178 986 2205; x_wconf 89' lang='lat' dir='ltr'>aucto-</span> 
     </span>
     <span class='ocr_line' id='line_1_42' title="bbox 249 2225 986 2268; baseline 0 -10"><span class='ocrx_word' id='word_1_231' title='bbox 249 2225 339 2258; x_wconf 88' lang='lat' dir='ltr'>ritate</span> <span class='ocrx_word' id='word_1_232' title='bbox 359 2225 538 2268; x_wconf 81' lang='lat' dir='ltr'>apostolica,</span> <span class='ocrx_word' id='word_1_233' title='bbox 555 2231 662 2258; x_wconf 87' lang='lat' dir='ltr'>tenore</span> <span class='ocrx_word' id='word_1_234' title='bbox 679 2225 902 2268; x_wconf 86' lang='lat' dir='ltr'>praesentium,</span> <span class='ocrx_word' id='word_1_235' title='bbox 916 2236 986 2259; x_wconf 89' lang='lat' dir='ltr'>con-</span> 
     </span>
     <span class='ocr_line' id='line_1_43' title="bbox 249 2279 672 2322; baseline -0.005 -9"><span class='ocrx_word' id='word_1_236' title='bbox 249 2279 391 2313; x_wconf 86' lang='lat' dir='ltr'>cedimus</span> <span class='ocrx_word' id='word_1_237' title='bbox 411 2284 441 2311; x_wconf 89' lang='lat' dir='ltr'>et</span> <span class='ocrx_word' id='word_1_238' title='bbox 465 2279 672 2322; x_wconf 83' lang='lat' dir='ltr'>impertimur.</span> 
     </span>
    </p>

    <p class='ocr_par' dir='ltr' id='par_1_7' title="bbox 248 2332 986 2591">
     <span class='ocr_line' id='line_1_44' title="bbox 293 2332 986 2376; baseline -0.001 -10"><span class='ocrx_word' id='word_1_239' title='bbox 293 2333 308 2376; x_wconf 75' lang='lat'>§</span> <span class='ocrx_word' id='word_1_240' title='bbox 331 2333 361 2366; x_wconf 69' lang='lat'>2.</span> <span class='ocrx_word' id='word_1_241' title='bbox 386 2333 453 2366; x_wconf 89' lang='lat' dir='ltr'>Non</span> <span class='ocrx_word' id='word_1_242' title='bbox 478 2332 672 2366; x_wconf 83' lang='lat' dir='ltr'>obstantibus</span> <span class='ocrx_word' id='word_1_243' title='bbox 690 2333 878 2376; x_wconf 83' lang='lat' dir='ltr'>apostolicis,</span> <span class='ocrx_word' id='word_1_244' title='bbox 896 2343 931 2365; x_wconf 89' lang='lat' dir='ltr'>ac</span> <span class='ocrx_word' id='word_1_245' title='bbox 956 2333 986 2365; x_wconf 90' lang='lat' dir='ltr'>in</span> 
     </span>
     <span class='ocr_line' id='line_1_45' title="bbox 249 2386 986 2431; baseline 0.001 -12"><span class='ocrx_word' id='word_1_246' title='bbox 249 2386 477 2420; x_wconf 85' lang='lat' dir='ltr'>universalibus</span> <span class='ocrx_word' id='word_1_247' title='bbox 506 2386 812 2430; x_wconf 84' lang='lat' dir='ltr'>provincialibusque</span> <span class='ocrx_word' id='word_1_248' title='bbox 841 2390 870 2420; x_wconf 89' lang='lat' dir='ltr'>et</span> <span class='ocrx_word' id='word_1_249' title='bbox 894 2397 986 2431; x_wconf 68' lang='lat' dir='ltr'>syno-</span> 
     </span>
     <span class='ocr_line' id='line_1_46' title="bbox 249 2439 985 2482; baseline 0 -10"><span class='ocrx_word' id='word_1_250' title='bbox 249 2439 371 2472; x_wconf 84' lang='lat' dir='ltr'>dalibus</span> <span class='ocrx_word' id='word_1_251' title='bbox 395 2439 548 2472; x_wconf 91' lang='lat' dir='ltr'>conciliiis</span> <span class='ocrx_word' id='word_1_252' title='bbox 573 2439 662 2471; x_wconf 86' lang='lat' dir='ltr'>editis</span> <span class='ocrx_word' id='word_1_253' title='bbox 678 2466 685 2480; x_wconf 87' lang='lat'>,</span> <span class='ocrx_word' id='word_1_254' title='bbox 710 2440 913 2482; x_wconf 81' lang='lat' dir='ltr'>generalibus</span> <span class='ocrx_word' id='word_1_255' title='bbox 939 2440 985 2473; x_wconf 78' lang='lat' dir='ltr'>vel</span> 
     </span>
     <span class='ocr_line' id='line_1_47' title="bbox 248 2492 985 2537; baseline 0.001 -12"><span class='ocrx_word' id='word_1_256' title='bbox 248 2492 449 2537; x_wconf 85' lang='lat' dir='ltr'>specialibus,</span> <span class='ocrx_word' id='word_1_257' title='bbox 469 2492 743 2526; x_wconf 85' lang='lat' dir='ltr'>constitutionibus</span> <span class='ocrx_word' id='word_1_258' title='bbox 763 2498 793 2525; x_wconf 86' lang='lat' dir='ltr'>et</span> <span class='ocrx_word' id='word_1_259' title='bbox 814 2493 985 2526; x_wconf 88' lang='lat' dir='ltr'>ordinatio-</span> 
     </span>
     <span class='ocr_line' id='line_1_48' title="bbox 249 2547 983 2591; baseline -0.001 -10"><span class='ocrx_word' id='word_1_260' title='bbox 249 2547 350 2589; x_wconf 88' lang='lat' dir='ltr'>nibus,</span> <span class='ocrx_word' id='word_1_261' title='bbox 362 2547 538 2591; x_wconf 88' lang='lat' dir='ltr'>ccterisque</span> <span class='ocrx_word' id='word_1_262' title='bbox 548 2547 713 2580; x_wconf 84' lang='lat' dir='ltr'>contrariis</span> <span class='ocrx_word' id='word_1_263' title='bbox 723 2547 983 2591; x_wconf 87' lang='lat' dir='ltr'>quibuscumque.</span> 
     </span>
    </p>

    <p class='ocr_par' dir='ltr' id='par_1_8' title="bbox 291 2600 985 2647">
     <span class='ocr_line' id='line_1_49' title="bbox 291 2600 985 2647; baseline -0.001 -12"><span class='ocrx_word' id='word_1_264' title='bbox 291 2601 404 2636; x_wconf 85' lang='lat' dir='ltr'>Datum</span> <span class='ocrx_word' id='word_1_265' title='bbox 425 2602 554 2645; x_wconf 85' lang='lat' dir='ltr'>Romae,</span> <span class='ocrx_word' id='word_1_266' title='bbox 577 2600 658 2647; x_wconf 87' lang='lat' dir='ltr'>apud</span> <span class='ocrx_word' id='word_1_267' title='bbox 683 2601 713 2637; x_wconf 90' lang='lat' dir='ltr'>S.</span> <span class='ocrx_word' id='word_1_268' title='bbox 738 2601 869 2636; x_wconf 87' lang='lat' dir='ltr'>Mariam</span> <span class='ocrx_word' id='word_1_269' title='bbox 890 2601 985 2635; x_wconf 88' lang='lat' dir='ltr'>Maio-</span> 
     </span>
    </p>
   </div>
   <div class='ocr_carea' id='block_1_7' title="bbox 1057 359 1618 395">
    <p class='ocr_par' dir='ltr' id='par_1_9' title="bbox 1057 359 1618 395">
     <span class='ocr_line' id='line_1_50' title="bbox 1057 359 1618 395; baseline -0.005 -8"><span class='ocrx_word' id='word_1_270' title='bbox 1057 360 1113 387; x_wconf 89' lang='lat' dir='ltr'>Dat.</span> <span class='ocrx_word' id='word_1_271' title='bbox 1131 360 1174 386; x_wconf 88' lang='lat' dir='ltr'>die</span> <span class='ocrx_word' id='word_1_272' title='bbox 1190 360 1205 387; x_wconf 85' lang='lat'>8</span> <span class='ocrx_word' id='word_1_273' title='bbox 1222 359 1287 387; x_wconf 93' lang='lat' dir='ltr'>iunii</span> <span class='ocrx_word' id='word_1_274' title='bbox 1305 359 1383 393; x_wconf 84' lang='lat'>1655,</span> <span class='ocrx_word' id='word_1_275' title='bbox 1402 359 1496 395; x_wconf 77' lang='lat' dir='ltr'>pontif.</span> <span class='ocrx_word' id='word_1_276' title='bbox 1512 365 1583 385; x_wconf 88' lang='lat' dir='ltr'>anno</span> <span class='ocrx_word' id='word_1_277' title='bbox 1599 364 1618 385; x_wconf 75' lang='grc' dir='ltr'>ι.</span> 
     </span>
    </p>
   </div>
   <div class='ocr_carea' id='block_1_8' title="bbox 1286 422 1496 430">
    <p class='ocr_par' dir='ltr' id='par_1_10' title="bbox 1286 422 1496 430">
     <span class='ocr_line' id='line_1_51' title="bbox 1286 422 1496 430; baseline 0 2758"><span class='ocrx_word' id='word_1_278' title='bbox 1286 422 1496 430; x_wconf 95' lang='lat' dir='ltr'> </span> 
     </span>
    </p>
   </div>
   <div class='ocr_carea' id='block_1_9' title="bbox 1373 492 1408 526">
    <p class='ocr_par' dir='ltr' id='par_1_11' title="bbox 1373 492 1408 526">
     <span class='ocr_line' id='line_1_52' title="bbox 1373 492 1408 526; baseline -0.029 0"><span class='ocrx_word' id='word_1_279' title='bbox 1373 492 1408 526; x_wconf 84' lang='grc' dir='ltr'>Χ.</span> 
     </span>
    </p>
   </div>
   <div class='ocr_carea' id='block_1_10' title="bbox 1023 570 1762 875">
    <p class='ocr_par' dir='ltr' id='par_1_12' title="bbox 1023 570 1762 875">
     <span class='ocr_line' id='line_1_53' title="bbox 1023 570 1762 617; baseline -0.007 -9"><span class='ocrx_word' id='word_1_280' title='bbox 1023 574 1149 609; x_wconf 84' lang='lat' dir='ltr'>Creatio</span> <span class='ocrx_word' id='word_1_281' title='bbox 1173 572 1396 617; x_wconf 73' lang='lat' dir='ltr'>quadraqinta</span> <span class='ocrx_word' id='word_1_282' title='bbox 1416 576 1444 605; x_wconf 81' lang='lat' dir='ltr'>et</span> <span class='ocrx_word' id='word_1_283' title='bbox 1461 572 1562 604; x_wconf 77' lang='lat' dir='ltr'>unius</span> <span class='ocrx_word' id='word_1_284' title='bbox 1581 570 1762 604; x_wconf 76' lang='lat' dir='ltr'>adolescen-</span> 
     </span>
     <span class='ocr_line' id='line_1_54' title="bbox 1066 624 1762 668; baseline -0.004 -8"><span class='ocrx_word' id='word_1_285' title='bbox 1066 627 1211 661; x_wconf 80' lang='lat' dir='ltr'>tutorum</span> <span class='ocrx_word' id='word_1_286' title='bbox 1235 626 1397 659; x_wconf 79' lang='lat' dir='ltr'>nobilium</span> <span class='ocrx_word' id='word_1_287' title='bbox 1426 636 1481 658; x_wconf 83' lang='lat' dir='ltr'>seu</span> <span class='ocrx_word' id='word_1_288' title='bbox 1505 635 1681 668; x_wconf 79' lang='lat' dir='ltr'>puerorum</span> <span class='ocrx_word' id='word_1_289' title='bbox 1707 624 1762 657; x_wconf 87' lang='lat' dir='ltr'>ho-</span> 
     </span>
     <span class='ocr_line' id='line_1_55' title="bbox 1064 678 1762 721; baseline -0.007 -7"><span class='ocrx_word' id='word_1_290' title='bbox 1064 681 1275 714; x_wconf 79' lang='lat' dir='ltr'>norariorum</span> <span class='ocrx_word' id='word_1_291' title='bbox 1306 680 1343 712; x_wconf 81' lang='lat' dir='ltr'>in</span> <span class='ocrx_word' id='word_1_292' title='bbox 1375 679 1503 711; x_wconf 77' lang='lat' dir='ltr'>comites</span> <span class='ocrx_word' id='word_1_293' title='bbox 1532 678 1701 721; x_wconf 80' lang='lat' dir='ltr'>palatinos</span> <span class='ocrx_word' id='word_1_294' title='bbox 1733 681 1762 710; x_wconf 83' lang='lat' dir='ltr'>et</span> 
     </span>
     <span class='ocr_line' id='line_1_56' title="bbox 1064 731 1762 776; baseline -0.003 -10"><span class='ocrx_word' id='word_1_295' title='bbox 1064 738 1202 767; x_wconf 80' lang='lat' dir='ltr'>auratae</span> <span class='ocrx_word' id='word_1_296' title='bbox 1224 733 1368 766; x_wconf 76' lang='lat' dir='ltr'>militiae</span> <span class='ocrx_word' id='word_1_297' title='bbox 1388 732 1509 776; x_wconf 76' lang='lat' dir='ltr'>equites</span> <span class='ocrx_word' id='word_1_298' title='bbox 1533 731 1695 764; x_wconf 80' lang='lat' dir='ltr'>occasione</span> <span class='ocrx_word' id='word_1_299' title='bbox 1714 740 1762 764; x_wconf 84' lang='lat' dir='ltr'>so-</span> 
     </span>
     <span class='ocr_line' id='line_1_57' title="bbox 1065 783 1761 831; baseline -0.003 -11"><span class='ocrx_word' id='word_1_300' title='bbox 1065 787 1181 821; x_wconf 81' lang='lat' dir='ltr'>lemnis</span> <span class='ocrx_word' id='word_1_301' title='bbox 1197 786 1410 831; x_wconf 78' lang='lat' dir='ltr'>equitationis</span> <span class='ocrx_word' id='word_1_302' title='bbox 1435 797 1454 818; x_wconf 88' lang='lat' dir='ltr'>a</span> <span class='ocrx_word' id='word_1_303' title='bbox 1483 785 1637 818; x_wconf 79' lang='lat' dir='ltr'>Vaticano</span> <span class='ocrx_word' id='word_1_304' title='bbox 1653 783 1697 818; x_wconf 87' lang='lat' dir='ltr'>acl</span> <span class='ocrx_word' id='word_1_305' title='bbox 1713 794 1761 818; x_wconf 81' lang='lat' dir='ltr'>ec-</span> 
     </span>
     <span class='ocr_line' id='line_1_58' title="bbox 1063 839 1503 875; baseline -0.005 -1"><span class='ocrx_word' id='word_1_306' title='bbox 1063 841 1196 875; x_wconf 84' lang='lat' dir='ltr'>clesiam</span> <span class='ocrx_word' id='word_1_307' title='bbox 1220 840 1471 874; x_wconf 75' lang='lat' dir='ltr'>Laceranensem</span> <span class='ocrx_word' id='word_1_308' title='bbox 1484 839 1503 872; x_wconf 88' lang='lat'>¹.</span> 
     </span>
    </p>
   </div>
   <div class='ocr_carea' id='block_1_11' title="bbox 1064 919 1716 1008">
    <p class='ocr_par' dir='ltr' id='par_1_13' title="bbox 1064 919 1716 1008">
     <span class='ocr_line' id='line_1_59' title="bbox 1064 919 1716 955; baseline -0.006 -5"><span class='ocrx_word' id='word_1_309' title='bbox 1064 922 1181 951; x_wconf 81' lang='lat' dir='ltr'>Dilecto</span> <span class='ocrx_word' id='word_1_310' title='bbox 1201 921 1263 949; x_wconf 86' lang='lat' dir='ltr'>filio</span> <span class='ocrx_word' id='word_1_311' title='bbox 1283 920 1409 955; x_wconf 81' lang='lat' dir='ltr'>losepho</span> <span class='ocrx_word' id='word_1_312' title='bbox 1425 919 1557 948; x_wconf 86' lang='lat' dir='ltr'>costasio</span> <span class='ocrx_word' id='word_1_313' title='bbox 1578 919 1716 952; x_wconf 83' lang='lat' dir='ltr'>Romano,</span> 
     </span>
     <span class='ocr_line' id='line_1_60' title="bbox 1215 974 1562 1008; baseline -0.006 -5"><span class='ocrx_word' id='word_1_314' title='bbox 1215 975 1382 1004; x_wconf 77' lang='lat' dir='ltr'>Alexander</span> <span class='ocrx_word' id='word_1_315' title='bbox 1401 975 1481 1008; x_wconf 80' lang='lat' dir='ltr'>Papa</span> <span class='ocrx_word' id='word_1_316' title='bbox 1500 974 1562 1002; x_wconf 86' lang='lat' dir='ltr'>VII.</span> 
     </span>
    </p>
   </div>
   <div class='ocr_carea' id='block_1_12' title="bbox 1055 1037 1724 1117">
    <p class='ocr_par' dir='ltr' id='par_1_14' title="bbox 1055 1037 1724 1117">
     <span class='ocr_line' id='line_1_61' title="bbox 1290 1037 1490 1071; baseline -0.01 -7"><span class='ocrx_word' id='word_1_317' title='bbox 1290 1038 1404 1065; x_wconf 85' lang='lat' dir='ltr'>Dileete</span> <span class='ocrx_word' id='word_1_318' title='bbox 1428 1037 1490 1071; x_wconf 85' lang='lat' dir='ltr'>fili,</span> 
     </span>
     <span class='ocr_line' id='line_1_62' title="bbox 1055 1080 1724 1117; baseline -0.006 -6"><span class='ocrx_word' id='word_1_319' title='bbox 1055 1084 1186 1111; x_wconf 74' lang='lat' dir='ltr'>salutem</span> <span class='ocrx_word' id='word_1_320' title='bbox 1206 1085 1237 1110; x_wconf 79' lang='lat' dir='ltr'>et</span> <span class='ocrx_word' id='word_1_321' title='bbox 1257 1083 1454 1117; x_wconf 84' lang='lat' dir='ltr'>apostolicam</span> <span class='ocrx_word' id='word_1_322' title='bbox 1477 1080 1724 1109; x_wconf 79' lang='lat' dir='ltr'>benedictionem.</span> 
     </span>
    </p>
   </div>
   <div class='ocr_carea' id='block_1_13' title="bbox 1019 1151 1763 2534">
    <p class='ocr_par' dir='ltr' id='par_1_15' title="bbox 1019 1151 1762 1410">
     <span class='ocr_line' id='line_1_63' title="bbox 1063 1151 1761 1196; baseline -0.006 -8"><span class='ocrx_word' id='word_1_323' title='bbox 1063 1154 1107 1188; x_wconf 88' lang='lat' dir='ltr'>Ex</span> <span class='ocrx_word' id='word_1_324' title='bbox 1132 1154 1264 1188; x_wconf 85' lang='lat' dir='ltr'>Romani</span> <span class='ocrx_word' id='word_1_325' title='bbox 1282 1153 1442 1187; x_wconf 84' lang='lat' dir='ltr'>Pontificis</span> <span class='ocrx_word' id='word_1_326' title='bbox 1462 1151 1667 1186; x_wconf 74' lang='lat' dir='ltr'>beneficentia</span> <span class='ocrx_word' id='word_1_327' title='bbox 1689 1160 1761 1196; x_wconf 90' lang='lat' dir='ltr'>pro-</span> 
     </span>
     <span class='ocr_line' id='line_1_64' title="bbox 1020 1203 1761 1250; baseline -0.005 -10"><span class='ocrx_word' id='word_1_328' title='bbox 1020 1208 1127 1240; x_wconf 91' lang='lat' dir='ltr'>venire</span> <span class='ocrx_word' id='word_1_329' title='bbox 1151 1207 1281 1250; x_wconf 82' lang='lat' dir='ltr'>dignum</span> <span class='ocrx_word' id='word_1_330' title='bbox 1303 1210 1359 1246; x_wconf 88' lang='lat' dir='ltr'>est,</span> <span class='ocrx_word' id='word_1_331' title='bbox 1375 1212 1419 1247; x_wconf 92' lang='lat' dir='ltr'>ut,</span> <span class='ocrx_word' id='word_1_332' title='bbox 1437 1206 1488 1249; x_wconf 92' lang='lat' dir='ltr'>qui</span> <span class='ocrx_word' id='word_1_333' title='bbox 1506 1216 1582 1248; x_wconf 85' lang='lat' dir='ltr'>erga</span> <span class='ocrx_word' id='word_1_334' title='bbox 1599 1205 1686 1237; x_wconf 90' lang='lat' dir='ltr'>illum</span> <span class='ocrx_word' id='word_1_335' title='bbox 1708 1203 1761 1237; x_wconf 88' lang='lat' dir='ltr'>de-</span> 
     </span>
     <span class='ocr_line' id='line_1_65' title="bbox 1021 1259 1761 1303; baseline -0.007 -8"><span class='ocrx_word' id='word_1_336' title='bbox 1021 1262 1155 1296; x_wconf 88' lang='lat' dir='ltr'>votionis</span> <span class='ocrx_word' id='word_1_337' title='bbox 1180 1267 1210 1294; x_wconf 88' lang='lat' dir='ltr'>et</span> <span class='ocrx_word' id='word_1_338' title='bbox 1233 1260 1391 1303; x_wconf 86' lang='lat' dir='ltr'>obsequiis</span> <span class='ocrx_word' id='word_1_339' title='bbox 1417 1260 1505 1303; x_wconf 87' lang='lat' dir='ltr'>signa</span> <span class='ocrx_word' id='word_1_340' title='bbox 1535 1259 1761 1300; x_wconf 86' lang='lat' dir='ltr'>demonstrant,</span> 
     </span>
     <span class='ocr_line' id='line_1_66' title="bbox 1020 1311 1762 1358; baseline -0.005 -10"><span class='ocrx_word' id='word_1_341' title='bbox 1020 1316 1114 1348; x_wconf 87' lang='lat' dir='ltr'>iidem</span> <span class='ocrx_word' id='word_1_342' title='bbox 1139 1315 1178 1347; x_wconf 90' lang='lat' dir='ltr'>ab</span> <span class='ocrx_word' id='word_1_343' title='bbox 1204 1315 1273 1358; x_wconf 91' lang='lat' dir='ltr'>ipso</span> <span class='ocrx_word' id='word_1_344' title='bbox 1298 1314 1440 1347; x_wconf 84' lang='lat' dir='ltr'>Romano</span> <span class='ocrx_word' id='word_1_345' title='bbox 1461 1311 1610 1346; x_wconf 86' lang='lat' dir='ltr'>Pontifice</span> <span class='ocrx_word' id='word_1_346' title='bbox 1634 1311 1762 1345; x_wconf 85' lang='lat' dir='ltr'>honori-</span> 
     </span>
     <span class='ocr_line' id='line_1_67' title="bbox 1019 1367 1488 1410; baseline -0.009 -8"><span class='ocrx_word' id='word_1_347' title='bbox 1019 1369 1077 1402; x_wconf 90' lang='lat' dir='ltr'>bus</span> <span class='ocrx_word' id='word_1_348' title='bbox 1101 1373 1131 1401; x_wconf 87' lang='lat' dir='ltr'>et</span> <span class='ocrx_word' id='word_1_349' title='bbox 1156 1368 1265 1410; x_wconf 86' lang='lat' dir='ltr'>gratiis</span> <span class='ocrx_word' id='word_1_350' title='bbox 1289 1367 1488 1400; x_wconf 84' lang='lat' dir='ltr'>decorentur.</span> 
     </span>
    </p>

    <p class='ocr_par' dir='ltr' id='par_1_16' title="bbox 1020 1417 1763 2534">
     <span class='ocr_line' id='line_1_68' title="bbox 1064 1417 1760 1465; baseline -0.006 -10"><span class='ocrx_word' id='word_1_351' title='bbox 1064 1421 1119 1465; x_wconf 53' lang='lat' dir='ltr'>§L</span> <span class='ocrx_word' id='word_1_352' title='bbox 1133 1421 1209 1455; x_wconf 94' lang='lat' dir='ltr'>Cum</span> <span class='ocrx_word' id='word_1_353' title='bbox 1224 1421 1339 1465; x_wconf 89' lang='lat' dir='ltr'>itaque,</span> <span class='ocrx_word' id='word_1_354' title='bbox 1354 1419 1450 1453; x_wconf 72' lang='lat' dir='ltr'>dum⁹</span> <span class='ocrx_word' id='word_1_355' title='bbox 1462 1430 1563 1463; x_wconf 85' lang='lat' dir='ltr'>nuper</span> <span class='ocrx_word' id='word_1_356' title='bbox 1581 1419 1612 1451; x_wconf 92' lang='lat' dir='ltr'>in</span> <span class='ocrx_word' id='word_1_357' title='bbox 1629 1417 1760 1452; x_wconf 88' lang='lat' dir='ltr'>solemni</span> 
     </span>
     <span class='ocr_line' id='line_1_69' title="bbox 1020 1472 1763 1519; baseline -0.007 -10"><span class='ocrx_word' id='word_1_358' title='bbox 1020 1476 1295 1519; x_wconf 84' lang='lat' dir='ltr'>equitatione,qua</span> <span class='ocrx_word' id='word_1_359' title='bbox 1312 1484 1369 1507; x_wconf 91' lang='lat' dir='ltr'>nos</span> <span class='ocrx_word' id='word_1_360' title='bbox 1387 1473 1500 1516; x_wconf 84' lang='lat' dir='ltr'>insigni</span> <span class='ocrx_word' id='word_1_361' title='bbox 1515 1478 1639 1505; x_wconf 88' lang='lat' dir='ltr'>sanctae</span> <span class='ocrx_word' id='word_1_362' title='bbox 1653 1472 1763 1505; x_wconf 84' lang='lat' dir='ltr'>Roma-</span> 
     </span>
     <span class='ocr_line' id='line_1_70' title="bbox 1021 1526 1762 1569; baseline -0.005 -7"><span class='ocrx_word' id='word_1_363' title='bbox 1021 1540 1078 1562; x_wconf 86' lang='lat' dir='ltr'>nae</span> <span class='ocrx_word' id='word_1_364' title='bbox 1093 1528 1250 1562; x_wconf 86' lang='lat' dir='ltr'>Ecclesiae</span> <span class='ocrx_word' id='word_1_365' title='bbox 1264 1527 1481 1566; x_wconf 82' lang='lat' dir='ltr'>cardinalium,</span> <span class='ocrx_word' id='word_1_366' title='bbox 1495 1526 1677 1565; x_wconf 81' lang='lat' dir='ltr'>antistitum,</span> <span class='ocrx_word' id='word_1_367' title='bbox 1692 1536 1762 1569; x_wconf 88' lang='lat' dir='ltr'>pro-</span> 
     </span>
     <span class='ocr_line' id='line_1_71' title="bbox 1021 1579 1761 1623; baseline -0.005 -8"><span class='ocrx_word' id='word_1_368' title='bbox 1021 1593 1128 1616; x_wconf 89' lang='lat' dir='ltr'>cerum</span> <span class='ocrx_word' id='word_1_369' title='bbox 1149 1593 1185 1615; x_wconf 88' lang='lat' dir='ltr'>ac</span> <span class='ocrx_word' id='word_1_370' title='bbox 1205 1582 1398 1621; x_wconf 80' lang='lat' dir='ltr'>officialium,</span> <span class='ocrx_word' id='word_1_371' title='bbox 1419 1580 1631 1623; x_wconf 86' lang='lat' dir='ltr'>ordinumque</span> <span class='ocrx_word' id='word_1_372' title='bbox 1649 1579 1761 1612; x_wconf 82' lang='lat' dir='ltr'>Roma-</span> 
     </span>
     <span class='ocr_line' id='line_1_72' title="bbox 1021 1633 1761 1677; baseline -0.007 -8"><span class='ocrx_word' id='word_1_373' title='bbox 1021 1647 1078 1668; x_wconf 86' lang='lat' dir='ltr'>nae</span> <span class='ocrx_word' id='word_1_374' title='bbox 1090 1636 1196 1669; x_wconf 84' lang='lat' dir='ltr'>curiae</span> <span class='ocrx_word' id='word_1_375' title='bbox 1213 1636 1363 1668; x_wconf 88' lang='lat' dir='ltr'>comitatu</span> <span class='ocrx_word' id='word_1_376' title='bbox 1380 1636 1497 1677; x_wconf 80' lang='lat' dir='ltr'>pompa</span> <span class='ocrx_word' id='word_1_377' title='bbox 1516 1633 1633 1666; x_wconf 89' lang='lat' dir='ltr'>celebri</span> <span class='ocrx_word' id='word_1_378' title='bbox 1647 1638 1677 1665; x_wconf 89' lang='lat' dir='ltr'>et</span> <span class='ocrx_word' id='word_1_379' title='bbox 1690 1643 1761 1676; x_wconf 87' lang='lat' dir='ltr'>qua-</span> 
     </span>
     <span class='ocr_line' id='line_1_73' title="bbox 1020 1685 1762 1733; baseline -0.005 -12"><span class='ocrx_word' id='word_1_380' title='bbox 1020 1690 1164 1733; x_wconf 87' lang='lat' dir='ltr'>draginta</span> <span class='ocrx_word' id='word_1_381' title='bbox 1184 1699 1219 1721; x_wconf 89' lang='lat' dir='ltr'>ac</span> <span class='ocrx_word' id='word_1_382' title='bbox 1233 1688 1324 1721; x_wconf 90' lang='lat' dir='ltr'>unius</span> <span class='ocrx_word' id='word_1_383' title='bbox 1349 1687 1654 1720; x_wconf 87' lang='lat' dir='ltr'>adolescentulorum</span> <span class='ocrx_word' id='word_1_384' title='bbox 1672 1685 1762 1718; x_wconf 88' lang='lat' dir='ltr'>nobi-</span> 
     </span>
     <span class='ocr_line' id='line_1_74' title="bbox 1022 1739 1762 1786; baseline -0.007 -11"><span class='ocrx_word' id='word_1_385' title='bbox 1022 1743 1096 1775; x_wconf 90' lang='lat' dir='ltr'>lium</span> <span class='ocrx_word' id='word_1_386' title='bbox 1112 1753 1165 1775; x_wconf 82' lang='lat' dir='ltr'>seu</span> <span class='ocrx_word' id='word_1_387' title='bbox 1180 1751 1352 1786; x_wconf 89' lang='lat' dir='ltr'>puerorum</span> <span class='ocrx_word' id='word_1_388' title='bbox 1368 1740 1612 1774; x_wconf 79' lang='lat' dir='ltr'>honorariorum</span> <span class='ocrx_word' id='word_1_389' title='bbox 1627 1739 1665 1771; x_wconf 86' lang='lat' dir='ltr'>ad</span> <span class='ocrx_word' id='word_1_390' title='bbox 1683 1739 1762 1771; x_wconf 89' lang='lat' dir='ltr'>latus</span> 
     </span>
     <span class='ocr_line' id='line_1_75' title="bbox 1020 1793 1763 1836; baseline -0.005 -8"><span class='ocrx_word' id='word_1_391' title='bbox 1020 1801 1161 1829; x_wconf 90' lang='lat' dir='ltr'>nostrum</span> <span class='ocrx_word' id='word_1_392' title='bbox 1179 1795 1366 1827; x_wconf 83' lang='lat' dir='ltr'>adstantium</span> <span class='ocrx_word' id='word_1_393' title='bbox 1381 1795 1498 1827; x_wconf 71' lang='lat' dir='ltr'>corona</span> <span class='ocrx_word' id='word_1_394' title='bbox 1515 1793 1619 1836; x_wconf 87' lang='lat' dir='ltr'>stipati</span> <span class='ocrx_word' id='word_1_395' title='bbox 1638 1798 1763 1836; x_wconf 85' lang='lat' dir='ltr'>patente</span> 
     </span>
     <span class='ocr_line' id='line_1_76' title="bbox 1021 1845 1762 1892; baseline -0.007 -10"><span class='ocrx_word' id='word_1_396' title='bbox 1021 1849 1111 1882; x_wconf 77' lang='lat' dir='ltr'>letica</span> <span class='ocrx_word' id='word_1_397' title='bbox 1140 1860 1156 1882; x_wconf 88' lang='lat' dir='ltr'>e</span> <span class='ocrx_word' id='word_1_398' title='bbox 1190 1849 1307 1892; x_wconf 87' lang='lat' dir='ltr'>palatio</span> <span class='ocrx_word' id='word_1_399' title='bbox 1343 1852 1452 1880; x_wconf 87' lang='lat' dir='ltr'>nostro</span> <span class='ocrx_word' id='word_1_400' title='bbox 1478 1846 1625 1879; x_wconf 86' lang='lat' dir='ltr'>Vaticano</span> <span class='ocrx_word' id='word_1_401' title='bbox 1649 1845 1686 1878; x_wconf 91' lang='lat' dir='ltr'>ad</span> <span class='ocrx_word' id='word_1_402' title='bbox 1712 1855 1762 1878; x_wconf 86' lang='lat' dir='ltr'>ec·</span> 
     </span>
     <span class='ocr_line' id='line_1_77' title="bbox 1020 1900 1763 1940; baseline -0.005 -5"><span class='ocrx_word' id='word_1_403' title='bbox 1020 1903 1146 1935; x_wconf 86' lang='lat' dir='ltr'>clesiam</span> <span class='ocrx_word' id='word_1_404' title='bbox 1177 1902 1206 1936; x_wconf 87' lang='lat' dir='ltr'>S.</span> <span class='ocrx_word' id='word_1_405' title='bbox 1240 1901 1365 1934; x_wconf 87' lang='lat' dir='ltr'>loannis</span> <span class='ocrx_word' id='word_1_406' title='bbox 1390 1900 1616 1940; x_wconf 66' lang='lat' dir='ltr'>Latet-anemis,</span> <span class='ocrx_word' id='word_1_407' title='bbox 1642 1905 1674 1932; x_wconf 92' lang='lat' dir='ltr'>ut</span> <span class='ocrx_word' id='word_1_408' title='bbox 1699 1908 1763 1932; x_wconf 93' lang='lat' dir='ltr'>mo-</span> 
     </span>
     <span class='ocr_line' id='line_1_78' title="bbox 1021 1952 1762 1999; baseline -0.007 -10"><span class='ocrx_word' id='word_1_409' title='bbox 1021 1957 1062 1989; x_wconf 87' lang='lat' dir='ltr'>ris</span> <span class='ocrx_word' id='word_1_410' title='bbox 1094 1962 1156 1996; x_wconf 87' lang='lat' dir='ltr'>est,</span> <span class='ocrx_word' id='word_1_411' title='bbox 1180 1956 1404 1999; x_wconf 85' lang='lat' dir='ltr'>processimus,</span> <span class='ocrx_word' id='word_1_412' title='bbox 1423 1960 1454 1986; x_wconf 92' lang='lat' dir='ltr'>tu</span> <span class='ocrx_word' id='word_1_413' title='bbox 1480 1963 1560 1986; x_wconf 89' lang='lat' dir='ltr'>unus</span> <span class='ocrx_word' id='word_1_414' title='bbox 1589 1964 1605 1986; x_wconf 90' lang='lat' dir='ltr'>e</span> <span class='ocrx_word' id='word_1_415' title='bbox 1632 1952 1762 1996; x_wconf 86' lang='lat' dir='ltr'>quadra-</span> 
     </span>
     <span class='ocr_line' id='line_1_79' title="bbox 1020 2006 1762 2053; baseline -0.005 -11"><span class='ocrx_word' id='word_1_416' title='bbox 1020 2010 1106 2053; x_wconf 84' lang='lat' dir='ltr'>ginta</span> <span class='ocrx_word' id='word_1_417' title='bbox 1131 2015 1161 2042; x_wconf 91' lang='lat' dir='ltr'>et</span> <span class='ocrx_word' id='word_1_418' title='bbox 1185 2019 1248 2042; x_wconf 87' lang='lat' dir='ltr'>uno</span> <span class='ocrx_word' id='word_1_419' title='bbox 1283 2008 1524 2041; x_wconf 86' lang='lat' dir='ltr'>adolescentulis</span> <span class='ocrx_word' id='word_1_420' title='bbox 1560 2008 1623 2039; x_wconf 86' lang='lat' dir='ltr'>sive</span> <span class='ocrx_word' id='word_1_421' title='bbox 1655 2006 1762 2050; x_wconf 87' lang='lat' dir='ltr'>pueris</span> 
     </span>
     <span class='ocr_line' id='line_1_80' title="bbox 1022 2060 1761 2103; baseline -0.004 -7"><span class='ocrx_word' id='word_1_422' title='bbox 1022 2064 1197 2097; x_wconf 80' lang='lat' dir='ltr'>honorariis</span> <span class='ocrx_word' id='word_1_423' title='bbox 1223 2061 1404 2095; x_wconf 85' lang='lat' dir='ltr'>huiusmodi</span> <span class='ocrx_word' id='word_1_424' title='bbox 1430 2060 1583 2094; x_wconf 77' lang='lat' dir='ltr'>extiteris:</span> <span class='ocrx_word' id='word_1_425' title='bbox 1609 2070 1665 2093; x_wconf 86' lang='lat' dir='ltr'>nos</span> <span class='ocrx_word' id='word_1_426' title='bbox 1687 2071 1761 2103; x_wconf 85' lang='lat' dir='ltr'>pro·</span> 
     </span>
     <span class='ocr_line' id='line_1_81' title="bbox 1020 2112 1760 2161; baseline -0.007 -11"><span class='ocrx_word' id='word_1_427' title='bbox 1020 2123 1136 2161; x_wconf 88' lang='lat' dir='ltr'>pterea,</span> <span class='ocrx_word' id='word_1_428' title='bbox 1158 2121 1191 2149; x_wconf 91' lang='lat' dir='ltr'>ut</span> <span class='ocrx_word' id='word_1_429' title='bbox 1214 2115 1341 2159; x_wconf 89' lang='lat' dir='ltr'>aliquod</span> <span class='ocrx_word' id='word_1_430' title='bbox 1366 2115 1486 2159; x_wconf 84' lang='lat' dir='ltr'>paterni</span> <span class='ocrx_word' id='word_1_431' title='bbox 1508 2113 1605 2147; x_wconf 83' lang='lat' dir='ltr'>nostri</span> <span class='ocrx_word' id='word_1_432' title='bbox 1631 2112 1760 2146; x_wconf 77' lang='lat' dir='ltr'>affectus</span> 
     </span>
     <span class='ocr_line' id='line_1_82' title="bbox 1022 2168 1761 2211; baseline -0.005 -8"><span class='ocrx_word' id='word_1_433' title='bbox 1022 2172 1050 2203; x_wconf 87' lang='lat' dir='ltr'>in</span> <span class='ocrx_word' id='word_1_434' title='bbox 1072 2171 1188 2203; x_wconf 81' lang='lat' dir='ltr'>familia</span> <span class='ocrx_word' id='word_1_435' title='bbox 1215 2172 1266 2203; x_wconf 73' lang='lat' dir='ltr'>tua</span> <span class='ocrx_word' id='word_1_436' title='bbox 1291 2174 1374 2202; x_wconf 74' lang='lat' dir='ltr'>extet</span> <span class='ocrx_word' id='word_1_437' title='bbox 1399 2168 1639 2207; x_wconf 85' lang='lat' dir='ltr'>monimentum,</span> <span class='ocrx_word' id='word_1_438' title='bbox 1657 2172 1686 2199; x_wconf 90' lang='lat' dir='ltr'>te</span> <span class='ocrx_word' id='word_1_439' title='bbox 1710 2177 1761 2211; x_wconf 86' lang='lat' dir='ltr'>pe-</span> 
     </span>
     <span class='ocr_line' id='line_1_83' title="bbox 1020 2221 1760 2264; baseline -0.005 -7"><span class='ocrx_word' id='word_1_440' title='bbox 1020 2224 1130 2257; x_wconf 88' lang='lat' dir='ltr'>culiari</span> <span class='ocrx_word' id='word_1_441' title='bbox 1156 2223 1391 2256; x_wconf 84' lang='lat' dir='ltr'>benevolentiae</span> <span class='ocrx_word' id='word_1_442' title='bbox 1409 2228 1534 2255; x_wconf 85' lang='lat' dir='ltr'>nostrae</span> <span class='ocrx_word' id='word_1_443' title='bbox 1559 2221 1663 2254; x_wconf 81' lang='lat' dir='ltr'>favore</span> <span class='ocrx_word' id='word_1_444' title='bbox 1689 2231 1760 2264; x_wconf 81' lang='lat' dir='ltr'>pro-</span> 
     </span>
     <span class='ocr_line' id='line_1_84' title="bbox 1020 2275 1757 2321; baseline -0.007 -11"><span class='ocrx_word' id='word_1_445' title='bbox 1020 2278 1107 2321; x_wconf 91' lang='lat' dir='ltr'>sequi</span> <span class='ocrx_word' id='word_1_446' title='bbox 1133 2278 1293 2317; x_wconf 81' lang='lat' dir='ltr'>volentes,</span> <span class='ocrx_word' id='word_1_447' title='bbox 1321 2281 1351 2308; x_wconf 88' lang='lat' dir='ltr'>et</span> <span class='ocrx_word' id='word_1_448' title='bbox 1382 2286 1399 2308; x_wconf 86' lang='lat' dir='ltr'>a</span> <span class='ocrx_word' id='word_1_449' title='bbox 1436 2275 1598 2318; x_wconf 83' lang='lat' dir='ltr'>quibusvis</span> <span class='ocrx_word' id='word_1_450' title='bbox 1629 2284 1757 2306; x_wconf 79' lang='lat' dir='ltr'>excom-</span> 
     </span>
     <span class='ocr_line' id='line_1_85' title="bbox 1021 2326 1760 2373; baseline -0.005 -10"><span class='ocrx_word' id='word_1_451' title='bbox 1021 2331 1251 2370; x_wconf 85' lang='lat' dir='ltr'>municationis,</span> <span class='ocrx_word' id='word_1_452' title='bbox 1283 2329 1499 2373; x_wconf 82' lang='lat' dir='ltr'>suspensionis</span> <span class='ocrx_word' id='word_1_453' title='bbox 1531 2334 1561 2360; x_wconf 86' lang='lat' dir='ltr'>et</span> <span class='ocrx_word' id='word_1_454' title='bbox 1593 2326 1760 2368; x_wconf 89' lang='lat' dir='ltr'>interdicti,</span> 
     </span>
     <span class='ocr_line' id='line_1_86' title="bbox 1020 2380 1761 2428; baseline -0.007 -11"><span class='ocrx_word' id='word_1_455' title='bbox 1020 2384 1151 2428; x_wconf 77' lang='lat' dir='ltr'>aliisque</span> <span class='ocrx_word' id='word_1_456' title='bbox 1176 2383 1395 2417; x_wconf 85' lang='lat' dir='ltr'>ecclesiasticis</span> <span class='ocrx_word' id='word_1_457' title='bbox 1419 2382 1596 2421; x_wconf 85' lang='lat' dir='ltr'>sententiis,</span> <span class='ocrx_word' id='word_1_458' title='bbox 1621 2380 1761 2414; x_wconf 86' lang='lat' dir='ltr'>censuris</span> 
     </span>
     <span class='ocr_line' id='line_1_87' title="bbox 1021 2434 1760 2482; baseline -0.007 -11"><span class='ocrx_word' id='word_1_459' title='bbox 1021 2443 1049 2472; x_wconf 89' lang='lat' dir='ltr'>et</span> <span class='ocrx_word' id='word_1_460' title='bbox 1074 2438 1193 2482; x_wconf 82' lang='lat' dir='ltr'>poenis,</span> <span class='ocrx_word' id='word_1_461' title='bbox 1218 2448 1235 2469; x_wconf 91' lang='lat' dir='ltr'>a</span> <span class='ocrx_word' id='word_1_462' title='bbox 1262 2438 1328 2469; x_wconf 84' lang='lat' dir='ltr'>iure</span> <span class='ocrx_word' id='word_1_463' title='bbox 1354 2436 1400 2468; x_wconf 79' lang='lat' dir='ltr'>vel</span> <span class='ocrx_word' id='word_1_464' title='bbox 1425 2436 1463 2468; x_wconf 88' lang='lat' dir='ltr'>ab</span> <span class='ocrx_word' id='word_1_465' title='bbox 1488 2435 1625 2475; x_wconf 84' lang='lat' dir='ltr'>homine,</span> <span class='ocrx_word' id='word_1_466' title='bbox 1651 2434 1760 2478; x_wconf 85' lang='lat' dir='ltr'>quavis</span> 
     </span>
     <span class='ocr_line' id='line_1_88' title="bbox 1020 2489 1760 2534; baseline -0.007 -8"><span class='ocrx_word' id='word_1_467' title='bbox 1020 2493 1184 2527; x_wconf 88' lang='lat' dir='ltr'>occasione</span> <span class='ocrx_word' id='word_1_468' title='bbox 1205 2491 1252 2524; x_wconf 80' lang='lat' dir='ltr'>vel</span> <span class='ocrx_word' id='word_1_469' title='bbox 1277 2492 1371 2524; x_wconf 70' lang='lat' dir='ltr'>causa</span> <span class='ocrx_word' id='word_1_470' title='bbox 1396 2490 1464 2523; x_wconf 88' lang='lat' dir='ltr'>latis</span> <span class='ocrx_word' id='word_1_471' title='bbox 1478 2517 1485 2531; x_wconf 90' lang='lat'>‚</span> <span class='ocrx_word' id='word_1_472' title='bbox 1506 2489 1531 2523; x_wconf 81' lang='lat' dir='ltr'>si</span> <span class='ocrx_word' id='word_1_473' title='bbox 1551 2489 1664 2534; x_wconf 86' lang='lat' dir='ltr'>quibus</span> <span class='ocrx_word' id='word_1_474' title='bbox 1685 2498 1760 2532; x_wconf 69' lang='lat' dir='ltr'>qu00</span> 
     </span>
    </p>
   </div>
   <div class='ocr_carea' id='block_1_14' title="bbox 1053 2562 1650 2643">
    <p class='ocr_par' dir='ltr' id='par_1_17' title="bbox 1053 2562 1650 2643">
     <span class='ocr_line' id='line_1_89' title="bbox 1056 2562 1512 2599; baseline -0.002 -8"><span class='ocrx_word' id='word_1_475' title='bbox 1056 2566 1066 2591; x_wconf 77' lang='lat'>1</span> <span class='ocrx_word' id='word_1_476' title='bbox 1091 2564 1127 2591; x_wconf 80' lang='lat' dir='ltr'>Ex</span> <span class='ocrx_word' id='word_1_477' title='bbox 1144 2563 1251 2599; x_wconf 79' lang='lat' dir='ltr'>Regest.</span> <span class='ocrx_word' id='word_1_478' title='bbox 1268 2563 1294 2590; x_wconf 93' lang='lat' dir='ltr'>in</span> <span class='ocrx_word' id='word_1_479' title='bbox 1310 2563 1413 2590; x_wconf 81' lang='lat' dir='ltr'>Secret.</span> <span class='ocrx_word' id='word_1_480' title='bbox 1432 2562 1512 2590; x_wconf 77' lang='lat' dir='ltr'>Brev.</span> 
     </span>
     <span class='ocr_line' id='line_1_90' title="bbox 1053 2607 1650 2643; baseline -0.003 -6"><span class='ocrx_word' id='word_1_481' title='bbox 1053 2609 1069 2637; x_wconf 81' lang='lat'><strong>2</strong></span> <span class='ocrx_word' id='word_1_482' title='bbox 1086 2609 1248 2637; x_wconf 82' lang='lat' dir='ltr'>Particulam</span> <span class='ocrx_word' id='word_1_483' title='bbox 1262 2608 1332 2637; x_wconf 77' lang='lat' dir='ltr'>dum</span> <span class='ocrx_word' id='word_1_484' title='bbox 1347 2616 1396 2637; x_wconf 82' lang='lat' dir='ltr'>nos</span> <span class='ocrx_word' id='word_1_485' title='bbox 1411 2607 1535 2636; x_wconf 81' lang='lat' dir='ltr'>addimus</span> <span class='ocrx_word' id='word_1_486' title='bbox 1549 2607 1587 2641; x_wconf 75' lang='lat' dir='ltr'>(a.</span> <span class='ocrx_word' id='word_1_487' title='bbox 1601 2607 1650 2643; x_wconf 55' lang='grc' dir='ltr'>Ἦ).</span> 
     </span>
    </p>
   </div>
   <div class='ocr_carea' id='block_1_15' title="bbox 1682 182 1956 217">
    <p class='ocr_par' dir='ltr' id='par_1_18' title="bbox 1682 182 1956 217">
     <span class='ocr_line' id='line_1_91' title="bbox 1682 182 1956 217; baseline 0.011 -3"><span class='ocrx_word' id='word_1_488' title='bbox 1682 182 1721 214; x_wconf 70' lang='lat'>21</span> <span class='ocrx_word' id='word_1_489' title='bbox 1772 190 1822 216; x_wconf 78' lang='lat' dir='ltr'>An.</span> <span class='ocrx_word' id='word_1_490' title='bbox 1838 190 1866 217; x_wconf 90' lang='lat' dir='ltr'>C.</span> <span class='ocrx_word' id='word_1_491' title='bbox 1888 188 1956 217; x_wconf 80' lang='lat'>1655</span> 
     </span>
    </p>
   </div>
   <div class='ocr_carea' id='block_1_16' title="bbox 1803 1161 1942 1183">
    <p class='ocr_par' dir='ltr' id='par_1_19' title="bbox 1803 1161 1942 1183">
     <span class='ocr_line' id='line_1_92' title="bbox 1803 1161 1942 1183; baseline 0 -1"><span class='ocrx_word' id='word_1_492' title='bbox 1803 1161 1942 1183; x_wconf 61' lang='lat' dir='ltr'>Prooemium,</span> 
     </span>
    </p>
   </div>
   <div class='ocr_carea' id='block_1_17' title="bbox 1776 1425 1961 1588">
    <p class='ocr_par' dir='ltr' id='par_1_20' title="bbox 1776 1425 1961 1588">
     <span class='ocr_line' id='line_1_93' title="bbox 1817 1425 1960 1453; baseline 0.007 -6"><span class='ocrx_word' id='word_1_493' title='bbox 1817 1425 1907 1453; x_wconf 77' lang='lat' dir='ltr'>losepho</span> <span class='ocrx_word' id='word_1_494' title='bbox 1922 1427 1960 1448; x_wconf 80' lang='lat' dir='ltr'>Co·</span> 
     </span>
     <span class='ocr_line' id='line_1_94' title="bbox 1777 1455 1961 1475; baseline -0.005 -2"><span class='ocrx_word' id='word_1_495' title='bbox 1777 1455 1842 1473; x_wconf 61' lang='lat' dir='ltr'>stazm</span> <span class='ocrx_word' id='word_1_496' title='bbox 1890 1455 1961 1475; x_wconf 60' lang='lat' dir='ltr'>omnin</span> 
     </span>
     <span class='ocr_line' id='line_1_95' title="bbox 1777 1481 1960 1507; baseline 0.005 -7"><span class='ocrx_word' id='word_1_497' title='bbox 1777 1481 1907 1507; x_wconf 58' lang='lat' dir='ltr'>prudentae</span> <span class='ocrx_word' id='word_1_498' title='bbox 1933 1487 1960 1501; x_wconf 83' lang='lat' dir='ltr'>in·</span> 
     </span>
     <span class='ocr_line' id='line_1_96' title="bbox 1777 1508 1960 1533; baseline 0.005 -6"><span class='ocrx_word' id='word_1_499' title='bbox 1777 1508 1834 1527; x_wconf 65' lang='lat' dir='ltr'>[tutta</span> <span class='ocrx_word' id='word_1_500' title='bbox 1853 1508 1960 1533; x_wconf 65' lang='lat' dir='ltr'>equiubus</span> 
     </span>
     <span class='ocr_line' id='line_1_97' title="bbox 1776 1535 1960 1555; baseline 0.005 -1"><span class='ocrx_word' id='word_1_501' title='bbox 1776 1535 1822 1554; x_wconf 75' lang='lat' dir='ltr'>atits</span> <span class='ocrx_word' id='word_1_502' title='bbox 1860 1540 1960 1555; x_wconf 58' lang='lat' dir='ltr'>concessa</span> 
     </span>
     <span class='ocr_line' id='line_1_98' title="bbox 1776 1561 1901 1588; baseline 0.008 -7"><span class='ocrx_word' id='word_1_503' title='bbox 1776 1561 1901 1588; x_wconf 70' lang='lat' dir='ltr'>impartitur.</span> 
     </span>
    </p>
   </div>
  </div>
 </body>
</html>
