2243 3205
237 172 415 202 An.c.1659
460 164 526 197 462

432 221 471 254 ad
495 221 556 255 hoc
580 226 613 254 ut
637 221 710 254 dicti
735 221 853 255 domini
877 222 999 266 possint
1019 233 1086 257 sese
1115 224 1172 257 Ro-

434 284 517 307 mam
542 274 685 308 conferre
720 285 778 318 pro
812 275 980 319 praedictis
1010 277 1112 310 causis
1142 282 1172 310 et

433 337 492 370 pro
517 327 736 360 demandanda
760 328 945 373 executione
969 331 1115 363 contenta
1140 330 1172 362 in

432 380 593 424 praedicta
617 381 794 424 donatione,
815 382 994 426 praedictus
1020 383 1168 416 illustris--

434 434 532 468 simus
556 434 703 469 dominus
726 435 919 478 gubernator
943 437 1091 480 promisit
1112 437 1172 469 eis-

434 487 505 520 dem
540 487 676 521 dominis
711 488 882 523 donatariis
914 490 992 523 solvi
1024 490 1125 523 facere
1156 500 1172 522 a

434 541 712 574 communitatibus
736 542 903 575 Messerani
928 547 959 575 et
982 542 1171 586 Crepacorii,

434 599 464 627 et
486 604 545 638 pro
569 595 714 639 expensis
738 595 869 638 itineris,
886 596 998 640 duplas
1018 596 1172 639 quinqua-

434 647 519 691 ginta
544 648 576 680 in
595 652 708 690 totum,
727 659 807 693 quae
831 650 936 683 omnia
961 649 992 682 in
1016 649 1172 693 praesenti

433 700 562 744 publico
587 701 797 735 instrumento
821 702 998 736 donationis
1027 706 1173 735 contenta

433 753 508 787 dicti
542 754 662 788 domini
697 755 851 789 donatarii
887 760 950 789 tam
982 755 1172 789 coniunctim

433 818 527 851 quam
560 809 777 854 unusquisque
801 809 925 842 divisim
950 815 980 842 et
1004 808 1171 842 insolidum

432 871 492 904 pro
516 871 553 895 eo
577 862 615 895 ad
639 862 725 906 quod
748 862 879 906 quilibet
902 867 1027 895 tenetur
1056 862 1173 905 promi-

433 920 542 948 serunt
555 920 584 948 et
599 916 796 959 promittunt,
821 926 876 949 seu
900 916 1046 960 promisit
1059 922 1088 949 et
1101 926 1172 960 pro-

434 968 528 1001 mittit
552 968 668 1001 habere
691 975 722 1002 et
745 974 852 1002 tenere
866 974 943 1010 rata,
957 975 1056 1012 grata,
1071 969 1171 1002 valida

433 1025 525 1064 atque
549 1020 652 1061 firma,
677 1024 706 1055 et
730 1032 788 1065 pro
813 1021 871 1055 rite
892 1027 922 1054 et
945 1027 1030 1055 recte
1055 1021 1170 1064 gesta¹,

433 1077 462 1105 et
486 1073 530 1106 eis
555 1073 586 1105 in
610 1073 715 1117 aliquo
739 1084 797 1107 nec
817 1074 849 1106 in
873 1074 978 1118 aliqua
1001 1081 1090 1118 parte
1113 1086 1170 1108 un-

433 1136 527 1169 quam
553 1131 661 1159 contra
678 1127 791 1168 facere,
809 1127 923 1169 dicere,
948 1138 1110 1171 opponere
1124 1128 1171 1161 vel

433 1179 550 1220 venire,
576 1179 743 1224 minusque
764 1180 978 1214 contrafacere
996 1181 1110 1214 volenti
1124 1191 1171 1214 ac-

432 1233 609 1266 consentire
629 1234 667 1267 de
692 1234 760 1267 iure
784 1244 842 1267 nec
865 1234 903 1267 de
929 1234 1020 1276 sacto,
1049 1235 1170 1268 etiamsi

432 1286 502 1330 quis
535 1292 658 1331 posset,
683 1287 740 1320 sub
766 1290 915 1331 expressa
939 1288 1117 1332 hypotheca
1142 1295 1172 1322 et

432 1339 623 1383 obligatione
658 1340 798 1374 omnium
835 1346 864 1374 et
897 1352 1171 1385 quorumcumque

432 1402 541 1425 eorum
567 1392 724 1426 dictorum
749 1393 984 1427 donatariorum
1014 1394 1171 1428 bonorum

431 1446 644 1489 praesentium
658 1451 688 1479 et
700 1447 891 1489 futurorum,
912 1457 992 1490 quae
1009 1458 1067 1491 pro
1080 1458 1172 1491 prae-

433 1498 600 1532 missorum
627 1499 826 1532 observantia
852 1500 896 1533 sic
920 1500 1066 1541 obnoxia,
1094 1501 1171 1533 obli-

431 1556 504 1594 gata
527 1557 557 1585 et
581 1552 789 1596 hypothecata
818 1558 926 1586 tenere
958 1564 1026 1587 sese
1054 1554 1170 1588 consti-

432 1608 544 1646 tuunt,
575 1615 630 1638 seu
660 1606 791 1649 quilibet
823 1606 965 1650 ipsorum
999 1607 1170 1640 constituit.

432 1657 715 1693 Intervenientibus
735 1659 861 1692 demum
888 1660 919 1692 in
943 1660 1125 1704 praemissis
1142 1666 1172 1693 et

432 1710 516 1744 circa
545 1722 581 1745 ea
612 1712 760 1745 omnibus
795 1713 863 1746 aliis
895 1713 1008 1746 debitis
1040 1714 1172 1757 promis-

432 1764 594 1806 sionibus,
629 1765 787 1799 bonorum
821 1766 1066 1810 obligationibus
1099 1777 1169 1800 cum

432 1818 573 1851 clausula
597 1818 756 1852 constituti
780 1819 812 1853 in
837 1820 959 1862 forma,
985 1820 1171 1853 submissio-

432 1870 544 1912 nibus,
576 1872 820 1906 relevationibus
834 1900 842 1914 ,
874 1873 1148 1907 ratihabitionibus
1163 1900 1170 1914 ,

432 1924 722 1959 renunciationibus
739 1926 1001 1970 quibuscumque,
1022 1932 1085 1959 tam
1103 1937 1172 1971 spe-

432 1978 563 2011 cialibus
587 1989 681 2023 quam
701 1980 901 2023 generalibus
918 1985 948 2013 et
964 1980 1033 2013 aliis
1049 1980 1171 2023 legibus

433 2031 464 2063 in
488 2031 671 2075 praemissis
695 2032 807 2076 apponi
825 2033 924 2066 solitis
949 2038 980 2065 et
1004 2033 1170 2074 consuetis,

433 2095 504 2118 cum
529 2095 638 2119 eorum
664 2086 841 2119 iuramento
861 2086 965 2119 debite
985 2096 1041 2130 per
1065 2097 1172 2131 quem-

433 2138 508 2171 libet
521 2138 660 2182 ipsorum
679 2139 838 2183 praestito,
857 2139 946 2173 tactis
964 2140 1171 2183 corporaliter

433 2190 604 2236 Scripturis
634 2192 665 2224 in
689 2192 835 2226 omnibus
859 2197 889 2226 et
920 2192 958 2225 ad
982 2192 1169 2226 delationem

433 2244 494 2277 mei
511 2245 625 2279 notarii
649 2245 828 2289 subscripti,
849 2256 962 2290 nempe
981 2256 1038 2290 per
1054 2246 1169 2279 dictam

432 2298 592 2332 dominam
617 2299 784 2332 Antoniam
798 2299 914 2332 tutorio
928 2300 1055 2332 nomine
1069 2305 1098 2332 et
1115 2310 1170 2333 no-

433 2352 571 2385 minibus
597 2352 852 2396 supradictorum
877 2352 944 2385 eius
969 2352 1119 2393 filiorum,
1141 2357 1171 2386 et

432 2415 489 2448 per
501 2405 618 2438 dictum
632 2405 794 2439 dominum
808 2406 970 2439 Octavium
987 2416 1049 2439 non
1068 2406 1170 2439 solum

433 2459 558 2492 nomine
582 2459 621 2492 et'
636 2459 816 2493 nominibus
833 2459 1087 2503 supradictorum
1104 2460 1170 2493 eius

469 2573 480 2599 1
503 2572 644 2609 Oporteret
661 2574 751 2609 legere
769 2575 853 2610 qestis
871 2576 909 2610 (R.
921 2575 970 2610 Τ.).

1009 174 1188 200 BULLARIUM
1211 173 1366 199 ROMANUM

1205 224 1346 265 fratrum,
1372 227 1402 255 et
1426 222 1470 255 sic
1493 222 1611 255 tutorio
1626 222 1762 266 nomine,
1778 222 1831 256 sed
1847 222 1942 256 etiam

1205 275 1332 308 nomine
1356 275 1580 318 suimetipsius,
1601 274 1816 319 approbando,
1837 276 1939 309 ratifi-

1206 330 1305 362 cando
1330 334 1360 362 et
1383 329 1617 370 confirmando,
1637 334 1732 373 prout
1755 329 1942 372 emulgavit,

1206 382 1404 416 confirmavit
1428 387 1458 415 et
1481 381 1646 415 ratificavit
1670 381 1776 415 omnia
1800 386 1830 414 et
1853 391 1944 425 quae-

1206 447 1341 480 cumque
1362 447 1419 480 per
1444 447 1515 470 eum
1540 441 1618 478 acta,
1643 441 1741 479 gesta,
1765 435 1857 476 dicta,
1875 445 1944 479 pro-

1207 489 1302 522 missa
1325 494 1355 521 et
1379 494 1524 522 contenta
1555 488 1585 521 in
1615 488 1824 521 instrumento
1847 487 1945 521 dona-

1206 542 1299 575 tionis
1325 553 1382 586 per
1406 543 1510 586 ipsum
1534 542 1641 584 sactae,
1670 542 1708 574 de
1733 552 1794 585 qua
1824 545 1958 574 constat.

1205 606 1262 639 per
1285 596 1424 639 rogitum
1449 596 1510 629 mei
1535 595 1727 639 infrascripti
1750 594 1865 628 notarii
1887 593 1945 627 sub

1206 648 1255 681 die
1279 659 1352 682 xx1v
1376 648 1568 693 praesentis,
1600 648 1765 692 requirens
1789 647 1828 680 de
1853 657 1945 691 prae-

1206 701 1309 735 missis
1333 702 1494 746 publicum
1519 702 1588 735 fieri
1619 701 1796 735 donationis
1827 701 1945 734 instru-

1206 760 1346 788 mentum
1376 765 1432 799 per
1465 765 1515 788 me
1546 755 1704 789 notarium
1729 753 1945 798 subscriptum

1206 808 1337 842 consilio
1362 814 1392 841 et
1416 808 1565 852 sapientis
1592 807 1759 841 dictamine
1791 811 1946 851 quatenus

1206 871 1285 905 opus
1309 861 1356 895 sit.
1383 861 1443 895 Pro
1469 861 1580 894 maiori
1597 860 1754 893 validitate
1772 859 1946 904 praesentis

1205 914 1382 948 donationis
1408 914 1604 958 requirentes
1628 913 1825 958 praedictum
1845 912 1946 947 domi-

1205 977 1279 1000 num
1290 973 1469 1012 praetorem
1488 967 1658 1010 sedentem,
1678 972 1735 1001 etc.
1750 977 1844 1011 super
1859 977 1946 1011 prae-

1206 1022 1308 1055 missis
1325 1021 1369 1054 uti
1387 1021 1446 1054 rite
1462 1026 1492 1054 et
1512 1026 1597 1054 recte
1621 1021 1716 1064 gestis
1737 1021 1898 1054 decretum
1916 1024 1946 1053 et

1205 1075 1424 1108 auctoritatem
1442 1074 1536 1108 officii
1554 1075 1600 1107 sui
1621 1074 1789 1118 interponi,
1809 1073 1946 1107 testimo·

1205 1128 1365 1172 nialesque
1377 1128 1514 1162 concedi.
1525 1128 1642 1167 Quibus
1653 1127 1774 1170 auditis,
1787 1127 1945 1171 praefatus

1205 1182 1351 1215 dominus
1381 1186 1510 1226 praetor
1538 1181 1648 1214 sedens
1676 1191 1772 1225 super
1797 1180 1946 1214 cathedra

1205 1237 1267 1268 una
1282 1236 1432 1268 nemorea
1449 1235 1618 1268 coi-aminis
1632 1235 1743 1268 ornata
1757 1244 1845 1268 more
1857 1243 1946 1278 prae-

1205 1289 1408 1322 decessorum
1432 1299 1573 1329 suorum,
1594 1288 1721 1332 praevia
1736 1288 1825 1331 prius
1842 1287 1947 1331 cogni-

1206 1342 1289 1376 tione
1314 1353 1426 1375 causae
1450 1352 1544 1386 super
1568 1341 1749 1385 praemissis
1776 1341 1820 1374 uti
1838 1340 1897 1374 rite
1917 1344 1947 1375 et

1206 1401 1290 1429 recte
1315 1396 1420 1439 gestis,
1435 1395 1596 1428 decretum
1618 1400 1648 1428 et
1667 1394 1884 1428 auctoritatem
1904 1394 1947 1427 of-

1205 1448 1268 1481 ficii
1293 1448 1340 1481 sui
1365 1448 1553 1492 interposuit
1580 1453 1610 1481 et
1641 1447 1833 1492 interponit,
1859 1447 1945 1480 testi-

1206 1501 1421 1545 monialesque
1445 1501 1613 1545 requisitas
1638 1500 1791 1535 concessit
1815 1505 1845 1533 et
1868 1509 1944 1533 con-

1206 1554 1297 1596 cedit,
1322 1554 1429 1587 datum
1446 1559 1480 1587 ut
1501 1565 1607 1598 supra.

1297 1633 1400 1667 Tenor
1426 1632 1699 1666 testimonialium
1725 1631 1854 1666 tutelae.

1249 1714 1339 1747 Anno
1364 1714 1487 1747 Domini
1519 1724 1677 1756 MDCLvm,
1703 1719 1733 1747 et
1764 1713 1814 1746 die
1845 1722 1945 1747 xxvm

1205 1766 1395 1809 novembris,
1421 1767 1604 1807 Messeraffi,
1629 1766 1817 1799 iudicialiter
1841 1771 1872 1799 et
1895 1776 1946 1800 co-

1206 1829 1273 1852 ram
1298 1819 1471 1862 perillustri
1507 1819 1636 1853 domino
1670 1819 1793 1852 Andrea
1826 1819 1944 1860 Gualla,

1206 1872 1401 1916 principatus
1436 1873 1605 1905 Masserani
1646 1877 1792 1917 praetore
1828 1872 1942 1906 seden-

1206 1930 1245 1966 te,
1273 1931 1341 1968 etc.,
1369 1926 1547 1970 comparuit
1575 1926 1765 1970 perillustris
1794 1931 1823 1960 et
1850 1926 1946 1960 admi-

1205 1980 1353 2014 nistrator
1364 1980 1518 2013 excellens
1534 1980 1682 2024 physicus
1695 1980 1841 2014 dominus
1855 1979 1944 2014 Octa-

1205 2033 1283 2075 vius,
1308 2033 1468 2077 quondam
1489 2033 1608 2066 domini
1622 2033 1705 2066 Petri
1724 2033 1890 2077 Augustini
1907 2032 1945 2066 de

1206 2086 1307 2119 Flisco
1332 2086 1510 2128 Messerani,
1536 2096 1697 2130 exponens
1718 2086 1807 2119 sicuti
1829 2086 1867 2119 ab
1885 2086 1944 2119 hac

1205 2140 1242 2173 ad
1257 2141 1420 2174 meliorem
1434 2140 1530 2174 vitam
1543 2140 1726 2183 migraverit
1736 2140 1836 2173 dictus
1849 2150 1945 2184 quon-

1205 2193 1275 2226 dam
1301 2193 1447 2227 dominus
1472 2193 1581 2226 Petrus
1598 2193 1789 2236 Augustinus
1805 2193 1870 2227 eius
1887 2203 1943 2237 pa-

1205 2252 1263 2288 ter,
1287 2245 1437 2290 nullaque
1454 2256 1512 2289 per
1532 2256 1603 2279 eum
1624 2246 1748 2279 condita
1763 2246 1943 2290 provisione

1205 2300 1329 2333 tutelari
1361 2299 1496 2333 dominis
1527 2300 1662 2334 Victorio
1700 2300 1812 2340 Felice,
1846 2300 1944 2333 Fran-

1205 2354 1288 2386 cisco
1311 2352 1423 2395 Maria,
1448 2353 1581 2396 Iosepho
1606 2353 1774 2386 Benedicto
1797 2358 1827 2386 et
1851 2353 1943 2386 Petro

1204 2407 1305 2439 Lucae
1330 2403 1397 2439 eius
1420 2406 1493 2438 filiis
1518 2406 1549 2438 in
1574 2406 1724 2449 pupillari
1749 2411 1849 2439 aetate
1869 2416 1943 2440 con-

1205 2459 1328 2500 stitutis,
1341 2459 1421 2499 ideo,
1434 2469 1473 2491 ne
1487 2458 1569 2492 bona
1582 2464 1612 2491 et
1631 2469 1784 2502 personae
1801 2459 1942 2503 ipsorum

1204 2512 1400 2556 pupillorum
1425 2511 1499 2544 dicti
1523 2511 1643 2544 domini
1668 2512 1851 2555 exponentis
1878 2511 1941 2543 sra-

1205 2570 1290 2600 trum
1314 2564 1535 2610 dilapidentur,
1561 2564 1599 2598 ad
1624 2564 1762 2599 officium
1785 2563 1941 2599 dictorum

1964 173 2014 201 An.
2025 172 2053 202 C.
2073 172 2142 203 165⁹
