2263 3215
317 204 353 228 An
384 202 401 227 (ἶ
433 202 496 227 1055

325 1537 437 1563 nerogatio
446 1541 492 1557 con·

311 1567 429 1586 trariorum.

543 193 583 227 40

513 250 684 284 dummodo
709 254 811 282 tamen
828 247 1000 281 subsidium
1015 247 1195 280 huiusmodi
1218 246 1248 279 in

514 303 689 347 praedictos
720 307 749 334 et
773 311 834 334 non
860 300 890 333 in
914 300 992 333 alios
1016 311 1091 333 usus
1116 310 1248 332 conver-

514 361 595 390 tatur
619 367 653 388 ac
677 360 835 397 erogetur,
861 354 1032 397 apostoliea
1064 353 1248 386 auctoritate

514 408 694 451 indulgendi
715 413 744 439 et
761 407 917 440 licentiam
935 406 1135 445 concedendi,
1155 406 1249 449 ipsos-

512 472 571 506 que
596 459 858 503 archiepiscopos,
879 459 1054 503 episcopos,
1075 458 1201 490 abbates
1219 462 1248 489 et

512 515 585 547 alias
599 523 747 557 personas
765 512 1000 551 ecclesiasticas,
1021 517 1051 544 et
1067 521 1175 544 earum
1190 510 1249 543 sin-

512 568 612 610 gulas,
634 571 785 610 quatenus
800 565 914 598 dictam
928 564 1078 608 pecuniae
1092 573 1246 596 summam

511 620 627 663 absque
659 618 746 651 Sedis
781 618 976 661 Apostolicae
1010 616 1137 649 licentia
1166 625 1244 659 pro-

511 671 653 705 miserint
683 675 735 702 aut
759 670 930 710 solverint,
955 679 1077 702 necnon
1101 668 1246 701 eumdem

511 726 656 758 Ioannem
674 723 859 757 Casimirum
884 732 991 765 regem
1017 726 1047 754 et
1063 731 1135 754 suos
1160 721 1248 753 mini-

512 784 591 811 stros
615 776 801 820 praedictos,
816 776 840 808 si
858 775 943 808 illam
968 774 1113 807 similiter
1130 774 1248 818 absque

511 830 636 864 licentia
661 828 818 873 praedicta
839 827 1026 872 receperint,
1042 827 1081 859 ab
1100 827 1246 860 omnibus

510 889 540 917 et
563 883 693 925 singulis
723 881 864 915 censuris
895 885 924 915 et
947 880 1056 924 poenis
1080 885 1246 924 propterea

510 936 747 981 quomodolibet
771 934 904 968 incursis
932 934 1039 967 eadem
1061 934 1246 967 auctoritate

511 989 690 1022 absolvendi
716 988 893 1021 facultatem
912 992 941 1020 et
958 987 1186 1027 auctoritatem,
1204 991 1247 1020 te-

511 1053 587 1076 nore
612 1042 823 1086 praesentium
849 1041 1050 1074 concedimus
1075 1046 1105 1073 et
1128 1041 1245 1084 imper-

512 1096 617 1136 timur,
635 1095 763 1139 tibique,
781 1099 815 1126 ut
839 1094 877 1126 ad
902 1094 1096 1127 exactionem
1120 1093 1245 1137 praedi-

511 1150 550 1182 cti
576 1148 704 1181 subsidii
741 1159 797 1192 per
832 1158 984 1191 personas
1019 1147 1245 1180 ecclesiasticas

509 1207 638 1243 tantum,
669 1207 698 1234 et
722 1211 784 1233 non
808 1201 894 1241 alias,
918 1200 1090 1244 procedere
1115 1200 1244 1242 debeas,

510 1256 618 1289 eadem
643 1255 825 1288 auctoritate
854 1254 1079 1287 committimus
1104 1259 1134 1287 et
1158 1265 1245 1287 man-

509 1311 633 1351 damus3
659 1310 925 1352 contradictoreS,
951 1314 981 1341 et
1004 1309 1126 1342 solvere
1154 1319 1245 1342 recu-

509 1371 621 1407 santes,
646 1376 701 1409 per
726 1374 873 1397 censuras
898 1369 927 1396 et
951 1373 1068 1407 poenas
1092 1364 1242 1396 ecclesia--

509 1420 611 1461 sticas,
629 1420 750 1462 aliaque
763 1424 940 1462 opportuna
959 1418 1037 1451 iuris
1061 1422 1091 1451 et
1107 1418 1179 1450 sacti
1200 1429 1246 1451 re-

509 1473 632 1516 media,
657 1473 764 1505 eadem
789 1472 973 1505 auctoritate
1004 1471 1244 1516 compescendo.

553 1527 567 1570 ἓ
591 1527 620 1559 ⁶2.
645 1528 713 1560 Non
737 1527 931 1560 obstantibus
955 1524 1096 1559 concilii¹
1120 1525 1245 1557 Latera-

508 1581 634 1623 nensis,
663 1591 698 1613 ac
727 1580 887 1624 quibusvis
911 1579 1187 1613 constitutionibus
1216 1584 1246 1612 et

508 1634 756 1668 ordinationibus
780 1634 968 1678 apostolicis,
992 1643 1114 1667 necnon
1139 1633 1242 1666 eccle-

508 1689 644 1730 siarum,
670 1687 932 1721 monasteriorum
963 1692 992 1720 et
1016 1687 1243 1721 beneficiorum

508 1742 710 1783 huiusmodi,
740 1742 832 1774 etiam
858 1741 1045 1782 iuramento,
1076 1740 1244 1774 confirma-

508 1796 592 1829 tione
616 1795 798 1839 apostolica‚
815 1795 862 1827 vel
883 1795 991 1838 quavis
1011 1794 1160 1827 firmitate
1184 1795 1244 1827 alia

508 1849 673 1888 roboratis,
691 1848 812 1881 statutis
829 1854 858 1881 et
878 1848 1167 1888 consuetudinibus,
1184 1847 1245 1891 pri-

509 1903 629 1945 vilegiis
661 1913 794 1946 quoque,
819 1902 946 1935 indultis
974 1907 1004 1935 et
1028 1902 1139 1936 litteris
1167 1912 1243 1946 apo-

508 1956 635 1996 stolicis,
653 1966 688 1988 ae
705 1956 964 1999 exemptionibus,
985 1955 1244 1997 immunitatibus,

509 2009 600 2043 etiam
626 2009 656 2041 in
681 2020 814 2052 corpore
838 2009 915 2042 iuris
940 2009 1063 2050 clausis,
1083 2009 1245 2052 quibusvis

509 2062 696 2105 generaliter
718 2063 765 2095 vel
789 2063 964 2106 specialiter
996 2062 1163 2104 concessis,
1187 2063 1244 2095 etsi

510 2115 547 2148 de
562 2115 621 2147 illis
639 2125 810 2159 eorumque
828 2116 899 2149 totis
914 2116 1077 2149 tenoribus
1094 2116 1132 2149 de
1147 2115 1245 2149 verbo

509 2169 548 2202 ad
572 2169 702 2201 verbum
727 2169 843 2202 mentio
868 2179 922 2201 seu
946 2170 1072 2213 quaevis
1107 2169 1167 2202 alia
1191 2180 1244 2202 ex-

509 2223 629 2266 pressio
654 2221 797 2255 liabenda
828 2222 891 2263 sit,
916 2228 945 2255 et
968 2223 999 2255 in
1028 2223 1072 2255 eis
1100 2228 1246 2256 caveatur

511 2286 666 2319 expresse,
691 2275 774 2319 quod
805 2286 860 2318 per
886 2276 1065 2309 huiusmodi
1091 2277 1245 2309 clausulas

511 2330 694 2372 generales,
730 2330 821 2362 etiam
852 2330 1042 2362 mentionem
1078 2330 1244 2374 specialem

511 2383 726 2427 importantes,
746 2383 790 2415 eis
814 2383 998 2426 derogatum
1017 2393 1084 2416 esse
1100 2394 1163 2417 non
1179 2394 1247 2417 cen-

512 2442 615 2468 seatur
646 2442 698 2468 aut
722 2436 867 2479 derogari
893 2436 1043 2477 videatur,
1070 2437 1129 2470 nisi
1154 2437 1246 2470 certis

512 2489 606 2522 modo
631 2495 661 2522 et
685 2490 785 2523 forma
816 2490 847 2522 in
878 2490 938 2523 illis
969 2491 1125 2536 expressis
1155 2491 1246 2536 plene

550 2605 559 2631 l
578 2603 646 2631 Edit,
663 2603 741 2631 Main.
758 2604 822 2641 legit
836 2605 962 2633 conciliis
981 2605 1017 2640 (R.
1034 2608 1081 2641 τ,).

1086 198 1262 224 numanum
1289 195 1442 222 nonaum!

1282 244 1468 284 observatis3
1493 242 1608 287 quibus
1625 241 1781 283 omnibus,
1802 251 1912 276 eorum
1935 245 2021 276 teno-

1283 309 1332 331 res
1356 296 1575 341 praesentibus
1591 306 1650 339 pro
1667 295 1759 339 plene
1779 300 1810 328 et
1829 295 2020 329 sufficienter

1282 349 1437 393 expressis
1466 358 1501 381 ac
1525 347 1564 380 de
1587 347 1684 381 verbo
1708 347 1746 380 ad
1771 348 1902 381 verbum
1924 348 2021 381 inser-

1283 403 1319 436 tis
1344 402 1502 444 habentes,
1520 401 1582 434 illis
1602 402 1678 435 alias
1697 403 1729 435 in
1746 412 1802 435 suo
1818 401 1935 435 robore
1952 411 2021 445 per-

1282 455 1450 496 mansuris,
1464 455 1503 488 ad
1523 455 1771 499 praemissorum
1789 454 1946 495 effectum,
1962 455 2021 488 hac

1281 510 1348 543 vice
1368 509 1539 550 dumtaxat,
1561 509 1741 554 specialiter
1760 514 1790 542 et
1806 519 1951 553 expresse
1970 508 2022 541 de-

1281 572 1451 605 rogamu53
1480 563 1655 607 ceterisque
1687 561 1854 596 contrariis
1885 561 2018 605 quibus-

1281 626 1427 660 cumque.

1325 669 1340 712 ἓ
1363 668 1393 702 3.
1419 668 1570 703 Volumus
1594 674 1709 712 autem,
1730 673 1764 702 ut
1783 677 1938 713 pauperes
1962 667 2021 701 cle-

1281 721 1355 762 riei,
1379 721 1433 766 qui
1458 722 1489 754 in
1513 722 1688 756 redditibus
1712 732 1776 755 non
1812 721 1928 754 habent
1959 720 2020 754 nisi

1281 775 1398 809 victum
1434 775 1668 818 necessarium,
1694 775 1733 809 ad
1757 773 2020 809 contribuendum

1282 828 1410 861 minime
1429 829 1668 873 compellantur.
1687 830 1851 863 Praeterea
1864 828 2020 868 volumus,

1280 887 1314 915 ut
1337 882 1551 926 praesentium
1580 882 1803 926 transumptis,
1828 881 1922 915 etiam
1954 881 2017 914 im·

1280 936 1410 980 pressiS,
1436 946 1532 969 manu
1554 936 1668 970 notarii
1684 936 1802 981 publici
1823 934 2019 979 subscriptis,

1280 994 1310 1022 et
1334 989 1438 1032 sigillo
1462 999 1616 1033 personae
1641 989 1673 1022 in
1697 989 1848 1032 dignitate
1872 987 2019 1021 ecclesia·

1280 1042 1356 1076 stica
1381 1043 1566 1076 constitutae
1591 1043 1730 1084 munitis,
1749 1042 1859 1075 eadem
1886 1051 2019 1086 prorsus

1279 1095 1357 1129 fides
1381 1096 1413 1129 in
1437 1096 1553 1130 iudicio
1577 1102 1607 1130 et
1631 1102 1720 1130 extra
1744 1096 1915 1136 habeatur,
1939 1105 2019 1139 quae

1280 1148 1355 1193 ipsis
1389 1149 1607 1193 praesentibus
1638 1150 1828 1192 haberetur,
1860 1148 1885 1181 si
1917 1148 2019 1181 forent

1279 1203 1436 1237 exhibitae
1460 1204 1508 1237 vel
1532 1207 1684 1238 ostensae.

1322 1257 1434 1291 Datum
1464 1258 1592 1298 Romae,
1609 1257 1692 1302 apud
1717 1257 1746 1291 S.
1771 1255 1899 1290 Mariam
1923 1255 2018 1289 Maio-

1279 1320 1356 1352 rem,
1370 1311 1428 1344 sub
1448 1311 1563 1344 annulo
1577 1310 1754 1352 piscatoris,
1769 1310 1819 1343 die
1847 1320 1869 1344 11
1894 1309 2017 1354 augusti

1279 1373 1394 1407 ninctv,
1418 1364 1620 1408 pontificatus
1644 1363 1744 1397 nostri
1765 1373 1846 1397 anno
1865 1372 1886 1396 1.

1315 1426 1373 1455 Dat.
1391 1426 1434 1454 die
1447 1426 1464 1454 2
1479 1426 1586 1463 augusti
1602 1426 1680 1460 1655,
1697 1426 1792 1462 pontif.
1810 1434 1880 1454 anno
1895 1433 1913 1453 1.

1602 1569 1689 1603 XXV.

1278 1651 1458 1692 Decretum,
1483 1655 1520 1684 ut
1546 1650 1652 1694 ἱεραῖσι
1676 1654 1704 1683 et
1728 1649 1956 1693 eleemosynae,
1981 1649 2018 1683 in

1320 1705 1471 1749 partibus
1494 1703 1693 1738 Hollaudiae
1722 1702 1883 1747 facienda,
1903 1703 1940 1736 in
1965 1703 2017 1736 be-

1321 1758 1475 1801 neficium
1493 1757 1688 1790 missionum
1701 1760 1730 1789 et
1750 1766 1935 1800 pauperum
1954 1765 2014 1789 au-

1320 1811 1439 1845 xilium
1463 1814 1635 1854 erogentur
1658 1809 1789 1850 ibidem,
1816 1813 1915 1853 utque
1938 1809 2016 1842 mis-

1321 1865 1462 1899 siouarii
1486 1864 1592 1908 teqata
1622 1863 1811 1897 huiusmodi
1840 1873 1906 1896 non
1930 1873 2016 1896 acce-

1318 1922 1407 1963 ptent
1434 1918 1551 1962 absque
1573 1917 1664 1951 Sedis
1688 1916 1893 1960 ,apostolicae
1920 1916 2017 1950 liceu-

1323 1973 1368 2006 tid
1381 1972 1400 2005 ¹.

1472 2051 1636 2080 Alexander
1662 2051 1737 2085 Papa
1755 2051 1819 2085 vu,

1421 2098 1457 2124 ad
1477 2096 1611 2124 futuram
1632 2096 1678 2124 rei
1697 2096 1879 2123 memoriam.

1322 2168 1366 2202 Ex
1390 2167 1522 2201 Romani
1546 2165 1706 2200 Pontificis
1731 2165 1762 2198 in
1795 2165 1943 2199 eminenti
1968 2165 2018 2200 Se-

1279 2221 1326 2254 dis
1350 2220 1547 2265 Apostolicae
1572 2219 1701 2263 specula
1733 2219 1839 2262 gregis
1868 2218 2017 2252 dominici

1279 2275 1370 2309 saluti
1407 2279 1437 2307 et
1465 2273 1641 2307 commodis
1677 2272 1793 2316 iugiter
1828 2271 2018 2315 invigilantis

1279 2328 1478 2374 providentia
1502 2327 1670 2372 provenire
1695 2326 1859 2368 convenit,
1887 2331 1922 2358 ut
1945 2325 2017 2368 itta,

1279 2393 1358 2427 quae
1383 2382 1421 2415 ad
1447 2382 1600 2414 maiorem
1625 2379 1848 2424 omnipotentis
1871 2379 1925 2412 Dei
1953 2379 2019 2422 glo-

1279 2436 1377 2477 riam,
1401 2435 1573 2468 catholicae
1606 2434 1768 2477 religionis
1792 2438 1994 2476 augmentum
2009 2459 2017 2473 ,

1280 2494 1310 2523 et
1335 2488 1586 2523 christifidelium
1603 2488 1769 2521 utilitatem
1786 2491 1816 2520 et
1832 2485 2018 2520 consolatio-

1317 2609 1326 2634 1
1346 2605 1384 2633 Ex
1399 2604 1505 2641 aegest.
1522 2604 1550 2632 in
1565 2603 1666 2632 Secret.
1683 2602 1759 2634 Brev.

2027 194 2075 220 An.
2098 196 2125 221 μ’.
2149 195 2215 222 1655

2061 679 2169 707 Pauper-0·
2184 685 2218 702 eu-

2035 707 2149 728 clesiastiei
2175 707 2219 728 exi-

2035 736 2125 755 muntur.

2058 2169 2200 2192 Prooemium.
