<?xml version="1.0" encoding="UTF-8"?>
<!DOCTYPE html PUBLIC "-//W3C//DTD XHTML 1.0 Transitional//EN"
    "http://www.w3.org/TR/xhtml1/DTD/xhtml1-transitional.dtd">
<html xmlns="http://www.w3.org/1999/xhtml" xml:lang="en" lang="en">
 <head>
  <title>
</title>
<meta http-equiv="Content-Type" content="text/html;charset=utf-8" />
  <meta name='ocr-system' content='tesseract 3.04.00' />
  <meta name='ocr-capabilities' content='ocr_page ocr_carea ocr_par ocr_line ocrx_word'/>
</head>
<body>
  <div class='ocr_page' id='page_1' title='image "./bullarumdiplomat16cath_0282.png"; bbox 0 0 2263 3215; ppageno 0'>
   <div class='ocr_carea' id='block_1_1' title="bbox 291 198 582 234">
    <p class='ocr_par' dir='ltr' id='par_1_1' title="bbox 291 198 582 234">
     <span class='ocr_line' id='line_1_1' title="bbox 291 198 582 234; baseline -0.003 -2"><span class='ocrx_word' id='word_1_1' title='bbox 291 206 342 233; x_wconf 76' lang='lat' dir='ltr'>An.</span> <span class='ocrx_word' id='word_1_2' title='bbox 361 208 388 233; x_wconf 72' lang='lat' dir='ltr'>c.</span> <span class='ocrx_word' id='word_1_3' title='bbox 408 207 473 234; x_wconf 65' lang='lat' dir='ltr'>toas</span> <span class='ocrx_word' id='word_1_4' title='bbox 519 198 582 232; x_wconf 55' lang='lat'>*248</span> 
     </span>
    </p>
   </div>
   <div class='ocr_carea' id='block_1_2' title="bbox 317 374 457 395">
    <p class='ocr_par' dir='ltr' id='par_1_2' title="bbox 317 374 457 395">
     <span class='ocr_line' id='line_1_2' title="bbox 317 374 457 395; baseline 0.007 -1"><span class='ocrx_word' id='word_1_5' title='bbox 317 374 457 395; x_wconf 65' lang='lat' dir='ltr'>Prooem&#39;mm.</span> 
     </span>
    </p>
   </div>
   <div class='ocr_carea' id='block_1_3' title="bbox 285 902 468 1008">
    <p class='ocr_par' dir='ltr' id='par_1_3' title="bbox 335 902 467 924">
     <span class='ocr_line' id='line_1_3' title="bbox 335 902 467 924; baseline 0.008 -1"><span class='ocrx_word' id='word_1_6' title='bbox 335 902 467 924; x_wconf 71' lang='lat' dir='ltr'>facultatem</span> 
     </span>
    </p>

    <p class='ocr_par' dir='ltr' id='par_1_4' title="bbox 285 930 468 950">
     <span class='ocr_line' id='line_1_4' title="bbox 285 930 468 950; baseline 0.005 -1"><span class='ocrx_word' id='word_1_7' title='bbox 285 934 362 950; x_wconf 73' lang='lat' dir='ltr'>nnnriu</span> <span class='ocrx_word' id='word_1_8' title='bbox 404 930 468 950; x_wconf 76' lang='lat' dir='ltr'>Fran-</span> 
     </span>
    </p>

    <p class='ocr_par' dir='ltr' id='par_1_5' title="bbox 285 957 467 1008">
     <span class='ocr_line' id='line_1_5' title="bbox 285 957 467 978; baseline 0.005 -3"><span class='ocrx_word' id='word_1_9' title='bbox 285 960 332 975; x_wconf 59' lang='grc' dir='ltr'>(Ἴδε</span> <span class='ocrx_word' id='word_1_10' title='bbox 360 957 467 978; x_wconf 74' lang='lat' dir='ltr'>relaxandi</span> 
     </span>
     <span class='ocr_line' id='line_1_6' title="bbox 295 983 453 1008; baseline 0.019 -7"><span class='ocrx_word' id='word_1_11' title='bbox 295 983 453 1008; x_wconf 64' lang='lat' dir='ltr'>stupensionem</span> 
     </span>
    </p>
   </div>
   <div class='ocr_carea' id='block_1_4' title="bbox 285 1008 410 1034">
    <p class='ocr_par' dir='ltr' id='par_1_6' title="bbox 285 1008 410 1034">
     <span class='ocr_line' id='line_1_7' title="bbox 285 1008 410 1034; baseline 0.016 -6"><span class='ocrx_word' id='word_1_12' title='bbox 285 1008 410 1034; x_wconf 65' lang='lat' dir='ltr'>impartitur.</span> 
     </span>
    </p>
   </div>
   <div class='ocr_carea' id='block_1_5' title="bbox 525 256 1187 335">
    <p class='ocr_par' dir='ltr' id='par_1_7' title="bbox 525 256 1187 335">
     <span class='ocr_line' id='line_1_8' title="bbox 707 256 1012 293; baseline 0.007 -10"><span class='ocrx_word' id='word_1_13' title='bbox 707 256 892 285; x_wconf 78' lang='lat' dir='ltr'>venerabilis</span> <span class='ocrx_word' id='word_1_14' title='bbox 907 258 1012 293; x_wconf 76' lang='lat' dir='ltr'>frater,</span> 
     </span>
     <span class='ocr_line' id='line_1_9' title="bbox 525 300 1187 335; baseline 0.005 -8"><span class='ocrx_word' id='word_1_15' title='bbox 525 300 654 328; x_wconf 81' lang='lat' dir='ltr'>salutem</span> <span class='ocrx_word' id='word_1_16' title='bbox 675 304 706 328; x_wconf 81' lang='lat' dir='ltr'>et.</span> <span class='ocrx_word' id='word_1_17' title='bbox 726 301 922 335; x_wconf 75' lang='lat' dir='ltr'>apostolicam</span> <span class='ocrx_word' id='word_1_18' title='bbox 941 303 1187 332; x_wconf 76' lang='lat' dir='ltr'><strong>benedictionem.</strong></span> 
     </span>
    </p>
   </div>
   <div class='ocr_carea' id='block_1_6' title="bbox 474 362 1224 2644">
    <p class='ocr_par' dir='ltr' id='par_1_8' title="bbox 483 362 1224 883">
     <span class='ocr_line' id='line_1_10' title="bbox 532 362 1224 408; baseline 0.007 -14"><span class='ocrx_word' id='word_1_19' title='bbox 532 362 547 405; x_wconf 60' lang='grc' dir='ltr'><strong>ἓ</strong></span> <span class='ocrx_word' id='word_1_20' title='bbox 573 362 600 394; x_wconf 90' lang='grc'>1.</span> <span class='ocrx_word' id='word_1_21' title='bbox 625 362 712 404; x_wconf 84' lang='lat' dir='ltr'>Cum,</span> <span class='ocrx_word' id='word_1_22' title='bbox 738 363 817 396; x_wconf 79' lang='lat' dir='ltr'>sicut</span> <span class='ocrx_word' id='word_1_23' title='bbox 834 365 1024 408; x_wconf 83' lang='lat' dir='ltr'>accepimus,</span> <span class='ocrx_word' id='word_1_24' title='bbox 1048 366 1188 399; x_wconf 85' lang='lat' dir='ltr'>nonnulli</span> <span class='ocrx_word' id='word_1_25' title='bbox 1207 377 1224 399; x_wconf 90' lang='lat' dir='ltr'>a</span> 
     </span>
     <span class='ocr_line' id='line_1_11' title="bbox 488 415 1224 463; baseline 0.008 -16"><span class='ocrx_word' id='word_1_26' title='bbox 488 415 718 448; x_wconf 83' lang='lat' dir='ltr'>venerabilibus</span> <span class='ocrx_word' id='word_1_27' title='bbox 735 417 883 450; x_wconf 83' lang='lat' dir='ltr'>fratribus</span> <span class='ocrx_word' id='word_1_28' title='bbox 900 417 1136 460; x_wconf 87' lang='lat' dir='ltr'>Constantiensi,</span> <span class='ocrx_word' id='word_1_29' title='bbox 1154 430 1224 463; x_wconf 89' lang='lat' dir='ltr'>pro-</span> 
     </span>
     <span class='ocr_line' id='line_1_12' title="bbox 488 467 1223 513; baseline 0.008 -13"><span class='ocrx_word' id='word_1_30' title='bbox 488 467 607 501; x_wconf 87' lang='lat' dir='ltr'>vinciae</span> <span class='ocrx_word' id='word_1_31' title='bbox 632 469 903 513; x_wconf 81' lang='lat' dir='ltr'>Rothomagensis,</span> <span class='ocrx_word' id='word_1_32' title='bbox 928 480 1052 505; x_wconf 85' lang='lat' dir='ltr'>necnon</span> <span class='ocrx_word' id='word_1_33' title='bbox 1076 472 1149 505; x_wconf 91' lang='lat' dir='ltr'>olim</span> <span class='ocrx_word' id='word_1_34' title='bbox 1165 473 1223 506; x_wconf 89' lang='lat' dir='ltr'>Ne-</span> 
     </span>
     <span class='ocr_line' id='line_1_13' title="bbox 487 521 1224 568; baseline 0.005 -15"><span class='ocrx_word' id='word_1_35' title='bbox 487 521 641 554; x_wconf 86' lang='lat' dir='ltr'>mausensi</span> <span class='ocrx_word' id='word_1_36' title='bbox 668 522 843 566; x_wconf 83' lang='lat' dir='ltr'>episcopis,</span> <span class='ocrx_word' id='word_1_37' title='bbox 868 524 944 556; x_wconf 71' lang='lat' dir='ltr'>alias</span> <span class='ocrx_word' id='word_1_38' title='bbox 977 535 1033 568; x_wconf 84' lang='lat' dir='ltr'>per</span> <span class='ocrx_word' id='word_1_39' title='bbox 1065 530 1138 557; x_wconf 91' lang='lat' dir='ltr'>tunc</span> <span class='ocrx_word' id='word_1_40' title='bbox 1164 526 1224 557; x_wconf 81' lang='lat' dir='ltr'>exi-</span> 
     </span>
     <span class='ocr_line' id='line_1_14' title="bbox 485 574 1223 620; baseline 0.007 -15"><span class='ocrx_word' id='word_1_41' title='bbox 485 578 600 607; x_wconf 88' lang='lat' dir='ltr'>stentes</span> <span class='ocrx_word' id='word_1_42' title='bbox 624 574 757 609; x_wconf 87' lang='lat' dir='ltr'>vicarios</span> <span class='ocrx_word' id='word_1_43' title='bbox 782 577 972 620; x_wconf 78' lang='lat' dir='ltr'>capitulares</span> <span class='ocrx_word' id='word_1_44' title='bbox 997 577 1146 611; x_wconf 85' lang='lat' dir='ltr'>ecclesiae</span> <span class='ocrx_word' id='word_1_45' title='bbox 1173 578 1223 610; x_wconf 82' lang='lat' dir='ltr'>Pa-</span> 
     </span>
     <span class='ocr_line' id='line_1_15' title="bbox 485 625 1221 674; baseline 0.005 -16"><span class='ocrx_word' id='word_1_46' title='bbox 485 625 634 669; x_wconf 86' lang='lat' dir='ltr'>risicnsis‚</span> <span class='ocrx_word' id='word_1_47' title='bbox 653 626 736 662; x_wconf 88' lang='lat' dir='ltr'>illius</span> <span class='ocrx_word' id='word_1_48' title='bbox 757 628 829 662; x_wconf 85' lang='lat' dir='ltr'>sede</span> <span class='ocrx_word' id='word_1_49' title='bbox 853 630 1112 674; x_wconf 86' lang='lat' dir='ltr'>archiepiscopali</span> <span class='ocrx_word' id='word_1_50' title='bbox 1131 630 1221 662; x_wconf 89' lang='lat' dir='ltr'>mini-</span> 
     </span>
     <span class='ocr_line' id='line_1_16' title="bbox 486 681 1223 723; baseline 0.005 -12"><span class='ocrx_word' id='word_1_51' title='bbox 486 689 535 712; x_wconf 96' lang='lat' dir='ltr'>me</span> <span class='ocrx_word' id='word_1_52' title='bbox 560 684 708 723; x_wconf 83' lang='lat' dir='ltr'>vacante,</span> <span class='ocrx_word' id='word_1_53' title='bbox 734 681 771 713; x_wconf 88' lang='lat' dir='ltr'>ad</span> <span class='ocrx_word' id='word_1_54' title='bbox 805 681 931 715; x_wconf 78' lang='lat' dir='ltr'>ordines</span> <span class='ocrx_word' id='word_1_55' title='bbox 968 682 998 715; x_wconf 91' lang='lat' dir='ltr'>in</span> <span class='ocrx_word' id='word_1_56' title='bbox 1034 682 1158 715; x_wconf 86' lang='lat' dir='ltr'>civitate</span> <span class='ocrx_word' id='word_1_57' title='bbox 1193 688 1223 715; x_wconf 89' lang='lat' dir='ltr'>et</span> 
     </span>
     <span class='ocr_line' id='line_1_17' title="bbox 484 732 1222 769; baseline 0.004 -4"><span class='ocrx_word' id='word_1_58' title='bbox 484 732 619 766; x_wconf 86' lang='lat' dir='ltr'>dioecesi</span> <span class='ocrx_word' id='word_1_59' title='bbox 644 734 810 768; x_wconf 83' lang='lat' dir='ltr'>Parisiensi</span> <span class='ocrx_word' id='word_1_60' title='bbox 841 736 1049 769; x_wconf 82' lang='lat' dir='ltr'>conferendos</span> <span class='ocrx_word' id='word_1_61' title='bbox 1086 735 1222 768; x_wconf 77' lang='lat' dir='ltr'>indebite</span> 
     </span>
     <span class='ocr_line' id='line_1_18' title="bbox 484 784 1223 832; baseline 0.005 -15"><span class='ocrx_word' id='word_1_62' title='bbox 484 784 648 829; x_wconf 84' lang='lat' dir='ltr'>deputatis,</span> <span class='ocrx_word' id='word_1_63' title='bbox 673 787 798 820; x_wconf 90' lang='lat' dir='ltr'>ordines</span> <span class='ocrx_word' id='word_1_64' title='bbox 821 788 1027 832; x_wconf 78' lang='lat' dir='ltr'>susceperint,</span> <span class='ocrx_word' id='word_1_65' title='bbox 1048 788 1223 832; x_wconf 74' lang='lat' dir='ltr'>suspensio-</span> 
     </span>
     <span class='ocr_line' id='line_1_19' title="bbox 483 839 984 883; baseline 0.004 -12"><span class='ocrx_word' id='word_1_66' title='bbox 483 847 554 872; x_wconf 87' lang='lat' dir='ltr'>nem</span> <span class='ocrx_word' id='word_1_67' title='bbox 581 844 748 883; x_wconf 87' lang='lat' dir='ltr'>propterea</span> <span class='ocrx_word' id='word_1_68' title='bbox 773 839 984 874; x_wconf 87' lang='lat' dir='ltr'>incurrendo:</span> 
     </span>
    </p>

    <p class='ocr_par' dir='ltr' id='par_1_9' title="bbox 474 891 1222 2588">
     <span class='ocr_line' id='line_1_20' title="bbox 527 891 1222 938; baseline 0.003 -14"><span class='ocrx_word' id='word_1_69' title='bbox 527 891 542 934; x_wconf 65' lang='grc' dir='ltr'>ξ</span> <span class='ocrx_word' id='word_1_70' title='bbox 563 891 591 924; x_wconf 73' lang='lat'>⁶2.</span> <span class='ocrx_word' id='word_1_71' title='bbox 610 893 683 933; x_wconf 89' lang='lat' dir='ltr'>Nos,</span> <span class='ocrx_word' id='word_1_72' title='bbox 701 892 826 926; x_wconf 91' lang='lat' dir='ltr'>illorum</span> <span class='ocrx_word' id='word_1_73' title='bbox 849 893 939 926; x_wconf 88' lang='lat' dir='ltr'>statui</span> <span class='ocrx_word' id='word_1_74' title='bbox 958 898 1136 938; x_wconf 81' lang='lat' dir='ltr'>opportune</span> <span class='ocrx_word' id='word_1_75' title='bbox 1153 903 1222 937; x_wconf 92' lang='lat' dir='ltr'>pro-</span> 
     </span>
     <span class='ocr_line' id='line_1_21' title="bbox 483 944 1222 988; baseline 0.004 -12"><span class='ocrx_word' id='word_1_76' title='bbox 483 944 588 978; x_wconf 87' lang='lat' dir='ltr'>videre</span> <span class='ocrx_word' id='word_1_77' title='bbox 607 945 754 986; x_wconf 87' lang='lat' dir='ltr'>volentes,</span> <span class='ocrx_word' id='word_1_78' title='bbox 775 946 958 980; x_wconf 74' lang='lat' dir='ltr'>fraternitati</span> <span class='ocrx_word' id='word_1_79' title='bbox 979 952 1058 988; x_wconf 90' lang='lat' dir='ltr'>tuae,</span> <span class='ocrx_word' id='word_1_80' title='bbox 1076 947 1222 981; x_wconf 87' lang='lat' dir='ltr'>omnibus</span> 
     </span>
     <span class='ocr_line' id='line_1_22' title="bbox 483 997 1222 1042; baseline 0.004 -12"><span class='ocrx_word' id='word_1_81' title='bbox 483 1001 512 1031; x_wconf 90' lang='lat' dir='ltr'>et</span> <span class='ocrx_word' id='word_1_82' title='bbox 536 997 676 1041; x_wconf 79' lang='lat' dir='ltr'>singulis,</span> <span class='ocrx_word' id='word_1_83' title='bbox 702 999 754 1042; x_wconf 89' lang='lat' dir='ltr'>qui</span> <span class='ocrx_word' id='word_1_84' title='bbox 776 1010 792 1032; x_wconf 87' lang='lat' dir='ltr'>a</span> <span class='ocrx_word' id='word_1_85' title='bbox 811 1000 992 1033; x_wconf 82' lang='lat' dir='ltr'>memoratis</span> <span class='ocrx_word' id='word_1_86' title='bbox 1010 1000 1222 1034; x_wconf 88' lang='lat' dir='ltr'>Constantien-</span> 
     </span>
     <span class='ocr_line' id='line_1_23' title="bbox 482 1049 1217 1097; baseline 0.005 -15"><span class='ocrx_word' id='word_1_87' title='bbox 482 1049 507 1082; x_wconf 91' lang='lat' dir='ltr'>si</span> <span class='ocrx_word' id='word_1_88' title='bbox 532 1056 561 1083; x_wconf 89' lang='lat' dir='ltr'>et</span> <span class='ocrx_word' id='word_1_89' title='bbox 586 1051 661 1084; x_wconf 91' lang='lat' dir='ltr'>olim</span> <span class='ocrx_word' id='word_1_90' title='bbox 693 1052 895 1085; x_wconf 78' lang='lat' dir='ltr'>Nemausensi</span> <span class='ocrx_word' id='word_1_91' title='bbox 929 1053 1102 1097; x_wconf 86' lang='lat' dir='ltr'>episcopis,</span> <span class='ocrx_word' id='word_1_92' title='bbox 1128 1053 1217 1086; x_wconf 87' lang='lat' dir='ltr'>inde-</span> 
     </span>
     <span class='ocr_line' id='line_1_24' title="bbox 481 1103 1221 1149; baseline 0.005 -13"><span class='ocrx_word' id='word_1_93' title='bbox 481 1103 556 1144; x_wconf 85' lang='lat' dir='ltr'>bite,</span> <span class='ocrx_word' id='word_1_94' title='bbox 574 1109 607 1136; x_wconf 86' lang='lat' dir='ltr'>ut</span> <span class='ocrx_word' id='word_1_95' title='bbox 624 1105 846 1148; x_wconf 88' lang='lat' dir='ltr'>praemittitur,</span> <span class='ocrx_word' id='word_1_96' title='bbox 872 1105 1040 1149; x_wconf 87' lang='lat' dir='ltr'>deputatis,</span> <span class='ocrx_word' id='word_1_97' title='bbox 1058 1106 1105 1139; x_wconf 91' lang='lat' dir='ltr'>vel</span> <span class='ocrx_word' id='word_1_98' title='bbox 1122 1107 1221 1140; x_wconf 85' lang='lat' dir='ltr'>altero</span> 
     </span>
     <span class='ocr_line' id='line_1_25' title="bbox 482 1158 1220 1202; baseline 0.005 -13"><span class='ocrx_word' id='word_1_99' title='bbox 482 1166 602 1198; x_wconf 89' lang='lat' dir='ltr'>eorum,</span> <span class='ocrx_word' id='word_1_100' title='bbox 623 1158 759 1191; x_wconf 87' lang='lat' dir='ltr'>clericali</span> <span class='ocrx_word' id='word_1_101' title='bbox 784 1159 966 1192; x_wconf 78' lang='lat' dir='ltr'>charactere</span> <span class='ocrx_word' id='word_1_102' title='bbox 992 1159 1141 1202; x_wconf 79' lang='lat' dir='ltr'>insigniti,</span> <span class='ocrx_word' id='word_1_103' title='bbox 1167 1171 1220 1193; x_wconf 85' lang='lat' dir='ltr'>seu</span> 
     </span>
     <span class='ocr_line' id='line_1_26' title="bbox 481 1210 1220 1255; baseline 0.005 -12"><span class='ocrx_word' id='word_1_104' title='bbox 481 1210 518 1243; x_wconf 87' lang='lat' dir='ltr'>ad</span> <span class='ocrx_word' id='word_1_105' title='bbox 541 1216 676 1255; x_wconf 88' lang='lat' dir='ltr'>quatuor</span> <span class='ocrx_word' id='word_1_106' title='bbox 701 1212 849 1252; x_wconf 89' lang='lat' dir='ltr'>minores,</span> <span class='ocrx_word' id='word_1_107' title='bbox 874 1223 997 1246; x_wconf 83' lang='lat' dir='ltr'>necnon</span> <span class='ocrx_word' id='word_1_108' title='bbox 1022 1223 1128 1247; x_wconf 84' lang='lat' dir='ltr'>sacros</span> <span class='ocrx_word' id='word_1_109' title='bbox 1148 1214 1220 1247; x_wconf 89' lang='lat' dir='ltr'>sub-</span> 
     </span>
     <span class='ocr_line' id='line_1_27' title="bbox 481 1264 1220 1312; baseline 0.005 -15"><span class='ocrx_word' id='word_1_110' title='bbox 481 1264 684 1306; x_wconf 77' lang='lat' dir='ltr'>diaconatus,</span> <span class='ocrx_word' id='word_1_111' title='bbox 709 1265 892 1299; x_wconf 83' lang='lat' dir='ltr'>diaconatus</span> <span class='ocrx_word' id='word_1_112' title='bbox 923 1272 953 1299; x_wconf 88' lang='lat' dir='ltr'>et</span> <span class='ocrx_word' id='word_1_113' title='bbox 985 1267 1220 1312; x_wconf 80' lang='lat' dir='ltr'>presbyteratus</span> 
     </span>
     <span class='ocr_line' id='line_1_28' title="bbox 481 1317 1218 1363; baseline 0.005 -13"><span class='ocrx_word' id='word_1_114' title='bbox 481 1317 608 1351; x_wconf 87' lang='lat' dir='ltr'>ordines</span> <span class='ocrx_word' id='word_1_115' title='bbox 636 1319 773 1362; x_wconf 89' lang='lat' dir='ltr'>promoti</span> <span class='ocrx_word' id='word_1_116' title='bbox 808 1320 979 1363; x_wconf 83' lang='lat' dir='ltr'>respective</span> <span class='ocrx_word' id='word_1_117' title='bbox 1015 1321 1160 1361; x_wconf 86' lang='lat' dir='ltr'>suerunt,</span> <span class='ocrx_word' id='word_1_118' title='bbox 1194 1321 1218 1354; x_wconf 88' lang='lat' dir='ltr'>si</span> 
     </span>
     <span class='ocr_line' id='line_1_29' title="bbox 480 1371 1218 1418; baseline 0.004 -14"><span class='ocrx_word' id='word_1_119' title='bbox 480 1371 540 1404; x_wconf 87' lang='lat' dir='ltr'>hoc</span> <span class='ocrx_word' id='word_1_120' title='bbox 565 1381 580 1404; x_wconf 86' lang='lat' dir='ltr'>a</span> <span class='ocrx_word' id='word_1_121' title='bbox 607 1375 634 1406; x_wconf 87' lang='lat' dir='ltr'>te</span> <span class='ocrx_word' id='word_1_122' title='bbox 659 1372 773 1415; x_wconf 81' lang='lat' dir='ltr'>singuli</span> <span class='ocrx_word' id='word_1_123' title='bbox 800 1373 961 1406; x_wconf 87' lang='lat' dir='ltr'>humiliter</span> <span class='ocrx_word' id='word_1_124' title='bbox 985 1374 1139 1418; x_wconf 86' lang='lat' dir='ltr'>petierint,</span> <span class='ocrx_word' id='word_1_125' title='bbox 1162 1375 1218 1407; x_wconf 88' lang='lat' dir='ltr'>im-</span> 
     </span>
     <span class='ocr_line' id='line_1_30' title="bbox 478 1424 1219 1471; baseline 0.004 -14"><span class='ocrx_word' id='word_1_126' title='bbox 478 1424 581 1469; x_wconf 80' lang='lat' dir='ltr'>posita</span> <span class='ocrx_word' id='word_1_127' title='bbox 605 1435 715 1458; x_wconf 88' lang='lat' dir='ltr'>eorum</span> <span class='ocrx_word' id='word_1_128' title='bbox 742 1426 869 1459; x_wconf 83' lang='lat' dir='ltr'>cuilibet</span> <span class='ocrx_word' id='word_1_129' title='bbox 889 1437 948 1470; x_wconf 87' lang='lat' dir='ltr'>pro</span> <span class='ocrx_word' id='word_1_130' title='bbox 968 1427 1150 1471; x_wconf 83' lang='lat' dir='ltr'>praemissis</span> <span class='ocrx_word' id='word_1_131' title='bbox 1174 1438 1219 1460; x_wconf 87' lang='lat' dir='ltr'>ar-</span> 
     </span>
     <span class='ocr_line' id='line_1_31' title="bbox 479 1477 1218 1524; baseline 0.005 -14"><span class='ocrx_word' id='word_1_132' title='bbox 479 1477 574 1511; x_wconf 88' lang='lat' dir='ltr'>bitrio</span> <span class='ocrx_word' id='word_1_133' title='bbox 594 1483 648 1512; x_wconf 90' lang='lat' dir='ltr'>tuo</span> <span class='ocrx_word' id='word_1_134' title='bbox 666 1479 769 1523; x_wconf 79' lang='lat' dir='ltr'>aliqua</span> <span class='ocrx_word' id='word_1_135' title='bbox 787 1480 977 1524; x_wconf 80' lang='lat' dir='ltr'>poenitentia</span> <span class='ocrx_word' id='word_1_136' title='bbox 999 1481 1137 1522; x_wconf 84' lang='lat' dir='ltr'>salutari,</span> <span class='ocrx_word' id='word_1_137' title='bbox 1156 1492 1218 1514; x_wconf 90' lang='lat' dir='ltr'>sus-</span> 
     </span>
     <span class='ocr_line' id='line_1_32' title="bbox 477 1532 1218 1579; baseline 0.005 -14"><span class='ocrx_word' id='word_1_138' title='bbox 477 1532 673 1575; x_wconf 80' lang='lat' dir='ltr'>pensionem,</span> <span class='ocrx_word' id='word_1_139' title='bbox 695 1543 788 1576; x_wconf 84' lang='lat' dir='ltr'>quam</span> <span class='ocrx_word' id='word_1_140' title='bbox 810 1539 939 1577; x_wconf 89' lang='lat' dir='ltr'>propter</span> <span class='ocrx_word' id='word_1_141' title='bbox 955 1534 1128 1578; x_wconf 86' lang='lat' dir='ltr'>praemissa</span> <span class='ocrx_word' id='word_1_142' title='bbox 1144 1546 1218 1579; x_wconf 87' lang='lat' dir='ltr'>quo-</span> 
     </span>
     <span class='ocr_line' id='line_1_33' title="bbox 478 1585 1217 1628; baseline 0.005 -11"><span class='ocrx_word' id='word_1_143' title='bbox 478 1585 637 1628; x_wconf 84' lang='lat' dir='ltr'>quomodo</span> <span class='ocrx_word' id='word_1_144' title='bbox 662 1585 878 1627; x_wconf 88' lang='lat' dir='ltr'>ineurrerunt,</span> <span class='ocrx_word' id='word_1_145' title='bbox 902 1587 1088 1620; x_wconf 88' lang='lat' dir='ltr'>auctoritate</span> <span class='ocrx_word' id='word_1_146' title='bbox 1109 1589 1217 1621; x_wconf 82' lang='lat' dir='ltr'>nostra</span> 
     </span>
     <span class='ocr_line' id='line_1_34' title="bbox 477 1638 1217 1684; baseline 0.004 -13"><span class='ocrx_word' id='word_1_147' title='bbox 477 1638 651 1682; x_wconf 79' lang='lat' dir='ltr'>apostolica</span> <span class='ocrx_word' id='word_1_148' title='bbox 677 1639 848 1679; x_wconf 82' lang='lat' dir='ltr'>relaxandi,</span> <span class='ocrx_word' id='word_1_149' title='bbox 866 1650 901 1673; x_wconf 92' lang='lat' dir='ltr'>ac</span> <span class='ocrx_word' id='word_1_150' title='bbox 918 1639 1047 1684; x_wconf 89' lang='lat' dir='ltr'>insuper</span> <span class='ocrx_word' id='word_1_151' title='bbox 1064 1651 1134 1674; x_wconf 88' lang='lat' dir='ltr'>cum</span> <span class='ocrx_word' id='word_1_152' title='bbox 1157 1641 1217 1675; x_wconf 89' lang='lat' dir='ltr'>illis</span> 
     </span>
     <span class='ocr_line' id='line_1_35' title="bbox 477 1692 1215 1738; baseline 0.004 -14"><span class='ocrx_word' id='word_1_153' title='bbox 477 1702 570 1735; x_wconf 90' lang='lat' dir='ltr'>super</span> <span class='ocrx_word' id='word_1_154' title='bbox 606 1692 837 1735; x_wconf 79' lang='lat' dir='ltr'>irregularitate</span> <span class='ocrx_word' id='word_1_155' title='bbox 870 1703 928 1737; x_wconf 84' lang='lat' dir='ltr'>per</span> <span class='ocrx_word' id='word_1_156' title='bbox 952 1704 1026 1733; x_wconf 86' lang='lat' dir='ltr'>cos,</span> <span class='ocrx_word' id='word_1_157' title='bbox 1051 1694 1124 1738; x_wconf 88' lang='lat' dir='ltr'>quia</span> <span class='ocrx_word' id='word_1_158' title='bbox 1149 1705 1215 1727; x_wconf 89' lang='lat' dir='ltr'>sus-</span> 
     </span>
     <span class='ocr_line' id='line_1_36' title="bbox 475 1744 1216 1788; baseline 0.004 -11"><span class='ocrx_word' id='word_1_159' title='bbox 475 1744 626 1788; x_wconf 88' lang='lat' dir='ltr'>pensione</span> <span class='ocrx_word' id='word_1_160' title='bbox 651 1745 830 1779; x_wconf 89' lang='lat' dir='ltr'>buiusmodi</span> <span class='ocrx_word' id='word_1_161' title='bbox 849 1746 988 1780; x_wconf 90' lang='lat' dir='ltr'>innodati</span> <span class='ocrx_word' id='word_1_162' title='bbox 1007 1746 1036 1779; x_wconf 90' lang='lat' dir='ltr'>in</span> <span class='ocrx_word' id='word_1_163' title='bbox 1052 1746 1216 1780; x_wconf 84' lang='lat' dir='ltr'>ordinibus</span> 
     </span>
     <span class='ocr_line' id='line_1_37' title="bbox 477 1798 1214 1843; baseline 0.003 -12"><span class='ocrx_word' id='word_1_164' title='bbox 477 1799 540 1831; x_wconf 90' lang='lat' dir='ltr'>suis</span> <span class='ocrx_word' id='word_1_165' title='bbox 572 1798 800 1839; x_wconf 87' lang='lat' dir='ltr'>ministrarunt,</span> <span class='ocrx_word' id='word_1_166' title='bbox 825 1799 1063 1843; x_wconf 83' lang='lat' dir='ltr'>quomodolibet</span> <span class='ocrx_word' id='word_1_167' title='bbox 1091 1806 1214 1834; x_wconf 86' lang='lat' dir='ltr'>contra-</span> 
     </span>
     <span class='ocr_line' id='line_1_38' title="bbox 477 1851 1214 1897; baseline 0.004 -13"><span class='ocrx_word' id='word_1_168' title='bbox 477 1853 536 1892; x_wconf 78' lang='lat' dir='ltr'>cta,</span> <span class='ocrx_word' id='word_1_169' title='bbox 554 1852 596 1884; x_wconf 91' lang='lat' dir='ltr'>ita</span> <span class='ocrx_word' id='word_1_170' title='bbox 610 1851 693 1895; x_wconf 88' lang='lat' dir='ltr'>quod</span> <span class='ocrx_word' id='word_1_171' title='bbox 712 1852 764 1886; x_wconf 79' lang='lat' dir='ltr'>illa</span> <span class='ocrx_word' id='word_1_172' title='bbox 781 1858 811 1886; x_wconf 88' lang='lat' dir='ltr'>et</span> <span class='ocrx_word' id='word_1_173' title='bbox 827 1853 937 1886; x_wconf 87' lang='lat' dir='ltr'>iisdem</span> <span class='ocrx_word' id='word_1_174' title='bbox 955 1854 1135 1897; x_wconf 84' lang='lat' dir='ltr'>praemissis</span> <span class='ocrx_word' id='word_1_175' title='bbox 1152 1864 1214 1887; x_wconf 90' lang='lat' dir='ltr'>non</span> 
     </span>
     <span class='ocr_line' id='line_1_39' title="bbox 476 1904 1213 1947; baseline 0.003 -10"><span class='ocrx_word' id='word_1_176' title='bbox 476 1904 684 1947; x_wconf 80' lang='lat' dir='ltr'>obstantibus,</span> <span class='ocrx_word' id='word_1_177' title='bbox 710 1905 735 1938; x_wconf 92' lang='lat' dir='ltr'>si</span> <span class='ocrx_word' id='word_1_178' title='bbox 760 1905 881 1938; x_wconf 89' lang='lat' dir='ltr'>nullum</span> <span class='ocrx_word' id='word_1_179' title='bbox 907 1906 1001 1939; x_wconf 89' lang='lat' dir='ltr'>alium</span> <span class='ocrx_word' id='word_1_180' title='bbox 1027 1906 1213 1940; x_wconf 86' lang='lat' dir='ltr'>canonicum</span> 
     </span>
     <span class='ocr_line' id='line_1_40' title="bbox 476 1957 1213 2002; baseline 0.003 -12"><span class='ocrx_word' id='word_1_181' title='bbox 476 1957 520 1990; x_wconf 91' lang='lat' dir='ltr'>eis</span> <span class='ocrx_word' id='word_1_182' title='bbox 541 1957 642 1990; x_wconf 90' lang='lat' dir='ltr'>obstet</span> <span class='ocrx_word' id='word_1_183' title='bbox 664 1957 935 2002; x_wconf 85' lang='lat' dir='ltr'>impedimentum,</span> <span class='ocrx_word' id='word_1_184' title='bbox 949 1959 1084 1992; x_wconf 84' lang='lat' dir='ltr'>clericali</span> <span class='ocrx_word' id='word_1_185' title='bbox 1106 1960 1213 1993; x_wconf 84' lang='lat' dir='ltr'>ebara-</span> 
     </span>
     <span class='ocr_line' id='line_1_41' title="bbox 476 2011 1213 2055; baseline 0.003 -11"><span class='ocrx_word' id='word_1_186' title='bbox 476 2016 569 2052; x_wconf 83' lang='lat' dir='ltr'>ctere,</span> <span class='ocrx_word' id='word_1_187' title='bbox 587 2022 650 2055; x_wconf 88' lang='lat' dir='ltr'>quo</span> <span class='ocrx_word' id='word_1_188' title='bbox 675 2011 751 2044; x_wconf 79' lang='lat' dir='ltr'>alias</span> <span class='ocrx_word' id='word_1_189' title='bbox 772 2011 830 2044; x_wconf 85' lang='lat' dir='ltr'>rite</span> <span class='ocrx_word' id='word_1_190' title='bbox 851 2012 988 2055; x_wconf 77' lang='lat' dir='ltr'>insigniti</span> <span class='ocrx_word' id='word_1_191' title='bbox 1015 2013 1164 2054; x_wconf 76' lang='lat' dir='ltr'>suerunt&#39;,</span> <span class='ocrx_word' id='word_1_192' title='bbox 1183 2014 1213 2046; x_wconf 91' lang='lat' dir='ltr'>il-</span> 
     </span>
     <span class='ocr_line' id='line_1_42' title="bbox 475 2063 1213 2109; baseline 0.004 -13"><span class='ocrx_word' id='word_1_193' title='bbox 475 2063 597 2108; x_wconf 83' lang='lat' dir='ltr'>liusque</span> <span class='ocrx_word' id='word_1_194' title='bbox 621 2064 817 2108; x_wconf 80' lang='lat' dir='ltr'>privilegiis,</span> <span class='ocrx_word' id='word_1_195' title='bbox 843 2076 878 2097; x_wconf 85' lang='lat' dir='ltr'>ac</span> <span class='ocrx_word' id='word_1_196' title='bbox 902 2066 1055 2109; x_wconf 79' lang='lat' dir='ltr'>susceptis</span> <span class='ocrx_word' id='word_1_197' title='bbox 1080 2076 1135 2109; x_wconf 87' lang='lat' dir='ltr'>per</span> <span class='ocrx_word' id='word_1_198' title='bbox 1160 2077 1213 2099; x_wconf 87' lang='lat' dir='ltr'>eos</span> 
     </span>
     <span class='ocr_line' id='line_1_43' title="bbox 476 2117 1213 2162; baseline 0.004 -12"><span class='ocrx_word' id='word_1_199' title='bbox 476 2117 604 2161; x_wconf 83' lang='lat' dir='ltr'>pariter,</span> <span class='ocrx_word' id='word_1_200' title='bbox 618 2118 692 2150; x_wconf 81' lang='lat' dir='ltr'>alias</span> <span class='ocrx_word' id='word_1_201' title='bbox 707 2118 775 2159; x_wconf 86' lang='lat' dir='ltr'>rite,</span> <span class='ocrx_word' id='word_1_202' title='bbox 793 2124 927 2162; x_wconf 87' lang='lat' dir='ltr'>quatuor</span> <span class='ocrx_word' id='word_1_203' title='bbox 946 2119 1131 2161; x_wconf 85' lang='lat' dir='ltr'>minoribus,</span> <span class='ocrx_word' id='word_1_204' title='bbox 1146 2130 1213 2153; x_wconf 86' lang='lat' dir='ltr'>nec-</span> 
     </span>
     <span class='ocr_line' id='line_1_44' title="bbox 474 2170 1213 2212; baseline 0.005 -9"><span class='ocrx_word' id='word_1_205' title='bbox 474 2181 536 2203; x_wconf 90' lang='lat' dir='ltr'>non</span> <span class='ocrx_word' id='word_1_206' title='bbox 561 2170 657 2204; x_wconf 84' lang='lat' dir='ltr'>sacris</span> <span class='ocrx_word' id='word_1_207' title='bbox 687 2171 950 2212; x_wconf 76' lang='lat' dir='ltr'>subdiaconatus,</span> <span class='ocrx_word' id='word_1_208' title='bbox 980 2173 1159 2206; x_wconf 84' lang='lat' dir='ltr'>diaconatus</span> <span class='ocrx_word' id='word_1_209' title='bbox 1184 2178 1213 2208; x_wconf 84' lang='lat' dir='ltr'>et</span> 
     </span>
     <span class='ocr_line' id='line_1_45' title="bbox 474 2224 1211 2270; baseline 0.004 -14"><span class='ocrx_word' id='word_1_210' title='bbox 474 2224 708 2269; x_wconf 64' lang='lat' dir='ltr'>presbyteratus</span> <span class='ocrx_word' id='word_1_211' title='bbox 740 2225 905 2258; x_wconf 87' lang='lat' dir='ltr'>ordinibus</span> <span class='ocrx_word' id='word_1_212' title='bbox 936 2226 1111 2270; x_wconf 83' lang='lat' dir='ltr'>respective</span> <span class='ocrx_word' id='word_1_213' title='bbox 1147 2228 1211 2267; x_wconf 80' lang='lat' dir='ltr'>uti3</span> 
     </span>
     <span class='ocr_line' id='line_1_46' title="bbox 475 2277 1212 2323; baseline 0.004 -13"><span class='ocrx_word' id='word_1_214' title='bbox 475 2278 498 2310; x_wconf 91' lang='lat' dir='ltr'>si</span> <span class='ocrx_word' id='word_1_215' title='bbox 517 2288 591 2311; x_wconf 88' lang='lat' dir='ltr'>vero</span> <span class='ocrx_word' id='word_1_216' title='bbox 611 2277 680 2311; x_wconf 86' lang='lat' dir='ltr'>illos</span> <span class='ocrx_word' id='word_1_217' title='bbox 698 2278 836 2311; x_wconf 88' lang='lat' dir='ltr'>nondum</span> <span class='ocrx_word' id='word_1_218' title='bbox 863 2279 1068 2323; x_wconf 83' lang='lat' dir='ltr'>susceperint,</span> <span class='ocrx_word' id='word_1_219' title='bbox 1093 2279 1130 2312; x_wconf 84' lang='lat' dir='ltr'>ad</span> <span class='ocrx_word' id='word_1_220' title='bbox 1149 2290 1212 2320; x_wconf 86' lang='lat' dir='ltr'>eos,</span> 
     </span>
     <span class='ocr_line' id='line_1_47' title="bbox 474 2330 1212 2377; baseline 0.004 -14"><span class='ocrx_word' id='word_1_221' title='bbox 474 2330 647 2364; x_wconf 87' lang='lat' dir='ltr'>dummodo</span> <span class='ocrx_word' id='word_1_222' title='bbox 668 2335 771 2363; x_wconf 89' lang='lat' dir='ltr'>tamen</span> <span class='ocrx_word' id='word_1_223' title='bbox 793 2331 830 2363; x_wconf 93' lang='lat' dir='ltr'>ad</span> <span class='ocrx_word' id='word_1_224' title='bbox 852 2331 880 2364; x_wconf 93' lang='lat' dir='ltr'>id</span> <span class='ocrx_word' id='word_1_225' title='bbox 908 2331 982 2364; x_wconf 78' lang='lat' dir='ltr'>alias</span> <span class='ocrx_word' id='word_1_226' title='bbox 1004 2332 1104 2365; x_wconf 90' lang='lat' dir='ltr'>idonei</span> <span class='ocrx_word' id='word_1_227' title='bbox 1127 2343 1212 2377; x_wconf 88' lang='lat' dir='ltr'>repc-</span> 
     </span>
     <span class='ocr_line' id='line_1_48' title="bbox 475 2383 1212 2428; baseline 0.004 -12"><span class='ocrx_word' id='word_1_228' title='bbox 475 2383 605 2424; x_wconf 85' lang='lat' dir='ltr'>riantur,</span> <span class='ocrx_word' id='word_1_229' title='bbox 626 2384 755 2417; x_wconf 83' lang='lat' dir='ltr'>servatis</span> <span class='ocrx_word' id='word_1_230' title='bbox 786 2385 947 2417; x_wconf 85' lang='lat' dir='ltr'>servandis</span> <span class='ocrx_word' id='word_1_231' title='bbox 972 2385 1162 2428; x_wconf 90' lang='lat' dir='ltr'>promoveri,</span> <span class='ocrx_word' id='word_1_232' title='bbox 1183 2391 1212 2419; x_wconf 90' lang='lat' dir='ltr'>et</span> 
     </span>
     <span class='ocr_line' id='line_1_49' title="bbox 474 2437 1212 2480; baseline 0.004 -11"><span class='ocrx_word' id='word_1_233' title='bbox 474 2438 610 2480; x_wconf 88' lang='lat' dir='ltr'>promoti</span> <span class='ocrx_word' id='word_1_234' title='bbox 637 2437 666 2470; x_wconf 89' lang='lat' dir='ltr'>in</span> <span class='ocrx_word' id='word_1_235' title='bbox 692 2438 752 2470; x_wconf 89' lang='lat' dir='ltr'>illis</span> <span class='ocrx_word' id='word_1_236' title='bbox 777 2438 868 2471; x_wconf 83' lang='lat' dir='ltr'>etiam</span> <span class='ocrx_word' id='word_1_237' title='bbox 895 2438 925 2470; x_wconf 90' lang='lat' dir='ltr'>in</span> <span class='ocrx_word' id='word_1_238' title='bbox 946 2439 1051 2472; x_wconf 88' lang='lat' dir='ltr'>altaris</span> <span class='ocrx_word' id='word_1_239' title='bbox 1076 2439 1212 2472; x_wconf 90' lang='lat' dir='ltr'>ministe-</span> 
     </span>
     <span class='ocr_line' id='line_1_50' title="bbox 474 2490 1212 2535; baseline 0.004 -13"><span class='ocrx_word' id='word_1_240' title='bbox 474 2490 522 2522; x_wconf 91' lang='lat' dir='ltr'>rio</span> <span class='ocrx_word' id='word_1_241' title='bbox 539 2490 718 2523; x_wconf 86' lang='lat' dir='ltr'>ministrare</span> <span class='ocrx_word' id='word_1_242' title='bbox 746 2491 845 2524; x_wconf 91' lang='lat' dir='ltr'>libere</span> <span class='ocrx_word' id='word_1_243' title='bbox 873 2496 902 2524; x_wconf 88' lang='lat' dir='ltr'>et</span> <span class='ocrx_word' id='word_1_244' title='bbox 930 2491 1014 2525; x_wconf 87' lang='lat' dir='ltr'>licite</span> <span class='ocrx_word' id='word_1_245' title='bbox 1039 2492 1158 2535; x_wconf 86' lang='lat' dir='ltr'>possint</span> <span class='ocrx_word' id='word_1_246' title='bbox 1183 2498 1212 2525; x_wconf 89' lang='lat' dir='ltr'>et</span> 
     </span>
     <span class='ocr_line' id='line_1_51' title="bbox 474 2543 1210 2588; baseline 0.004 -13"><span class='ocrx_word' id='word_1_247' title='bbox 474 2543 615 2585; x_wconf 85' lang='lat' dir='ltr'>valeant,</span> <span class='ocrx_word' id='word_1_248' title='bbox 641 2544 749 2576; x_wconf 74' lang='lat' dir='ltr'>eadem</span> <span class='ocrx_word' id='word_1_249' title='bbox 779 2544 964 2577; x_wconf 82' lang='lat' dir='ltr'>auctoritate</span> <span class='ocrx_word' id='word_1_250' title='bbox 989 2545 1210 2588; x_wconf 87' lang='lat' dir='ltr'>dispensandi,</span> 
     </span>
    </p>

    <p class='ocr_par' dir='ltr' id='par_1_10' title="bbox 512 2606 1130 2644">
     <span class='ocr_line' id='line_1_52' title="bbox 512 2606 1130 2644; baseline 0 -10"><span class='ocrx_word' id='word_1_251' title='bbox 512 2608 519 2634; x_wconf 88' lang='lat'>1</span> <span class='ocrx_word' id='word_1_252' title='bbox 539 2606 633 2643; x_wconf 76' lang='lat' dir='ltr'>Aptius</span> <span class='ocrx_word' id='word_1_253' title='bbox 648 2607 737 2635; x_wconf 82' lang='lat' dir='ltr'>forsan</span> <span class='ocrx_word' id='word_1_254' title='bbox 752 2607 888 2642; x_wconf 79' lang='lat' dir='ltr'>legeretur</span> <span class='ocrx_word' id='word_1_255' title='bbox 902 2608 1015 2643; x_wconf 75' lang='lat' dir='ltr'>fuerint</span> <span class='ocrx_word' id='word_1_256' title='bbox 1028 2611 1067 2643; x_wconf 77' lang='lat' dir='ltr'>(n.</span> <span class='ocrx_word' id='word_1_257' title='bbox 1082 2609 1130 2644; x_wconf 86' lang='grc' dir='ltr'>τ.).</span> 
     </span>
    </p>
   </div>
   <div class='ocr_carea' id='block_1_7' title="bbox 1238 266 1243 386">
    <p class='ocr_par' dir='ltr' id='par_1_11' title="bbox 1238 266 1243 386">
     <span class='ocr_line' id='line_1_53' title="bbox 1238 266 1243 386; baseline 0 2829"><span class='ocrx_word' id='word_1_258' title='bbox 1238 266 1243 386; x_wconf 95' lang='lat' dir='ltr'> </span> 
     </span>
    </p>
   </div>
   <div class='ocr_carea' id='block_1_8' title="bbox 1238 390 1242 540">
    <p class='ocr_par' dir='ltr' id='par_1_12' title="bbox 1238 390 1242 540">
     <span class='ocr_line' id='line_1_54' title="bbox 1238 390 1242 540; baseline 0 2675"><span class='ocrx_word' id='word_1_259' title='bbox 1238 390 1242 540; x_wconf 95' lang='lat' dir='ltr'> </span> 
     </span>
    </p>
   </div>
   <div class='ocr_carea' id='block_1_9' title="bbox 1229 777 1241 2325">
    <p class='ocr_par' dir='ltr' id='par_1_13' title="bbox 1229 777 1241 2325">
     <span class='ocr_line' id='line_1_55' title="bbox 1229 777 1241 2325; baseline 0 0"><span class='ocrx_word' id='word_1_260' title='bbox 1229 777 1241 2325; x_wconf 95' lang='lat' dir='ltr'> </span> 
     </span>
    </p>
   </div>
   <div class='ocr_carea' id='block_1_10' title="bbox 1071 210 1425 237">
    <p class='ocr_par' dir='ltr' id='par_1_14' title="bbox 1071 210 1425 237">
     <span class='ocr_line' id='line_1_56' title="bbox 1071 210 1425 237; baseline 0.008 -3"><span class='ocrx_word' id='word_1_261' title='bbox 1071 210 1247 236; x_wconf 69' lang='lat' dir='ltr'>BULLAMUM</span> <span class='ocrx_word' id='word_1_262' title='bbox 1273 212 1379 237; x_wconf 72' lang='lat' dir='ltr'>ROMAN</span> <span class='ocrx_word' id='word_1_263' title='bbox 1386 214 1425 237; x_wconf 75' lang='grc' dir='ltr'>ΠΜ</span> 
     </span>
    </p>
   </div>
   <div class='ocr_carea' id='block_1_11' title="bbox 1257 261 1999 412">
    <p class='ocr_par' dir='ltr' id='par_1_15' title="bbox 1257 261 1999 412">
     <span class='ocr_line' id='line_1_57' title="bbox 1259 261 1996 306; baseline 0.004 -13"><span class='ocrx_word' id='word_1_264' title='bbox 1259 270 1487 304; x_wconf 84' lang='lat' dir='ltr'>quamcumque</span> <span class='ocrx_word' id='word_1_265' title='bbox 1514 261 1719 294; x_wconf 80' lang='lat' dir='ltr'>necessariam</span> <span class='ocrx_word' id='word_1_266' title='bbox 1738 268 1768 294; x_wconf 86' lang='lat' dir='ltr'>et</span> <span class='ocrx_word' id='word_1_267' title='bbox 1785 266 1996 306; x_wconf 84' lang='lat' dir='ltr'>opportunam</span> 
     </span>
     <span class='ocr_line' id='line_1_58' title="bbox 1257 314 1999 360; baseline 0.004 -14"><span class='ocrx_word' id='word_1_268' title='bbox 1257 314 1447 353; x_wconf 81' lang='lat' dir='ltr'>facultatem,</span> <span class='ocrx_word' id='word_1_269' title='bbox 1472 314 1554 347; x_wconf 77' lang='lat' dir='ltr'>dicta</span> <span class='ocrx_word' id='word_1_270' title='bbox 1568 315 1762 357; x_wconf 80' lang='lat' dir='ltr'>auctoritate,</span> <span class='ocrx_word' id='word_1_271' title='bbox 1785 320 1892 349; x_wconf 89' lang='lat' dir='ltr'>tenore</span> <span class='ocrx_word' id='word_1_272' title='bbox 1909 326 1999 360; x_wconf 89' lang='lat' dir='ltr'>prae-</span> 
     </span>
     <span class='ocr_line' id='line_1_59' title="bbox 1257 367 1885 412; baseline 0.003 -13"><span class='ocrx_word' id='word_1_273' title='bbox 1257 367 1401 407; x_wconf 82' lang='lat' dir='ltr'>sentium,</span> <span class='ocrx_word' id='word_1_274' title='bbox 1427 367 1595 400; x_wconf 89' lang='lat' dir='ltr'>tribuimus</span> <span class='ocrx_word' id='word_1_275' title='bbox 1620 373 1649 401; x_wconf 90' lang='lat' dir='ltr'>et</span> <span class='ocrx_word' id='word_1_276' title='bbox 1674 368 1885 412; x_wconf 89' lang='lat' dir='ltr'>impertimur.</span> 
     </span>
    </p>
   </div>
   <div class='ocr_carea' id='block_1_12' title="bbox 1301 419 2187 484">
    <p class='ocr_par' dir='ltr' id='par_1_16' title="bbox 1301 419 2187 484">
     <span class='ocr_line' id='line_1_60' title="bbox 1301 419 2187 484; baseline 0.009 -33"><span class='ocrx_word' id='word_1_277' title='bbox 1301 419 1315 462; x_wconf 61' lang='grc' dir='ltr'>ἓ</span> <span class='ocrx_word' id='word_1_278' title='bbox 1339 419 1368 452; x_wconf 99' lang='lat'>3</span> <span class='ocrx_word' id='word_1_279' title='bbox 1395 420 1462 452; x_wconf 85' lang='lat' dir='ltr'>Non</span> <span class='ocrx_word' id='word_1_280' title='bbox 1487 420 1683 453; x_wconf 85' lang='lat' dir='ltr'>obstantibus</span> <span class='ocrx_word' id='word_1_281' title='bbox 1700 421 1891 465; x_wconf 84' lang='lat' dir='ltr'>apostolicis.</span> <span class='ocrx_word' id='word_1_282' title='bbox 1909 431 1944 455; x_wconf 85' lang='lat' dir='ltr'>ao</span> <span class='ocrx_word' id='word_1_283' title='bbox 1964 422 1995 455; x_wconf 92' lang='lat' dir='ltr'>in</span> <span class='ocrx_word' id='word_1_284' title='bbox 2011 435 2128 484; x_wconf 47' lang='lat' dir='ltr'>animm</span> <span class='ocrx_word' id='word_1_285' title='bbox 2142 443 2187 460; x_wconf 75' lang='grc' dir='ltr'>ω..-</span> 
     </span>
     <span class='ocr_line' id='line_1_61' title="bbox 2032 469 2087 483; baseline 0 0"><span class='ocrx_word' id='word_1_286' title='bbox 2032 469 2060 483; x_wconf 61' lang='lat' dir='ltr'>dl&#39;l</span> <span class='ocrx_word' id='word_1_287' title='bbox 2072 470 2087 483; x_wconf 61' lang='lat' dir='ltr'>S&gt;</span> 
     </span>
    </p>
   </div>
   <div class='ocr_carea' id='block_1_13' title="bbox 1254 467 1996 882">
    <p class='ocr_par' dir='ltr' id='par_1_17' title="bbox 1255 467 1996 723">
     <span class='ocr_line' id='line_1_62' title="bbox 1257 467 1996 514; baseline 0.005 -15"><span class='ocrx_word' id='word_1_288' title='bbox 1257 467 1485 500; x_wconf 87' lang='lat' dir='ltr'>universalibus</span> <span class='ocrx_word' id='word_1_289' title='bbox 1508 469 1817 514; x_wconf 86' lang='lat' dir='ltr'>provincialibusque</span> <span class='ocrx_word' id='word_1_290' title='bbox 1849 474 1879 504; x_wconf 84' lang='lat' dir='ltr'>et</span> <span class='ocrx_word' id='word_1_291' title='bbox 1906 479 1996 514; x_wconf 76' lang='lat' dir='ltr'>syno-</span> 
     </span>
     <span class='ocr_line' id='line_1_63' title="bbox 1256 520 1994 565; baseline 0.005 -13"><span class='ocrx_word' id='word_1_292' title='bbox 1256 520 1378 553; x_wconf 85' lang='lat' dir='ltr'>dalibus</span> <span class='ocrx_word' id='word_1_293' title='bbox 1402 521 1543 554; x_wconf 91' lang='lat' dir='ltr'>conciliis</span> <span class='ocrx_word' id='word_1_294' title='bbox 1575 521 1685 563; x_wconf 90' lang='lat' dir='ltr'>editis,</span> <span class='ocrx_word' id='word_1_295' title='bbox 1722 523 1922 565; x_wconf 85' lang='lat' dir='ltr'>generalibus</span> <span class='ocrx_word' id='word_1_296' title='bbox 1948 523 1994 556; x_wconf 85' lang='lat' dir='ltr'>vel</span> 
     </span>
     <span class='ocr_line' id='line_1_64' title="bbox 1256 573 1996 616; baseline 0.007 -12"><span class='ocrx_word' id='word_1_297' title='bbox 1256 573 1454 616; x_wconf 83' lang='lat' dir='ltr'>specialibus,</span> <span class='ocrx_word' id='word_1_298' title='bbox 1479 574 1755 608; x_wconf 88' lang='lat' dir='ltr'>constitutionibus</span> <span class='ocrx_word' id='word_1_299' title='bbox 1775 581 1806 608; x_wconf 90' lang='lat' dir='ltr'>et</span> <span class='ocrx_word' id='word_1_300' title='bbox 1828 575 1996 609; x_wconf 89' lang='lat' dir='ltr'>ordinatio-</span> 
     </span>
     <span class='ocr_line' id='line_1_65' title="bbox 1255 626 1994 673; baseline 0.005 -15"><span class='ocrx_word' id='word_1_301' title='bbox 1255 626 1369 667; x_wconf 90' lang='lat' dir='ltr'>nibus,</span> <span class='ocrx_word' id='word_1_302' title='bbox 1398 627 1573 671; x_wconf 87' lang='lat' dir='ltr'>ceterisque</span> <span class='ocrx_word' id='word_1_303' title='bbox 1597 628 1763 661; x_wconf 86' lang='lat' dir='ltr'>contrariis</span> <span class='ocrx_word' id='word_1_304' title='bbox 1791 628 1994 673; x_wconf 84' lang='lat' dir='ltr'>quibuscum-</span> 
     </span>
     <span class='ocr_line' id='line_1_66' title="bbox 1256 689 1326 723; baseline 0 -12"><span class='ocrx_word' id='word_1_305' title='bbox 1256 689 1326 723; x_wconf 89' lang='lat' dir='ltr'>que.</span> 
     </span>
    </p>

    <p class='ocr_par' dir='ltr' id='par_1_18' title="bbox 1254 732 1995 882">
     <span class='ocr_line' id='line_1_67' title="bbox 1300 732 1994 777; baseline 0.004 -13"><span class='ocrx_word' id='word_1_306' title='bbox 1300 732 1411 765; x_wconf 90' lang='lat' dir='ltr'>Datum</span> <span class='ocrx_word' id='word_1_307' title='bbox 1439 733 1567 774; x_wconf 86' lang='lat' dir='ltr'>Romae,</span> <span class='ocrx_word' id='word_1_308' title='bbox 1595 733 1678 777; x_wconf 85' lang='lat' dir='ltr'>apud</span> <span class='ocrx_word' id='word_1_309' title='bbox 1707 733 1735 767; x_wconf 84' lang='lat' dir='ltr'>S.</span> <span class='ocrx_word' id='word_1_310' title='bbox 1753 733 1881 767; x_wconf 85' lang='lat' dir='ltr'>Mariam</span> <span class='ocrx_word' id='word_1_311' title='bbox 1900 734 1994 768; x_wconf 82' lang='lat' dir='ltr'>Maio-</span> 
     </span>
     <span class='ocr_line' id='line_1_68' title="bbox 1257 785 1995 829; baseline 0.004 -12"><span class='ocrx_word' id='word_1_312' title='bbox 1257 795 1334 825; x_wconf 87' lang='lat' dir='ltr'>rem,</span> <span class='ocrx_word' id='word_1_313' title='bbox 1349 785 1406 817; x_wconf 91' lang='lat' dir='ltr'>sub</span> <span class='ocrx_word' id='word_1_314' title='bbox 1423 786 1538 819; x_wconf 88' lang='lat' dir='ltr'>annulo</span> <span class='ocrx_word' id='word_1_315' title='bbox 1553 786 1729 829; x_wconf 70' lang='lat' dir='ltr'>Piscator-is,</span> <span class='ocrx_word' id='word_1_316' title='bbox 1751 787 1802 820; x_wconf 89' lang='lat' dir='ltr'>die</span> <span class='ocrx_word' id='word_1_317' title='bbox 1824 797 1888 820; x_wconf 85' lang='lat' dir='ltr'>xxx</span> <span class='ocrx_word' id='word_1_318' title='bbox 1907 791 1995 821; x_wconf 90' lang='lat' dir='ltr'>octo-</span> 
     </span>
     <span class='ocr_line' id='line_1_69' title="bbox 1254 837 1949 882; baseline 0.004 -12"><span class='ocrx_word' id='word_1_319' title='bbox 1254 837 1320 870; x_wconf 88' lang='lat' dir='ltr'>bris</span> <span class='ocrx_word' id='word_1_320' title='bbox 1337 847 1464 879; x_wconf 78' lang='lat' dir='ltr'>MDCLVI,</span> <span class='ocrx_word' id='word_1_321' title='bbox 1486 839 1686 882; x_wconf 79' lang='lat' dir='ltr'>pontificatus</span> <span class='ocrx_word' id='word_1_322' title='bbox 1703 839 1801 872; x_wconf 85' lang='lat' dir='ltr'>nostri</span> <span class='ocrx_word' id='word_1_323' title='bbox 1818 849 1900 872; x_wconf 88' lang='lat' dir='ltr'>anno</span> <span class='ocrx_word' id='word_1_324' title='bbox 1917 848 1949 873; x_wconf 86' lang='lat'>11.</span> 
     </span>
    </p>
   </div>
   <div class='ocr_carea' id='block_1_14' title="bbox 1293 899 1947 937">
    <p class='ocr_par' dir='ltr' id='par_1_19' title="bbox 1293 899 1947 937">
     <span class='ocr_line' id='line_1_70' title="bbox 1293 899 1947 937; baseline 0.005 -12"><span class='ocrx_word' id='word_1_325' title='bbox 1293 899 1349 926; x_wconf 87' lang='lat' dir='ltr'>Dat.</span> <span class='ocrx_word' id='word_1_326' title='bbox 1367 900 1410 927; x_wconf 87' lang='lat' dir='ltr'>die</span> <span class='ocrx_word' id='word_1_327' title='bbox 1425 900 1460 928; x_wconf 89' lang='lat'>30</span> <span class='ocrx_word' id='word_1_328' title='bbox 1484 900 1603 928; x_wconf 87' lang='lat' dir='ltr'>octobris</span> <span class='ocrx_word' id='word_1_329' title='bbox 1621 901 1698 936; x_wconf 78' lang='lat'>1656,</span> <span class='ocrx_word' id='word_1_330' title='bbox 1715 901 1812 937; x_wconf 78' lang='lat' dir='ltr'>pomis.</span> <span class='ocrx_word' id='word_1_331' title='bbox 1831 908 1904 929; x_wconf 85' lang='lat' dir='ltr'>anno</span> <span class='ocrx_word' id='word_1_332' title='bbox 1918 908 1947 928; x_wconf 84' lang='lat' dir='ltr'>n.</span> 
     </span>
    </p>
   </div>
   <div class='ocr_carea' id='block_1_15' title="bbox 1255 996 1994 1201">
    <p class='ocr_par' dir='ltr' id='par_1_20' title="bbox 1255 996 1994 1201">
     <span class='ocr_line' id='line_1_71' title="bbox 1255 996 1993 1031; baseline 0.003 -2"><span class='ocrx_word' id='word_1_333' title='bbox 1255 996 1411 1030; x_wconf 75' lang='lat' dir='ltr'>Facutcas</span> <span class='ocrx_word' id='word_1_334' title='bbox 1425 997 1541 1031; x_wconf 78' lang='lat' dir='ltr'>nuncio</span> <span class='ocrx_word' id='word_1_335' title='bbox 1555 998 1717 1031; x_wconf 82' lang='lat' dir='ltr'>Franciae</span> <span class='ocrx_word' id='word_1_336' title='bbox 1733 997 1908 1031; x_wconf 75' lang='lat' dir='ltr'>relaxandi</span> <span class='ocrx_word' id='word_1_337' title='bbox 1923 1009 1993 1031; x_wconf 81' lang='lat' dir='ltr'>sus-</span> 
     </span>
     <span class='ocr_line' id='line_1_72' title="bbox 1296 1051 1994 1095; baseline 0.001 -12"><span class='ocrx_word' id='word_1_338' title='bbox 1296 1051 1483 1094; x_wconf 81' lang='lat' dir='ltr'>pensionem</span> <span class='ocrx_word' id='word_1_339' title='bbox 1509 1051 1670 1084; x_wconf 83' lang='lat' dir='ltr'>ordinatis</span> <span class='ocrx_word' id='word_1_340' title='bbox 1693 1051 1734 1084; x_wconf 87' lang='lat' dir='ltr'>ab</span> <span class='ocrx_word' id='word_1_341' title='bbox 1759 1051 1914 1095; x_wconf 81' lang='lat' dir='ltr'>episcopis</span> <span class='ocrx_word' id='word_1_342' title='bbox 1936 1061 1994 1095; x_wconf 81' lang='lat' dir='ltr'>per</span> 
     </span>
     <span class='ocr_line' id='line_1_73' title="bbox 1298 1103 1994 1148; baseline 0.001 -12"><span class='ocrx_word' id='word_1_343' title='bbox 1298 1104 1435 1137; x_wconf 82' lang='lat' dir='ltr'>vicarios</span> <span class='ocrx_word' id='word_1_344' title='bbox 1459 1103 1656 1148; x_wconf 77' lang='lat' dir='ltr'>capitulares</span> <span class='ocrx_word' id='word_1_345' title='bbox 1680 1103 1884 1138; x_wconf 81' lang='lat' dir='ltr'>Parisienses</span> <span class='ocrx_word' id='word_1_346' title='bbox 1904 1103 1994 1137; x_wconf 83' lang='lat' dir='ltr'>inde-</span> 
     </span>
     <span class='ocr_line' id='line_1_74' title="bbox 1298 1156 1559 1201; baseline 0.008 -13"><span class='ocrx_word' id='word_1_347' title='bbox 1298 1157 1361 1189; x_wconf 84' lang='lat' dir='ltr'>bite</span> <span class='ocrx_word' id='word_1_348' title='bbox 1385 1156 1559 1201; x_wconf 74' lang='lat' dir='ltr'>deputatis.</span> 
     </span>
    </p>
   </div>
   <div class='ocr_carea' id='block_1_16' title="bbox 1254 1237 1994 1450">
    <p class='ocr_par' dir='ltr' id='par_1_21' title="bbox 1254 1237 1994 1450">
     <span class='ocr_line' id='line_1_75' title="bbox 1254 1237 1993 1273; baseline 0.003 -9"><span class='ocrx_word' id='word_1_349' title='bbox 1254 1237 1424 1264; x_wconf 82' lang='lat' dir='ltr'>Venerabili</span> <span class='ocrx_word' id='word_1_350' title='bbox 1444 1237 1531 1265; x_wconf 80' lang='lat' dir='ltr'>fratri</span> <span class='ocrx_word' id='word_1_351' title='bbox 1559 1237 1679 1266; x_wconf 83' lang='lat' dir='ltr'>Nicolao</span> <span class='ocrx_word' id='word_1_352' title='bbox 1707 1238 1933 1273; x_wconf 79' lang='lat' dir='ltr'>archiepiscopo</span> <span class='ocrx_word' id='word_1_353' title='bbox 1957 1239 1993 1266; x_wconf 73' lang='lat' dir='ltr'>A·</span> 
     </span>
     <span class='ocr_line' id='line_1_76' title="bbox 1288 1283 1994 1317; baseline 0.003 -7"><span class='ocrx_word' id='word_1_354' title='bbox 1288 1283 1458 1315; x_wconf 84' lang='lat' dir='ltr'>thenarum,</span> <span class='ocrx_word' id='word_1_355' title='bbox 1480 1283 1558 1317; x_wconf 84' lang='lat' dir='ltr'>apud</span> <span class='ocrx_word' id='word_1_356' title='bbox 1578 1283 1766 1311; x_wconf 82' lang='lat' dir='ltr'>carissimum</span> <span class='ocrx_word' id='word_1_357' title='bbox 1780 1284 1811 1311; x_wconf 88' lang='lat' dir='ltr'>in</span> <span class='ocrx_word' id='word_1_358' title='bbox 1828 1283 1945 1312; x_wconf 75' lang='lat' dir='ltr'>Christo</span> <span class='ocrx_word' id='word_1_359' title='bbox 1959 1285 1994 1312; x_wconf 83' lang='lat' dir='ltr'>fl-</span> 
     </span>
     <span class='ocr_line' id='line_1_77' title="bbox 1289 1328 1994 1357; baseline 0.004 -3"><span class='ocrx_word' id='word_1_360' title='bbox 1289 1328 1361 1356; x_wconf 83' lang='lat' dir='ltr'>lium</span> <span class='ocrx_word' id='word_1_361' title='bbox 1381 1332 1518 1356; x_wconf 78' lang='lat' dir='ltr'>nostrum</span> <span class='ocrx_word' id='word_1_362' title='bbox 1546 1328 1727 1356; x_wconf 79' lang='lat' dir='ltr'>Ludovicum</span> <span class='ocrx_word' id='word_1_363' title='bbox 1746 1329 1924 1357; x_wconf 78' lang='lat' dir='ltr'>Francorum</span> <span class='ocrx_word' id='word_1_364' title='bbox 1944 1336 1994 1357; x_wconf 81' lang='lat' dir='ltr'>re-</span> 
     </span>
     <span class='ocr_line' id='line_1_78' title="bbox 1288 1373 1992 1408; baseline 0.001 -7"><span class='ocrx_word' id='word_1_365' title='bbox 1288 1381 1353 1408; x_wconf 67' lang='lat' dir='ltr'>gem</span> <span class='ocrx_word' id='word_1_366' title='bbox 1373 1373 1658 1401; x_wconf 78' lang='lat' dir='ltr'>christIaniseimum</span> <span class='ocrx_word' id='word_1_367' title='bbox 1692 1376 1794 1401; x_wconf 77' lang='lat' dir='ltr'>nostro</span> <span class='ocrx_word' id='word_1_368' title='bbox 1814 1377 1845 1401; x_wconf 82' lang='lat' dir='ltr'>et</span> <span class='ocrx_word' id='word_1_369' title='bbox 1865 1374 1992 1408; x_wconf 76' lang='lat' dir='ltr'>Aposto-</span> 
     </span>
     <span class='ocr_line' id='line_1_79' title="bbox 1287 1418 1610 1450; baseline 0 -5"><span class='ocrx_word' id='word_1_370' title='bbox 1287 1418 1364 1445; x_wconf 86' lang='lat' dir='ltr'>licae</span> <span class='ocrx_word' id='word_1_371' title='bbox 1385 1418 1469 1446; x_wconf 87' lang='lat' dir='ltr'>Sedis</span> <span class='ocrx_word' id='word_1_372' title='bbox 1490 1418 1610 1450; x_wconf 83' lang='lat' dir='ltr'>nuncio.</span> 
     </span>
    </p>
   </div>
   <div class='ocr_carea' id='block_1_17' title="bbox 1438 1471 1805 1506">
    <p class='ocr_par' dir='ltr' id='par_1_22' title="bbox 1438 1471 1805 1506">
     <span class='ocr_line' id='line_1_80' title="bbox 1438 1471 1805 1506; baseline 0 -8"><span class='ocrx_word' id='word_1_373' title='bbox 1438 1471 1603 1499; x_wconf 83' lang='lat' dir='ltr'>Alexander</span> <span class='ocrx_word' id='word_1_374' title='bbox 1632 1472 1711 1506; x_wconf 79' lang='lat' dir='ltr'>Papa</span> <span class='ocrx_word' id='word_1_375' title='bbox 1742 1472 1805 1499; x_wconf 85' lang='lat' dir='ltr'>vll.</span> 
     </span>
    </p>
   </div>
   <div class='ocr_carea' id='block_1_18' title="bbox 1286 1542 1954 1621">
    <p class='ocr_par' dir='ltr' id='par_1_23' title="bbox 1286 1542 1954 1621">
     <span class='ocr_line' id='line_1_81' title="bbox 1462 1542 1779 1575; baseline 0 -5"><span class='ocrx_word' id='word_1_376' title='bbox 1462 1542 1649 1570; x_wconf 79' lang='lat' dir='ltr'>venerabilis</span> <span class='ocrx_word' id='word_1_377' title='bbox 1674 1543 1779 1575; x_wconf 77' lang='lat' dir='ltr'>frater,</span> 
     </span>
     <span class='ocr_line' id='line_1_82' title="bbox 1286 1587 1954 1621; baseline 0.003 -8"><span class='ocrx_word' id='word_1_378' title='bbox 1286 1587 1414 1614; x_wconf 84' lang='lat' dir='ltr'>salutem</span> <span class='ocrx_word' id='word_1_379' title='bbox 1435 1590 1466 1614; x_wconf 81' lang='lat' dir='ltr'>et</span> <span class='ocrx_word' id='word_1_380' title='bbox 1486 1587 1682 1621; x_wconf 79' lang='lat' dir='ltr'>apostoticam</span> <span class='ocrx_word' id='word_1_381' title='bbox 1702 1587 1954 1615; x_wconf 75' lang='lat' dir='ltr'>benedictionem.</span> 
     </span>
    </p>
   </div>
   <div class='ocr_carea' id='block_1_19' title="bbox 1249 1658 1992 1863">
    <p class='ocr_par' dir='ltr' id='par_1_24' title="bbox 1249 1658 1992 1863">
     <span class='ocr_line' id='line_1_83' title="bbox 1295 1658 1991 1703; baseline 0.001 -12"><span class='ocrx_word' id='word_1_382' title='bbox 1295 1658 1351 1701; x_wconf 62' lang='lat' dir='ltr'>gi.</span> <span class='ocrx_word' id='word_1_383' title='bbox 1376 1658 1462 1700; x_wconf 87' lang='lat' dir='ltr'>Cum,</span> <span class='ocrx_word' id='word_1_384' title='bbox 1484 1658 1564 1691; x_wconf 85' lang='lat' dir='ltr'>sicut</span> <span class='ocrx_word' id='word_1_385' title='bbox 1591 1659 1780 1703; x_wconf 85' lang='lat' dir='ltr'>accepimus,</span> <span class='ocrx_word' id='word_1_386' title='bbox 1806 1659 1947 1693; x_wconf 90' lang='lat' dir='ltr'>nonnulli</span> <span class='ocrx_word' id='word_1_387' title='bbox 1973 1671 1991 1693; x_wconf 85' lang='lat' dir='ltr'>a</span> 
     </span>
     <span class='ocr_line' id='line_1_84' title="bbox 1252 1712 1992 1758; baseline 0.003 -14"><span class='ocrx_word' id='word_1_388' title='bbox 1252 1712 1483 1745; x_wconf 85' lang='lat' dir='ltr'>venerabilibus</span> <span class='ocrx_word' id='word_1_389' title='bbox 1501 1712 1650 1745; x_wconf 81' lang='lat' dir='ltr'>fratribus</span> <span class='ocrx_word' id='word_1_390' title='bbox 1672 1713 1898 1746; x_wconf 88' lang='lat' dir='ltr'>Constantiensi</span> <span class='ocrx_word' id='word_1_391' title='bbox 1920 1724 1992 1758; x_wconf 90' lang='lat' dir='ltr'>pro-</span> 
     </span>
     <span class='ocr_line' id='line_1_85' title="bbox 1251 1765 1991 1811; baseline 0.004 -14"><span class='ocrx_word' id='word_1_392' title='bbox 1251 1765 1369 1798; x_wconf 82' lang='lat' dir='ltr'>vinciae</span> <span class='ocrx_word' id='word_1_393' title='bbox 1394 1765 1665 1808; x_wconf 75' lang='lat' dir='ltr'>Rothomagensis,</span> <span class='ocrx_word' id='word_1_394' title='bbox 1685 1772 1742 1799; x_wconf 89' lang='lat' dir='ltr'>etc.</span> <span class='ocrx_word' id='word_1_395' title='bbox 1769 1766 1933 1811; x_wconf 79' lang='lat' dir='ltr'>(Reliqua,</span> <span class='ocrx_word' id='word_1_396' title='bbox 1954 1771 1991 1800; x_wconf 72' lang='lat' dir='ltr'>ut</span> 
     </span>
     <span class='ocr_line' id='line_1_86' title="bbox 1249 1819 1752 1863; baseline 0.004 -12"><span class='ocrx_word' id='word_1_397' title='bbox 1249 1829 1359 1863; x_wconf 82' lang='lat' dir='ltr'>supra,</span> <span class='ocrx_word' id='word_1_398' title='bbox 1385 1820 1421 1852; x_wconf 82' lang='lat' dir='ltr'>in</span> <span class='ocrx_word' id='word_1_399' title='bbox 1447 1820 1552 1853; x_wconf 73' lang='lat' dir='ltr'>Consi.</span> <span class='ocrx_word' id='word_1_400' title='bbox 1579 1819 1752 1863; x_wconf 54' lang='lat' dir='ltr'>praeced).</span> 
     </span>
    </p>
   </div>
   <div class='ocr_carea' id='block_1_20' title="bbox 1287 1881 1784 1910">
    <p class='ocr_par' dir='ltr' id='par_1_25' title="bbox 1287 1881 1784 1910">
     <span class='ocr_line' id='line_1_87' title="bbox 1287 1881 1784 1910; baseline 0.004 -2"><span class='ocrx_word' id='word_1_401' title='bbox 1287 1882 1347 1909; x_wconf 88' lang='lat' dir='ltr'>Dat.</span> <span class='ocrx_word' id='word_1_402' title='bbox 1369 1881 1463 1909; x_wconf 83' lang='lat' dir='ltr'>eodem</span> <span class='ocrx_word' id='word_1_403' title='bbox 1484 1882 1526 1909; x_wconf 86' lang='lat' dir='ltr'>die</span> <span class='ocrx_word' id='word_1_404' title='bbox 1543 1886 1569 1909; x_wconf 87' lang='lat' dir='ltr'>et</span> <span class='ocrx_word' id='word_1_405' title='bbox 1589 1882 1682 1909; x_wconf 87' lang='lat' dir='ltr'>eodem</span> <span class='ocrx_word' id='word_1_406' title='bbox 1703 1891 1784 1910; x_wconf 88' lang='lat' dir='ltr'>anno.</span> 
     </span>
    </p>
   </div>
   <div class='ocr_carea' id='block_1_21' title="bbox 1248 1979 1989 2339">
    <p class='ocr_par' dir='ltr' id='par_1_26' title="bbox 1248 1979 1989 2339">
     <span class='ocr_line' id='line_1_88' title="bbox 1248 1979 1989 2024; baseline 0.003 -12"><span class='ocrx_word' id='word_1_407' title='bbox 1248 1979 1404 2012; x_wconf 80' lang='lat' dir='ltr'>Facultas</span> <span class='ocrx_word' id='word_1_408' title='bbox 1416 1980 1536 2012; x_wconf 65' lang='lat' dir='ltr'>mencio</span> <span class='ocrx_word' id='word_1_409' title='bbox 1547 1979 1720 2023; x_wconf 83' lang='lat' dir='ltr'>apostolico</span> <span class='ocrx_word' id='word_1_410' title='bbox 1734 1980 1769 2013; x_wconf 80' lang='lat' dir='ltr'>in</span> <span class='ocrx_word' id='word_1_411' title='bbox 1782 1991 1878 2024; x_wconf 72' lang='lat' dir='ltr'>reyno</span> <span class='ocrx_word' id='word_1_412' title='bbox 1886 1981 1918 2014; x_wconf 89' lang='lat' dir='ltr'><em>F</em></span> <span class='ocrx_word' id='word_1_413' title='bbox 1916 1991 1989 2014; x_wconf 80' lang='lat' dir='ltr'>ran-</span> 
     </span>
     <span class='ocr_line' id='line_1_89' title="bbox 1292 2033 1989 2078; baseline 0.003 -12"><span class='ocrx_word' id='word_1_414' title='bbox 1292 2033 1360 2066; x_wconf 77' lang='lat' dir='ltr'>ciue</span> <span class='ocrx_word' id='word_1_415' title='bbox 1386 2033 1562 2066; x_wconf 71' lang='lat' dir='ltr'>relaaeandz&#39;</span> <span class='ocrx_word' id='word_1_416' title='bbox 1585 2034 1828 2077; x_wconf 80' lang='lat' dir='ltr'>suspensionem</span> <span class='ocrx_word' id='word_1_417' title='bbox 1846 2034 1989 2078; x_wconf 82' lang='lat' dir='ltr'>episcopo</span> 
     </span>
     <span class='ocr_line' id='line_1_90' title="bbox 1293 2086 1989 2131; baseline 0.001 -11"><span class='ocrx_word' id='word_1_418' title='bbox 1293 2086 1540 2125; x_wconf 81' lang='lat' dir='ltr'>Constantiensi,</span> <span class='ocrx_word' id='word_1_419' title='bbox 1553 2086 1738 2129; x_wconf 75' lang='lat' dir='ltr'>provinciae</span> <span class='ocrx_word' id='word_1_420' title='bbox 1754 2086 1989 2131; x_wconf 72' lang='lat' dir='ltr'>Rothomaqen-</span> 
     </span>
     <span class='ocr_line' id='line_1_91' title="bbox 1291 2140 1988 2184; baseline 0.003 -12"><span class='ocrx_word' id='word_1_421' title='bbox 1291 2141 1345 2180; x_wconf 82' lang='lat' dir='ltr'>sis,</span> <span class='ocrx_word' id='word_1_422' title='bbox 1359 2140 1526 2173; x_wconf 78' lang='lat' dir='ltr'>incnrsam</span> <span class='ocrx_word' id='word_1_423' title='bbox 1545 2140 1584 2172; x_wconf 80' lang='lat' dir='ltr'>ab</span> <span class='ocrx_word' id='word_1_424' title='bbox 1606 2150 1650 2180; x_wconf 83' lang='lat' dir='ltr'>eo,</span> <span class='ocrx_word' id='word_1_425' title='bbox 1670 2140 1752 2184; x_wconf 80' lang='lat' dir='ltr'>quia</span> <span class='ocrx_word' id='word_1_426' title='bbox 1776 2140 1949 2184; x_wconf 77' lang='lat' dir='ltr'>deputatus</span> <span class='ocrx_word' id='word_1_427' title='bbox 1968 2152 1988 2174; x_wconf 87' lang='grc' dir='ltr'><em>α</em></span> 
     </span>
     <span class='ocr_line' id='line_1_92' title="bbox 1291 2190 1988 2234; baseline 0.001 -11"><span class='ocrx_word' id='word_1_428' title='bbox 1291 2192 1423 2224; x_wconf 82' lang='lat' dir='ltr'>vicariis</span> <span class='ocrx_word' id='word_1_429' title='bbox 1455 2190 1693 2234; x_wconf 77' lang='lat' dir='ltr'>capitularibus</span> <span class='ocrx_word' id='word_1_430' title='bbox 1718 2190 1866 2224; x_wconf 81' lang='lat' dir='ltr'>ecclesiae</span> <span class='ocrx_word' id='word_1_431' title='bbox 1892 2192 1988 2225; x_wconf 83' lang='lat' dir='ltr'>Pari-</span> 
     </span>
     <span class='ocr_line' id='line_1_93' title="bbox 1291 2244 1987 2289; baseline 0.001 -12"><span class='ocrx_word' id='word_1_432' title='bbox 1291 2245 1413 2285; x_wconf 74' lang='lat' dir='ltr'>siensis,</span> <span class='ocrx_word' id='word_1_433' title='bbox 1432 2244 1526 2277; x_wconf 79' lang='lat' dir='ltr'>illius</span> <span class='ocrx_word' id='word_1_434' title='bbox 1542 2244 1613 2277; x_wconf 76' lang='lat' dir='ltr'>sede</span> <span class='ocrx_word' id='word_1_435' title='bbox 1636 2245 1907 2289; x_wconf 79' lang='lat' dir='ltr'>archiepiscopali</span> <span class='ocrx_word' id='word_1_436' title='bbox 1922 2255 1987 2278; x_wconf 79' lang='lat' dir='ltr'>non</span> 
     </span>
     <span class='ocr_line' id='line_1_94' title="bbox 1291 2298 1828 2339; baseline 0 -8"><span class='ocrx_word' id='word_1_437' title='bbox 1291 2303 1431 2339; x_wconf 79' lang='lat' dir='ltr'>vacante,</span> <span class='ocrx_word' id='word_1_438' title='bbox 1458 2298 1587 2331; x_wconf 83' lang='lat' dir='ltr'>ordines</span> <span class='ocrx_word' id='word_1_439' title='bbox 1612 2298 1658 2331; x_wconf 82' lang='lat' dir='ltr'>ibi</span> <span class='ocrx_word' id='word_1_440' title='bbox 1681 2298 1828 2332; x_wconf 78' lang='lat' dir='ltr'>contulit.</span> 
     </span>
    </p>
   </div>
   <div class='ocr_carea' id='block_1_22' title="bbox 1248 2379 1985 2587">
    <p class='ocr_par' dir='ltr' id='par_1_27' title="bbox 1248 2379 1985 2587">
     <span class='ocr_line' id='line_1_95' title="bbox 1248 2379 1984 2414; baseline 0.001 -8"><span class='ocrx_word' id='word_1_441' title='bbox 1248 2380 1415 2407; x_wconf 83' lang='lat' dir='ltr'>Venerabili</span> <span class='ocrx_word' id='word_1_442' title='bbox 1436 2380 1523 2407; x_wconf 79' lang='lat' dir='ltr'>fratri</span> <span class='ocrx_word' id='word_1_443' title='bbox 1547 2379 1644 2407; x_wconf 80' lang='lat' dir='ltr'>caelio</span> <span class='ocrx_word' id='word_1_444' title='bbox 1665 2379 1889 2414; x_wconf 81' lang='lat' dir='ltr'>archiepiscopo</span> <span class='ocrx_word' id='word_1_445' title='bbox 1914 2380 1984 2407; x_wconf 78' lang='lat' dir='ltr'>Cae-</span> 
     </span>
     <span class='ocr_line' id='line_1_96' title="bbox 1281 2423 1985 2458; baseline 0.003 -7"><span class='ocrx_word' id='word_1_446' title='bbox 1281 2431 1396 2457; x_wconf 81' lang='lat' dir='ltr'>sareae,</span> <span class='ocrx_word' id='word_1_447' title='bbox 1414 2426 1491 2458; x_wconf 80' lang='lat' dir='ltr'>apud</span> <span class='ocrx_word' id='word_1_448' title='bbox 1507 2424 1696 2452; x_wconf 87' lang='lat' dir='ltr'>carissimum</span> <span class='ocrx_word' id='word_1_449' title='bbox 1712 2424 1743 2452; x_wconf 84' lang='lat' dir='ltr'>in</span> <span class='ocrx_word' id='word_1_450' title='bbox 1759 2423 1876 2452; x_wconf 76' lang='lat' dir='ltr'>christo</span> <span class='ocrx_word' id='word_1_451' title='bbox 1891 2423 1985 2453; x_wconf 80' lang='lat' dir='ltr'>filium</span> 
     </span>
     <span class='ocr_line' id='line_1_97' title="bbox 1280 2467 1985 2503; baseline 0.003 -8"><span class='ocrx_word' id='word_1_452' title='bbox 1280 2470 1416 2495; x_wconf 80' lang='lat' dir='ltr'>nostrum</span> <span class='ocrx_word' id='word_1_453' title='bbox 1454 2467 1634 2495; x_wconf 80' lang='lat' dir='ltr'>Ludovicum</span> <span class='ocrx_word' id='word_1_454' title='bbox 1674 2468 1853 2495; x_wconf 74' lang='lat' dir='ltr'>Francorum</span> <span class='ocrx_word' id='word_1_455' title='bbox 1885 2476 1985 2503; x_wconf 73' lang='lat' dir='ltr'>regem</span> 
     </span>
     <span class='ocr_line' id='line_1_98' title="bbox 1281 2511 1985 2546; baseline 0.004 -8"><span class='ocrx_word' id='word_1_456' title='bbox 1281 2511 1567 2539; x_wconf 76' lang='lat' dir='ltr'>christianissimum</span> <span class='ocrx_word' id='word_1_457' title='bbox 1596 2514 1699 2539; x_wconf 80' lang='lat' dir='ltr'>nostro</span> <span class='ocrx_word' id='word_1_458' title='bbox 1734 2514 1765 2539; x_wconf 71' lang='lat' dir='ltr'>et</span> <span class='ocrx_word' id='word_1_459' title='bbox 1795 2512 1985 2546; x_wconf 80' lang='lat' dir='ltr'>Apostolicae</span> 
     </span>
     <span class='ocr_line' id='line_1_99' title="bbox 1281 2556 1510 2587; baseline 0.004 -5"><span class='ocrx_word' id='word_1_460' title='bbox 1281 2556 1366 2583; x_wconf 79' lang='lat' dir='ltr'>Sedis</span> <span class='ocrx_word' id='word_1_461' title='bbox 1386 2556 1510 2587; x_wconf 81' lang='lat' dir='ltr'>nuncio,</span> 
     </span>
    </p>
   </div>
   <div class='ocr_carea' id='block_1_23' title="bbox 1438 2609 1786 2645">
    <p class='ocr_par' dir='ltr' id='par_1_28' title="bbox 1438 2609 1786 2645">
     <span class='ocr_line' id='line_1_100' title="bbox 1438 2609 1786 2645; baseline -0.003 -7"><span class='ocrx_word' id='word_1_462' title='bbox 1438 2610 1605 2638; x_wconf 79' lang='lat' dir='ltr'>Alexander</span> <span class='ocrx_word' id='word_1_463' title='bbox 1629 2609 1707 2645; x_wconf 80' lang='lat' dir='ltr'>Papa</span> <span class='ocrx_word' id='word_1_464' title='bbox 1726 2610 1786 2639; x_wconf 82' lang='lat' dir='ltr'>vu.</span> 
     </span>
    </p>
   </div>
   <div class='ocr_carea' id='block_1_24' title="bbox 2014 216 2229 250">
    <p class='ocr_par' dir='ltr' id='par_1_29' title="bbox 2014 216 2229 250">
     <span class='ocr_line' id='line_1_101' title="bbox 2014 216 2229 250; baseline 0.019 -8"><span class='ocrx_word' id='word_1_465' title='bbox 2014 216 2063 242; x_wconf 77' lang='lat' dir='ltr'>An.</span> <span class='ocrx_word' id='word_1_466' title='bbox 2080 216 2107 243; x_wconf 84' lang='lat' dir='ltr'>C.</span> <span class='ocrx_word' id='word_1_467' title='bbox 2126 219 2189 250; x_wconf 68' lang='lat'><strong>1656</strong></span> <span class='ocrx_word' id='word_1_468' title='bbox 2227 233 2229 236; x_wconf 88' lang='lat'><em>.</em></span> 
     </span>
    </p>
   </div>
  </div>
 </body>
</html>
