2243 3205
261 176 309 202 Λη.
326 177 354 204 c.
378 178 439 205 1661
490 170 552 203 1390

458 227 524 268 suit,
548 228 642 270 quod,
660 239 730 261 cum
754 229 858 261 dilecti
884 229 937 262 filii
963 230 1089 265 abbates
1110 232 1196 265 Ordi-

459 281 506 313 nis
530 281 742 315 Cisterciensis
775 283 805 315 in
831 283 969 316 eiusdem
995 285 1196 328 Reipublicae

458 332 575 366 ditione
595 334 770 375 existentes,
787 337 949 369 convocati
963 337 1001 369 ad
1026 338 1195 381 capitulum

458 387 604 428 generale
629 387 768 420 Cistercii
793 389 824 420 in
849 389 946 422 Gallia
964 401 1021 433 pro
1043 401 1130 423 more
1151 401 1198 423 ce-

459 438 654 480 lebrandum,
672 451 740 474 sese
760 442 959 485 accingerent
977 449 1006 475 et
1030 454 1197 486 praepara-

458 498 528 524 rent
551 492 588 525 ad
606 494 674 534 iter,
692 495 816 528 occulto
834 506 962 528 rumore
988 501 1197 539 perceperunt

458 546 608 588 quosdam
644 547 808 589 religiosos
839 548 944 582 Gallos
976 549 1114 582 eiusdem
1141 549 1197 581 Or-

458 599 538 632 dinis
563 600 662 633 dictos
685 601 904 643 Abstinentes‚
938 608 1047 636 contra
1071 603 1197 646 antiqua

458 653 597 696 ipsorum
620 654 697 694 iura,
714 665 873 699 nunquam
900 656 1050 689 haetenus
1071 662 1196 689 contro-

459 716 556 748 versa,
582 718 599 740 a
624 709 772 741 Romanis
788 709 990 743 Pontificibus
1015 709 1196 753 praedeces-

457 759 583 792 soribus
599 762 714 794 nostris
733 763 787 795 toti
813 762 919 796 Ordini
945 773 1102 804 concessa,
1121 763 1197 795 velle

457 823 524 845 sese
557 815 735 857 praevalere
771 816 957 858 quibusdam
991 816 1150 848 sententiis
1180 827 1196 848 a

458 866 559 899 bonae
595 868 765 901 memoriae
800 869 967 902 Franciseo
1007 869 1081 901 dum
1122 869 1197 902 vixit

457 918 486 951 S.
504 919 537 952 R.
566 920 598 952 E.
629 921 785 954 cardinale
818 921 855 954 de
884 922 912 953 la
944 921 1196 955 Rocltesaucauld

456 978 635 1016 nuncupato
660 974 825 1014 emanatis,
849 974 925 1017 qui,
950 986 1020 1008 cum
1050 986 1067 1007 a
1098 975 1196 1008 felicis

456 1025 683 1059 reeordationis
697 1027 851 1070 Gregorio
867 1028 947 1071 Papa
961 1029 1010 1061 XV
1025 1034 1054 1061 et
1072 1028 1196 1062 Urbano

456 1078 538 1121 Papa
553 1079 615 1111 vlll
628 1080 924 1122 praedecessoribus
945 1081 1062 1124 pariter
1081 1084 1196 1114 nostris

456 1131 710 1165 commissionem
744 1133 903 1166 habuisset
928 1134 966 1166 ad
993 1134 1142 1167 visitanda
1167 1141 1197 1167 et

456 1183 539 1216 iuxta
563 1190 675 1217 statuta
700 1186 839 1219 eiusdem
865 1187 989 1220 Ordinis
1013 1199 1030 1220 a
1048 1188 1195 1221 Romanis

456 1237 659 1271 Pontificibus
684 1240 868 1272 confirmata
893 1241 1094 1274 reformanda
1121 1253 1192 1274 mo-

455 1291 591 1323 nasteria
608 1292 680 1325 dicti
707 1292 830 1325 Ordinis
848 1304 928 1336 quae
956 1294 986 1326 in
1004 1294 1102 1327 Gallia
1120 1294 1196 1328 indi-

456 1350 566 1387 gerent
582 1346 813 1388 reformatione,
832 1353 861 1379 et
882 1353 983 1380 tamen
1009 1358 1043 1380 ea
1060 1349 1193 1382 nullate-

455 1408 514 1430 nus
535 1398 696 1440 visitasset,
713 1400 916 1433 nihilominus
942 1401 1014 1435 dieti
1032 1402 1195 1434 Abstinen-

456 1455 511 1491 tes,
529 1457 636 1484 eontra
653 1453 785 1485 sormam
813 1454 987 1487 litterarum
1005 1455 1193 1498 apostolica-

455 1514 525 1536 rum
552 1510 581 1537 et
605 1510 717 1539 statuta
734 1508 914 1550 apostoliea,
932 1508 1008 1540 duas
1026 1508 1194 1541 sententias

456 1556 494 1589 ab
520 1568 556 1590 eo
577 1558 790 1599 obtinuerunt,
808 1561 920 1603 quibus
937 1571 1047 1593 omnes
1066 1561 1193 1594 abbates

456 1615 486 1642 et
509 1611 674 1654 religiosos
692 1614 867 1646 communis
887 1614 1105 1647 observantiae
1124 1615 1191 1658 (qui

455 1664 574 1698 scilicet
597 1671 727 1699 utuntur
758 1667 990 1710 dispensatione
1022 1669 1193 1712 apostoliea

455 1717 539 1751 eirca
559 1729 644 1751 esum
670 1720 810 1753 carnium
833 1721 948 1764 ubique
965 1723 1125 1765 acceptata
1153 1727 1193 1754 at-

455 1782 516 1814 que
536 1783 552 1804 a
577 1772 666 1805 nobis
692 1784 749 1816 per
773 1779 895 1807 nostras
919 1774 950 1806 in
976 1774 1069 1806 simili
1094 1775 1193 1807 forma

455 1825 562 1857 Brevis
594 1826 712 1858 litteras
743 1827 837 1860 diex
860 1827 1041 1860 novembris
1065 1838 1193 1861 tunetvn

456 1878 615 1922 expeditas
635 1880 823 1923 approbata)
845 1880 926 1912 inter
949 1880 1008 1912 alia
1033 1880 1193 1923 signanter

456 1933 664 1975 praetendunt
689 1944 754 1966 esse
780 1934 919 1977 privatos
944 1944 1019 1967 voce
1043 1934 1141 1966 activa
1165 1938 1194 1967 el

455 1984 577 2028 passiva
604 1986 632 2018 in
659 1986 864 2032 electionibus
894 1987 1014 2019 abbatis
1039 1987 1194 2030 generalis

456 2041 486 2070 et
510 2044 644 2081 quatuor
667 2039 843 2082 primorum
868 2039 1035 2080 abbatum,
1063 2040 1194 2073 vicario-

456 2102 526 2123 rum
544 2092 787 2135 provinciarum,
808 2093 1023 2135 procuratoris
1039 2093 1194 2135 generalis

456 2143 487 2176 in
512 2144 609 2185 cui-iat,
638 2150 667 2177 et
694 2145 826 2178 aliorum
852 2146 1050 2189 publicorum
1077 2145 1193 2178 officia-

457 2197 544 2238 lium,
573 2197 843 2231 administratione
864 2198 987 2241 eollegii
1013 2198 1194 2231 parisiensis

457 2252 633 2284 communis
657 2252 749 2284 studii
767 2252 841 2285 dicti
862 2252 996 2293 Ordinis,
1015 2252 1194 2295 receptione

456 2304 645 2338 novitiorum
670 2305 708 2337 ad
733 2314 934 2338 communem
954 2305 1194 2346 observantiam,

457 2357 587 2401 aliisque
613 2358 732 2391 iuribus
750 2358 979 2402 pertinentibus
1003 2358 1040 2391 ad
1069 2358 1195 2392 abbates

458 2416 488 2442 et
511 2411 680 2454 capitulum
705 2412 866 2454 generale,
896 2417 925 2444 et
954 2412 984 2444 in
1013 2412 1074 2444 vim
1099 2412 1195 2445 dicta—

458 2474 527 2496 rum
554 2465 777 2498 sententiarum
796 2466 879 2509 ipsos
899 2465 982 2498 solos
997 2465 1195 2498 Abstinentes

457 2517 595 2549 redditos
620 2528 746 2560 capaces
767 2518 952 2559 dignitatum
972 2522 999 2551 ot
1018 2518 1193 2550 officiorum

459 2569 530 2601 dicti
557 2569 680 2602 Ordinis
705 2576 733 2601 vt
759 2571 1002 2615 imlependentes
1028 2582 1044 2603 a
1070 2572 1194 2604 iurisdi-

1042 185 1217 208 ssuLLAfliuu
1243 186 1395 208 numanum

1221 232 1333 264 ⁴ctione
1365 231 1524 265 ordinaria
1558 233 1756 276 superiorum
1781 240 1811 266 et
1836 234 1962 278 capituli

1230 286 1384 327 generalis
1404 296 1471 318 esse
1487 291 1700 329 praesumunt.

1274 342 1288 381 g
1314 340 1342 372 ¹l.
1368 340 1442 373 Cum
1461 345 1574 381 autern,
1589 341 1667 372 sicut
1685 340 1793 372 eadem
1812 341 1964 384 expositio

1231 392 1455 435 subiungebat,
1481 393 1552 426 licet
1584 388 1762 426 huiusmodi
1796 393 1966 426 sententiae

1231 446 1346 477 suerint
1371 456 1427 488 per
1452 445 1568 478 iudices
1585 446 1744 488 delegatos
1760 451 1908 486 cassatae,
1924 451 1966 478 at-

1231 508 1291 540 que
1324 508 1340 530 a
1365 499 1549 531 recolendae
1586 499 1755 532 memoriae
1787 499 1967 532 Innocentio

1980 188 2027 214 Λιι.
2044 187 2072 214 C.
2096 189 2156 216 ¹661

2005 354 2083 376 Mutua

1232 551 1314 594 Papa
1332 552 1357 584 X
1374 551 1465 584 etiam
1483 552 1723 595 praedecessore
1741 557 1860 592 nostro,
1874 563 1968 596 super
2016 572 2018 574 v

1232 605 1404 648 praetensis
1422 605 1553 647 iuribus,
1579 605 1818 638 Abstinentibus
1843 605 1966 650 praedi-

1231 658 1288 690 ctis
1312 662 1499 702 perpetuum
1519 659 1698 702 impositum
1725 658 1894 699 silentium,
1922 663 1967 691 at-

1232 716 1336 743 tamen
1369 710 1461 743 iidem
1487 711 1684 743 Abstinentes
1717 722 1841 754 semper
1871 711 1968 745 dictas

1231 764 1398 796 sententias
1416 764 1531 797 validas
1548 769 1719 805 autument,
1737 770 1767 797 et
1783 775 1840 808 pro
1859 775 1966 809 earum

1231 811 1449 850 observatione
1465 818 1604 850 diversos
1628 828 1775 850 recursus
1793 817 1968 858 habuerim,

1232 876 1360 913 propter
1377 881 1454 914 quas
1470 871 1739 914 praesumptiones
1762 863 1967 914 prorogatum

1231 923 1286 956 suit
1311 923 1480 966 capitulum
1506 924 1651 966 generale
1669 924 1743 957 dicti
1760 923 1894 965 Ordinis,
1911 923 1967 956 do-

1230 986 1287 1009 nee
1312 987 1368 1009 nos
1393 987 1487 1020 super
1520 977 1578 1009 liae
1610 977 1770 1010 vexatione
1802 977 1968 1010 fuissemus

1231 1029 1378 1061 consulti:
1400 1029 1517 1062 idcirco
1537 1040 1603 1070 nos,
1619 1041 1675 1072 pro
1693 1030 1860 1063 commissa
1877 1029 1968 1062 nobis

1231 1082 1359 1114 caelitus
1384 1083 1550 1126 pastoralis
1580 1083 1672 1115 officii
1699 1085 1782 1124 eura,
1803 1083 1968 1116 memorati

1230 1134 1354 1167 Ordinis
1371 1136 1465 1179 quieti
1490 1142 1639 1179 quantum
1662 1148 1731 1169 cuin
1752 1137 1884 1170 Domino
1901 1147 1968 1180 pos-

1230 1198 1337 1220 sumus
1362 1189 1525 1222 consulere
1551 1190 1722 1233 cupienteS,
1739 1201 1774 1222 ae
1803 1201 1914 1223 causae
1937 1195 1968 1223 et

1228 1251 1393 1274 causarum
1426 1242 1606 1275 huiusmodi
1639 1248 1752 1275 statum
1778 1249 1808 1276 et
1833 1243 1966 1284 merita,

1228 1294 1417 1338 nominaque
1436 1300 1465 1328 et
1490 1296 1677 1338 cognomina
1702 1296 1839 1328 iudicum
1858 1302 1888 1329 et
1908 1297 1968 1330 col-

1229 1347 1431 1389 litigantium,
1448 1353 1477 1380 et
1494 1349 1562 1388 alia,
1579 1349 1670 1381 etiam
1693 1346 1819 1392 speciali
1844 1360 1967 1393 expres-

1228 1400 1315 1432 sione
1329 1400 1432 1444 digna,
1451 1402 1667 1445 praesentibus
1682 1413 1739 1445 pro
1755 1403 1846 1446 plene
1863 1408 1892 1435 et
1905 1403 1966 1435 suf-

1227 1454 1369 1486 licienler
1394 1455 1548 1498 expressis
1570 1455 1729 1495 habentes,
1746 1465 1868 1489 necnon
1893 1466 1965 1489 cau-

1227 1517 1292 1538 sam
1319 1513 1349 1539 et
1373 1518 1481 1540 causas
1514 1508 1689 1551 praedictas
1717 1519 1734 1540 a
1766 1519 1966 1552 quocumque

1228 1559 1374 1592 tribunali
1399 1566 1428 1592 et
1461 1561 1563 1593 iudice
1594 1561 1632 1593 ad
1663 1572 1719 1594 nos
1748 1561 1858 1594 harum
1884 1562 1965 1595 serie

1226 1618 1402 1654 avocantes,
1422 1624 1457 1646 ac
1482 1615 1736 1655 declarationem,
1763 1615 1965 1658 approbatio-

1227 1677 1297 1699 nem
1317 1673 1345 1699 ct
1371 1678 1481 1700 novam
1503 1668 1737 1701 concessionem
1759 1669 1887 1702 anobis
1907 1679 1964 1712 per

1227 1720 1401 1762 praedictas
1416 1720 1534 1753 litteras
1547 1720 1596 1753 die
1612 1732 1629 1754 x
1643 1721 1822 1754 novembris
1835 1731 1963 1755 itinchn

1226 1779 1386 1806 emanatas
1411 1773 1493 1806 circa
1511 1784 1598 1806 esum
1618 1774 1759 1807 earnium
1778 1775 1872 1807 factas
1888 1785 1963 1807 con-

1227 1827 1398 1866 firmantes,
1416 1827 1521 1860 habita
1541 1827 1690 1860 relatione
1710 1828 1747 1860 de
1768 1827 1962 1871 praemissis,

1271 1879 1330 1921 §2
1353 1880 1435 1913 Motu
1457 1880 1595 1923 proprio,
1617 1891 1652 1912 ac
1670 1891 1703 1913 ex
1726 1882 1810 1913 certa
1835 1880 1964 1913 scientia

1227 1938 1256 1964 et
1269 1936 1390 1964 matura
1401 1932 1625 1965 deliberatione
1639 1933 1764 1973 uostris,
1778 1933 1879 1976 deque
1893 1943 1965 1976 apo-

1227 1985 1354 2018 stolicae
1368 1987 1528 2028 potestatis
1541 1986 1743 2029 plenitudine,
1759 1991 1866 2019 tenore
1880 1997 1966 2029 prae-

1227 2039 1361 2071 sentium
1387 2039 1525 2072 districte
1547 2040 1762 2083 prohibemus,
1783 2050 1821 2072 ne
1838 2039 1965 2072 abbates

1228 2097 1257 2124 et
1282 2092 1332 2124 alii
1351 2092 1540 2136 quicumque
1558 2093 1630 2126 dieti
1647 2092 1860 2125 Cisterciensis
1880 2092 1966 2126 Ordi-

1227 2145 1275 2178 nis
1292 2146 1468 2178 communis
1489 2145 1704 2178 observantiae
1723 2145 1872 2187 religiosi,
1889 2145 1966 2178 eius-

1229 2198 1312 2232 modi
1337 2199 1508 2242 apostolica
1527 2198 1759 2242 dispensatione
1779 2198 1862 2231 eirea
1877 2209 1965 2231 esum

1225 2244 1370 2284 'earnium
1408 2256 1547 2292 utentes,
1573 2262 1666 2295 super
1702 2251 1845 2284 libertate
1882 2251 1965 2284 vocis

1228 2305 1345 2338 activae
1370 2310 1399 2338 et
1423 2305 1564 2348 passivae
1589 2305 1620 2337 in
1645 2304 1850 2337 electionibus
1873 2303 1966 2338 ahba-

1228 2358 1266 2391 tis
1290 2358 1429 2392 Cistercii
1450 2358 1614 2400 generalis,
1635 2357 1808 2390 aliorumve
1831 2362 1965 2400 quatuor

1230 2412 1472 2455 praecipuorum
1497 2410 1655 2451 abbatum,
1676 2410 1876 2450 vicariorum,
1893 2420 1964 2454 pro-

1229 2464 1418 2505 vincialium,
1436 2463 1649 2507 procuratoris
1669 2463 1824 2505 generalis
1849 2463 1963 2502 curiae,

1228 2525 1257 2550 et
1281 2518 1414 2550 alioruin
1442 2518 1639 2560 publicorum
1658 2517 1847 2555 officialium,
1866 2517 1896 2548 in
1913 2515 1963 2548 ad-

1229 2571 1457 2604 ministratione
1486 2576 1515 2602 et
1543 2570 1695 2612 regimine
1729 2569 1853 2611 collegii
1878 2568 1962 2601 Pari-

2014 1887 2110 1908 Det-taran
2134 1887 2155 1907 ut

1982 1915 2001 1935 in
2016 1913 2104 1935 rubrica.

2206 0 2243 152 ‘l

2208 171 2210 179 ⁴

2206 208 2209 216 .
2235 193 2243 214 Ι

2209 222 2210 229 i
