2243 3205
230 183 277 209 An.
299 182 329 209 C.
347 183 413 211 1658

256 831 295 851 Per
304 828 418 850 concilium

233 857 417 878 Lateranensevo-

233 884 294 903 titum
304 884 335 903 est
345 884 419 908 poten·

233 909 313 930 tatibus
337 907 418 934 aliquid

232 935 419 957 subventionisno-

233 963 289 984 mine
308 962 335 983 ab
351 962 419 982 eecle-

234 989 326 1011 siasticis
355 988 418 1008 etiam

234 1020 310 1041 aponus
330 1015 419 1035 offeren-

234 1043 291 1063 tibus
335 1041 418 1067 exigere

234 1069 315 1095 absque
334 1070 419 1094 aposto-

234 1097 275 1117 lico
318 1095 418 1122 benepla-

234 1125 284 1144 cito.

269 1950 345 1970 Annuit
355 1949 424 1969 Ponti·

242 1976 274 1996 fex
289 1976 325 1996 tali
338 1975 427 1995 subven-

242 2003 295 2023 tioni
308 2002 425 2022 voluntarie

240 2029 352 2049 faciendae
381 2029 425 2052 regi

242 2055 348 2075 catholico
389 2060 426 2080 pei·

243 2081 407 2103 ecclesiasticos.

460 175 523 207 418

429 233 488 264 bac
506 232 570 265 vice
591 232 750 265 dumtaxat
767 233 967 276 exigendum,
985 234 1164 277 obtulerint,

431 284 623 318 venerabiles
649 296 775 329 quoque
796 286 907 319 fratres
928 287 1165 332 archiepiscopi,

430 337 589 380 episcopi,
616 348 650 370 ac
676 338 922 372 archimandrita
954 346 984 373 et
1007 340 1084 374 aliae
1110 352 1164 374 ec-

430 389 621 423 clesiasticae
646 401 800 434 personae
836 391 909 425 dicti
934 393 1023 436 regni
1049 399 1166 427 certam

431 447 529 475 ratam
564 453 626 476 non
662 443 861 477 excedentem
894 450 1012 478 sextam
1045 452 1166 490 partem

431 496 664 539 praedictorum
692 503 816 530 centurn
843 498 974 532 millium
1005 505 1166 533 scutorum

431 549 663 591 solvendorum,
688 555 720 583 ut
744 552 966 595 praemittitur,
986 559 1095 596 sponte
1112 553 1167 585 sua

432 601 463 633 in
488 601 604 634 eisdem
630 603 774 644 comitiis,
799 604 966 638 accedente
1002 610 1107 637 tamen
1130 604 1168 637 ad

433 654 492 688 boc
516 659 625 689 nostro
650 661 679 688 et
704 656 790 690 Sedis
810 658 1009 701 Apostolicae
1024 657 1169 701 benepla-

433 707 503 749 cito,
514 709 695 751 persolvere
712 709 895 743 obtulerunt
909 716 938 744 et
958 711 1063 744 forsan
1076 710 1168 743 etiam

433 761 660 804 persolverunt.

477 814 492 857 ἓ
518 814 545 847 l.
575 815 649 848 Cum
674 821 789 857 autem,
814 816 894 850 sicut
918 816 1024 850 eadem
1051 815 1169 860 exposi-

434 867 477 900 tio
502 868 728 911 subiungebat,
753 880 790 902 ex
815 880 851 903 eo
877 869 1061 913 praesertim
1087 869 1170 913 quod

434 930 490 963 per
516 921 723 954 Lateranense
748 922 914 955 concilium
941 922 1108 955 novissime
1125 932 1171 955 ee-

434 973 587 1006 lebratum
613 974 814 1019 diversasque
831 976 906 1008 alias
924 975 1087 1008 canonicas
1105 985 1171 1008 san-

434 1027 552 1060 ctiones
577 1028 635 1060 sub
661 1029 754 1062 certis
780 1029 920 1062 censuris
945 1034 974 1062 et
997 1029 1106 1073 poenis
1124 1039 1171 1062 ca-

435 1086 542 1113 veatur
568 1092 734 1125 expresse,
758 1092 797 1115 nc
822 1093 932 1126 reges,
958 1082 1119 1126 principes
1143 1088 1172 1115 et

434 1134 484 1167 alii
513 1140 692 1179 potentatus
717 1136 754 1168 ab
780 1137 1035 1180 archiepiscopis,
1057 1137 1173 1180 episco-

434 1189 492 1233 pis,
517 1189 684 1222 abbatibus
709 1195 738 1223 et
762 1190 830 1223 aliis
855 1191 998 1234 personis
1025 1190 1172 1224 ccclesia-

435 1242 533 1284 sticis,
551 1243 643 1276 etiam
664 1250 773 1288 sponte
798 1244 1011 1286 offerentibus,
1037 1244 1172 1288 aliquam

434 1297 639 1343 pecuniarum
665 1308 819 1330 summam
848 1298 912 1331 sive
937 1298 1172 1332 subventionem

437 1351 612 1396 recipiant,
636 1351 737 1385 dictus
769 1351 930 1396 Philippus
962 1362 1016 1385 rex
1047 1363 1083 1385 ac
1108 1352 1174 1385 eius

436 1405 525 1449 regni
551 1405 634 1438 illius
652 1405 786 1439 ministri
807 1405 949 1439 dubitent
972 1411 1071 1438 ratam
1087 1416 1175 1450 prae-

436 1459 550 1492 dictam
575 1464 645 1492 ante
669 1459 831 1493 obtentum
850 1459 1078 1503 beneplacitum
1100 1470 1173 1504 apo·

436 1512 579 1546 stolicum
606 1513 807 1557 recipiendo,
832 1524 980 1546 censuras
1006 1518 1035 1546 et
1059 1524 1175 1557 poenas

436 1566 616 1600 huiusmodi
635 1567 807 1607 incurrere,
825 1572 855 1599 et
874 1567 980 1600 forsan
994 1567 1175 1607 incurrisse,

437 1619 593 1663 nobisque
617 1625 786 1664 propterea
810 1620 911 1653 dictus
936 1621 1097 1664 Philippus
1122 1631 1174 1653 rex

437 1673 599 1705 humiliter
613 1673 782 1717 supplicari
796 1674 904 1706 fecerit
921 1684 979 1717 pro
996 1684 1068 1707 suae
1089 1678 1118 1707 et
1134 1674 1176 1706 di-

438 1731 560 1759 ctorum
587 1726 802 1760 ministrorum
829 1727 1038 1761 conscientiae
1062 1727 1176 1771 quiete,

438 1784 591 1822 quatenus
626 1780 809 1823 praemissis
847 1786 985 1814 nostram
1020 1786 1049 1812 et
1084 1781 1177 1813 buius

439 1832 568 1865 Sanctae
603 1833 691 1866 Sedis
725 1834 945 1867 auctoritatem
977 1834 1176 1877 interponere

439 1886 661 1928 dignaremur:

485 1939 499 1981 ἓ
523 1939 552 1971 ΕΖ.
571 1940 632 1972 Nos
655 1939 759 1981 igitur,
779 1939 919 1972 eiusdem
940 1940 1076 1984 Philippi
1094 1941 1177 1983 regis

442 1992 520 2025 votis
544 1992 602 2025 hac
627 1992 657 2024 in
678 2003 711 2025 re
732 1993 944 2026 favorabiliter
971 2004 1108 2026 annuere
1129 2005 1177 2027 vo-

440 2046 553 2085 lentes,
579 2045 756 2078 huiusmodi
782 2047 1062 2090 supplicationibus
1095 2048 1178 2080 incli-

441 2098 514 2139 nati,
534 2099 717 2131 fraternitati
736 2104 807 2131 tuae
824 2110 880 2143 per
896 2106 1076 2143 praesentes
1098 2112 1179 2135 com<

442 2152 593 2186 mittimus
618 2157 647 2184 et
673 2152 866 2194 mandamus,
893 2157 940 2195 ut,
966 2154 1098 2187 constito
1124 2155 1178 2188 tibi

440 2216 496 2248 per
529 2205 683 2248 legitimas
721 2205 921 2249 probationes
958 2206 995 2239 de
1031 2218 1179 2251 expresso

443 2258 570 2292 maioris
596 2258 694 2302 partis
720 2259 816 2300 cleri,
843 2270 896 2292 sen
922 2260 1178 2305 archiepiscopo-

442 2323 522 2355 rum,
538 2313 756 2356 episcoporum
775 2318 804 2345 et
821 2313 951 2346 aliarum
972 2324 1177 2357 personarum

442 2365 723 2398 ecclesiasticarum
756 2366 942 2400 secularium
980 2372 1009 2399 et
1044 2368 1180 2401 cuiusvis

442 2418 566 2452 Ordinis
592 2419 785 2462 regularium
811 2420 883 2453 dicti
905 2421 992 2464 regni
1015 2431 1178 2463 consensu,

444 2476 473 2503 et
490 2472 572 2515 quod
592 2472 703 2515 reliqui
723 2473 767 2505 rel
786 2473 925 2517 reliquae
943 2485 1095 2518 personae
1115 2486 1179 2508 non

444 2525 674 2557 consentientes
700 2526 798 2558 vocati
831 2532 861 2559 et
892 2533 1018 2560 vocatae
1043 2529 1155 2561 fuerint
1171 2556 1178 2569 ,

444 2577 591 2611 oblationi
610 2584 639 2610 et
659 2580 872 2622 promissioni,
890 2591 1011 2614 necnon
1031 2581 1177 2616 solutioni

1006 187 1183 211 BULLAlllUM
1210 188 1361 211 ROMANUM

1199 246 1256 280 per
1283 234 1560 278 archiepiscopos,
1593 235 1755 278 episcopos
1779 241 1809 268 et
1832 236 1935 269 archi-

1201 289 1398 328 mandritam,
1423 298 1459 320 ac
1483 288 1559 320 alias
1584 298 1734 330 personas
1751 289 1937 323 ecelesiasti-

1201 352 1251 374 cas
1277 341 1363 374 sactis
1389 351 1448 384 pro
1472 341 1531 373 bac
1556 340 1621 372 vice
1647 345 1766 373 tantum
1797 346 1936 374 nostram

1201 400 1230 427 et
1254 394 1340 427 Sedis
1371 393 1550 438 praedictae
1580 393 1798 427 auctoritatem
1830 394 1941 436 vigore,

1201 447 1413 491 praesentium
1440 447 1629 490 interponas,
1655 446 1803 489 ipsosque
1819 447 1938 479 archie-

1202 501 1357 544 piscopos,
1383 500 1548 544 episcopos
1573 505 1602 532 et
1627 499 1702 532 alias
1719 510 1869 543 personas
1886 500 1939 533 hu-

1202 553 1354 594 iusmodi,
1380 553 1501 586 etiamsi
1526 553 1586 586 sint
1610 553 1648 586 de
1673 552 1751 593 illis,
1776 563 1856 596 quae
1880 564 1938 597 pro

1203 606 1316 639 minori
1342 606 1416 639 cleri
1452 612 1541 650 parte
1572 605 1753 649 praemissis
1778 616 1841 639 non
1865 616 1939 640 con-

1203 659 1366 700 senserint,
1391 660 1429 692 ad
1454 670 1488 692 ea
1513 665 1614 692 tamen
1635 659 1734 693 vocati
1760 664 1788 692 ct
1814 664 1941 693 vocatae

1202 713 1338 754 suerint,
1362 712 1400 745 ad
1425 713 1612 746 solutionem
1642 723 1751 746 eorum
1777 716 1862 745 ratae
1886 723 1942 756 op-

1203 765 1346 809 portunis
1370 765 1447 798 iuris
1472 770 1502 798 et
1525 765 1596 799 facti
1622 765 1770 798 remediis
1794 775 1888 808 cogas
1911 770 1942 798 et

1204 820 1391 863 compellas3
1418 824 1448 853 et
1464 819 1668 853 nihilominus
1686 818 1941 862 archiepiscopis,

1205 872 1363 916 episcopis
1387 876 1416 906 ct
1439 872 1714 913 archimandritae,
1739 871 1870 916 aliisque
1889 882 1941 905 ec-

1205 925 1384 958 clesiasticis
1408 925 1552 969 personis
1575 924 1761 969 praedictis,
1786 929 1818 957 ut
1842 930 1943 957 ratam

1204 978 1386 1011 huiusmodi
1410 989 1466 1022 per
1491 989 1555 1020 eos,
1573 983 1606 1011 ut
1623 977 1848 1022 praemittitur,
1862 977 1944 1011 obla-

1207 1037 1267 1064 tam
1293 1037 1321 1065 et
1345 1032 1534 1076 promissam
1559 1031 1750 1075 persolvere,
1782 1040 1817 1064 ac
1842 1029 1943 1064 dictus

1207 1085 1368 1130 Philippus
1392 1097 1446 1119 rex
1466 1091 1496 1119 et
1513 1086 1579 1119 eius
1596 1084 1731 1118 ministri
1750 1095 1817 1118 eam
1837 1090 1944 1128 petere

1208 1143 1237 1171 et
1262 1139 1404 1182 recipere
1429 1139 1547 1183 absque
1568 1138 1776 1172 conscientiae
1796 1138 1945 1182 scrupulo

1207 1202 1261 1224 seu
1286 1202 1491 1225 censurarum
1517 1197 1546 1225 ct
1570 1201 1743 1236 poenarum
1770 1190 1945 1235 praedicta-

1208 1256 1277 1278 rum
1303 1245 1431 1279 incursu
1455 1245 1553 1279 libere
1578 1250 1607 1278 ct
1631 1244 1714 1279 licite
1735 1244 1864 1287 valeant,
1890 1254 1946 1278 au-

1208 1299 1350 1333 ctoritate
1375 1300 1482 1332 nostra
1508 1296 1682 1332 concedes'
1713 1303 1741 1331 ct
1766 1297 1946 1342 indulgeas,

1208 1352 1356 1396 ipsosque
1381 1352 1645 1396 archiepiscopos,
1665 1351 1831 1395 episcopos
1848 1357 1878 1385 et
1899 1362 1948 1385 ar-

1209 1405 1462 1446 chimandritam,
1480 1405 1620 1449 aliasque
1637 1415 1788 1449 personas
1806 1405 1947 1439 ecelesia-

1210 1459 1301 1491 sticas
1315 1464 1344 1491 et
1358 1468 1466 1491 earum
1486 1458 1635 1501 singulas,
1653 1457 1700 1491 et²
1720 1462 1872 1502 quatenus
1888 1458 1948 1502 ipsi

1210 1512 1324 1544 dictam
1350 1516 1449 1544 ratam
1476 1511 1535 1544 iam
1567 1511 1771 1555 promiserint
1795 1517 1824 1544 et
1847 1512 1947 1545 solve-

1211 1565 1294 1606 rint,
1318 1575 1439 1598 necnon
1464 1565 1610 1598 eumdem
1635 1565 1814 1609 Philippum
1840 1575 1949 1609 regem

1211 1620 1339 1663 eiusque
1364 1619 1524 1652 ministros
1548 1619 1735 1663 praedictos,
1758 1619 1782 1651 si
1806 1619 1948 1653 eamdem

1212 1678 1309 1705 ratam
1341 1672 1401 1705 iam
1432 1672 1653 1716 perceperint,
1677 1672 1715 1705 ab
1741 1672 1888 1706 omnibus
1919 1678 1950 1707 et

1211 1726 1341 1769 singulis
1359 1726 1501 1759 censuris
1519 1729 1548 1760 et
1565 1726 1674 1769 poenis
1690 1731 1859 1770 propterea
1876 1737 1950 1770 quo-

1212 1770 1566 1819 modolibet'incursis,
1604 1779 1712 1812 eadem
1743 1779 1949 1823 auctoritate,

1211 1833 1353 1866 absolvas
1378 1838 1407 1865 et
1431 1832 1592 1866 absolutos
1613 1832 1679 1866 fore
1703 1833 1830 1866 censeas
1853 1838 1883 1866 et
1901 1833 1951 1867 de-

1211 1887 1319 1920 clares.
1344 1887 1381 1920 Et
1405 1886 1488 1930 quod
1513 1897 1622 1920 omnes
1639 1891 1668 1920 et
1692 1887 1807 1930 singuli
1830 1887 1952 1931 pensio-

1211 1940 1301 1981 narii,
1326 1951 1380 1973 seu
1405 1940 1436 1981 ii,
1461 1940 1574 1984 quibus
1592 1941 1661 1974 loeo
1686 1941 1872 1984 pensionum
1890 1942 1950 1975 fru-

1212 2000 1278 2027 ctus
1304 1995 1334 2027 in
1367 2000 1466 2028 totum
1501 1995 1546 2027 vel
1580 1995 1610 2027 in
1646 2000 1768 2039 partem
1800 1995 1950 2029 reservati

1213 2048 1357 2089 existunt,
1381 2048 1607 2092 cuiuscumque
1626 2049 1786 2092 dignitatis
1813 2049 1861 2082 vel
1881 2059 1952 2082 con·

1213 2102 1339 2136 ditionis
1364 2102 1434 2143 sint,
1452 2102 1591 2147 exceptis
1613 2107 1715 2135 tamen
1735 2102 1764 2136 S.
1783 2103 1818 2136 R.
1836 2103 1868 2135 E.
1888 2113 1952 2136 car-

1214 2156 1381 2198 dinalibus,
1399 2157 1436 2190 ad
1457 2157 1638 2190 huiusmodi
1663 2160 1747 2191 ratae
1764 2156 1951 2190 solutionem

1214 2209 1244 2242 in
1270 2209 1416 2243 omnibus
1441 2216 1470 2243 et
1501 2221 1557 2254 per
1582 2210 1686 2244 omnia
1711 2209 1842 2253 perinde
1866 2220 1902 2243 ac
1926 2210 1952 2243 si

1214 2262 1400 2296 nominatim
1432 2268 1532 2296 ratam
1569 2263 1711 2296 eamdem
1737 2273 1770 2296 se
1794 2263 1952 2297 soluturos

1214 2316 1398 2350 obtulissent
1414 2317 1575 2360 (clausulis
1593 2322 1622 2350 et
1642 2316 1775 2350 decretis
1792 2316 1824 2349 in
1841 2316 1952 2351 litteris

1214 2369 1394 2412 apostolicis
1420 2369 1686 2411 reservationum,
1711 2369 1897 2413 pensionum
1923 2374 1953 2403 et

1215 2424 1373 2456 fructuum
1391 2422 1572 2456 huiusmodi
1587 2422 1680 2456 etiam
1695 2423 1952 2457 consistorialiter

1214 2475 1375 2519 appositis,
1389 2481 1418 2508 et
1431 2476 1514 2519 quod
1528 2476 1628 2509 dictae
1641 2476 1808 2520 pensiones
1818 2475 1856 2510 ab
1867 2476 1951 2509 omni

1248 2547 1260 2572 1
1284 2546 1439 2581 Legendum
1459 2547 1590 2574 concedas
1612 2548 1647 2581 (a.
1665 2547 1712 2580 T.).

1248 2591 1263 2617 2
1285 2590 1418 2618 Particula
1438 2594 1464 2618 et
1483 2591 1637 2618 redundare
1653 2591 1817 2627 dignoscitur
1830 2594 1867 2626 (R.
1883 2590 1931 2625 Τ.).

1948 189 1997 216 An.
2019 190 2047 217 C.
2066 190 2132 218 1658

2012 1894 2146 1919 Exn-iniuntur

1965 1924 2034 1942 tamen
2056 1921 2083 1942 ab
2106 1921 2146 1941 liae

1965 1948 2101 1968 subventione
2123 1948 2145 1968 S.

1964 1976 1988 1996 lt.
2004 1975 2026 1995 E.
2051 1974 2145 1995 cardina-

1964 2006 2003 2027 les.
