2263 3215
333 218 380 244 An.
402 217 429 244 c.
451 219 516 245 iesu
562 210 624 243 240

697 268 810 296 Dilecto
830 269 890 296 mio
910 269 1098 305 Hieronymo,

612 312 712 339 abbati
734 313 761 339 S.
785 313 896 341 Mariae
918 314 1027 341 Montis
1049 315 1182 349 Regalis,

721 362 885 389 Alexander
913 363 990 396 Papa
1009 363 1069 390 VII.

791 419 905 447 Dilecto
929 419 990 453 nli,

561 463 690 489 salutem
712 465 742 489 et
762 464 958 496 apostolicam
982 464 1228 491 benedictionem.

355 548 432 567 Maura
449 548 510 568 buius

571 533 585 575 ἓ
608 533 634 565 l.
660 533 804 572 Quamvis
830 534 860 566 in
886 534 997 567 litteris
1031 535 1126 567 felicis
1159 544 1263 567 recor-

328 575 492 597 ffl¹⁷⁵'⁵'¹¹¹¹⁰⁰¹⁵·
525 585 659 618 dationis
672 586 843 619 Innocentii
862 588 961 631 Papae
976 589 998 621 X
1014 587 1265 631 praedecessoris
1280 614 1281 620 ,

525 638 621 671 nostri
653 639 711 671 sub
743 640 848 672 datum
878 641 979 684 pridie
1015 640 1162 673 kalendas
1187 640 1263 672 iunii

524 692 596 723 anni
618 692 844 726 lucarnationis
864 693 1042 726 Dominicae
1059 703 1176 726 nncmn
1206 692 1263 726 sub

524 744 654 787 plumbo
669 745 768 787 editis,
782 757 838 790 per
852 757 938 791 quas,
953 747 1117 780 occasione
1134 747 1263 790 impres-

524 797 620 830 sionis
655 798 725 830 libri
751 800 799 831 cui
825 799 932 832 titulus
956 800 1163 843 Anquseinus
1188 799 1261 832 Cor-

522 851 594 883 nelii
620 851 751 884 Iansenii
777 852 915 896 episcopi
941 852 1098 896 Iprensis,
1123 852 1262 896 quinque

520 904 752 947 propositiones
785 905 814 937 in
841 905 971 938 materia
1003 905 1075 938 fidei
1101 910 1258 948 tamquam

521 956 692 991 haereticas
716 958 883 1000 damnavit,
905 958 1041 1002 deputati
1059 958 1173 991 fuerint
1190 968 1257 991 exe-

521 1015 646 1043 cutores
661 1011 842 1044 earumdem
858 1011 1031 1045 litterarum
1051 1011 1259 1055 patriarchae,

520 1064 770 1108 archiepiscopi,
796 1065 950 1109 episcopi,
976 1064 1090 1108 aliique
1116 1064 1258 1097 locorum

520 1117 688 1158 Ordinarii,
705 1127 827 1151 necnon
845 1118 1019 1152 baereticae
1037 1118 1199 1161 pravitatis
1218 1118 1259 1150 in-

520 1171 706 1215 quisitores,
720 1176 866 1213 attamen,
881 1172 953 1215 quia
970 1172 1007 1204 ad
1025 1182 1118 1205 aures
1135 1177 1258 1205 nostras

520 1226 661 1270 pervenit
685 1226 853 1259 nonnullos
877 1237 913 1259 ex
939 1226 1105 1270 praedictis
1134 1236 1258 1270 praesu-

519 1279 601 1313 libus
634 1279 854 1313 executoribus
887 1284 918 1313 ut
950 1280 1126 1324 praefertur
1154 1280 1254 1323 depu-

519 1333 589 1365 tatis
613 1343 675 1366 non
700 1343 811 1376 parum
837 1344 904 1366 esse
929 1334 1125 1376 negligentes
1150 1333 1179 1365 in
1205 1333 1256 1365 de-

520 1386 703 1419 mandandis
720 1386 841 1420 debitae
859 1387 1035 1420 executioni
1051 1386 1166 1420 eisdem
1183 1386 1259 1419 litte-

518 1438 571 1480 ris,
590 1439 833 1484 castigandoque
848 1440 973 1473 illarum
999 1445 1258 1483 transgressores,

518 1492 611 1536 idque
636 1493 820 1537 praesertim
848 1493 878 1525 in
907 1493 1063 1536 aliquibus
1088 1492 1276 1536 provinciis

518 1547 599 1579 intra
624 1547 702 1580 fines
728 1546 815 1579 istius
840 1547 1043 1580 nunciaturae
1068 1546 1259 1590 apostolicae

518 1598 632 1641 Belgii:

562 1653 576 1696 ἓ
595 1652 624 1685 2.
644 1651 774 1693 Idcirco,
792 1663 830 1686 ne
849 1653 969 1686 litterae
988 1653 1144 1697 praefatae
1162 1657 1192 1687 et
1209 1665 1258 1687 vo-

517 1706 618 1739 luntas
636 1706 708 1740 dicti
726 1706 897 1740 Innocentii
922 1706 1172 1750 praedecessoris
1187 1718 1256 1740 curn

517 1760 765 1804 obsequiidivini
787 1766 816 1793 et
837 1760 1008 1793 catholicae
1025 1760 1185 1803 religionis
1204 1760 1257 1793 de-

517 1813 664 1847 trimento
679 1814 745 1848 istic
762 1824 818 1847 suo
836 1815 1027 1847 frustrentur
1052 1814 1173 1855 effectu,
1199 1825 1257 1857 pro

515 1867 663 1910 pastorali
689 1869 795 1900 nostra
827 1867 1036 1901 sollicitudine
1070 1867 1255 1910 providere¹

516 1919 664 1959 volentes,
684 1925 770 1953 motu
795 1920 935 1964 proprio,
952 1931 987 1953 ac
1006 1931 1040 1953 ex
1059 1921 1143 1953 certa
1162 1921 1258 1953 scien-

334 1663 426 1688 Amplani
440 1663 502 1684 intar-

319 1696 394 1709 rumm
416 1690 503 1710 satutta·

319 1718 359 1736 tens
376 1717 483 1742 chag-tur.

516 1972 557 2005 tia
592 1975 708 2013 nostra,
735 1973 810 2014 tibi,
843 1983 935 2017 quem
973 1973 1010 2005 ad
1046 1973 1274 2006 exerce11duni³

516 2026 741 2059 contentiosam
758 2026 1004 2060 iurisdictionem
1024 2026 1163 2059 eiusdem
1181 2036 1257 2059 nun-

516 2079 653 2112 ciaturae
666 2079 894 2123 deputavimus,
907 2090 962 2123 per
979 2085 1158 2123 praesentes
1172 2090 1256 2112 com-

516 2131 668 2164 mittimus
704 2138 733 2164 et
770 2132 975 2172 mandamus,
1000 2137 1051 2173 ut,
1083 2131 1198 2165 nedum
1225 2132 1254 2164 in

516 2184 637 2219 defectu
666 2196 719 2218 seu
745 2185 774 2217 in
800 2190 910 2218 eventu
937 2185 1145 2228 negligentiae
1169 2195 1254 2229 prae-

515 2237 669 2271 dictorum
690 2243 892 2271 executorum
911 2244 964 2271 aut
988 2238 1118 2271 alicuius
1133 2248 1253 2279 eorum,

514 2291 568 2325 sed
582 2302 680 2336 aeque
694 2292 919 2336 principaliter,
938 2298 966 2325 ct
984 2292 1114 2336 perinde
1132 2302 1166 2325 ac
1180 2293 1203 2325 si
1223 2297 1253 2325 tu
1271 2304 1272 2320 1

513 2345 673 2388 speciatim
692 2345 722 2378 in
743 2344 858 2378 eisdem
876 2345 987 2378 litteris
1004 2346 1066 2378 una
1090 2355 1161 2378 cum
1187 2344 1254 2378 aliis

513 2398 639 2431 illarum
665 2403 814 2432 executor
833 2399 1011 2433 nominatus
1036 2404 1065 2432 et
1089 2398 1253 2442 deputatus
1273 2441 1276 2442 .

513 2451 633 2492 fuisses,
660 2452 690 2484 in
716 2452 744 2484 id
770 2452 878 2485 sedulo
899 2452 1061 2485 incumbas
1079 2458 1111 2485 ut
1128 2452 1158 2484 in
1181 2463 1254 2496 quo-

515 2515 649 2548 cumque
663 2505 732 2538 loco
750 2505 808 2537 sub
834 2505 1049 2539 iurisdictione
1066 2505 1166 2539 dictae
1179 2516 1253 2539 nun-

553 2576 560 2601 t
592 2574 656 2601 Male
680 2575 744 2602 edit.
773 2576 853 2603 Main.
881 2576 946 2611 legit
968 2576 1086 2611 provide
1111 2584 1158 2611 pro
1180 2584 1251 2611 pro-

514 2618 610 2647 videre
629 2624 668 2653 tn.
683 2620 730 2654 r.).

1117 222 1294 246 BULLARIUM
1320 222 1474 246 ROMANUM

2050 225 2099 251 An.
2119 225 2230 258 (1.1656.
2262 254 2263 259 .

1281 270 1435 303 ¹ciaturae
1471 271 1700 314 comprehenso
1721 271 1840 304 litterae
1867 272 2035 315 praefatae,
2229 292 2230 297 =

1299 335 1369 355 cum
1390 324 1535 355 omnibus
1554 328 1579 355 et
1600 324 1728 366 singulis
1747 325 1899 357 contentis
1917 325 1947 357 in
1967 325 2037 366 illis,

1299 376 1419 409 debitae
1446 377 1618 410 executioni
1645 377 1883 418 demandentur,
1908 383 1937 410 et
1963 378 2032 410 illa-

1281 454 1282 464 ,
1300 440 1368 461 rum
1395 433 1641 473 transgressores
1662 431 1770 474 poenis
1795 435 1825 463 et
1849 432 1989 464 censuris
2007 432 2037 464 in

1299 481 1414 514 eisdem
1441 481 1552 514 litteris
1577 483 1730 516 contentis
1751 483 1928 527 puniantur,
1950 483 2037 517 invo-

1300 540 1369 567 cato
1394 535 1498 577 etiam,
1514 541 1666 579 quatenus
1691 547 1768 580 opus
1794 537 1901 576 fuerit,
1922 537 2038 571 auxilio

1297 587 1417 620 brachii
1443 589 1601 621 secularis.
1627 589 1726 632 Super
1757 589 1871 633 quibus
1901 599 1957 622 nos
1982 590 2036 624 tibi

1298 640 1422 683 plenam
1448 646 1478 673 et
1502 640 1635 674 liberam
1653 642 1700 685 {ac
1720 641 1855 685 amplam
1881 647 1911 675 et
1934 653 2037 676 neces-

1297 693 1409 726 sariam
1435 693 1672 737 quomodotibet
1688 699 1717 727 et
1737 698 1947 738 opportunam
1966 706 2037 729 con-

1296 745 1435 779 cedimus
1458 747 1645 780 facultatem.

1340 799 1354 841 g
1377 798 1406 831 3.
1432 799 1499 832 Non
1527 799 1722 833 obstantibus
1751 800 1934 833 recolendae
1967 811 2034 833 me-

1295 852 1414 884 moriae
1437 852 1584 885 Bonifacii
1611 852 1711 896 Papae
1731 853 1795 886 Vlll
1815 853 2035 897 praedecesso-

2122 818 2223 841 Contmtt.
2232 831 2240 843 v

2049 844 2126 866 reiicit.

1276 904 1337 936 .ris
1362 904 1481 948 pariter
1505 905 1603 938 nostri
1627 905 1666 938 de
1690 907 1763 948 una,
1790 909 1819 940 et
1844 906 1967 939 concilii
1985 916 2035 949 ge-

1294 957 1409 990 neralis
1434 957 1471 990 de
1496 958 1616 991 duabus
1641 958 1742 1000 dietis,
1767 958 1898 1002 aliisque
1922 960 2035 992 consti·
2220 989 2221 998 ,

1295 1010 1468 1043 tutionibus
1500 1016 1529 1043 et
1558 1011 1807 1044 ordinationibus
1831 1012 2034 1055 apostolicis,
2216 1032 2220 1045 t

1293 1064 1386 1096 etiam
1421 1064 1664 1105 conciliaribus,
1693 1075 1815 1098 necnon
1851 1065 2034 1109 quibusvis,
2217 1094 2219 1114 ἶ
2258 1036 2263 1112 ³

1293 1117 1385 1149 etiam
1404 1118 1837 1158 iuramento,confirmatione
1851 1119 2034 1163 apostolica,
2218 1125 2219 1150 i
2259 1115 2263 1155 i

1294 1171 1340 1202 vel
1359 1171 1466 1213 quavis
1484 1171 1631 1204 firmitate
1648 1172 1707 1204 alia
1732 1171 1899 1212 roboratis,
1913 1172 2034 1205 statutis
2260 1163 2263 1172 ¹

1293 1228 1323 1255 et
1347 1224 1648 1267 consuetudinibus,
1675 1225 1767 1258 etiam
1798 1225 2035 1258 immemorabi-

1293 1277 1384 1318 libus,
1404 1278 1577 1321 privilegiis
1595 1288 1730 1322 quoque,
1751 1278 1878 1311 indultis
1902 1284 1933 1312 et
1956 1279 2034 1313 litte-

1293 1331 1335 1364 ris
1349 1332 1528 1375 apostolicis
1543 1332 1571 1364 in
1582 1332 1774 1365 contrarium
1785 1333 2032 1376 praemissorum

1292 1385 1530 1427 quomodolibet
1565 1385 1742 1426 concessis,
1777 1386 1969 1419 confirmatis
2002 1391 2033 1420 et

1292 1438 1464 1478 innovatis;
1490 1438 1605 1481 quibus
1637 1438 1785 1472 omnibus
1817 1444 1848 1472 et
1880 1439 2032 1482 singulis,

1294 1493 1420 1526 illorum
1454 1497 1578 1527 tenores
1611 1492 1829 1537 praesentibus
1852 1503 1911 1537 pro
1941 1493 2033 1537 plene

1293 1551 1322 1578 et
1347 1546 1539 1579 sufficienter
1563 1546 1718 1589 expressis
1743 1556 1778 1579 ac
1802 1545 1840 1579 de
1871 1545 1969 1579 verbo
1994 1545 2032 1579 ad

1295 1599 1426 1631 verbum
1452 1599 1577 1631 insertis
1609 1599 1780 1640 habentes,
1806 1599 1866 1632 illis
1901 1598 1976 1632 alias
2000 1599 2033 1632 in

1293 1661 1350 1685 suo
1365 1652 1479 1685 robore
1490 1652 1714 1696 permansuris,
1732 1652 1769 1684 ad
1786 1652 2031 1696 praemissorum

1292 1706 1448 1747 effectum,
1468 1706 1525 1738 hac
1542 1705 1607 1738 vice
1625 1705 1794 1747 dumtaxat,
1809 1705 1986 1749 specialiter
2002 1710 2033 1739 et

1292 1769 1439 1803 expresse
1456 1759 1658 1802 derogamus;
1677 1759 1850 1802 ceterisque
1866 1759 2031 1793 contrariis

1291 1812 1538 1856 qubuscumque.

1335 1866 1445 1898 Datum
1468 1865 1596 1905 Romae,
1624 1865 1705 1909 apud
1734 1865 1762 1898 S.
1789 1865 1915 1898 Mariam
1941 1865 2032 1899 Maio-

1291 1929 1368 1958 rem,
1393 1919 1451 1951 sub
1476 1919 1591 1951 annulo
1617 1919 1793 1960 piscatoris,
1814 1918 1864 1951 die
1884 1928 1927 1952 vn
1948 1923 2031 1953 octo-

1291 1972 1354 2005 bris
1380 1982 1506 2013 Mnccvi,
1532 1972 1732 2016 pontificatus
1749 1972 1848 2005 nostri
1874 1982 1954 2006 anno
1974 1983 2005 2006 11.

1326 2036 1385 2062 Dat.
1403 2035 1446 2062 die
1461 2036 1475 2063 7
1492 2035 1610 2062 octobris
1629 2035 1706 2069 ¹656,
1724 2035 1818 2070 pontif.
1835 2044 1904 2063 anno
1920 2043 1948 2065 ιι.

1591 2151 1729 2184 CXXXV.

1291 2221 1501 2263 Confirmatio
1527 2221 1653 2261 decreti,
1671 2225 1707 2254 ut
1731 2222 1874 2255 conversi
1896 2222 1933 2255 in
1956 2232 2029 2255 con-

1332 2276 1519 2318 qreqatione
1563 2274 1811 2309 Camaldulensi
1851 2284 1917 2307 non
1948 2275 2028 2308 reci-

1331 2329 1496 2371 piantur⁸.

1481 2399 1648 2426 Alexander
1671 2399 1749 2433 Papa
1770 2399 1832 2433 vu,

1432 2443 1467 2470 ad
1487 2443 1619 2471 futuram
1638 2442 1682 2471 rei
1701 2442 1880 2470 memoriam.

1331 2506 1345 2549 g
1369 2506 1399 2538 ⁴1.
1425 2505 1544 2550 Exponi
1570 2505 1660 2538 nobis
1676 2515 1776 2549 nuper
1800 2505 1872 2539 fecit
1896 2504 2028 2539 dilectus
2068 2508 2193 2538 supplicatio*

1286 2557 1368 2590 filius
1404 2563 1591 2601 procurator
1626 2557 1781 2601 generalis
1816 2557 2027 2593 Eremitarum

1325 2621 1333 2647 t
1353 2618 1390 2647 Ex
1407 2618 1513 2656 Regest.
1532 2620 1557 2647 in
1573 2619 1674 2647 Secret.
1692 2619 1767 2648 Brev,
