2243 3205
255 224 306 249 An.
328 222 442 249 c.1059
489 212 553 245 484

453 270 489 302 lis
514 269 664 302 ecclesiae
684 274 714 302 et
736 269 924 313 capellaniae
951 269 1130 303 huiusmodi
1155 280 1206 302 ac*

452 322 523 356 dicti
542 326 712 355 conventus
737 322 765 355 S.
786 322 910 355 Antonii
929 328 1063 364 tenores,
1081 328 1110 355 et
1131 322 1189 354 alia

452 385 668 418 quaecumque
698 375 789 407 etiam
816 375 983 419 specialem
1018 381 1047 408 et
1077 375 1206 409 indivi-,

452 427 544 459 duam
571 427 761 460 mentionem
780 434 809 460 et
826 428 1060 472 expressionem
1082 427 1188 471 requi-

453 481 561 522 rentia,
586 481 801 524 praesentibus
833 492 891 524 pro
924 482 1014 525 plene
1044 487 1073 514 et
1104 481 1188 514 suffi-

452 534 570 566 cienter
594 534 770 578 expressis,
802 534 925 567 insertis
950 542 979 568 et
1003 533 1189 578 specificatis

452 586 612 626 babentes,
638 587 816 620 huiusmodi
842 587 1125 631 supplicationibus
1147 587 1189 618 in-

451 639 576 680 clinati,
602 640 787 673 fraternitati
821 647 890 673 tuae
921 651 977 684 per
1010 645 1189 684 praesentes

451 693 675 725 committimus
700 699 727 726 et
751 693 945 733 mandamus,
964 699 1007 733 ut,
1026 692 1107 725 veris
1127 692 1190 725 exi-

451 746 603 779 stentibus
624 747 767 789 narratis,
788 747 982 790 praedictum
1000 751 1187 793 conventum

449 799 479 832 S.
505 800 639 841 Antonii,
664 801 793 843 eiusque
818 801 953 842 titulum,
980 800 1189 833 conventuali-

451 858 556 893 tatem,
580 864 615 886 ac
640 853 817 896 dignitates,
843 853 1032 893 ministeria,
1057 863 1188 885 munera

449 911 480 938 et
503 906 605 939 officia
633 906 790 949 regularia
815 916 1042 949 quaecumque,
1067 915 1187 938 necnon

450 959 555 992 titulos
572 959 771 992 beneficiales
789 964 818 991 et
836 959 995 992 collativos
1020 958 1121 992 dictae
1139 969 1189 1002 pa-

450 1012 597 1044 rochialis
615 1012 765 1045 ecelesiae
790 1012 818 1045 S.
844 1012 1000 1045 Laurentii
1021 1017 1050 1045 et
1068 1012 1189 1056 cappel-

449 1065 559 1106 laniae‚
573 1066 652 1098 sicut
666 1066 888 1109 praemittitur,
902 1071 1078 1098 erectarum
1094 1066 1187 1108 (facta

449 1123 551 1150 tamen
572 1118 659 1161 prius
685 1129 739 1161 per
766 1123 955 1151 memoratos
984 1117 1185 1151 Franciscum

449 1175 478 1204 ct
502 1171 649 1204 Ioannem
675 1171 872 1204 Dominieum
902 1172 1073 1214 respective
1107 1172 1187 1214 ipsa-

449 1235 518 1256 rum
544 1224 732 1267 parochialis
758 1225 907 1257 ecclesiae
925 1229 955 1257 et
972 1224 1204 1268 cappellaniaeff

449 1277 478 1309 in
504 1278 649 1310 manibus
675 1277 734 1310 tuis
759 1277 856 1310 libera
882 1283 911 1310 et
936 1280 1105 1321 spontanea
1126 1289 1188 1310 ces-

448 1331 535 1363 sione
560 1337 589 1363 et
617 1331 851 1375 resignatione),
873 1331 1056 1364 auctoritate
1081 1333 1186 1364 nostra

449 1383 620 1426 apostolica
647 1389 800 1427 perpetuo
833 1384 1013 1427 supprimas
1042 1389 1068 1416 et
1093 1385 1187 1417 extin-

448 1447 536 1479 guas,
561 1447 596 1469 ac
618 1437 648 1468 in
669 1436 848 1479 supradicta
868 1438 951 1468 terra
974 1436 1083 1469 Bonitii
1102 1447 1187 1480 prae-

448 1489 565 1523 dictum
601 1495 789 1523 conventum
825 1490 854 1522 S.
892 1489 1073 1530 Laurentii,
1108 1489 1187 1522 sieut

448 1542 670 1586 praemittitur,
696 1553 911 1585 suppressum,
926 1542 964 1574 ad
978 1547 1091 1576 statum
1116 1553 1188 1575 con-

448 1601 557 1628 ventus
583 1595 728 1628 restituas
742 1600 772 1627 et
786 1595 968 1637 reintegres,
986 1606 1040 1628 seu
1054 1595 1091 1628 de
1106 1605 1187 1628 novo

448 1648 478 1681 in
504 1655 691 1682 conventum
716 1649 848 1682 fratrum
882 1648 983 1682 dictae
1015 1659 1187 1692 congrega-

449 1702 540 1736 tionis
565 1702 728 1735 llicetanae
753 1702 877 1735 Ordinis
897 1702 1057 1746 praedicti,
1078 1702 1107 1734 in
1124 1712 1186 1745 quo

448 1754 486 1788 de
510 1755 666 1799 praesenti
691 1755 817 1799 quidem
843 1761 914 1788 octo
934 1756 1055 1796 fratres,
1073 1765 1186 1798 nempe

448 1808 586 1852 quinque
611 1808 806 1852 presbyteri,
839 1818 920 1841 unus
952 1809 1085 1841 clericus
1113 1818 1186 1852 pro-

448 1862 547 1894 fessus
581 1868 610 1894 et
638 1862 700 1895 duo
735 1862 805 1894 laici
840 1872 894 1894 seu
927 1861 1090 1901 conversi,
1116 1866 1187 1904 post

449 1920 583 1948 mortem
601 1926 673 1948 vero
683 1915 838 1947 dictorum
851 1915 1009 1947 Francisci
1020 1920 1048 1947 et
1063 1914 1185 1948 Ioannis

448 1968 601 2001 Dominici
628 1967 811 2008 duodecim,
838 1967 980 2000 videlicet
1004 1972 1074 2000 octo
1100 1977 1186 2011 pres-

448 2021 568 2066 byteri,
594 2022 656 2055 duo
681 2022 788 2055 clerici
812 2022 946 2065 professi
975 2026 1005 2054 et
1029 2021 1091 2054 duo
1116 2021 1184 2054 laici

449 2086 505 2108 seu
543 2076 687 2108 conversi
722 2076 835 2108 fratres
868 2075 1121 2118 congregationis
1155 2080 1186 2108 et

449 2128 573 2162 Ordinis
597 2128 778 2162 huiusmodi
804 2129 919 2171 degere
940 2134 969 2161 et
993 2129 1185 2162 commorari

449 2181 592 2222 debeant,
617 2184 651 2214 ea
676 2182 744 2224 lege
769 2187 803 2214 ut
827 2181 920 2214 iidem
939 2181 1061 2222 fratres,
1087 2181 1186 2215 donec

449 2235 486 2267 ad
518 2246 684 2268 numerum
710 2234 938 2267 duodenarium
963 2235 1184 2278 pervenerint,

450 2292 520 2320 tuae
545 2292 575 2320 et
599 2298 656 2331 pro
682 2292 822 2331 tempore
847 2287 1008 2320 existentis
1028 2287 1184 2321 Ordinarii

449 2341 599 2374 Collensis
625 2341 831 2374 iurisdictioni
852 2341 1043 2383 subiaceant,
1064 2341 1186 2384 ipsique

449 2394 561 2427 fratres
593 2394 697 2427 divina
728 2394 829 2427 officia
859 2394 1038 2434 celebrent,
1064 2394 1186 2438 aliaque

450 2447 621 2490 spiritualia
646 2447 793 2480 exercitia
814 2447 898 2482 iuxta
921 2457 1029 2480 eorum
1057 2447 1183 2481 institu-

451 2505 515 2532 tum
541 2501 654 2533 obeant
677 2506 707 2533 et
730 2506 881 2544 peragant
905 2501 936 2533 in
961 2501 1090 2534 ecclesia
1111 2500 1188 2534 eius-

450 2553 520 2585 dem
547 2559 717 2587 cenventus
742 2554 771 2587 S.
792 2555 967 2597 Laurentii,
992 2564 1089 2598 quae,
1113 2554 1187 2587 licet

451 2607 557 2638 titulus
578 2607 765 2650 parochialis
783 2608 812 2640 in
831 2609 866 2640 ea
885 2618 1071 2652 suppressus
1086 2613 1116 2640 et
1133 2617 1184 2641 ex-

1026 221 1206 246 BL'LLAIUUM
1232 220 1385 245 ROMANUM

1232 268 1346 301 tinctus
1367 268 1415 309 sit,
1438 267 1642 301 nihilominus
1666 273 1771 301 curata
1792 271 1960 309 remaneat,

1226 326 1256 353 et
1284 321 1313 353 in
1330 322 1364 353 ea
1383 331 1476 353 curae
1501 320 1675 353 animarum
1694 320 1875 353 exercitium
1892 330 1962 354 con-

1223 374 1374 414 tinuetur,
1401 373 1528 417 ipsaque
1554 384 1628 406 cura
1653 373 1828 406 animarum
1846 373 1883 406 ab
1899 373 1958 406 ati-

1222 437 1284 469 quo
1308 427 1403 459 fratre
1428 427 1499 460 dicti
1521 425 1645 459 Ordinis
1669 437 1727 470 per
1749 425 1961 459 definitorium

1221 479 1398 523 praedictae
1416 479 1670 522 congregationis
1694 479 1857 512 llicetanae
1883 482 1961 513 tem-

1221 543 1298 576 pore
1329 533 1411 565 illius
1443 533 1568 576 capituli
1603 532 1649 565 vel
1678 532 1777 566 dietae
1808 532 1959 565 interme-

1222 585 1308 626 diae,
1340 591 1427 618 extra
1452 585 1620 629 capitulum
1656 595 1730 618 vero
1760 595 1814 618 seu
1846 584 1960 617 dietam

1222 638 1401 671 huiusmodi
1432 649 1488 682 per
1509 638 1658 671 vicarium
1680 638 1859 681 generalem
1884 637 1962 671 eius-

1222 691 1300 735 que¹
1319 691 1575 734 congregationis
1592 701 1651 734 pro
1668 697 1810 735 tempore
1830 690 1962 724 existen-

1223 750 1283 777 tem
1312 744 1349 777 ad
1368 745 1451 777 hunc
1469 744 1613 777 effectum
1632 744 1776 787 eligendo
1793 754 1848 777 seu
1868 743 1961 788 depu-

1223 797 1325 838 tando,
1341 807 1386 838 ae,
1404 802 1571 840 antequam
1590 796 1893 830 administrationem
1912 807 1961 830 eu-

1222 861 1275 883 rae
1299 850 1476 883 animarum
1498 850 1679 883 huiusmodi
1704 855 1802 893 gerat,
1819 849 1856 882 ad
1874 849 1959 882 illam

1222 914 1238 935 a
1264 908 1292 935 te
1317 914 1369 936 seu
1388 914 1445 947 pro
1463 908 1604 947 tempore
1629 903 1778 936 existente
1795 902 1960 936 Ordinario

1221 956 1353 990 Cellensi
1364 956 1578 1000 approbando,
1593 956 1731 989 exerceri
1746 955 1865 999 debeat,
1876 955 1959 989 dicta

1221 1009 1405 1042 auctoritate
1432 1009 1536 1042 itidem
1563 1013 1715 1053 perpetuo
1740 1008 1842 1051 erigas
1859 1013 1890 1042 et
1914 1008 1960 1041 in-

1221 1063 1339 1095 stituas.

1265 1117 1280 1159 §
1305 1116 1334 1149 5.
1352 1116 1518 1149 Praeterea
1535 1115 1636 1148 eidem
1654 1115 1819 1148 conventui
1839 1116 1868 1150 S.
1886 1116 1960 1148 Lau-

1221 1169 1310 1203 rentii
1337 1169 1380 1202 sic
1396 1169 1587 1212 reintegrato
1605 1179 1658 1202 seu
1675 1169 1713 1202 de
1737 1179 1818 1202 novo
1843 1173 1960 1210 erecto,

1220 1233 1277 1265 pro
1310 1222 1391 1254 illius
1427 1221 1516 1263 dote,
1547 1232 1583 1254 ac
1618 1221 1734 1265 prioris
1765 1227 1795 1254 et
1827 1221 1959 1254 fratrum

1221 1275 1250 1306 in
1281 1285 1317 1307 eo
1345 1285 1404 1318 pro
1431 1280 1573 1318 tempore
1600 1274 1779 1317 degentium
1804 1277 1959 1308 sustenta-

1221 1328 1314 1368 tione,
1333 1338 1527 1371 onerumque
1550 1328 1609 1360 illis
1623 1327 1871 1360 incumbentium
1886 1338 1960 1371 sup-

1220 1381 1416 1424 portatione,
1450 1381 1554 1413 omnia
1579 1386 1608 1413 et
1633 1381 1755 1423 singula
1791 1380 1959 1424 praedictis

1221 1434 1359 1477 parocho
1384 1438 1413 1466 et
1437 1434 1623 1477 cappellano
1647 1434 1803 1476 assignata
1834 1444 1870 1467 ac
1900 1444 1956 1467 su-

1221 1487 1363 1531 pradicto
1389 1487 1559 1520 seminario
1584 1487 1734 1530 applicari
1755 1487 1908 1529 ordinata,
1925 1492 1959 1520 ut

1221 1542 1407 1585 praefertur,
1424 1547 1454 1574 et
1474 1542 1534 1573 alia
1550 1551 1768 1585 quaecumque
1791 1541 1875 1575 bona
1896 1552 1960 1575 mo-

1220 1595 1295 1627 bilia
1319 1600 1348 1627 et
1370 1595 1558 1634 immobilia,
1584 1595 1809 1638 proprietate&
1836 1604 1958 1636 census,

1221 1648 1369 1688 redditus,
1395 1653 1575 1691 proventus,
1600 1647 1814 1688 obventiones,
1838 1647 1958 1680 emolu-

1221 1707 1335 1739 menta,
1360 1700 1499 1733 actiones
1525 1706 1554 1732 et
1572 1700 1651 1740 iura,
1672 1700 1770 1733 aliave
1790 1699 1957 1744 quaelibet⁷

1222 1760 1283 1786 tam
1309 1753 1347 1786 ad
1372 1753 1473 1797 ipsum
1499 1758 1686 1786 conventum
1717 1752 1745 1786 S.
1778 1752 1959 1794 Laurentii,

1221 1807 1366 1850 illiusque
1384 1806 1558 1846 ecclesiam,
1576 1816 1668 1849 quam
1686 1805 1724 1838 ad
1741 1805 1957 1849 supradictum

1220 1862 1406 1892 conventum
1431 1858 1459 1891 S.
1481 1858 1604 1891 Antonii
1620 1869 1636 1891 a
1653 1864 1681 1891 te
1696 1858 1958 1902 supprimendum

1220 1917 1249 1944 et
1266 1911 1508 1953 extinguendum
1523 1910 1821 1955 quomodocumque
1837 1916 1867 1944 et
1884 1921 1960 1955 qua-

1220 1964 1426 2008 litercumque
1452 1964 1624 2007 respective
1645 1964 1815 2007 spectantia
1839 1967 1868 1998 et
1891 1974 1959 2008 per-

1221 2018 1366 2058 tinentia,
1391 2017 1581 2060 ubieumque
1606 2017 1747 2050 locorum
1772 2016 1957 2058 existentia,

1219 2082 1254 2104 ac
1280 2071 1340 2104 illis
1366 2071 1396 2103 in
1427 2071 1566 2103 futurum
1599 2070 1862 2114 quandocumque
1893 2075 1957 2104 tam

1221 2125 1250 2156 in
1275 2124 1384 2157 ultima
1411 2124 1567 2156 voluntate
1592 2134 1684 2167 quam
1712 2123 1792 2156 inter
1816 2123 1902 2157 vivos
1927 2128 1958 2156 et

1220 2179 1294 2210 alias
1311 2177 1548 2221 quomodolibet
1572 2176 1763 2219 elargienda,
1789 2176 1956 2219 eroganda,

1220 2232 1362 2265 donanda
1380 2235 1408 2265 et
1424 2230 1621 2273 assignanda,
1647 2241 1682 2263 ex
1707 2240 1791 2263 nunc
1808 2234 1903 2274 prout
1919 2240 1957 2263 ex

1220 2291 1293 2319 tunc
1318 2291 1482 2329 postquam
1509 2284 1656 2327 elargita,
1682 2289 1819 2327 erogata,
1844 2283 1957 2318 donata

1219 2344 1248 2374 et
1268 2339 1424 2382 assignata
1448 2338 1580 2378 fuerint,
1607 2338 1682 2371 itaut
1712 2337 1803 2370 liceat
1838 2336 1955 2370 eisdem

1219 2392 1317 2437 priori
1351 2397 1380 2424 et
1415 2391 1562 2425 fratribus
1598 2382 1723 2424 illorum
1756 2390 1897 2424 omnium
1927 2394 1957 2423 et

1219 2446 1415 2489 singulorum
1441 2445 1647 2489 corporalem,
1669 2444 1785 2477 realem
1806 2448 1836 2477 et
1856 2446 1957 2477 actua-

1218 2501 1279 2533 lem
1304 2499 1535 2543 possessionem
1555 2503 1583 2533 et
1603 2498 1690 2542 quasi
1712 2497 1955 2542 possessionem,

1256 2618 1265 2641 1
1291 2615 1399 2642 Videtur
1419 2614 1563 2649 legendum
1579 2613 1707 2642 eiusdem
1723 2612 1759 2647 (a.
1775 2612 1823 2647 ⁵12).

1971 219 2024 246 An.
2045 218 2072 245 C.
2090 218 2157 248 ¹65⁹

2000 1124 2040 1146 Pro
2054 1126 2158 1146 sustenta-

1974 1152 2031 1172 itone
2046 1153 2158 1173 conventui

1974 1178 1996 1198 S.
2005 1177 2111 1198 Laurentii
2123 1183 2155 1199 va·

1974 1205 2017 1225 rios
2044 1206 2157 1230 proventus

1974 1231 2076 1256 assignat.
