2243 3205
312 204 360 231 An.
376 205 401 231 C.
427 205 493 232 ¹658

337 265 446 286 contritum
463 272 492 285 ie⁴

308 291 368 312 tellit.

537 196 600 230 336

552 254 566 296 g
591 254 618 285 st.
638 254 703 286 Non
733 255 927 287 obstantibus
945 257 1132 300 praemissis,
1151 268 1184 289 ae
1205 258 1242 290 de

508 317 568 338 non
595 307 729 340 tollendo
756 307 821 340 iure
847 310 996 352 quaesito,
1027 314 1055 344 et
1079 311 1116 343 de
1142 311 1241 354 expri-

509 359 620 391 mendo
638 370 710 393 vero
730 360 832 393 valore
859 362 886 393 in
912 362 1071 406 quibusvis
1097 374 1241 407 suppres-

508 411 647 444 sionibus
672 419 698 444 et
725 414 983 457 applicationibus
1012 416 1049 449 de
1082 417 1260 460 quibusvis

509 464 658 497 fructibus
684 466 918 507 ecclesiasticis,
950 468 1072 512 illisque
1104 469 1243 501 commit-

510 517 608 550 tendis
626 517 662 549 ad
683 524 798 562 partes,
817 520 932 553 voeatis
954 532 1087 564 quorum
1107 521 1241 561 interest,

509 575 534 601 et
562 570 630 602 aliis
657 572 772 604 nostris
790 578 815 604 et
832 574 1034 606 cancellariae
1052 574 1241 618 apostolicae

508 623 635 665 regulis,
654 625 826 668 ceterisque
845 626 1033 669 quibuslibe!
1052 627 1241 670 apostolicis,

508 685 543 707 ac
569 675 597 707 in
621 676 849 710 universalibus
884 679 1189 722 provincialibusque
1213 684 1242 712 ct

509 728 710 771 synodalibus
745 731 885 763 conciliis
911 731 1010 773 editis,
1044 732 1242 774 generalibus

508 781 553 812 vel
571 781 767 824 specialibus,
782 784 1056 817 constitutioniluis
1073 790 1101 817 et
1119 784 1227 817 ordina

509 833 655 876 tionibus,
670 845 790 869 necnon
806 837 966 880 hospitalis
979 843 1005 869 et
1021 837 1145 880 linguae
1159 848 1245 881 prae-

510 886 675 927 dictorum,
694 888 785 921 etiam
802 889 988 930 iuramento,
1006 890 1242 923 confirmatione

509 941 691 983 apostoliea,
710 942 754 973 vel
778 943 885 985 quavis
906 943 1051 977 firmitate
1072 943 1130 975 alia
1156 943 1245 976 robo-

510 992 594 1033 ratis,
613 994 735 1026 statutis
760 1000 789 1027 et
813 995 1103 1037 consuetudinibus,
1128 996 1245 1028 stabili-

510 1045 632 1085 mentis,
659 1046 909 1081 ordinationibus
934 1049 1170 1092 capitularibus,
1195 1059 1245 1081 an-

510 1097 708 1140 tianitatibus,
734 1100 842 1132 usibus
867 1106 896 1133 et
919 1101 1048 1142 naturis,
1072 1101 1245 1145 privilegiis

509 1160 660 1194 quoque,
694 1152 820 1184 indultis
852 1157 881 1187 et
909 1154 1018 1185 litteris
1043 1154 1245 1198 apostolicis,

511 1213 624 1246 magno
649 1206 799 1248 magistro
825 1212 854 1238 et
879 1207 1043 1239 conventui
1069 1213 1097 1239 et
1122 1207 1245 1251 quibus-

511 1267 645 1301 cumque
669 1259 828 1302 prioribus
854 1265 883 1292 et
906 1260 1055 1293 fratribus
1080 1260 1170 1293 etiam
1196 1271 1247 1292 an-

513 1311 601 1344 tianis
633 1317 662 1344 et
694 1312 762 1344 aliis
796 1313 1033 1356 quomodolibet.
1057 1315 1246 1358 nuncupatis

511 1365 582 1398 dicti
611 1366 784 1410 hospitalis,
811 1373 871 1399 tam
898 1378 953 1411 per
979 1368 1075 1401 felicis
1100 1369 1246 1402 recorda-

513 1419 604 1451 tionis
629 1420 774 1452 loannem
793 1421 882 1463 XXII,
909 1421 1072 1453 Martinum
1100 1422 1132 1461 V,
1150 1422 1247 1464 Euge-

511 1472 597 1505 nium
614 1473 659 1513 IV,
676 1473 794 1506 Sixtum
822 1474 913 1506 etiam
940 1475 986 1515 IV,
1009 1475 1095 1508 Pium
1122 1475 1157 1515 lt,
1174 1475 1247 1507 Pau-

512 1526 574 1558 lum
601 1527 636 1566 ll,
658 1527 790 1559 Leonem
816 1528 850 1567 X,
875 1528 1063 1560 Clementem
1092 1529 1152 1569 VII,
1174 1529 1248 1561 Pau-

512 1579 575 1612 lum
602 1580 651 1620 tlt,
678 1580 764 1613 Pium
792 1581 837 1622 IV,
863 1581 1050 1624 Gregorium
1077 1582 1152 1623 XIII,
1177 1582 1247 1615 Six-

512 1637 576 1665 tum
593 1633 626 1673 V,
647 1633 834 1676 Gregorium
858 1634 929 1675 XIV,
952 1639 980 1667 et
1001 1635 1078 1667 alios
1096 1646 1247 1679 quoscum

512 1696 571 1729 que
601 1687 755 1719 Romanos
791 1688 954 1721 Pontifices
990 1688 1248 1732 praedecessores

512 1744 646 1778 nostros,
661 1747 753 1783 quam
772 1750 828 1773 nos
847 1746 874 1773 et
893 1741 1003 1774 Sedem
1023 1741 1174 1782 eamdem,
1190 1742 1247 1774 sub

513 1792 761 1836 quibuscumque
782 1794 949 1827 verborum
967 1795 1128 1827 tenoribus
1146 1799 1175 1829 et
1192 1796 1249 1828 sor-

513 1845 581 1885 mis,
606 1856 640 1878 ac
671 1857 741 1878 cum
775 1847 935 1890 quibusvis
960 1847 1051 1880 etiam
1077 1847 1244 1891 derogato-

513 1898 630 1931 riarum
646 1899 863 1942 derogatoriis,
879 1899 1008 1943 aliisque
1022 1900 1249 1934 efficacioribus

514 1958 543 1984 et
568 1952 699 1985 insolitis
730 1953 898 1995 clausulis,
931 1963 966 1985 ac
999 1953 1192 1987 irritantibus
1221 1960 1250 1987 et

514 2004 581 2036 aliis
605 2005 748 2046 decretis,
773 2006 865 2038 etiam
892 2017 949 2049 per
973 2006 1053 2038 viam
1079 2007 1172 2049 legis,
1198 2012 1249 2042 aut

515 2063 702 2100 contractus,
722 2059 767 2091 rel
786 2059 890 2091 statuti
912 2060 1065 2102 perpetui,
1085 2059 1114 2091 in
1135 2070 1249 2102 genere

516 2112 561 2144 vel
588 2111 617 2143 in
643 2112 770 2155 speeie,
795 2117 847 2144 aut
883 2113 956 2145 alias
992 2113 1248 2156 quomodolibet,

515 2165 606 2197 etiam
634 2169 730 2206 motu,
755 2165 883 2197 scientia
913 2170 942 2197 et
967 2166 1129 2209 potestatis
1153 2167 1248 2210 pleni-

516 2218 621 2251 tudine
641 2217 778 2262 paribus,
796 2218 887 2250 etiam
906 2218 944 2250 de
961 2218 1099 2251 eiusdem
1117 2219 1146 2252 S.
1165 2220 1198 2252 R.
1217 2220 1248 2252 E.

516 2271 721 2304 cardinalium
737 2271 877 2312 consilio,
891 2282 1012 2305 necnon
1027 2284 1060 2305 ex
1077 2275 1169 2305 certis
1183 2284 1251 2306 cau-

516 2326 557 2358 sis
574 2331 647 2358 tunc
664 2326 819 2370 expressis
839 2331 869 2358 et
889 2326 1146 2359 consistorialiter
1171 2338 1247 2370 pro-

515 2379 624 2422 positis
640 2390 674 2411 ac
693 2379 860 2421 diligenter
877 2379 1069 2419 examinatis,
1086 2390 1139 2412 seu
1158 2380 1250 2412 etiarn

517 2433 554 2465 ad
568 2433 750 2476 quorumvis
768 2433 944 2476 principum
966 2433 1143 2466 instantiam
1158 2433 1249 2465 etiam

518 2485 635 2517 iteratis
649 2486 768 2518 vicibus
784 2486 949 2526 concessis,
968 2486 1148 2530 approbatis
1166 2491 1193 2518 et
1205 2486 1250 2518 in-

518 2539 637 2570 novatis
659 2538 791 2581 (etiamsi
819 2539 847 2571 in
872 2539 915 2571 eis
937 2545 1081 2572 caveatur
1104 2549 1251 2583 expresse

518 2592 600 2639 quod
615 2602 675 2623 uon
687 2592 917 2624 censeaturillis
931 2592 1115 2635 derogatum
1130 2593 1189 2625 nisi
1200 2592 1251 2625 de·
1267 2601 1269 2631 l

1082 210 1264 235 BULLARIUM
1286 210 1438 235 ROMANUM

1278 257 1397 301 rogatio
1411 257 1590 290 huiusmodi
1607 258 1644 290 de
1661 258 1842 290 corumdem
1869 257 2010 291 cardina-

1277 311 1350 343 lium
1370 310 1500 343 consilio
1518 315 1547 343 et
1562 310 1819 343 consistorialiter
1836 311 1899 351 fiat,
1919 316 2011 354 atque

1278 367 1350 395 tunc
1373 362 1513 405 magistri
1532 366 1559 396 et
1585 367 1755 395 conventus
1778 362 2010 405 praedictorum

1276 415 1313 447 ad
1332 415 1362 447 id
1388 425 1555 459 expressus
1569 415 1695 448 accedat
1719 425 1873 456 assensus,
1890 425 2011 448 necnon

1276 468 1397 501 litterae
1419 468 1630 512 derogationis
1643 467 1822 501 huiusmodi
1841 468 1933 500 certis
1951 479 2013 501 mo-

1276 522 1315 554 do
1341 526 1370 554 et
1390 522 1492 554 forma
1519 527 1593 554 tunc
1618 521 1775 565 expressis
1801 521 1959 553 intimatae
1984 526 2014 554 et.

1276 574 1452 607 notificatae
1470 574 1609 618 suerint),
1627 574 1740 618 quibus
1754 573 1898 607 omnibus
1911 579 1940 607 et
1956 574 2014 606 sin-

1276 627 1367 670 gulis,
1382 627 1517 660 etiamsi¹
1535 638 1593 672 pro
1607 628 1732 660 illorum
1748 626 1911 660 sufficienti
1926 627 2013 660 dero-

1277 680 1400 723 gatione
1425 680 1463 713 de
1480 680 1539 713 illis
1568 690 1741 723 eorumque
1763 679 1834 713 totis
1853 679 2012 713 tenoribus

1277 733 1429 777 specialis,
1455 734 1610 777 specifica,
1628 743 1774 777 expressa
1791 738 1821 766 et
1845 731 2012 774 individua,

1277 797 1312 820 ae
1337 786 1374 819 de
1399 786 1494 819 verbo
1519 786 1556 819 ad
1583 786 1723 827 verbum,
1749 795 1811 819 non
1836 790 1939 819 autem
1958 796 2014 829 per

1278 840 1431 873 clausulas
1468 839 1630 883 generales
1668 839 1749 872 idem
1787 838 2013 882 importantes,

1279 892 1394 925 mentio
1412 902 1466 924 seu
1484 892 1611 936 quaeris
1632 891 1691 924 alia
1716 891 1875 935 expressio
1891 890 1929 923 ad
1953 890 2014 924 hoc

1278 945 1430 978 servanda
1454 945 1555 985 soret,
1582 945 1705 978 illarum
1731 949 1874 985 tenores,
1899 943 2014 976 formas

1279 1002 1308 1032 et
1332 999 1510 1032 occasiones
1535 998 1754 1042 praesentibus
1785 1007 1842 1041 pro
1864 996 1954 1041 plene
1985 1001 2015 1029 et

1279 1051 1471 1085 sufficienter
1495 1051 1629 1093 insertis,
1660 1050 1789 1084 servatis
1807 1054 1836 1082 et
1860 1048 2015 1092 expressis

1280 1103 1452 1147 respective
1477 1103 1638 1144 habentes,
1659 1103 1719 1135 illis
1743 1102 1818 1135 alias
1840 1101 1871 1134 in
1895 1111 1951 1135 suo
1968 1112 2016 1135 1¹0-

1279 1156 1356 1189 bore
1375 1156 1599 1200 permansuris,
1620 1156 1678 1189 bac
1702 1155 1768 1188 xice
1785 1155 1945 1188 dumtaxat
1960 1154 2015 1186 ha-

1281 1219 1348 1241 rum
1376 1209 1455 1241 serie
1482 1208 1658 1253 specialiter
1691 1213 1719 1242 et
1747 1218 1892 1252 expresse
1917 1207 2012 1241 (16ιό-ν

1280 1273 1407 1305 gamus;
1426 1262 1600 1305 ceterisque
1625 1261 1790 1295 contrariis
1816 1261 2015 1304 quibuscum-

1280 1326 1353 1359 que,
1379 1319 1431 1349 aut
1455 1315 1479 1348 si
1504 1315 1660 1358 aliquibus
1685 1314 1894 1347 communiter
1911 1314 1957 1346 vel
1974 1313 2017 1346 di-

1282 1368 1368 1400 visim
1393 1368 1430 1400 ab
1449 1368 1557 1400 eadem
1576 1367 1614 1399 sit.
1640 1367 1717 1400 Sede
1746 1367 1910 1407 indultum,
1932 1366 2016 1410 quod

1281 1421 1422 1454 interdici
1441 1448 1448 1460 ,
1484 1420 1630 1464 suspendi
1668 1420 1714 1452 vel
1751 1419 2015 1452 excommunicari

1281 1485 1342 1508 non
1368 1475 1487 1518 possint
1510 1485 1566 1519 per
1590 1475 1708 1506 litteras
1733 1474 1918 1517 apostolicas
1953 1483 2017 1507 non

1282 1526 1428 1558 facientes
1452 1525 1575 1569 plenam
1594 1531 1623 1557 et
1641 1535 1818 1568 expressam
1840 1535 1875 1557 ac
1888 1524 1926 1557 de
1947 1535 2016 1557 ver-

1282 1580 1321 1612 bo
1339 1579 1376 1611 ad
1394 1579 1524 1612 verbum
1542 1579 1580 1611 de
1598 1578 1718 1611 indulto
1735 1577 1915 1611 huiusmodi
1931 1588 2016 1612 men-

1282 1633 1410 1666 tionem.

1325 1687 1436 1719 Datum
1458 1687 1590 1726 Itomae,
1615 1686 1699 1730 apud
1723 1686 1752 1719 S.
1777 1685 1902 1719 Mariam
1928 1685 2018 1719 Maio-

1284 1751 1360 1781 rem,
1386 1739 1443 1772 sub
1470 1739 1585 1772 annulo
1612 1738 1786 1778 piscatoris,
1801 1738 1850 1771 die
1875 1748 1947 1771 xxw
1972 1739 2016 1771 fe-

1283 1793 1400 1826 bruarii
1433 1802 1584 1832 mocm'ut,
1610 1791 1810 1836 pontificatus
1839 1791 1938 1824 nostri
1964 1801 2018 1824 an-

1283 1857 1323 1879 no
1352 1856 1393 1879 111.

1319 1909 1376 1936 Dat.
1395 1908 1437 1935 die
1457 1908 1490 1935 ⁸26
1510 1907 1639 1935 februarii
1662 1907 1739 1941 1658,
1758 1907 1854 1942 pontis.
1875 1916 1944 1934 annu
1960 1914 1999 1934 ιιι.

1606 2049 1699 2082 cxct.

1287 2129 1369 2163 Unio
1394 2129 1531 2172 collegiis,
1548 2140 1603 2161 sect
1628 2128 1800 2172 hospitatis
1827 2128 2020 2171 Greqoriani

1328 2183 1365 2215 de
1392 2182 1470 2215 Urbe
1497 2182 1630 2215 Ordinis
1649 2182 1753 2214 sancti
1769 2181 1936 2214 Benedicti
1953 2192 2021 2214 con-

1327 2236 1511 2280 yreyatiomss
1527 2235 1669 2279 Anyliae
1692 2235 1833 2268 eiusdem
1855 2234 2018 2269 Ordinis-³.

1479 2315 1641 2342 Alexander
1660 2315 1740 2348 Papa
1759 2314 1822 2347 VII,

1426 2361 1461 2387 ad
1481 2360 1614 2387 futuram
1634 2359 1679 2386 rei
1699 2359 1878 2386 memoriam.

1330 2432 1344 2475 g
1369 2431 1397 2463 ¹l.
1424 2430 1542 2474 Exponi
1566 2430 1658 2462 nobis
1679 2440 1778 2473 nuper
1803 2429 1875 2463 feeit
1890 2429 2021 2462 dilectus

1286 2484 1367 2517 tilius
1392 2484 1522 2517 Ioannes
1538 2483 1704 2516 Wilsridus
1722 2483 1819 2516 abbas
1840 2481 2021 2527 praesidens

1320 2556 1333 2582 1
1355 2555 1426 2582 Edit.
1447 2554 1525 2583 main.
1542 2555 1606 2590 legit
1624 2554 1713 2582 eliam
1728 2555 1765 2589 (tt.
1780 2554 1827 2587 Τ.).

1321 2601 1335 2626 :3
1356 2600 1390 2625 Ex
1411 2599 1516 2634 Itegest.
1537 2599 1562 2626 in
1583 2599 1682 2626 Secret.
1704 2599 1783 2626 Brev.
1966 2582 1984 2607 3

2031 211 2078 236 An.
2092 210 2120 236 c.
2143 212 2205 240 1058
2222 199 2230 252 i.

2063 2437 2175 2464 Expositio.
