2263 3215
307 206 356 233 An.
373 205 400 233 e.
423 205 491 234 1655
535 195 579 229 lli

324 1012 329 1028 Ι

316 1043 324 1055 ι

316 1069 328 1108 t:

316 1121 328 1162 'i

332 1009 424 1030 lalwllae
433 1009 479 1034 imp*
486 1018 497 1024 =-

329 1040 369 1055 itan
381 1037 407 1056 al·
417 1036 487 1055 :ir-'hie

332 1069 402 1087 ιςι-ιιμω
418 1061 497 1087 ab<th

332 1090 448 1113 ιιιιιηιΙπιιυ
474 1089 497 1107 Α-

331 1116 430 1144 astutius
461 1115 497 1133 Su-

332 1147 355 1161 u.

549 254 639 297 yavit
661 263 813 296 personas
840 251 1068 285 ecclesiasticas
1089 251 1131 284 ad
1155 251 1241 283 solu-

552 303 670 335 tionem
682 301 886 345 yabellarum
900 305 975 334 (mle
985 301 1146 333 obtentum
1161 300 1246 332 benc-

549 351 707 395 placilum
723 350 952 394 apostolicum·
966 349 1083 393 illique
1101 348 1244 388 mandat,

551 404 586 432 ut
615 399 878 432 communitatem
908 403 936 431 et
969 399 1114 431 homines
1143 396 1246 428 dz‘ctac

552 449 693 481 civitatis
718 448 917 491 illorumque
944 447 1098 490 officiales
1127 450 1154 477 cl
1185 444 1244 476 mi-

551 498 670 530 nistros
702 497 845 530 absolvat
871 508 890 529 α
915 496 1056 529 censuris
1083 499 1111 527 e!
1135 493 1246 536 poenis

554 546 694 580 incursis
726 547 852 579 ratione
883 545 1059 578 eoeactiom's
1083 543 1246 575 dictarum

552 595 758 639 (labellorum
782 595 820 628 ab
845 593 1065 628 ecclesiasticis
1086 592 1187 635 ipsius
1207 591 1246 622 ci-

554 646 666 678 vitatis
690 649 718 678 el
743 643 937 678 clislrz'clus¹.

739 720 910 748 Venerabili
934 719 1019 746 tratri

613 762 837 795 archiepiscopo
858 760 1143 793 caesaraugustano,

705 814 868 842 Alexander
892 814 970 846 Papa
990 813 1051 839 VII.

727 876 912 904 Venerabilis
928 875 1035 907 frater,

547 919 676 946 salutem
698 920 728 945 et
747 916 941 951 apostolicam
961 913 1210 942 benedictionem.

557 994 571 1036 ς
594 993 623 1025 1.
649 993 755 1035 Nuper
781 996 832 1024 tuo
852 996 881 1023 et
898 990 1083 1022 dilectorum
1110 988 1247 1020 tiliorum

513 1046 746 1080 communitatis
771 1050 800 1077 et
824 1043 986 1077 hominum
1016 1042 1147 1076 civitatis
1173 1042 1248 1075 Cae-

513 1104 754 1141 saraugustanae
785 1098 912 1130 nomine
947 1096 1037 1129 nobis
1072 1096 1247 1139 expositum

513 1153 578 1192 suit,
598 1152 680 1195 quod
698 1152 792 1193 (cum,
809 1150 940 1183 durante
964 1155 1049 1193 peste
1073 1160 1153 1193 quae
1170 1159 1251 1182 eam-

513 1206 582 1238 dem
601 1205 754 1237 civitatem
773 1204 900 1246 eiusque
920 1202 1095 1236 districtum
1113 1202 1151 1234 ab
1169 1212 1250 1234 anno

513 1268 662 1291 unchvu
680 1267 778 1301 usque
802 1257 839 1289 ad
864 1266 978 1289 annum
998 1265 1116 1289 Mncmu
1132 1255 1249 1297 afflixit,

513 1312 756 1355 praeteritorum
782 1316 811 1342 et
837 1314 908 1344 tunc
934 1309 1105 1352 vigentium
1134 1309 1164 1341 in
1191 1309 1251 1341 illis

512 1365 652 1408 partibus
677 1364 842 1404 bellorum,
867 1363 999 1406 indeque
1016 1361 1251 1406 exorta³penu-

514 1419 578 1451 riae
602 1418 734 1460 ratione,
752 1418 860 1451 civitas
884 1416 1043 1461 praedicta
1057 1427 1093 1450 eo
1108 1416 1252 1460 inopiae³

515 1471 638 1504 redacta
662 1472 751 1513 soret,
777 1476 810 1503 ut
833 1471 861 1503 ei
885 1481 947 1503 non
972 1474 1153 1514 suppeteret
1170 1470 1252 1503 unde

514 1525 697 1557 necessariis
715 1536 771 1568 pro
787 1524 960 1557 amovendo
977 1524 1122 1567 contagio
1143 1524 1251 1557 huius-

516 1578 599 1611 modi
623 1578 855 1621 provisionibus
887 1589 942 1610 seu
978 1578 1058 1610 aeris
1083 1578 1175 1610 alieni
1206 1588 1253 1610 ea-

514 1636 644 1675 propter
669 1632 818 1664 contracti
849 1631 1046 1664 dissolutioni
1072 1631 1252 1664 consulere-

515 1690 575 1725 tur,
592 1684 713 1728 ipsique
731 1685 939 1718 communitas
956 1690 986 1717 et
1002 1685 1145 1717 homines
1165 1695 1253 1728 quas-

514 1738 585 1769 dam
610 1737 746 1780 gabellas
770 1748 867 1781 super
891 1737 984 1770 rebus
1005 1738 1253 1771 comestibilibus

515 1790 546 1822 in
570 1801 638 1822 eam
663 1801 788 1823 causam
814 1790 1038 1834 impendendas
1058 1791 1089 1823 in
1110 1791 1192 1823 dicta
1212 1791 1253 1823 ci-

517 1844 609 1876 vitate
637 1844 765 1887 eiusque
792 1844 935 1877 districtu
963 1845 1125 1888 imponere
1153 1844 1254 1877 inten-

517 1897 646 1941 derent)
669 1908 687 1929 a
711 1903 740 1929 te
763 1898 935 1940 petierunt,
961 1903 1003 1938 ut,
1028 1903 1145 1931 attento
1169 1898 1253 1942 quod

518 1951 667 1984 laicorum
693 1951 853 1984 facultates
870 1951 907 1984 ad
925 1951 1098 1995 praemissa
1114 1962 1177 1984 non
1195 1952 1255 1984 suf-

518 2004 664 2044 ficerent,
691 2014 840 2047 personas
869 2004 1095 2037 ecclesiasticas
1126 2015 1253 2037 eorum-

518 2056 588 2088 dem
620 2056 752 2090 civitatis
785 2063 814 2089 et
845 2057 1003 2090 districtus
1035 2057 1066 2089 in
1099 2057 1254 2090 solutione

519 2109 710 2149 gabellarum
746 2109 925 2142 huiusmodi
963 2111 1024 2143 una
1060 2121 1130 2143 cum
1167 2110 1255 2143 laicis

520 2171 708 2194 concurrere
732 2163 940 2205 permitteres.
966 2164 1104 2207 Cumque
1129 2169 1176 2205 tu,
1202 2174 1254 2196 co—

519 2214 605 2255 gnita
632 2215 876 2258 praemissorum
896 2217 1035 2257 veritate,
1058 2216 1181 2249 easdem
1207 2227 1254 2249 ec-

520 2266 706 2301 elesiasiieas
730 2279 878 2312 personas
897 2272 956 2302 una
977 2281 1047 2303 cum
1066 2270 1153 2303 laicis
1169 2280 1255 2314 prae-

520 2321 609 2354 dictis
629 2322 660 2354 in
680 2322 834 2355 solutione
854 2323 1033 2356 earumdem
1060 2323 1254 2366 gabellarum

521 2385 709 2407 concurrere
719 2385 810 2418 posse
820 2376 1002 2418 censuisscs,
1017 2382 1056 2417 et,
1067 2377 1142 2411 inito
1156 2388 1173 2410 a
1189 2388 1256 2421 per-

521 2428 605 2460 sonis
636 2438 690 2471 per
719 2433 746 2462 te
777 2440 812 2461 ac
844 2440 899 2472 per
935 2431 1189 2465 communitatem
1226 2436 1257 2464 et

561 2510 568 2534 l
588 2508 623 2533 Ex
640 2507 746 2543 Rogost.
764 2509 788 2535 in
806 2510 906 2536 Serrei.
924 2509 1058 2538 Brevium.

556 2552 572 2577 ⁹).
593 2552 684 2578 Potius
705 2553 819 2586 legerem
840 2557 955 2582 (κονίη
975 2556 1014 2588 (τι,
1030 2558 1079 2589 Τ.).

556 2596 572 2622 3
588 2595 652 2624 Male
668 2596 731 2624 edit„
750 2597 827 2624 ltlain.
844 2597 907 2632 legit
926 2599 1024 2633 inopia
1041 2605 1076 2631 (n.
1100 2604 1148 2635 τ.).

1075 200 1254 227 BULLARIUM
1277 198 1432 224 Romnum

1280 248 1422 280 homines
1449 243 1628 289 praedictos
1659 243 1831 287 respective
1861 243 2016 287 deputatis

1280 309 1487 343 expensarum
1519 308 1555 330 ex
1588 298 1682 330 causa
1713 296 1852 330 eiusdem
1881 296 2020 339 contagii

1280 354 1430 386 factarum
1456 350 1586 390 calculo,
1612 350 1681 382 illas
1705 349 1743 382 ad
1767 360 1921 383 summam
1947 360 2021 384 cen-

1281 411 1344 437 tum
1359 410 1388 436 et
1401 403 1627 447 quinquaginta
1644 413 1697 435 sex
1715 403 1848 435 millium
1873 413 1909 436 ac
1926 403 2022 436 octin-

1280 463 1444 499 gentarum
1470 461 1499 488 et
1523 455 1762 499 quatuordecim
1784 455 1936 488 librarum
1957 466 2022 489 mo-

1280 516 1368 542 netae
1389 510 1513 542 illarum
1539 509 1677 553 partium
1698 508 1833 550 circiter,
1853 519 1932 553 qnae
1953 509 2021 543 toti-

1280 564 1350 596 dem
1376 569 1463 597 scuta
1488 569 1632 597 monetae
1649 573 1798 597 romanae
1815 562 2020 604 constituunt,

1281 617 1311 649 in
1337 623 1434 650 totum
1463 618 1633 651 ascendere
1665 622 1863 661 compertum
1893 616 2020 657 suisset;

1279 681 1338 714 pro
1358 670 1515 704 summae¹
1537 671 1719 704 huiusmodi
1737 670 1922 703 collectione
1941 669 2020 703 duae

1280 725 1422 768 gabellae
1439 735 1534 768 super
1559 725 1658 757 farina
1683 729 1713 757 et
1736 734 1830 756 carne
1850 722 2020 756 vendendis

1280 777 1322 810 et²
1334 777 1511 811 emendisin
1522 777 1644 810 civitate
1658 782 1687 810 et
1699 776 1841 810 districtu
1853 775 2022 819 praedictis

1281 831 1443 874 impositae
1468 832 1604 872 suerunt,
1625 835 1721 874 tuque
1745 835 1775 863 et
1800 839 1952 873 personas
1972 839 2022 862 ec-

1281 883 1469 916 clesiasticas
1486 883 1524 916 ad
1544 883 1727 917 solvendum
1752 884 1814 916 una
1838 893 1909 916 cum
1935 881 2023 915 laicis

1281 937 1420 979 gabellas
1444 936 1624 970 huiusmodi
1653 937 1718 970 sine
1746 941 1855 969 nostro
1879 941 1911 968 et
1932 935 2023 969 Sedis

1281 990 1479 1033 Apostolicae
1506 989 1703 1033 beneplacito
1731 989 1899 1032 obligasti,
1927 993 1958 1022 et
1983 987 2022 1021 de

1282 1044 1362 1077 sacto
1382 1043 1523 1086 gabellae
1543 1043 1722 1087 praedictae
1746 1043 1838 1075 etiam
1863 1041 1903 1075 ab
1926 1042 2023 1076 eccle-

1283 1097 1415 1130 siasticis
1439 1096 1587 1129 exactae³
1611 1096 1748 1129 suerunt.

1327 1151 1342 1194 g
1359 1150 1387 1183 2.
1405 1150 1482 1183 Cum
1502 1154 1616 1191 autem,
1636 1150 1717 1183 sicut
1740 1149 1848 1183 eadem
1869 1149 2022 1194 expositio

1283 1203 1501 1246 subiungebat,
1522 1208 1555 1236 tu
1585 1214 1621 1236 ac
1645 1203 1852 1236 communitas
1872 1207 1902 1237 et
1919 1202 2022 1236 homi-

1285 1267 1338 1290 nes
1362 1256 1523 1300 praedicti,
1543 1262 1578 1290 ut
1597 1257 1628 1290 in
1648 1257 1802 1291 solutione
1827 1256 2022 1300 gabellarum

1284 1310 1464 1344 huiusmodi
1500 1311 1592 1343 etiam
1618 1320 1770 1354 personae
1794 1309 2023 1344 ecclesiasticae

1285 1364 1367 1397 licite
1385 1374 1576 1397 concurrere
1589 1364 1718 1408 possint,
1736 1374 1753 1396 a
1766 1363 1857 1397 nobis
1872 1363 2022 1408 permitti,

1285 1418 1441 1460 statuique
1461 1423 1565 1450 vestro
1590 1418 1621 1450 in
1646 1417 1828 1461 praemissis
1845 1422 2023 1461 opportune

1285 1470 1445 1514 provideri
1466 1480 1669 1514 summopere
1690 1470 1892 1503 desideretis:
1909 1480 1977 1512 nos,
1993 1473 2024 1502 te

1285 1533 1320 1556 ac
1337 1524 1439 1557 dictos
1463 1524 1720 1557 communitatem
1745 1529 1775 1556 et
1799 1523 1943 1556 homines
1959 1532 2025 1566 spe—

1286 1577 1416 1610 cialibus
1437 1578 1598 1611 savoribus
1623 1582 1653 1610 et
1677 1577 1786 1620 gratiis
1810 1576 1959 1621 prosequi
1975 1586 2026 1609 vo-

1286 1631 1394 1672 lentes,
1416 1636 1508 1674 teque
1526 1637 1557 1664 et
1584 1630 1767 1664 eorumdem
1792 1629 2025 1663 communitatis

1285 1695 1321 1717 ac
1345 1685 1508 1718 hominum
1535 1685 1709 1727 singulares
1733 1693 1884 1727 personas
1907 1693 1925 1715 a
1948 1682 2021 1726 qui-

1286 1738 1391 1770 busvis
1424 1737 1778 1777 excommunicationis,
1811 1736 2025 1780 suspensionis

1286 1795 1316 1823 et
1341 1790 1517 1831 interdicti,
1542 1790 1674 1834 aliisque
1701 1790 1919 1823 ecclesiasticis
1946 1800 2022 1823 sen-

1288 1844 1401 1884 tentiis,
1426 1843 1568 1876 censuris
1592 1847 1622 1877 et
1644 1843 1764 1887 poenis,
1785 1853 1802 1875 a
1821 1842 1891 1876 iure
1914 1843 1962 1876 vel
1985 1842 2025 1876 ab

1287 1897 1425 1938 homine,
1441 1897 1549 1940 quavis
1569 1897 1733 1930 occasione
1757 1897 1805 1929 vel
1829 1897 1924 1930 causa
1944 1896 2024 1937 latis,

1287 1951 1312 1984 si
1344 1952 1459 1995 quibus
1487 1951 1726 1994 quomodolibet
1757 1950 1922 1984 innodatae
1953 1950 2023 1984 exi-

1287 2011 1381 2047 stunt,
1406 2005 1445 2038 ad
1469 2005 1614 2038 effectum
1635 2004 1847 2048 praesentium
1865 2004 2026 2037 dumtaxat

1288 2058 1561 2102 consequendum,
1586 2058 1698 2091 harum
1725 2057 1806 2090 serie
1829 2057 2026 2091 absolventes

1288 2118 1317 2145 et
1341 2112 1499 2145 absolutas
1523 2112 1589 2144 sore
1614 2116 1797 2151 censentes,
1822 2110 2027 2154 supplicatio-

1288 2165 1379 2198 nibus
1405 2164 1449 2197 tui
1473 2174 1596 2197 necnon
1617 2164 1850 2197 communitatis
1878 2167 1908 2198 et
1923 2163 2027 2197 homi-

1287 2229 1362 2251 num
1388 2217 1622 2262 praedictorum
1654 2218 1781 2250 nomine
1811 2217 1904 2250 nobis
1932 2226 2026 2260 super

1288 2272 1348 2304 hoc
1373 2270 1534 2303 humiliter
1558 2270 1713 2314 porrectis
1738 2270 1887 2310 inclinati,
1911 2269 1950 2302 de
1974 2279 2027 2302 ve-

1288 2323 1476 2357 nerabilium
1506 2323 1639 2355 fratrum
1667 2327 1848 2357 nostrorum
1877 2321 1906 2355 S.
1932 2321 1966 2354 R.
1992 2321 2024 2354 E.

1289 2376 1495 2410 cardinalium
1524 2376 1712 2409 immunitati
1741 2375 1968 2409 ecclesiasticae
1997 2378 2027 2407 et

1289 2429 1513 2464 controversiis
1537 2429 1838 2464 iurisdictionalibus
1863 2428 2026 2472 praeposi-

1326 2514 1336 2538 1
1359 2511 1426 2538 Male
1445 2511 1509 2538 edit.
1532 2511 1610 2538 Μαίη.
1632 2510 1697 2547 legit
1714 2518 1828 2538 summa
1847 2511 1885 2544 (R.
1906 2510 1954 2544 ¹12).

1325 2557 1340 2583 2
1361 2556 1499 2583 Coniunct.
1521 2559 1547 2584 et
1566 2565 1615 2583 nos
1635 2556 1759 2583 addimus
1777 2556 1817 2590 (R.
1838 2555 1887 2589 Τ.).

1326 2600 1341 2628 3
1360 2599 1426 2629 Male
1445 2601 1510 2628 edit.
1532 2600 1611 2629 Main.
1632 2601 1698 2636 legit
1715 2601 1817 2629 exacta
1838 2600 1875 2634 (R.
1888 2599 1937 2634 r.)-

2023 194 2074 222 An.
2092 195 2122 223 G.
2143 195 2212 224 ¹65⁵

2063 1165 2148 1187 Petilio.
