2263 3215
315 196 364 221 Αη.
380 196 405 221 c.
434 195 498 222 πως
549 186 607 220 176

324 1475 438 1504 Dei-offatm
447 1481 494 1497 ron·

311 1504 431 1523 treviorum.

513 252 625 276 vocare
648 247 758 286 quater
790 244 821 276 in
846 253 928 277 anno
953 244 1167 278 definitorium
1192 257 1252 289 pro

512 296 714 336 recursibus,
735 296 857 329 licitum
894 297 933 330 sit
967 298 1044 331 illud
1079 309 1252 333 convocare

512 349 660 391 congruis
686 350 892 393 temporibus,
916 361 974 384 nec
998 352 1201 395 provincialis
1222 353 1251 385 id

511 401 665 445 impedire
679 402 778 435 valeat
797 403 907 446 quovis
925 408 1088 447 praetextu
1104 405 1161 438 sub
1178 416 1252 449 poe-

511 456 551 486 na
575 454 761 498 privationis
779 456 873 489 officii
898 466 934 489 eo
957 457 1025 500 ipso
1050 458 1251 498 incurrenda3

511 506 649 549 demum,
667 508 751 551 quod
775 508 812 541 ad
838 519 929 541 usum
956 520 1083 542 mensae
1108 510 1249 554 ipsorum

511 560 751 601 monachorum,
773 562 910 606 ipsisque
927 563 1174 604 inservientium,
1188 564 1249 597 ho-

510 613 626 657 spitum
654 620 684 647 et
709 615 925 660 eleemosynae
950 616 1120 658 dumtaxat,
1138 622 1168 650 et
1188 627 1251 650 non

511 666 596 707 alias,
617 673 647 700 et
671 668 702 700 in
727 669 804 702 locis
829 670 957 703 omnino
982 670 1133 714 separatis
1157 680 1174 702 a
1200 681 1251 713 pa-

510 720 594 752 scuis
617 721 722 754 ovium
748 727 777 754 et
797 733 964 766 caprarum
988 733 1005 755 a
1029 722 1251 756 constitutione

508 774 748 822 permissarum,
773 785 878 808 emere
896 781 926 808 et
950 776 1034 808 alere
1060 776 1182 819 possint
1207 781 1251 809 tot

510 835 582 858 sues
607 831 636 858 et
660 827 799 869 scrofas,
825 833 902 871 quot
926 828 1010 860 iuxta
1035 838 1144 861 eorum
1172 828 1251 861 indi-

510 879 659 921 gentiam,
681 890 716 913 ae
740 881 975 924 praedictorum
1001 891 1136 923 mensae,
1151 882 1251 914 inser-

509 932 671 976 vientium,
685 934 845 978 hospitum
863 940 893 968 et
913 935 1128 979 eleemosynae
1141 935 1251 968 usibus

510 990 630 1018 tantum
655 987 800 1020 noverint
823 998 916 1031 posse
939 989 1093 1029 consumi,
1119 990 1156 1021 ea
1183 989 1251 1031 lege

510 1038 652 1080 adiecta,
684 1045 718 1073 ut
748 1040 835 1074 nullo
868 1046 1031 1084 praetextu
1064 1051 1118 1074 seu
1150 1052 1248 1085 quae-

510 1091 570 1124 sito
587 1092 693 1125 colore
710 1092 856 1126 animalia
874 1098 927 1126 aut
943 1103 1053 1127 carnes
1071 1094 1250 1127 huiusmodi

510 1145 656 1188 vendere,
680 1152 873 1190 permutare,
898 1153 951 1180 aut
975 1147 1013 1180 de
1039 1148 1082 1180 eis
1107 1153 1137 1180 et
1156 1158 1252 1191 super

510 1198 555 1231 eis
579 1198 736 1242 quoslibet
759 1199 837 1233 alios
868 1204 1045 1234 contractus
1077 1200 1156 1233 inire
1181 1211 1251 1244 pos-

511 1251 581 1293 sint,
605 1252 790 1285 auctoritate
814 1255 922 1286 nostra
947 1253 1120 1297 apostolica
1143 1264 1251 1287 conce-

510 1304 574 1346 das,
591 1305 678 1337 salva
693 1310 795 1338 tamen
813 1316 938 1350 semper
959 1306 988 1339 in
1002 1307 1183 1350 praemissis
1201 1318 1252 1339 au-

511 1357 654 1390 ctoritate
674 1358 929 1401 congregationis
950 1359 1134 1392 eorumdem
1154 1360 1252 1393 cardi-

509 1411 637 1444 nalium.

553 1464 568 1507 §
599 1464 629 1498 3.
659 1465 727 1498 Non
758 1464 954 1498 obstantibus
986 1466 1190 1509 praemissis,
1216 1478 1251 1499 ac

509 1517 785 1551 constitutionibus
803 1523 833 1551 et
849 1518 1100 1552 ordinationibus
1125 1525 1251 1563 aposto-

508 1570 586 1611 licis,
599 1580 732 1611 necnon,
749 1576 903 1614 quatenus
919 1582 998 1614 opus
1015 1571 1064 1612 sit,
1078 1571 1202 1605 Ordinis
1222 1578 1251 1605 et

507 1623 690 1667 provinciae
714 1624 907 1666 huiusmodi,
932 1625 1062 1668 eiusque
1087 1631 1246 1659 monaste-

507 1676 628 1710 riorum
646 1688 932 1722 quorumcumque,
950 1678 1042 1711 etiam
1062 1673 1249 1721 iuramento,

509 1735 577 1773 etc.,
596 1731 627 1763 in
645 1731 838 1764 contrarium
853 1731 1102 1775 praemissorum
1121 1743 1250 1775 quomo-

507 1784 626 1818 dolibet
643 1785 810 1825 concessis,
828 1785 1022 1818 confirmatis
1039 1791 1069 1818 et
1082 1785 1248 1825 innovatis,

507 1838 622 1882 quibus
647 1838 793 1871 omnibus
814 1844 844 1871 et
858 1838 1000 1881 singulis,
1018 1839 1145 1872 illorum
1167 1844 1250 1872 teno-

506 1902 568 1932 res,
593 1897 660 1933 etc.‚
686 1892 724 1924 ad
749 1892 997 1935 praemissorum
1023 1891 1169 1925 effectum
1183 1903 1249 1935 spc-

507 1945 627 1978 cialiter
641 1951 671 1978 et
687 1955 833 1988 expresse
851 1945 1055 1988 derogamus3
1073 1946 1249 1989 ceterisque

507 1998 674 2031 contrariis
699 1998 960 2042 quibuscumque.

550 2050 662 2084 Datum
688 2051 816 2090 Romae,
841 2051 923 2094 apud
944 2052 973 2084 S.
995 2051 1121 2084 Mariam
1159 2052 1249 2085 Maio-

506 2115 594 2144 rem,
615 2104 673 2137 sub
701 2105 817 2137 annulo
842 2104 1019 2145 Piscatoris‚
1044 2105 1095 2137 die
1123 2115 1145 2138 11
1172 2105 1247 2138 iunii

507 2167 634 2197 MDCLv1,
659 2157 860 2200 pontificatus
884 2157 981 2190 nostri
1008 2167 1089 2191 anno
1110 2168 1140 2191 11.

543 2218 601 2246 Dat.
620 2218 662 2245 die
677 2218 694 2245 2
708 2218 775 2245 iunii
795 2218 871 2249 1656,
888 2219 984 2254 pontif.
1003 2227 1074 2246 anno
1090 2225 1119 2246 11.

841 2352 925 2386 CXII.

508 2423 692 2458 Prohibitio
716 2424 911 2457 extrahendi
937 2428 1032 2470 extra
1062 2427 1251 2457 conventum

554 2477 664 2517 libros,
682 2477 860 2521 quinterna
873 2481 901 2510 et
914 2477 997 2520 solia
1012 2482 1078 2510 tam
1095 2477 1251 2521 impressa

553 2540 654 2573 quam
678 2530 904 2573 manuscripta
921 2540 935 2563 e
953 2530 1155 2564 bibliothecis
1177 2539 1250 2563 con—

555 2587 708 2616 venturam
733 2584 876 2626 fratrum
903 2584 1193 2627 Cappuccinorum,
1223 2588 1252 2616 ct

1091 199 1227 223 BULLAIU
1234 201 1274 223 ΟΜ
1296 201 1402 223 ROMA&
1409 201 1448 223 ΠΜ

1331 246 1397 279 alib
1422 245 1601 289 deferendi,
1629 246 1767 289 excaeptis
1793 245 2026 289 praedicatori-

1333 299 1390 331 bus
1416 303 1554 341 tempore
1578 297 1881 341 quadragesimae&

1482 386 1648 413 Alexander
1669 387 1747 420 Papa
1767 387 1828 420 VII,

1429 431 1463 457 ad
1486 430 1618 457 futuram
1639 431 1683 458 rei
1705 431 1883 458 memoriam.

1330 510 1566 543 Conservationi
1581 515 1610 543 et
1627 510 1853 544 manutentioni
1872 510 2026 544 librorum

1287 563 1548 596 bibliothecarum
1585 563 1726 597 omnium
1764 569 1793 596 et
1829 564 2026 607 singulorum

1286 622 1495 649 conventuum
1538 617 1671 650 fratrum
1711 616 1836 650 Ordinis
1872 618 2025 651 Minorum

1285 669 1383 702 sancti
1404 669 1561 702 Francisci
1579 669 1851 713 Cappuccinorum
1870 680 2027 714 nuncupa-

1285 726 1388 754 torum
1414 721 1444 754 in
1469 732 1670 765 quacumque
1702 722 1809 754 mundi
1842 727 1932 766 parte
1955 723 2024 755 exi-

1285 775 1444 815 stentium,
1455 780 1606 818 quantum
1616 786 1688 808 eum
1702 775 1836 808 Domino
1848 786 2026 819 possumus,

1286 827 1421 869 benigne
1439 827 1613 867 consulere,
1627 838 1662 860 ac
1676 827 1824 860 dilectum
1844 827 1944 860 filium
1962 839 2027 862 mo-

1285 879 1420 913 dernum
1445 879 1519 913 dicti
1545 879 1670 913 Ordinis
1695 881 1873 914 ministrum
1899 891 2028 924 genera-

1287 933 1347 966 lem
1373 933 1561 976 specialibus
1582 933 1740 967 favoribus
1765 938 1794 967 et
1818 934 1929 977 gratiis
1952 944 2027 978 pro-

1286 985 1372 1029 sequi
1398 986 1547 1027 volentes,
1565 990 1594 1020 et
1618 997 1635 1019 a
1659 986 1820 1030 quibusvis
1846 997 2028 1020 exeommu-

1286 1038 1462 1079 nicationis,
1488 1039 1702 1082 suspensionis
1720 1042 1749 1073 et
1765 1038 1932 1081 interdicti,
1947 1038 2028 1072 aliis-

1286 1101 1347 1134 que
1371 1091 1590 1124 ecclesiasticis
1623 1092 1806 1133 sententiis,
1831 1092 1974 1125 censuris
1998 1096 2029 1125 et

1286 1145 1406 1188 poenis⁷
1432 1155 1449 1177 a
1474 1145 1542 1178 iure
1560 1145 1607 1178 vel
1632 1145 1670 1178 ab
1695 1145 1833 1187 homine,
1852 1145 1960 1189 quavis
1979 1156 2028 1179 oc-

1286 1198 1410 1231 casione
1446 1198 1492 1231 vel
1526 1200 1619 1231 causa
1651 1198 1731 1238 latis,
1756 1198 1780 1230 si
1806 1198 1920 1242 quibus
1948 1208 2027 1242 quo-

1286 1252 1458 1286 modolibet
1482 1253 1648 1286 innodatus
1673 1253 1796 1293 existit,
1822 1252 1859 1285 ad
1880 1252 2028 1286 effectum

1285 1305 1498 1348 praesentium
1513 1306 1674 1339 dumtaxat
1691 1305 1961 1349 consequendum,
1977 1305 2029 1338 ha-

1285 1369 1355 1390 rum
1381 1359 1461 1391 serie
1486 1358 1683 1392 absolventes
1708 1364 1738 1391 et
1762 1358 1942 1392 absolutum
1960 1358 2028 1391 fore

1286 1415 1458 1453 censentes,
1479 1412 1764 1455 supplicationibus
1789 1411 1863 1444 dicti
1892 1411 2028 1444 ministri

1286 1465 1441 1507 generalis
1466 1464 1594 1498 nomine
1617 1464 1709 1498 nobis
1727 1474 1822 1507 super
1847 1464 1906 1497 hoc
1931 1463 2029 1497 humi-

1286 1518 1357 1550 liter
1378 1518 1535 1561 porrectis
1560 1518 1720 1558 inclinati,

1330 1572 1344 1615 ᾗ
1369 1571 1397 1604 l.
1423 1572 1467 1605 Ne
1492 1571 1530 1604 de
1555 1576 1660 1605 cetero
1696 1571 1861 1615 quisquam
1876 1597 1884 1611 ,
1917 1570 2026 1614 quavis

1285 1625 1480 1665 auctoritate,
1506 1624 1737 1669 superioritate,
1764 1635 1817 1658 seu
1836 1624 1939 1658 officio
1955 1624 2028 1657 sun-

1285 1688 1371 1720 gens,
1397 1678 1504 1718 libros,
1525 1678 1702 1721 quinterna‚
1722 1677 1805 1718 solia,
1825 1683 1878 1710 aut
1894 1677 2028 1721 scriptu-

1284 1741 1356 1773 ras,
1383 1736 1445 1763 tam
1471 1731 1643 1774 impressa,
1668 1741 1762 1774 quam
1794 1731 2027 1775 manuscripta,

1285 1789 1347 1816 tam
1374 1784 1524 1817 hactenus
1550 1794 1607 1828 per
1632 1794 1849 1828 quoscumque
1873 1783 2025 1817 christifi-

1283 1837 1368 1870 deles
1385 1837 1475 1870 dictis
1496 1837 1697 1871 bibliothecis
1718 1837 1890 1881 respective
1915 1837 2028 1871 donata

1284 1895 1313 1923 et
1333 1890 1513 1933 assignata,
1539 1901 1632 1933 quam
1664 1890 1694 1923 in
1728 1896 1889 1934 posterum
1921 1891 2028 1924 forsan

1283 1943 1428 1976 donanda
1452 1948 1481 1976 et
1504 1943 1709 1986 assignanda,
1736 1943 1898 1987 quibusvis
1921 1954 2028 1988 perso-

1283 1996 1331 2028 nis
1357 1997 1591 2040 (praeterquam
1617 1996 1768 2029 fratribus
1788 1996 1861 2029 dicti
1887 1996 2023 2037 Ordinis,

1283 2049 1336 2093 qui
1361 2049 1489 2092 quidem
1520 2049 1620 2082 libros
1644 2060 1661 2081 a
1685 2049 1886 2083 bibliothecis
1916 2049 2027 2084 huius-

1284 2102 1367 2135 modi
1394 2103 1569 2146 respective
1585 2103 1622 2136 de
1648 2103 1823 2147 superioris
1841 2114 1897 2137 seu
1916 2103 2029 2137 biblio-

1282 2155 1413 2188 thecarii
1449 2166 1507 2199 pro
1540 2161 1684 2200 tempore
1717 2156 1876 2190 existentis
1900 2156 2028 2190 licentia

1284 2209 1461 2251 extrahere,
1487 2214 1517 2241 et
1541 2209 1585 2242 eis
1610 2219 1670 2253 pro
1694 2209 1855 2243 communi
1884 2220 2024 2243 conven-

1285 2265 1372 2295 tuum
1398 2267 1429 2294 et
1453 2262 1637 2305 particulari
1661 2262 1794 2296 fratrum
1809 2262 1885 2296 dicti
1902 2262 2027 2297 Ordinis

1285 2325 1343 2348 usu
1368 2315 1399 2347 in
1424 2315 1488 2348 suis
1512 2316 1650 2356 cellulis,
1675 2316 1827 2350 fratribus
1851 2327 1978 2361 quoque
1998 2327 2028 2351 e-

1285 2368 1407 2401 iusdem
1432 2367 1557 2402 Ordinis
1582 2369 1714 2403 verbum
1738 2370 1793 2403 Dei
1817 2369 2026 2414 praedicanti-

1322 2459 1332 2485 1
1356 2457 1530 2486 Consimilem
1559 2459 1783 2486 Constitutionem
1811 2458 1897 2486 edidit
1916 2467 1965 2496 pro
1986 2459 2028 2487 his

1285 2502 1413 2530 fratribus
1433 2503 1560 2530 Urbanus
1579 2503 1652 2537 VIII,
1673 2502 1764 2530 Const.
1785 2510 1873 2531 cxcvn
1891 2503 1943 2538 (al.
1964 2503 2026 2539 170)

1285 2551 1352 2575 tom.
1369 2554 1426 2580 xm,
1443 2555 1504 2582 pag.
1521 2547 1583 2583 448,
1606 2556 1666 2575 cum
1691 2548 1820 2575 facultate
1840 2547 2027 2583 superioribus

1285 2591 1471 2619 commutandi
1487 2592 1570 2619 libros
1586 2591 1694 2619 inutiles
1710 2600 1757 2627 per
1773 2600 1868 2619 coium
1889 2592 2024 2628 syndieos.

2043 202 2091 226 An.
2106 202 2133 227 (Σ.
2157 204 2216 231 1656

2069 528 2202 552 Prooemium.

2077 1583 2176 1604 Prohibet
2188 1589 2219 1605 ex·

2043 1610 2167 1631 tractionem
2198 1607 2234 1633 li·l
2257 1618 2263 1625 ¹

2043 1636 2128 1657 brorum
2155 1642 2166 1657 a
2191 1635 2234 1658 lii-2
2261 1647 2263 1649 ·

2043 1662 2154 1684 btiothecis
2174 1668 2218 1684 con·
2232 1675 2233 1686 ³

2043 1691 2142 1710 ventnum
2180 1689 2218 1710 fra-
2232 1696 2233 1707 i
2249 1690 2254 1694 ⁴

2043 1718 2096 1736 trum
2111 1715 2218 1743 Cappuwi·
2235 1699 2263 1737 itii·

2042 1748 2124 1764 uorum.

2232 1580 2237 1604 J,
2250 1582 2263 1605 l·

2248 1658 2255 1687 ⁴.
