2185 3188
27 212 75 236 An.
97 210 126 236 C.
144 209 211 237 1655

96 1124 219 1145 Praedictas

44 1151 212 1172 commissionum

36 1178 118 1199 litteras
139 1176 220 1198 servari

35 1205 120 1226 mandat
129 1204 163 1225 hie
169 1204 222 1225 Poi-

38 1232 94 1253 tifex.

46 2236 156 2259 obstantia
167 2237 226 2259 tuitii.

820 206 1008 229 ALEXANDER
1033 205 1077 228 v11
1098 206 1144 228 Pr.
1695 194 1713 226 7

226 256 311 290 misit
327 261 357 290 et
370 256 538 297 mandavit,
552 261 596 298 ut,
614 256 737 288 servata
754 254 856 287 forma
871 264 967 296 supra

226 310 444 355 praescripta,
470 310 564 343 etiam
594 309 632 342 ad
659 308 823 342 ambarum
852 307 966 339 harum

227 364 432 408 epistolarum
450 367 478 397 et
496 363 678 407 praedictae
697 360 904 395 ordinationis
921 372 968 393 ve-

227 417 436 451 rificationem
469 416 581 450 iisdem
613 415 714 448 modis
746 419 775 448 et
806 413 967 456 terminis,

228 471 282 515 qui
306 470 338 503 in
361 470 530 514 praedictis
554 469 665 502 litteris
689 467 791 511 quoad
821 466 967 500 verifica-

228 524 346 557 tionem
371 523 521 567 epistolae
537 521 703 566 pastoralis
728 520 802 553 dicti
820 520 969 553 Ludovici

228 577 355 611 Ilenrici
369 575 600 620 archiepiscopi
614 573 803 607 Senonensis
819 572 970 617 praescri-

229 631 274 674 pti
297 635 380 671 sunt,
403 628 616 673 procederetis
631 654 638 667 ,
667 632 697 659 et
721 627 796 659 alias
818 631 914 670 prout
938 626 970 658 in

230 683 311 716 binis
344 683 483 716 eiusdem
516 680 688 714 innocentii
718 679 970 723 praedecessoris

231 737 366 781 desuper
389 737 421 769 in
445 735 539 769 simili
564 735 665 768 forma
681 733 797 775 Brevis,
815 732 885 765 unis
902 732 971 776 qui-

231 791 303 824 dem
337 790 387 823 die
410 800 477 823 xxii
500 787 677 822 decembris
701 796 838 827 uncum,
865 786 971 819 alteris

232 854 306 877 rero
331 843 380 876 die
403 853 480 877 xxv1
506 841 646 876 octobris
669 850 787 874 nncmv
820 839 972 883 expeditis

231 897 352 938 litteris,
372 907 506 941 quarum
530 901 655 929 tenores
679 893 897 938 praesentibus
914 904 972 937 pro

233 951 325 995 plene
352 955 382 983 et
410 950 599 983 sufficienter
627 948 784 992 expressis
808 953 839 980 et
862 947 972 980 verba-

234 1004 289 1037 tim
307 1004 431 1037 insertis
448 1003 558 1036 haberi
574 1002 730 1042 volumus,
754 1001 885 1034 uberius
903 1010 974 1034 con—

234 1058 360 1091 tinetur.

279 1111 293 1154 §
318 1110 347 1143 5.
372 1110 448 1144 Cum
472 1114 587 1150 autem,
605 1109 686 1142 sicut
705 1108 796 1142 nobis
822 1108 972 1149 innotuit,

235 1164 362 1197 eaedem
382 1163 554 1197 innocentii
571 1161 826 1206 praedecessoris
851 1162 974 1195 litterae

235 1217 374 1251 nondum
391 1217 507 1250 suerint
526 1216 670 1249 effectum
689 1215 826 1256 sortitae,
850 1225 918 1255 nos,
939 1215 975 1247 il-

234 1272 280 1305 las
304 1270 479 1304 executioni
504 1270 687 1303 demandari
712 1269 861 1309 volentes,
887 1268 975 1301 vobis

236 1330 365 1370 septem,
383 1325 495 1358 fratres
519 1323 749 1367 archiepiscopi
774 1328 803 1355 et
827 1322 974 1366 episcopi,

236 1389 293 1423 per
303 1383 484 1422 praesentes
501 1377 672 1420 apostolica
689 1376 874 1409 auctoritate
895 1386 977 1408 com-

237 1432 391 1464 mittimus
415 1435 446 1463 et
471 1430 666 1470 mandamus,
695 1434 728 1463 ut
751 1440 816 1469 vos,
841 1429 974 1462 coniun-

239 1484 313 1518 ctim
338 1484 386 1516 vel
411 1483 588 1527 separatim,
606 1493 669 1516 non
686 1488 791 1515 tamen
814 1483 846 1515 in
864 1482 978 1515 minori

239 1547 373 1570 numero
391 1547 483 1580 quam
505 1536 577 1577 duo,
595 1536 632 1569 ad
650 1536 895 1569 verificationem
913 1536 978 1579 epi—

240 1591 338 1624 stolae
357 1590 430 1623 dicti
444 1589 592 1623 Ludovici
606 1589 731 1622 Ilenrici
750 1589 979 1632 archiepiscopi

240 1643 439 1683 Senonensis,
454 1648 483 1675 et
497 1643 631 1676 aliorum
650 1642 680 1674 in
694 1642 890 1686 primodie-tis
905 1642 981 1673 litte-

239 1696 283 1729 ris
307 1700 540 1736 contentorum‚
558 1705 681 1727 necnon
699 1695 853 1727 dictarum
870 1694 982 1737 episto-

239 1750 341 1782 larum
366 1748 571 1793 pastoralium
592 1759 648 1792 per
673 1748 799 1780 eosdem
818 1748 980 1781 Nicolaum

239 1803 490 1836 Bellovacensem
508 1807 537 1834 et
554 1801 741 1835 Gilibertum
762 1800 980 1834 Convenarum

239 1856 415 1901 episcopos,
433 1861 467 1888 ut
491 1854 715 1898 praemittitur,
736 1854 980 1898 publicatarum,

240 1921 276 1943 ac
300 1909 506 1943 ordinationis
537 1909 695 1952 praefatae
722 1907 865 1940 eiusdem
889 1908 982 1941 Nico-

240 1962 279 1996 lai
302 1962 444 2006 episcopi
471 1961 709 2001 Bellovacensis,
733 1963 855 1994 servata
879 1962 982 1994 forma

240 2016 272 2048 in
288 2016 370 2048 binis
387 2014 461 2048 dicti
480 2015 651 2047 Innocentii
672 2014 924 2058 praedecessoris
939 2015 983 2047 lit<

242 2070 316 2103 teris
334 2068 514 2101 huiusmodi
530 2068 735 2112 praescripta,
754 2068 863 2101 iisdem
882 2069 983 2102 modis

242 2129 272 2157 et
297 2123 449 2166 terminis,
474 2123 526 2167 qui
554 2123 585 2155 in
610 2122 727 2155 eisdem
752 2122 865 2155 litteris
891 2133 982 2166 prae-

243 2177 351 2221 scripti
375 2181 457 2217 sunt,
474 2175 661 2220 procedatis.

288 2231 302 2274 ἓ
319 2229 348 2263 6.
362 2231 431 2264 Non
447 2230 641 2263 obstantibus
655 2229 802 2262 omnibus
816 2229 887 2270 illis,
905 2240 983 2273 quae

243 2284 345 2317 dictus
370 2283 571 2317 Innocentius
595 2283 821 2327 praedecessor
846 2283 877 2316 in
895 2284 985 2316 dictis

243 2338 325 2370 binis
350 2337 414 2370 suis
438 2337 548 2370 litteris
573 2337 671 2370 voluit
690 2347 754 2370 non
779 2337 914 2378 obstare,
939 2347 986 2370 ce-

245 2392 382 2435 terisque
407 2391 574 2424 contrariis
590 2391 852 2435 quibuscumque.

287 2445 398 2478 Datum
428 2445 566 2486 Romae,
591 2444 673 2488 apud
698 2444 726 2477 S.
753 2445 902 2486 Petrum,
928 2445 986 2478 sub

244 2499 360 2532 annulo
389 2498 573 2538 Piscator-is,
594 2497 644 2530 die
668 2508 742 2531 xxlv
772 2498 845 2531 maii
869 2509 985 2541 MDCLV,

245 2552 446 2596 pontificatus
466 2551 566 2585 nostri
584 2561 664 2584 anno
679 2562 697 2584 ι.

282 2614 340 2643 Dat.
358 2614 401 2642 die
420 2614 455 2641 24
470 2614 534 2642 maii
551 2614 629 2649 1655,
645 2614 740 2650 pontis.
761 2622 831 2643 anno
851 2623 870 2643 1.

1348 254 1394 286 lv.

1004 324 1227 359 Commitlz'lur
1239 324 1479 367 archiepiscopo
1494 324 1744 361 Panormitano,

1046 382 1082 410 ut
1099 378 1285 420 interponat
1306 377 1533 409 auctoritatem
1552 376 1746 410 Sam-{itatis

1045 432 1129 464 Suae
1153 430 1345 473 ohligyati'om'
1369 431 1471 472 sactae
1494 440 1582 462 anno
1603 439 1744 462 noxum

1046 485 1081 517 in
1107 484 1248 516 comitiis
1275 484 1376 516 trium
1403 487 1549 515 statuum
1576 483 1670 525 regine?
1694 482 1744 515 St·-

1047 538 1144 571 ciliae
1168 538 1205 570 de
1228 537 1389 577 solvendo,
1409 541 1436 569 et
1453 538 1562 579 forsan
1588 536 1746 568 solutioni?

1048 593 1115 624 iam
1131 592 1315 634 fcrctae,per
1332 591 1453 623 clerum
1471 590 1550 622 dicti
1568 590 1661 632 reyni
1677 590 1746 632 reyi

1048 645 1206 678 catholico
1221 644 1258 677 de
1270 645 1363 677 cerlis
1375 644 1593 687 pecuniarum
1610 654 1713 675 summ
1721 643 1747 675 is

1049 697 1194 731 donativo
1219 697 1380 731 ordinario
1405 696 1603 740 mmcupcttis
1618 695 1636 728 ¹.

1005 769 1173 798 Venerabili
1185 769 1272 797 fratri
1288 768 1513 803 archiepiscopo
1527 767 1748 800 Panormitano,

1192 822 1360 850 Alexander
1381 822 1459 855 Papa
1479 822 1558 849 vm.

1226 883 1411 911 Venerabilis
1434 883 1535 917 frater,

1043 930 1172 957 salutem
1193 931 1223 956 et.
1243 927 1442 962 apostolicam
1462 926 1713 955 benedictionem.

1051 1002 1066 1045 ξ
1091 1001 1120 1033 ‘l.
1146 1000 1267 1044 Exponi
1292 999 1383 1033 nobis
1407 1009 1510 1043 nuper
1535 998 1607 1032 fecit
1631 998 1750 1031 charis-

1008 1055 1106 1088 simus
1131 1054 1163 1087 in
1186 1054 1310 1088 Christo
1342 1053 1425 1086 filius
1454 1058 1561 1086 noster
1587 1052 1751 1096 Philippus

1008 1108 1230 1152 Hispaniarum
1264 1118 1319 1140 rex
1345 1107 1537 1147 catholicus,
1557 1106 1641 1150 quod
1667 1107 1752 1149 (cum

1008 1162 1112 1195 dilecti
1137 1161 1193 1194 tilii
1218 1167 1281 1194 tres
1306 1161 1470 1194 hominum
1489 1166 1596 1201 status,
1615 1170 1669 1193 seu
1694 1159 1752 1192 tria

1009 1216 1136 1249 brachia
1154 1215 1400 1248 ecclesiasticum
1415 1241 1423 1255 ‚
1441 1213 1575 1247 militare
1599 1218 1629 1246 et
1652 1213 1755 1245 dema-

1009 1269 1090 1301 nialc
1111 1273 1300 1312 nuncupata,
1319 1267 1409 1310 regni
1426 1267 1550 1300 Siciliae
1571 1267 1653 1299 ultra
1675 1266 1754 1299 Plia-

1011 1333 1091 1362 rum,
1109 1322 1197 1354 cuius
1222 1322 1287 1365 ipse
1312 1321 1477 1364 Philippus
1495 1321 1586 1352 etiam
1613 1330 1669 1352 rex
1694 1320 1754 1352 exi-

1011 1377 1081 1417 stit,
1108 1375 1297 1420 quibusdam
1324 1374 1565 1408 rationabilibus
1590 1374 1628 1406 de
1653 1373 1754 1406 causis

1012 1441 1121 1464 eorum
1139 1431 1261 1463 animos
1275 1429 1484 1469 moventibus,
1498 1428 1536 1461 de
1551 1438 1658 1460 mense
1672 1433 1755 1461 octo-

1012 1484 1077 1516 bris
1101 1493 1265 1517 nnchvni
1290 1483 1327 1515 de
1353 1481 1515 1515 offerendo
1550 1481 1650 1514 eidem
1677 1481 1752 1514 Plri-

1013 1537 1100 1580 lippo
1130 1537 1197 1579 regi
1229 1547 1264 1568 ac
1297 1536 1371 1568 dicti
1404 1535 1494 1578 regni
1522 1535 1651 1579 proregi
1683 1539 1756 1568 tunc

1013 1591 1156 1623 existenti
1171 1596 1271 1623 certas
1286 1590 1491 1633 pecuniarum
1507 1600 1646 1622 summas
1659 1589 1757 1621 dona<

1016 1645 1117 1676 le‘vum
1136 1643 1343 1676 ordinarium
1361 1648 1565 1686 nuncupatas,
1586 1642 1643 1675 sub
1664 1642 1757 1675 certis

1015 1696 1168 1736 terminis,
1185 1696 1343 1739 modoque
1361 1701 1390 1728 et
1406 1696 1507 1728 forma
1524 1695 1693 1738 exigendas
1711 1696 1757 1727 in-

1015 1756 1062 1782 ter
1086 1760 1119 1783 se
1144 1750 1365 1791 tractaverint,
1392 1749 1513 1792 ipsique
1538 1753 1635 1782 status
1661 1749 1754 1782 obtu-

1015 1803 1109 1835 lerint
1132 1813 1168 1835 ac
1193 1802 1368 1845 respective
1388 1802 1631 1845 prorogaverint
1656 1802 1757 1834 eidem

1016 1856 1083 1899 regi
1115 1855 1291 1888 subsidium
1329 1856 1524 1888 ordinarium
1556 1855 1758 1895 liuiusniodig

1016 1910 1134 1943 scilicet
1158 1914 1245 1943 scuta
1270 1910 1500 1953 quadringenta
1532 1909 1760 1953 quinquaginta

1017 1964 1114 1996 millia
1138 1963 1287 1996 solvenda
1317 1963 1411 1996 unica
1443 1963 1511 1995 vice
1541 1963 1620 1995 inl‘ra
1645 1974 1758 1996 novem

1016 2028 1113 2050 annos
1140 2017 1334 2050 inclioandos
1358 2027 1375 2048 a
1400 2016 1461 2049 tine
1486 2016 1621 2049 aliorum
1646 2027 1759 2049 norem

1016 2081 1170 2104 annorum
1198 2070 1340 2113 ad-quos
1361 2070 1462 2102 simile
1484 2070 1659 2102 subsidium
1685 2070 1760 2103 alias

1017 2135 1199 2157 concessum
1231 2124 1294 2156 sire
1326 2129 1534 2167 prorogatum
1563 2134 1634 2156 cum
1666 2124 1760 2156 liuius

1017 2183 1141 2210 sanctae
1166 2178 1254 2211 Sedis
1289 2177 1415 2210 licentia
1443 2187 1498 2210 scu
1534 2177 1759 2220 approbatione

1017 2233 1094 2273 suit,
1124 2231 1162 2264 ad
1192 2231 1347 2264 rationem
1373 2231 1599 2274 quinquaginta
1625 2231 1758 2264 millium

1018 2285 1158 2328 quolibet
1179 2295 1272 2325 auno,
1290 2295 1347 2328 pro
1373 2284 1608 2317 manutentionc
1637 2295 1689 2317 sex
1711 2285 1761 2317 tri-

1020 2339 1153 2371 remium
1171 2338 1210 2370 ad
1227 2338 1442 2371 defensionem
1460 2338 1556 2381 ipsius
1576 2338 1682 2380 regni3
1701 2338 1760 2370 alia

1020 2398 1107 2425 scuta
1141 2398 1267 2425 centum
1302 2392 1530 2435 quinquaginta
1563 2392 1660 2424 millia
1693 2392 1757 2425 sol-

1020 2445 1119 2479 venda
1144 2446 1243 2489 spatio
1270 2445 1364 2478 trium
1397 2455 1552 2478 annorum
1578 2443 1760 2478 a‘kalendis

1020 2498 1208 2543 septembris
1244 2498 1383 2531 eiusdem
1421 2498 1494 2531 anni
1520 2508 1683 2532 nncxnvm
1708 2498 1757 2531 in-

1057 2617 1068 2643 l
1087 2615 1124 2643 Ex
1139 2615 1247 2650 Regest.
1263 2615 1290 2642 in
1304 2615 1406 2643 Secret.
1423 2615 1501 2643 Brev.

1762 204 1808 228 Au.
1829 203 1857 228 C*
1876 202 1942 228 1655

1793 1011 1886 1038 Expositz
1895 1017 1909 1030 κ
