<?xml version="1.0" encoding="UTF-8"?>
<!DOCTYPE html PUBLIC "-//W3C//DTD XHTML 1.0 Transitional//EN"
    "http://www.w3.org/TR/xhtml1/DTD/xhtml1-transitional.dtd">
<html xmlns="http://www.w3.org/1999/xhtml" xml:lang="en" lang="en">
 <head>
  <title>
</title>
<meta http-equiv="Content-Type" content="text/html;charset=utf-8" />
  <meta name='ocr-system' content='tesseract 3.04.00' />
  <meta name='ocr-capabilities' content='ocr_page ocr_carea ocr_par ocr_line ocrx_word'/>
</head>
<body>
  <div class='ocr_page' id='page_1' title='image "./bullarumdiplomat16cath_0123.png"; bbox 0 0 2185 3188; ppageno 0'>
   <div class='ocr_carea' id='block_1_1' title="bbox 11 198 195 226">
    <p class='ocr_par' dir='ltr' id='par_1_1' title="bbox 11 198 195 226">
     <span class='ocr_line' id='line_1_1' title="bbox 11 198 195 226; baseline -0.005 0"><span class='ocrx_word' id='word_1_1' title='bbox 11 199 60 226; x_wconf 85' lang='lat' dir='ltr'>An.</span> <span class='ocrx_word' id='word_1_2' title='bbox 82 199 109 226; x_wconf 90' lang='lat' dir='ltr'>C.</span> <span class='ocrx_word' id='word_1_3' title='bbox 129 198 195 225; x_wconf 85' lang='lat'><strong>1655</strong></span> 
     </span>
    </p>
   </div>
   <div class='ocr_carea' id='block_1_2' title="bbox 802 195 1128 218">
    <p class='ocr_par' dir='ltr' id='par_1_2' title="bbox 802 195 1128 218">
     <span class='ocr_line' id='line_1_2' title="bbox 802 195 1128 218; baseline -0.003 0"><span class='ocrx_word' id='word_1_4' title='bbox 802 195 987 218; x_wconf 60' lang='lat' dir='ltr'>Atnxxxtvttn</span> <span class='ocrx_word' id='word_1_5' title='bbox 1014 195 1056 217; x_wconf 65' lang='lat' dir='ltr'>vlt</span> <span class='ocrx_word' id='word_1_6' title='bbox 1084 195 1128 217; x_wconf 78' lang='grc' dir='ltr'>ΓΡ.</span> 
     </span>
    </p>
   </div>
   <div class='ocr_carea' id='block_1_3' title="bbox 206 243 949 2526">
    <p class='ocr_par' dir='ltr' id='par_1_3' title="bbox 206 243 949 2526">
     <span class='ocr_line' id='line_1_3' title="bbox 207 243 947 288; baseline -0.007 -9"><span class='ocrx_word' id='word_1_7' title='bbox 207 245 382 288; x_wconf 79' lang='lat' dir='ltr'>Augustini,</span> <span class='ocrx_word' id='word_1_8' title='bbox 404 244 665 284; x_wconf 84' lang='lat' dir='ltr'>Cluniacensium,</span> <span class='ocrx_word' id='word_1_9' title='bbox 683 243 947 284; x_wconf 83' lang='lat' dir='ltr'>Cisterciensium,</span> 
     </span>
     <span class='ocr_line' id='line_1_4' title="bbox 208 295 944 339; baseline -0.005 -8"><span class='ocrx_word' id='word_1_10' title='bbox 208 298 580 339; x_wconf 84' lang='lat' dir='ltr'>Pracmonstratcnsium,</span> <span class='ocrx_word' id='word_1_11' title='bbox 608 297 704 330; x_wconf 87' lang='lat' dir='ltr'>sancti</span> <span class='ocrx_word' id='word_1_12' title='bbox 730 296 849 337; x_wconf 82' lang='lat' dir='ltr'>Basilii,</span> <span class='ocrx_word' id='word_1_13' title='bbox 875 295 944 339; x_wconf 70' lang='lat' dir='ltr'>Svl-</span> 
     </span>
     <span class='ocr_line' id='line_1_5' title="bbox 207 349 946 395; baseline -0.003 -12"><span class='ocrx_word' id='word_1_14' title='bbox 207 352 416 384; x_wconf 87' lang='lat' dir='ltr'>vestrinorum</span> <span class='ocrx_word' id='word_1_15' title='bbox 433 378 440 391; x_wconf 86' lang='lat'>‚</span> <span class='ocrx_word' id='word_1_16' title='bbox 470 355 516 392; x_wconf 82' lang='lat' dir='ltr'>et,</span> <span class='ocrx_word' id='word_1_17' title='bbox 546 351 598 395; x_wconf 87' lang='lat' dir='ltr'>qui</span> <span class='ocrx_word' id='word_1_18' title='bbox 624 350 845 394; x_wconf 82' lang='lat' dir='ltr'>proprietates,</span> <span class='ocrx_word' id='word_1_19' title='bbox 871 349 946 381; x_wconf 84' lang='lat' dir='ltr'>red-</span> 
     </span>
     <span class='ocr_line' id='line_1_6' title="bbox 207 402 947 447; baseline -0.004 -11"><span class='ocrx_word' id='word_1_20' title='bbox 207 404 352 447; x_wconf 83' lang='lat' dir='ltr'>ditusque</span> <span class='ocrx_word' id='word_1_21' title='bbox 386 409 488 436; x_wconf 84' lang='lat' dir='ltr'>certos</span> <span class='ocrx_word' id='word_1_22' title='bbox 521 414 554 436; x_wconf 82' lang='lat' dir='ltr'>ex</span> <span class='ocrx_word' id='word_1_23' title='bbox 592 402 757 447; x_wconf 73' lang='lat' dir='ltr'>privilegio</span> <span class='ocrx_word' id='word_1_24' title='bbox 790 402 836 434; x_wconf 77' lang='lat' dir='ltr'>vel</span> <span class='ocrx_word' id='word_1_25' title='bbox 873 402 947 433; x_wconf 80' lang='lat' dir='ltr'>alias</span> 
     </span>
     <span class='ocr_line' id='line_1_7' title="bbox 206 457 948 502; baseline -0.007 -11"><span class='ocrx_word' id='word_1_26' title='bbox 206 457 384 502; x_wconf 85' lang='lat' dir='ltr'>possident,</span> <span class='ocrx_word' id='word_1_27' title='bbox 405 457 657 496; x_wconf 83' lang='lat' dir='ltr'>Mendicantium,</span> <span class='ocrx_word' id='word_1_28' title='bbox 678 462 707 488; x_wconf 63' lang='lat' dir='ltr'>ct,</span> <span class='ocrx_word' id='word_1_29' title='bbox 725 466 948 499; x_wconf 65' lang='lat' dir='ltr'>‹plurumi-um-</span> 
     </span>
     <span class='ocr_line' id='line_1_8' title="bbox 207 509 948 554; baseline -0.005 -11"><span class='ocrx_word' id='word_1_30' title='bbox 207 521 267 554; x_wconf 87' lang='lat' dir='ltr'>que</span> <span class='ocrx_word' id='word_1_31' title='bbox 295 510 429 543; x_wconf 87' lang='lat' dir='ltr'>aliorum</span> <span class='ocrx_word' id='word_1_32' title='bbox 467 510 618 543; x_wconf 81' lang='lat' dir='ltr'>Ordinum</span> <span class='ocrx_word' id='word_1_33' title='bbox 657 509 819 552; x_wconf 74' lang='lat' dir='ltr'>utriusque</span> <span class='ocrx_word' id='word_1_34' title='bbox 857 519 948 541; x_wconf 78' lang='lat' dir='ltr'>sexus</span> 
     </span>
     <span class='ocr_line' id='line_1_9' title="bbox 206 562 947 605; baseline -0.003 -10"><span class='ocrx_word' id='word_1_35' title='bbox 206 573 328 596; x_wconf 93' lang='lat' dir='ltr'>necnon</span> <span class='ocrx_word' id='word_1_36' title='bbox 363 563 645 605; x_wconf 71' lang='lat' dir='ltr'>congregationum</span> <span class='ocrx_word' id='word_1_37' title='bbox 688 562 882 604; x_wconf 69' lang='lat' dir='ltr'>regularium</span> <span class='ocrx_word' id='word_1_38' title='bbox 919 567 947 593; x_wconf 86' lang='lat' dir='ltr'>et</span> 
     </span>
     <span class='ocr_line' id='line_1_10' title="bbox 206 615 946 661; baseline -0.004 -12"><span class='ocrx_word' id='word_1_39' title='bbox 206 617 410 660; x_wconf 75' lang='lat' dir='ltr'>hospitalium</span> <span class='ocrx_word' id='word_1_40' title='bbox 432 627 606 661; x_wconf 87' lang='lat' dir='ltr'>pauperum</span> <span class='ocrx_word' id='word_1_41' title='bbox 625 615 866 660; x_wconf 84' lang='lat' dir='ltr'>hospitalitatem</span> <span class='ocrx_word' id='word_1_42' title='bbox 885 625 946 647; x_wconf 91' lang='lat' dir='ltr'>non</span> 
     </span>
     <span class='ocr_line' id='line_1_11' title="bbox 207 669 949 711; baseline -0.003 -9"><span class='ocrx_word' id='word_1_43' title='bbox 207 670 437 711; x_wconf 76' lang='lat' dir='ltr'>exercentium,</span> <span class='ocrx_word' id='word_1_44' title='bbox 463 681 516 703; x_wconf 90' lang='lat' dir='ltr'>seu</span> <span class='ocrx_word' id='word_1_45' title='bbox 546 670 627 702; x_wconf 89' lang='lat' dir='ltr'>bona</span> <span class='ocrx_word' id='word_1_46' title='bbox 652 675 681 701; x_wconf 86' lang='lat' dir='ltr'>et</span> <span class='ocrx_word' id='word_1_47' title='bbox 705 669 846 701; x_wconf 87' lang='lat' dir='ltr'>redditus</span> <span class='ocrx_word' id='word_1_48' title='bbox 867 669 949 700; x_wconf 76' lang='lat' dir='ltr'>ultra</span> 
     </span>
     <span class='ocr_line' id='line_1_12' title="bbox 206 721 948 765; baseline -0.004 -10"><span class='ocrx_word' id='word_1_49' title='bbox 206 723 405 756; x_wconf 79' lang='lat' dir='ltr'>infirmorum</span> <span class='ocrx_word' id='word_1_50' title='bbox 432 723 641 762; x_wconf 71' lang='lat' dir='ltr'>necessitates,</span> <span class='ocrx_word' id='word_1_51' title='bbox 667 727 697 755; x_wconf 84' lang='lat' dir='ltr'>et</span> <span class='ocrx_word' id='word_1_52' title='bbox 721 722 779 754; x_wconf 91' lang='lat' dir='ltr'>alia</span> <span class='ocrx_word' id='word_1_53' title='bbox 804 731 862 765; x_wconf 90' lang='lat' dir='ltr'>pro</span> <span class='ocrx_word' id='word_1_54' title='bbox 882 721 948 764; x_wconf 78' lang='lat' dir='ltr'>qui-</span> 
     </span>
     <span class='ocr_line' id='line_1_13' title="bbox 207 775 946 820; baseline -0.004 -11"><span class='ocrx_word' id='word_1_55' title='bbox 207 777 266 809; x_wconf 87' lang='lat' dir='ltr'>bus</span> <span class='ocrx_word' id='word_1_56' title='bbox 290 777 429 809; x_wconf 87' lang='lat' dir='ltr'>instituta</span> <span class='ocrx_word' id='word_1_57' title='bbox 454 782 526 809; x_wconf 89' lang='lat' dir='ltr'>sunt</span> <span class='ocrx_word' id='word_1_58' title='bbox 549 776 599 820; x_wconf 86' lang='lat' dir='ltr'>pia</span> <span class='ocrx_word' id='word_1_59' title='bbox 629 776 730 808; x_wconf 84' lang='lat' dir='ltr'>officia</span> <span class='ocrx_word' id='word_1_60' title='bbox 759 775 946 813; x_wconf 77' lang='lat' dir='ltr'>exercenda,</span> 
     </span>
     <span class='ocr_line' id='line_1_14' title="bbox 206 829 946 873; baseline -0.003 -11"><span class='ocrx_word' id='word_1_61' title='bbox 206 829 432 873; x_wconf 78' lang='lat' dir='ltr'>possidentium</span> <span class='ocrx_word' id='word_1_62' title='bbox 467 830 553 872; x_wconf 92' lang='lat' dir='ltr'>(non</span> <span class='ocrx_word' id='word_1_63' title='bbox 578 834 682 861; x_wconf 86' lang='lat' dir='ltr'>tamen</span> <span class='ocrx_word' id='word_1_64' title='bbox 717 839 773 872; x_wconf 88' lang='lat' dir='ltr'>per</span> <span class='ocrx_word' id='word_1_65' title='bbox 798 829 826 861; x_wconf 78' lang='lat' dir='ltr'>S.</span> <span class='ocrx_word' id='word_1_66' title='bbox 854 829 887 861; x_wconf 71' lang='lat' dir='ltr'>ti.</span> <span class='ocrx_word' id='word_1_67' title='bbox 914 829 946 860; x_wconf 86' lang='lat' dir='ltr'>E.</span> 
     </span>
     <span class='ocr_line' id='line_1_15' title="bbox 207 882 948 926; baseline -0.003 -11"><span class='ocrx_word' id='word_1_68' title='bbox 207 883 401 923; x_wconf 81' lang='lat' dir='ltr'>cardinales,</span> <span class='ocrx_word' id='word_1_69' title='bbox 430 884 481 926; x_wconf 82' lang='lat' dir='ltr'>qui</span> <span class='ocrx_word' id='word_1_70' title='bbox 513 894 570 926; x_wconf 89' lang='lat' dir='ltr'>pro</span> <span class='ocrx_word' id='word_1_71' title='bbox 600 882 780 915; x_wconf 76' lang='lat' dir='ltr'>sustinenda</span> <span class='ocrx_word' id='word_1_72' title='bbox 804 884 886 914; x_wconf 75' lang='lat' dir='ltr'>tanta</span> <span class='ocrx_word' id='word_1_73' title='bbox 906 882 948 914; x_wconf 90' lang='lat' dir='ltr'>di-</span> 
     </span>
     <span class='ocr_line' id='line_1_16' title="bbox 207 935 947 980; baseline 0 -12"><span class='ocrx_word' id='word_1_74' title='bbox 207 936 322 979; x_wconf 78' lang='lat' dir='ltr'>gnitate</span> <span class='ocrx_word' id='word_1_75' title='bbox 356 937 555 979; x_wconf 79' lang='lat' dir='ltr'>gravissimas</span> <span class='ocrx_word' id='word_1_76' title='bbox 580 937 737 980; x_wconf 82' lang='lat' dir='ltr'>impensas</span> <span class='ocrx_word' id='word_1_77' title='bbox 766 941 796 968; x_wconf 83' lang='lat' dir='ltr'>et</span> <span class='ocrx_word' id='word_1_78' title='bbox 825 935 947 968; x_wconf 84' lang='lat' dir='ltr'>labores</span> 
     </span>
     <span class='ocr_line' id='line_1_17' title="bbox 207 989 947 1033; baseline -0.001 -12"><span class='ocrx_word' id='word_1_79' title='bbox 207 989 398 1033; x_wconf 83' lang='lat' dir='ltr'>reipublicae</span> <span class='ocrx_word' id='word_1_80' title='bbox 436 990 624 1022; x_wconf 75' lang='lat' dir='ltr'>christianae</span> <span class='ocrx_word' id='word_1_81' title='bbox 669 991 760 1022; x_wconf 77' lang='lat' dir='ltr'>causa</span> <span class='ocrx_word' id='word_1_82' title='bbox 800 989 947 1021; x_wconf 82' lang='lat' dir='ltr'>continue</span> 
     </span>
     <span class='ocr_line' id='line_1_18' title="bbox 207 1041 947 1085; baseline -0.003 -11"><span class='ocrx_word' id='word_1_83' title='bbox 207 1042 314 1075; x_wconf 89' lang='lat' dir='ltr'>subire</span> <span class='ocrx_word' id='word_1_84' title='bbox 349 1049 515 1085; x_wconf 71' lang='lat' dir='ltr'>coguntur,</span> <span class='ocrx_word' id='word_1_85' title='bbox 547 1041 791 1084; x_wconf 83' lang='lat' dir='ltr'>obtentorum),</span> <span class='ocrx_word' id='word_1_86' title='bbox 825 1051 947 1074; x_wconf 81' lang='lat' dir='ltr'>necnon</span> 
     </span>
     <span class='ocr_line' id='line_1_19' title="bbox 207 1094 948 1135; baseline 0 -8"><span class='ocrx_word' id='word_1_87' title='bbox 207 1095 235 1127; x_wconf 84' lang='lat' dir='ltr'>S.</span> <span class='ocrx_word' id='word_1_88' title='bbox 257 1095 369 1128; x_wconf 83' lang='lat' dir='ltr'>Mariae</span> <span class='ocrx_word' id='word_1_89' title='bbox 393 1095 671 1135; x_wconf 84' lang='lat' dir='ltr'>Theutonicorum,</span> <span class='ocrx_word' id='word_1_90' title='bbox 697 1096 742 1128; x_wconf 86' lang='lat' dir='ltr'>Ss.</span> <span class='ocrx_word' id='word_1_91' title='bbox 763 1094 897 1127; x_wconf 81' lang='lat' dir='ltr'>Mauritii</span> <span class='ocrx_word' id='word_1_92' title='bbox 919 1098 948 1128; x_wconf 85' lang='lat' dir='ltr'>et</span> 
     </span>
     <span class='ocr_line' id='line_1_20' title="bbox 207 1148 946 1192; baseline -0.001 -12"><span class='ocrx_word' id='word_1_93' title='bbox 207 1148 324 1189; x_wconf 78' lang='lat' dir='ltr'>Lazari,</span> <span class='ocrx_word' id='word_1_94' title='bbox 350 1149 467 1192; x_wconf 77' lang='lat' dir='ltr'>Templi</span> <span class='ocrx_word' id='word_1_95' title='bbox 493 1148 640 1181; x_wconf 89' lang='lat' dir='ltr'>dominici</span> <span class='ocrx_word' id='word_1_96' title='bbox 659 1153 689 1180; x_wconf 77' lang='lat' dir='ltr'>et</span> <span class='ocrx_word' id='word_1_97' title='bbox 712 1148 844 1180; x_wconf 89' lang='lat' dir='ltr'>aliarum</span> <span class='ocrx_word' id='word_1_98' title='bbox 871 1148 946 1190; x_wconf 91' lang='lat' dir='ltr'>(non</span> 
     </span>
     <span class='ocr_line' id='line_1_21' title="bbox 207 1201 948 1245; baseline 0 -12"><span class='ocrx_word' id='word_1_99' title='bbox 207 1206 308 1233; x_wconf 89' lang='lat' dir='ltr'>tamen</span> <span class='ocrx_word' id='word_1_100' title='bbox 335 1202 496 1245; x_wconf 89' lang='lat' dir='ltr'>hospitalis</span> <span class='ocrx_word' id='word_1_101' title='bbox 521 1202 550 1234; x_wconf 78' lang='lat' dir='ltr'>S.</span> <span class='ocrx_word' id='word_1_102' title='bbox 579 1203 703 1234; x_wconf 89' lang='lat' dir='ltr'>Ioannis</span> <span class='ocrx_word' id='word_1_103' title='bbox 728 1201 948 1245; x_wconf 66' lang='lat' dir='ltr'>Hierosolymi-</span> 
     </span>
     <span class='ocr_line' id='line_1_22' title="bbox 207 1255 946 1297; baseline 0.001 -11"><span class='ocrx_word' id='word_1_104' title='bbox 207 1255 282 1297; x_wconf 88' lang='lat' dir='ltr'>tani)</span> <span class='ocrx_word' id='word_1_105' title='bbox 309 1255 490 1287; x_wconf 77' lang='lat' dir='ltr'>militiarum</span> <span class='ocrx_word' id='word_1_106' title='bbox 515 1255 595 1287; x_wconf 87' lang='lat' dir='ltr'>intra</span> <span class='ocrx_word' id='word_1_107' title='bbox 622 1255 699 1287; x_wconf 75' lang='lat' dir='ltr'>lines</span> <span class='ocrx_word' id='word_1_108' title='bbox 725 1261 793 1287; x_wconf 80' lang='lat' dir='ltr'>tuae</span> <span class='ocrx_word' id='word_1_109' title='bbox 819 1255 946 1287; x_wconf 85' lang='lat' dir='ltr'>nuncia-</span> 
     </span>
     <span class='ocr_line' id='line_1_23' title="bbox 208 1308 947 1349; baseline 0.003 -10"><span class='ocrx_word' id='word_1_110' title='bbox 208 1313 295 1340; x_wconf 87' lang='lat' dir='ltr'>turae</span> <span class='ocrx_word' id='word_1_111' title='bbox 313 1308 560 1349; x_wconf 81' lang='lat' dir='ltr'>consistentium,</span> <span class='ocrx_word' id='word_1_112' title='bbox 579 1309 670 1341; x_wconf 88' lang='lat' dir='ltr'>etiam</span> <span class='ocrx_word' id='word_1_113' title='bbox 689 1308 855 1341; x_wconf 77' lang='lat' dir='ltr'>duodecim</span> <span class='ocrx_word' id='word_1_114' title='bbox 877 1318 947 1341; x_wconf 88' lang='lat' dir='ltr'>con-</span> 
     </span>
     <span class='ocr_line' id='line_1_24' title="bbox 209 1361 946 1405; baseline 0.001 -12"><span class='ocrx_word' id='word_1_115' title='bbox 209 1361 427 1403; x_wconf 77' lang='lat' dir='ltr'>gregationum</span> <span class='ocrx_word' id='word_1_116' title='bbox 456 1372 535 1405; x_wconf 83' lang='lat' dir='ltr'>quae</span> <span class='ocrx_word' id='word_1_117' title='bbox 570 1373 640 1394; x_wconf 88' lang='lat' dir='ltr'>cum</span> <span class='ocrx_word' id='word_1_118' title='bbox 679 1372 804 1394; x_wconf 86' lang='lat' dir='ltr'>camera</span> <span class='ocrx_word' id='word_1_119' title='bbox 839 1364 946 1395; x_wconf 76' lang='lat' dir='ltr'>nostra</span> 
     </span>
     <span class='ocr_line' id='line_1_25' title="bbox 209 1414 948 1457; baseline 0.004 -11"><span class='ocrx_word' id='word_1_120' title='bbox 209 1414 380 1457; x_wconf 77' lang='lat' dir='ltr'>apostolica</span> <span class='ocrx_word' id='word_1_121' title='bbox 404 1414 442 1447; x_wconf 87' lang='lat' dir='ltr'>de</span> <span class='ocrx_word' id='word_1_122' title='bbox 467 1416 607 1448; x_wconf 87' lang='lat' dir='ltr'>subsidio</span> <span class='ocrx_word' id='word_1_123' title='bbox 632 1416 792 1448; x_wconf 87' lang='lat' dir='ltr'>ordinario</span> <span class='ocrx_word' id='word_1_124' title='bbox 820 1426 948 1449; x_wconf 71' lang='lat' dir='ltr'>roncor-</span> 
     </span>
     <span class='ocr_line' id='line_1_26' title="bbox 210 1467 945 1511; baseline 0.004 -12"><span class='ocrx_word' id='word_1_125' title='bbox 210 1467 332 1507; x_wconf 82' lang='lat' dir='ltr'>darunt,</span> <span class='ocrx_word' id='word_1_126' title='bbox 362 1473 391 1500; x_wconf 86' lang='lat' dir='ltr'>et</span> <span class='ocrx_word' id='word_1_127' title='bbox 419 1468 547 1511; x_wconf 81' lang='lat' dir='ltr'>insuper</span> <span class='ocrx_word' id='word_1_128' title='bbox 572 1469 712 1501; x_wconf 89' lang='lat' dir='ltr'>omnium</span> <span class='ocrx_word' id='word_1_129' title='bbox 738 1470 945 1511; x_wconf 77' lang='lat' dir='ltr'>collegiorum</span> 
     </span>
     <span class='ocr_line' id='line_1_27' title="bbox 207 1521 947 1564; baseline 0.003 -11"><span class='ocrx_word' id='word_1_130' title='bbox 207 1521 434 1564; x_wconf 85' lang='lat' dir='ltr'>possidentium</span> <span class='ocrx_word' id='word_1_131' title='bbox 460 1521 540 1554; x_wconf 84' lang='lat' dir='ltr'>bona</span> <span class='ocrx_word' id='word_1_132' title='bbox 565 1522 686 1554; x_wconf 86' lang='lat' dir='ltr'>stabilia</span> <span class='ocrx_word' id='word_1_133' title='bbox 716 1523 873 1555; x_wconf 65' lang='lat' dir='ltr'>fructifera</span> <span class='ocrx_word' id='word_1_134' title='bbox 899 1534 947 1555; x_wconf 82' lang='lat' dir='ltr'>ec-</span> 
     </span>
     <span class='ocr_line' id='line_1_28' title="bbox 209 1573 948 1618; baseline 0.001 -12"><span class='ocrx_word' id='word_1_135' title='bbox 209 1573 392 1614; x_wconf 85' lang='lat' dir='ltr'>clesiastica,</span> <span class='ocrx_word' id='word_1_136' title='bbox 410 1585 467 1617; x_wconf 90' lang='lat' dir='ltr'>per</span> <span class='ocrx_word' id='word_1_137' title='bbox 487 1574 565 1606; x_wconf 89' lang='lat' dir='ltr'>viam</span> <span class='ocrx_word' id='word_1_138' title='bbox 594 1575 729 1616; x_wconf 84' lang='lat' dir='ltr'>unionis,</span> <span class='ocrx_word' id='word_1_139' title='bbox 755 1576 948 1618; x_wconf 67' lang='lat' dir='ltr'>aggregatio-</span> 
     </span>
     <span class='ocr_line' id='line_1_29' title="bbox 207 1627 947 1671; baseline 0.003 -12"><span class='ocrx_word' id='word_1_140' title='bbox 207 1627 264 1669; x_wconf 87' lang='lat' dir='ltr'>nis,</span> <span class='ocrx_word' id='word_1_141' title='bbox 282 1634 334 1660; x_wconf 84' lang='lat' dir='ltr'>aut</span> <span class='ocrx_word' id='word_1_142' title='bbox 351 1627 411 1660; x_wconf 88' lang='lat' dir='ltr'>alio</span> <span class='ocrx_word' id='word_1_143' title='bbox 429 1628 539 1671; x_wconf 83' lang='lat' dir='ltr'>quovis</span> <span class='ocrx_word' id='word_1_144' title='bbox 558 1628 656 1669; x_wconf 86' lang='lat' dir='ltr'>titulo,</span> <span class='ocrx_word' id='word_1_145' title='bbox 675 1629 947 1669; x_wconf 76' lang='lat' dir='ltr'>monasteriorum,</span> 
     </span>
     <span class='ocr_line' id='line_1_30' title="bbox 207 1681 948 1724; baseline 0.003 -11"><span class='ocrx_word' id='word_1_146' title='bbox 207 1681 403 1724; x_wconf 77' lang='lat' dir='ltr'>prioratuum</span> <span class='ocrx_word' id='word_1_147' title='bbox 423 1687 453 1713; x_wconf 84' lang='lat' dir='ltr'>ct</span> <span class='ocrx_word' id='word_1_148' title='bbox 470 1681 695 1714; x_wconf 75' lang='lat' dir='ltr'>beneficiorum</span> <span class='ocrx_word' id='word_1_149' title='bbox 722 1682 948 1716; x_wconf 68' lang='lat' dir='ltr'>ecclesiastico-</span> 
     </span>
     <span class='ocr_line' id='line_1_31' title="bbox 207 1733 947 1777; baseline 0.003 -12"><span class='ocrx_word' id='word_1_150' title='bbox 207 1744 276 1766; x_wconf 87' lang='lat' dir='ltr'>rum</span> <span class='ocrx_word' id='word_1_151' title='bbox 307 1733 418 1777; x_wconf 88' lang='lat' dir='ltr'>quovis</span> <span class='ocrx_word' id='word_1_152' title='bbox 450 1734 576 1766; x_wconf 80' lang='lat' dir='ltr'>nomine</span> <span class='ocrx_word' id='word_1_153' title='bbox 602 1741 868 1777; x_wconf 76' lang='lat' dir='ltr'>nuncupatormu,</span> <span class='ocrx_word' id='word_1_154' title='bbox 894 1746 947 1768; x_wconf 80' lang='lat' dir='ltr'>sc-</span> 
     </span>
     <span class='ocr_line' id='line_1_32' title="bbox 206 1787 946 1822; baseline 0.004 -3"><span class='ocrx_word' id='word_1_155' title='bbox 206 1787 343 1820; x_wconf 89' lang='lat' dir='ltr'>cundum</span> <span class='ocrx_word' id='word_1_156' title='bbox 368 1797 477 1820; x_wconf 86' lang='lat' dir='ltr'>verum</span> <span class='ocrx_word' id='word_1_157' title='bbox 504 1791 531 1820; x_wconf 90' lang='lat' dir='ltr'>et</span> <span class='ocrx_word' id='word_1_158' title='bbox 558 1788 673 1820; x_wconf 88' lang='lat' dir='ltr'>realem</span> <span class='ocrx_word' id='word_1_159' title='bbox 699 1798 836 1820; x_wconf 87' lang='lat' dir='ltr'>annuum</span> <span class='ocrx_word' id='word_1_160' title='bbox 864 1790 946 1822; x_wconf 87' lang='lat' dir='ltr'>valo-</span> 
     </span>
     <span class='ocr_line' id='line_1_33' title="bbox 206 1841 947 1885; baseline 0.003 -12"><span class='ocrx_word' id='word_1_161' title='bbox 206 1851 272 1874; x_wconf 87' lang='lat' dir='ltr'>rem</span> <span class='ocrx_word' id='word_1_162' title='bbox 290 1841 458 1882; x_wconf 87' lang='lat' dir='ltr'>fructuum,</span> <span class='ocrx_word' id='word_1_163' title='bbox 482 1841 671 1880; x_wconf 83' lang='lat' dir='ltr'>reddituum,</span> <span class='ocrx_word' id='word_1_164' title='bbox 689 1847 899 1885; x_wconf 78' lang='lat' dir='ltr'>p1·ov‹;=1ituum</span> <span class='ocrx_word' id='word_1_165' title='bbox 919 1848 947 1875; x_wconf 88' lang='lat' dir='ltr'>ct</span> 
     </span>
     <span class='ocr_line' id='line_1_34' title="bbox 206 1895 947 1939; baseline 0.001 -11"><span class='ocrx_word' id='word_1_166' title='bbox 206 1895 340 1928; x_wconf 86' lang='lat' dir='ltr'>aliorum</span> <span class='ocrx_word' id='word_1_167' title='bbox 358 1895 614 1938; x_wconf 67' lang='lat' dir='ltr'>praemissorum,</span> <span class='ocrx_word' id='word_1_168' title='bbox 641 1906 675 1928; x_wconf 88' lang='lat' dir='ltr'>ac</span> <span class='ocrx_word' id='word_1_169' title='bbox 698 1902 862 1939; x_wconf 70' lang='lat' dir='ltr'>[u‘aetcrea</span> <span class='ocrx_word' id='word_1_170' title='bbox 880 1907 947 1929; x_wconf 92' lang='lat' dir='ltr'>om-</span> 
     </span>
     <span class='ocr_line' id='line_1_35' title="bbox 206 1949 946 1992; baseline 0.001 -11"><span class='ocrx_word' id='word_1_171' title='bbox 206 1949 291 1981; x_wconf 89' lang='lat' dir='ltr'>nium</span> <span class='ocrx_word' id='word_1_172' title='bbox 318 1954 348 1981; x_wconf 84' lang='lat' dir='ltr'>ct</span> <span class='ocrx_word' id='word_1_173' title='bbox 375 1959 647 1992; x_wconf 77' lang='lat' dir='ltr'>quarumcumque</span> <span class='ocrx_word' id='word_1_174' title='bbox 678 1949 863 1992; x_wconf 71' lang='lat' dir='ltr'>pensionum</span> <span class='ocrx_word' id='word_1_175' title='bbox 892 1960 946 1982; x_wconf 88' lang='lat' dir='ltr'>an-</span> 
     </span>
     <span class='ocr_line' id='line_1_36' title="bbox 207 2001 948 2047; baseline 0.001 -12"><span class='ocrx_word' id='word_1_176' title='bbox 207 2012 340 2035; x_wconf 87' lang='lat' dir='ltr'>nuarum</span> <span class='ocrx_word' id='word_1_177' title='bbox 366 2001 471 2046; x_wconf 82' lang='lat' dir='ltr'>super¹</span> <span class='ocrx_word' id='word_1_178' title='bbox 490 2002 653 2043; x_wconf 84' lang='lat' dir='ltr'>fructibus,</span> <span class='ocrx_word' id='word_1_179' title='bbox 674 2002 857 2042; x_wconf 51' lang='lat' dir='ltr'>redditibus</span> <span class='ocrx_word' id='word_1_180' title='bbox 876 2014 948 2047; x_wconf 91' lang='lat' dir='ltr'>pro-</span> 
     </span>
     <span class='ocr_line' id='line_1_37' title="bbox 207 2055 946 2097; baseline 0.003 -10"><span class='ocrx_word' id='word_1_181' title='bbox 207 2055 360 2095; x_wconf 83' lang='lat' dir='ltr'>ventibus,</span> <span class='ocrx_word' id='word_1_182' title='bbox 379 2055 511 2097; x_wconf 92' lang='lat' dir='ltr'>iuribus,</span> <span class='ocrx_word' id='word_1_183' title='bbox 530 2056 771 2089; x_wconf 70' lang='lat' dir='ltr'>obvcntmnibus</span> <span class='ocrx_word' id='word_1_184' title='bbox 784 2062 812 2089; x_wconf 88' lang='lat' dir='ltr'>et</span> <span class='ocrx_word' id='word_1_185' title='bbox 827 2058 946 2090; x_wconf 86' lang='lat' dir='ltr'>emolu—</span> 
     </span>
     <span class='ocr_line' id='line_1_38' title="bbox 208 2108 947 2143; baseline 0.001 -2"><span class='ocrx_word' id='word_1_186' title='bbox 208 2109 320 2141; x_wconf 84' lang='lat' dir='ltr'>mentis</span> <span class='ocrx_word' id='word_1_187' title='bbox 345 2119 380 2141; x_wconf 89' lang='lat' dir='ltr'>ac</span> <span class='ocrx_word' id='word_1_188' title='bbox 404 2108 676 2142; x_wconf 75' lang='lat' dir='ltr'>diso-itmuonitms</span> <span class='ocrx_word' id='word_1_189' title='bbox 702 2110 881 2143; x_wconf 86' lang='lat' dir='ltr'>huiusmodi</span> <span class='ocrx_word' id='word_1_190' title='bbox 909 2110 947 2142; x_wconf 88' lang='lat' dir='ltr'>ad</span> 
     </span>
     <span class='ocr_line' id='line_1_39' title="bbox 208 2163 948 2206; baseline 0.003 -12"><span class='ocrx_word' id='word_1_191' title='bbox 208 2163 344 2195; x_wconf 81' lang='lat' dir='ltr'>savorem</span> <span class='ocrx_word' id='word_1_192' title='bbox 370 2173 642 2206; x_wconf 80' lang='lat' dir='ltr'>quorumcmmpic</span> <span class='ocrx_word' id='word_1_193' title='bbox 663 2163 754 2195; x_wconf 86' lang='lat' dir='ltr'>ctiam</span> <span class='ocrx_word' id='word_1_194' title='bbox 777 2164 948 2206; x_wconf 61' lang='lat' dir='ltr'>pi‘amlicta-</span> 
     </span>
     <span class='ocr_line' id='line_1_40' title="bbox 208 2216 947 2259; baseline 0 -10"><span class='ocrx_word' id='word_1_195' title='bbox 208 2227 277 2249; x_wconf 85' lang='lat' dir='ltr'>rum</span> <span class='ocrx_word' id='word_1_196' title='bbox 295 2216 459 2248; x_wconf 74' lang='lat' dir='ltr'>duodecim</span> <span class='ocrx_word' id='word_1_197' title='bbox 478 2217 757 2259; x_wconf 71' lang='lat' dir='ltr'>congregationum</span> <span class='ocrx_word' id='word_1_198' title='bbox 777 2223 947 2250; x_wconf 88' lang='lat' dir='ltr'>reservata—</span> 
     </span>
     <span class='ocr_line' id='line_1_41' title="bbox 208 2269 948 2315; baseline 0.003 -13"><span class='ocrx_word' id='word_1_199' title='bbox 208 2281 289 2312; x_wconf 88' lang='lat' dir='ltr'>rum,</span> <span class='ocrx_word' id='word_1_200' title='bbox 311 2269 549 2303; x_wconf 89' lang='lat' dir='ltr'>constitutarum</span> <span class='ocrx_word' id='word_1_201' title='bbox 572 2274 601 2303; x_wconf 88' lang='lat' dir='ltr'>et</span> <span class='ocrx_word' id='word_1_202' title='bbox 623 2270 863 2313; x_wconf 78' lang='lat' dir='ltr'>assignatarum,</span> <span class='ocrx_word' id='word_1_203' title='bbox 882 2283 948 2315; x_wconf 81' lang='lat' dir='ltr'>per-</span> 
     </span>
     <span class='ocr_line' id='line_1_42' title="bbox 209 2323 947 2367; baseline 0.004 -12"><span class='ocrx_word' id='word_1_204' title='bbox 209 2323 405 2367; x_wconf 89' lang='lat' dir='ltr'>cipiendum,</span> <span class='ocrx_word' id='word_1_205' title='bbox 435 2323 621 2366; x_wconf 82' lang='lat' dir='ltr'>exigendum</span> <span class='ocrx_word' id='word_1_206' title='bbox 653 2329 682 2357; x_wconf 89' lang='lat' dir='ltr'>et</span> <span class='ocrx_word' id='word_1_207' title='bbox 713 2325 876 2358; x_wconf 87' lang='lat' dir='ltr'>levandum</span> <span class='ocrx_word' id='word_1_208' title='bbox 909 2325 947 2358; x_wconf 83' lang='lat' dir='ltr'>ab</span> 
     </span>
     <span class='ocr_line' id='line_1_43' title="bbox 209 2377 947 2422; baseline 0.001 -11"><span class='ocrx_word' id='word_1_209' title='bbox 209 2377 355 2411; x_wconf 88' lang='lat' dir='ltr'>omnibus</span> <span class='ocrx_word' id='word_1_210' title='bbox 381 2382 408 2409; x_wconf 85' lang='lat' dir='ltr'>et</span> <span class='ocrx_word' id='word_1_211' title='bbox 434 2377 685 2420; x_wconf 78' lang='lat' dir='ltr'>quibuscumque</span> <span class='ocrx_word' id='word_1_212' title='bbox 711 2378 876 2422; x_wconf 85' lang='lat' dir='ltr'>episcopis,</span> <span class='ocrx_word' id='word_1_213' title='bbox 901 2389 947 2412; x_wconf 89' lang='lat' dir='ltr'>ar-</span> 
     </span>
     <span class='ocr_line' id='line_1_44' title="bbox 209 2430 948 2475; baseline 0 -11"><span class='ocrx_word' id='word_1_214' title='bbox 209 2430 439 2475; x_wconf 85' lang='lat' dir='ltr'>chiepiscopis,</span> <span class='ocrx_word' id='word_1_215' title='bbox 470 2430 676 2474; x_wconf 87' lang='lat' dir='ltr'>primatibus,</span> <span class='ocrx_word' id='word_1_216' title='bbox 702 2432 890 2475; x_wconf 86' lang='lat' dir='ltr'>patriarchis</span> <span class='ocrx_word' id='word_1_217' title='bbox 919 2438 948 2466; x_wconf 85' lang='lat' dir='ltr'>et</span> 
     </span>
     <span class='ocr_line' id='line_1_45' title="bbox 209 2483 946 2526; baseline 0.004 -10"><span class='ocrx_word' id='word_1_218' title='bbox 209 2484 277 2517; x_wconf 89' lang='lat' dir='ltr'>aliis</span> <span class='ocrx_word' id='word_1_219' title='bbox 298 2483 501 2517; x_wconf 69' lang='lat' dir='ltr'>ecclesiarum</span> <span class='ocrx_word' id='word_1_220' title='bbox 528 2484 684 2526; x_wconf 84' lang='lat' dir='ltr'>praelatis,</span> <span class='ocrx_word' id='word_1_221' title='bbox 706 2495 741 2517; x_wconf 85' lang='lat' dir='ltr'>ac</span> <span class='ocrx_word' id='word_1_222' title='bbox 761 2486 873 2518; x_wconf 82' lang='lat' dir='ltr'>ceteris</span> <span class='ocrx_word' id='word_1_223' title='bbox 894 2497 946 2519; x_wconf 89' lang='lat' dir='ltr'>cu-</span> 
     </span>
    </p>
   </div>
   <div class='ocr_carea' id='block_1_4' title="bbox 981 183 1731 2525">
    <p class='ocr_par' dir='ltr' id='par_1_4' title="bbox 1655 183 1695 213">
     <span class='ocr_line' id='line_1_46' title="bbox 1655 183 1695 213; baseline -0.125 0"><span class='ocrx_word' id='word_1_224' title='bbox 1655 183 1695 213; x_wconf 63' lang='lat'>80</span> 
     </span>
    </p>

    <p class='ocr_par' dir='ltr' id='par_1_5' title="bbox 981 241 1731 2525">
     <span class='ocr_line' id='line_1_47' title="bbox 983 241 1729 286; baseline -0.003 -12"><span class='ocrx_word' id='word_1_225' title='bbox 983 242 1170 275; x_wconf 87' lang='lat' dir='ltr'>conditionis</span> <span class='ocrx_word' id='word_1_226' title='bbox 1195 243 1339 286; x_wconf 80' lang='lat' dir='ltr'>personis</span> <span class='ocrx_word' id='word_1_227' title='bbox 1360 241 1541 285; x_wconf 86' lang='lat' dir='ltr'>(praedictis</span> <span class='ocrx_word' id='word_1_228' title='bbox 1567 241 1729 273; x_wconf 84' lang='lat' dir='ltr'>cardinali-</span> 
     </span>
     <span class='ocr_line' id='line_1_48' title="bbox 983 294 1728 337; baseline -0.001 -11"><span class='ocrx_word' id='word_1_229' title='bbox 983 295 1039 327; x_wconf 85' lang='lat' dir='ltr'>bus</span> <span class='ocrx_word' id='word_1_230' title='bbox 1066 300 1093 327; x_wconf 90' lang='lat' dir='ltr'>et</span> <span class='ocrx_word' id='word_1_231' title='bbox 1120 295 1283 337; x_wconf 85' lang='lat' dir='ltr'>hospitalis</span> <span class='ocrx_word' id='word_1_232' title='bbox 1301 295 1329 327; x_wconf 80' lang='lat' dir='ltr'>S.</span> <span class='ocrx_word' id='word_1_233' title='bbox 1349 295 1474 327; x_wconf 88' lang='lat' dir='ltr'>loannis</span> <span class='ocrx_word' id='word_1_234' title='bbox 1499 294 1728 337; x_wconf 68' lang='lat' dir='ltr'>Hierosolymi-</span> 
     </span>
     <span class='ocr_line' id='line_1_49' title="bbox 982 347 1725 390; baseline -0.003 -10"><span class='ocrx_word' id='word_1_235' title='bbox 982 348 1044 380; x_wconf 89' lang='lat' dir='ltr'>tani</span> <span class='ocrx_word' id='word_1_236' title='bbox 1078 347 1229 379; x_wconf 83' lang='lat' dir='ltr'>militibus</span> <span class='ocrx_word' id='word_1_237' title='bbox 1262 347 1420 379; x_wconf 75' lang='lat' dir='ltr'>dumtaxat</span> <span class='ocrx_word' id='word_1_238' title='bbox 1449 347 1600 390; x_wconf 75' lang='lat' dir='ltr'>exceptis)</span> <span class='ocrx_word' id='word_1_239' title='bbox 1630 357 1725 390; x_wconf 86' lang='lat' dir='ltr'>prae-</span> 
     </span>
     <span class='ocr_line' id='line_1_50' title="bbox 982 400 1728 444; baseline -0.003 -11"><span class='ocrx_word' id='word_1_240' title='bbox 982 401 1064 433; x_wconf 84' lang='lat' dir='ltr'>dicta</span> <span class='ocrx_word' id='word_1_241' title='bbox 1088 411 1289 444; x_wconf 79' lang='lat' dir='ltr'>quocumque</span> <span class='ocrx_word' id='word_1_242' title='bbox 1318 401 1386 432; x_wconf 86' lang='lat' dir='ltr'>iure</span> <span class='ocrx_word' id='word_1_243' title='bbox 1409 406 1437 432; x_wconf 80' lang='lat' dir='ltr'>ct</span> <span class='ocrx_word' id='word_1_244' title='bbox 1463 401 1554 433; x_wconf 88' lang='lat' dir='ltr'>titulo</span> <span class='ocrx_word' id='word_1_245' title='bbox 1583 400 1728 433; x_wconf 88' lang='lat' dir='ltr'>obtinen-</span> 
     </span>
     <span class='ocr_line' id='line_1_51' title="bbox 984 453 1729 493; baseline -0.003 -6"><span class='ocrx_word' id='word_1_246' title='bbox 984 455 1065 488; x_wconf 83' lang='lat' dir='ltr'>tibus</span> <span class='ocrx_word' id='word_1_247' title='bbox 1090 460 1117 486; x_wconf 85' lang='lat' dir='ltr'>et</span> <span class='ocrx_word' id='word_1_248' title='bbox 1143 454 1332 493; x_wconf 72' lang='lat' dir='ltr'>obtenturis,</span> <span class='ocrx_word' id='word_1_249' title='bbox 1350 464 1471 485; x_wconf 81' lang='lat' dir='ltr'>necnon</span> <span class='ocrx_word' id='word_1_250' title='bbox 1497 453 1679 486; x_wconf 86' lang='lat' dir='ltr'>oeconomis</span> <span class='ocrx_word' id='word_1_251' title='bbox 1699 458 1729 485; x_wconf 83' lang='lat' dir='ltr'>et</span> 
     </span>
     <span class='ocr_line' id='line_1_52' title="bbox 982 507 1725 550; baseline -0.001 -11"><span class='ocrx_word' id='word_1_252' title='bbox 982 507 1292 540; x_wconf 78' lang='lat' dir='ltr'>administratoriluts</span> <span class='ocrx_word' id='word_1_253' title='bbox 1322 507 1484 550; x_wconf 82' lang='lat' dir='ltr'>perpetuis</span> <span class='ocrx_word' id='word_1_254' title='bbox 1510 512 1537 537; x_wconf 88' lang='lat' dir='ltr'>et</span> <span class='ocrx_word' id='word_1_255' title='bbox 1564 512 1725 549; x_wconf 80' lang='lat' dir='ltr'>tempora-</span> 
     </span>
     <span class='ocr_line' id='line_1_53' title="bbox 983 559 1728 602; baseline 0 -11"><span class='ocrx_word' id='word_1_256' title='bbox 983 560 1065 592; x_wconf 90' lang='lat' dir='ltr'>libus</span> <span class='ocrx_word' id='word_1_257' title='bbox 1090 560 1353 597; x_wconf 84' lang='lat' dir='ltr'>usufructuariis,</span> <span class='ocrx_word' id='word_1_258' title='bbox 1379 569 1414 591; x_wconf 81' lang='lat' dir='ltr'>ac</span> <span class='ocrx_word' id='word_1_259' title='bbox 1440 559 1575 599; x_wconf 75' lang='lat' dir='ltr'>l&#39;ructus,</span> <span class='ocrx_word' id='word_1_260' title='bbox 1602 559 1728 602; x_wconf 69' lang='lat' dir='ltr'>pensio-</span> 
     </span>
     <span class='ocr_line' id='line_1_54' title="bbox 982 612 1729 655; baseline -0.003 -10"><span class='ocrx_word' id='word_1_261' title='bbox 982 624 1047 653; x_wconf 87' lang='lat' dir='ltr'>nes,</span> <span class='ocrx_word' id='word_1_262' title='bbox 1074 623 1122 645; x_wconf 87' lang='lat' dir='ltr'>res</span> <span class='ocrx_word' id='word_1_263' title='bbox 1148 618 1177 644; x_wconf 84' lang='lat' dir='ltr'>et</span> <span class='ocrx_word' id='word_1_264' title='bbox 1202 613 1261 645; x_wconf 86' lang='lat' dir='ltr'>alia</span> <span class='ocrx_word' id='word_1_265' title='bbox 1288 612 1468 645; x_wconf 83' lang='lat' dir='ltr'>huiusmodi</span> <span class='ocrx_word' id='word_1_266' title='bbox 1500 612 1567 644; x_wconf 87' lang='lat' dir='ltr'>iura</span> <span class='ocrx_word' id='word_1_267' title='bbox 1593 623 1627 644; x_wconf 84' lang='lat' dir='ltr'>ev</span> <span class='ocrx_word' id='word_1_268' title='bbox 1656 622 1729 655; x_wconf 79' lang='lat' dir='ltr'>qua-</span> 
     </span>
     <span class='ocr_line' id='line_1_55' title="bbox 982 665 1728 709; baseline -0.003 -11"><span class='ocrx_word' id='word_1_269' title='bbox 982 676 1116 709; x_wconf 80' lang='lat' dir='ltr'>cumque</span> <span class='ocrx_word' id='word_1_270' title='bbox 1142 668 1235 698; x_wconf 83' lang='lat' dir='ltr'>causa</span> <span class='ocrx_word' id='word_1_271' title='bbox 1258 666 1314 697; x_wconf 81' lang='lat' dir='ltr'>sibi</span> <span class='ocrx_word' id='word_1_272' title='bbox 1345 665 1515 708; x_wconf 77' lang='lat' dir='ltr'>apostolica</span> <span class='ocrx_word' id='word_1_273' title='bbox 1542 665 1728 696; x_wconf 79' lang='lat' dir='ltr'>auctoritate</span> 
     </span>
     <span class='ocr_line' id='line_1_56' title="bbox 984 718 1728 762; baseline -0.004 -11"><span class='ocrx_word' id='word_1_274' title='bbox 984 720 1012 752; x_wconf 89' lang='lat' dir='ltr'>in</span> <span class='ocrx_word' id='word_1_275' title='bbox 1037 725 1102 752; x_wconf 85' lang='lat' dir='ltr'>toto</span> <span class='ocrx_word' id='word_1_276' title='bbox 1131 719 1176 751; x_wconf 81' lang='lat' dir='ltr'>vel</span> <span class='ocrx_word' id='word_1_277' title='bbox 1201 719 1230 751; x_wconf 91' lang='lat' dir='ltr'>in</span> <span class='ocrx_word' id='word_1_278' title='bbox 1252 724 1340 762; x_wconf 82' lang='lat' dir='ltr'>parte</span> <span class='ocrx_word' id='word_1_279' title='bbox 1362 724 1520 750; x_wconf 84' lang='lat' dir='ltr'>reservata</span> <span class='ocrx_word' id='word_1_280' title='bbox 1541 718 1728 750; x_wconf 71' lang='lat' dir='ltr'>habentibus</span> 
     </span>
     <span class='ocr_line' id='line_1_57' title="bbox 982 771 1728 813; baseline -0.004 -8"><span class='ocrx_word' id='word_1_281' title='bbox 982 778 1012 805; x_wconf 81' lang='lat' dir='ltr'>et</span> <span class='ocrx_word' id='word_1_282' title='bbox 1039 773 1216 812; x_wconf 86' lang='lat' dir='ltr'>habituris,</span> <span class='ocrx_word' id='word_1_283' title='bbox 1246 772 1442 804; x_wconf 87' lang='lat' dir='ltr'>secularibus</span> <span class='ocrx_word' id='word_1_284' title='bbox 1471 777 1500 803; x_wconf 86' lang='lat' dir='ltr'>et</span> <span class='ocrx_word' id='word_1_285' title='bbox 1528 771 1728 813; x_wconf 68' lang='lat' dir='ltr'>regularibus</span> 
     </span>
     <span class='ocr_line' id='line_1_58' title="bbox 982 825 1729 868; baseline -0.005 -9"><span class='ocrx_word' id='word_1_286' title='bbox 982 827 1141 865; x_wconf 88' lang='lat' dir='ltr'>ordinum,</span> <span class='ocrx_word' id='word_1_287' title='bbox 1168 826 1463 868; x_wconf 75' lang='lat' dir='ltr'>congregationum,</span> <span class='ocrx_word' id='word_1_288' title='bbox 1489 825 1672 857; x_wconf 79' lang='lat' dir='ltr'>militiarum</span> <span class='ocrx_word' id='word_1_289' title='bbox 1699 829 1729 856; x_wconf 86' lang='lat' dir='ltr'>et</span> 
     </span>
     <span class='ocr_line' id='line_1_59' title="bbox 982 877 1728 923; baseline -0.004 -11"><span class='ocrx_word' id='word_1_290' title='bbox 982 880 1183 923; x_wconf 81' lang='lat' dir='ltr'>hospitalium</span> <span class='ocrx_word' id='word_1_291' title='bbox 1217 880 1292 921; x_wconf 83' lang='lat' dir='ltr'>(non</span> <span class='ocrx_word' id='word_1_292' title='bbox 1322 884 1425 911; x_wconf 88' lang='lat' dir='ltr'>tamen</span> <span class='ocrx_word' id='word_1_293' title='bbox 1451 878 1479 911; x_wconf 85' lang='lat' dir='ltr'>S.</span> <span class='ocrx_word' id='word_1_294' title='bbox 1506 878 1631 910; x_wconf 87' lang='lat' dir='ltr'>loannis</span> <span class='ocrx_word' id='word_1_295' title='bbox 1658 877 1728 909; x_wconf 89' lang='lat' dir='ltr'>Ilie-</span> 
     </span>
     <span class='ocr_line' id='line_1_60' title="bbox 983 930 1729 977; baseline -0.004 -11"><span class='ocrx_word' id='word_1_296' title='bbox 983 933 1196 977; x_wconf 55' lang='lat' dir='ltr'>rosolymitani</span> <span class='ocrx_word' id='word_1_297' title='bbox 1215 930 1424 976; x_wconf 66' lang='lat' dir='ltr'>praedictiss),</span> <span class='ocrx_word' id='word_1_298' title='bbox 1442 941 1564 964; x_wconf 87' lang='lat' dir='ltr'>necnon</span> <span class='ocrx_word' id='word_1_299' title='bbox 1590 931 1628 963; x_wconf 88' lang='lat' dir='ltr'>ab</span> <span class='ocrx_word' id='word_1_300' title='bbox 1653 930 1729 973; x_wconf 87' lang='lat' dir='ltr'>ipsis</span> 
     </span>
     <span class='ocr_line' id='line_1_61' title="bbox 982 984 1727 1029; baseline -0.005 -10"><span class='ocrx_word' id='word_1_301' title='bbox 982 986 1133 1026; x_wconf 84' lang='lat' dir='ltr'>ecclesiis,</span> <span class='ocrx_word' id='word_1_302' title='bbox 1148 985 1302 1029; x_wconf 85' lang='lat' dir='ltr'>capitulis,</span> <span class='ocrx_word' id='word_1_303' title='bbox 1318 985 1533 1025; x_wconf 82' lang='lat' dir='ltr'>conventibus,</span> <span class='ocrx_word' id='word_1_304' title='bbox 1552 984 1727 1023; x_wconf 80' lang='lat' dir='ltr'>ordinibus,</span> 
     </span>
     <span class='ocr_line' id='line_1_62' title="bbox 982 1037 1727 1082; baseline -0.004 -11"><span class='ocrx_word' id='word_1_305' title='bbox 982 1039 1296 1082; x_wconf 76' lang='lat' dir='ltr'>congregationibus,</span> <span class='ocrx_word' id='word_1_306' title='bbox 1323 1038 1482 1080; x_wconf 74' lang='lat' dir='ltr'>collegiis,</span> <span class='ocrx_word' id='word_1_307' title='bbox 1508 1037 1727 1081; x_wconf 78' lang='lat' dir='ltr'>hospitalibus,</span> 
     </span>
     <span class='ocr_line' id='line_1_63' title="bbox 983 1092 1728 1135; baseline -0.003 -10"><span class='ocrx_word' id='word_1_308' title='bbox 983 1093 1113 1133; x_wconf 84' lang='lat' dir='ltr'>militiis,</span> <span class='ocrx_word' id='word_1_309' title='bbox 1135 1093 1261 1132; x_wconf 88' lang='lat' dir='ltr'>mensis,</span> <span class='ocrx_word' id='word_1_310' title='bbox 1283 1093 1394 1124; x_wconf 89' lang='lat' dir='ltr'>massis</span> <span class='ocrx_word' id='word_1_311' title='bbox 1420 1097 1449 1124; x_wconf 92' lang='lat' dir='ltr'>et</span> <span class='ocrx_word' id='word_1_312' title='bbox 1475 1092 1552 1125; x_wconf 80' lang='lat' dir='ltr'>locis</span> <span class='ocrx_word' id='word_1_313' title='bbox 1577 1102 1728 1135; x_wconf 82' lang='lat' dir='ltr'>quocum-</span> 
     </span>
     <span class='ocr_line' id='line_1_64' title="bbox 981 1145 1728 1190; baseline -0.003 -12"><span class='ocrx_word' id='word_1_314' title='bbox 981 1157 1041 1189; x_wconf 87' lang='lat' dir='ltr'>que</span> <span class='ocrx_word' id='word_1_315' title='bbox 1066 1146 1233 1190; x_wconf 80' lang='lat' dir='ltr'>privilegio</span> <span class='ocrx_word' id='word_1_316' title='bbox 1259 1150 1287 1179; x_wconf 89' lang='lat' dir='ltr'>et</span> <span class='ocrx_word' id='word_1_317' title='bbox 1313 1145 1513 1189; x_wconf 80' lang='lat' dir='ltr'>exemptione</span> <span class='ocrx_word' id='word_1_318' title='bbox 1539 1145 1631 1184; x_wconf 84' lang='lat' dir='ltr'>reali,</span> <span class='ocrx_word' id='word_1_319' title='bbox 1655 1156 1728 1188; x_wconf 81' lang='lat' dir='ltr'>per-</span> 
     </span>
     <span class='ocr_line' id='line_1_65' title="bbox 982 1199 1726 1242; baseline -0.003 -10"><span class='ocrx_word' id='word_1_320' title='bbox 982 1200 1079 1232; x_wconf 90' lang='lat' dir='ltr'>sonali</span> <span class='ocrx_word' id='word_1_321' title='bbox 1106 1206 1135 1232; x_wconf 89' lang='lat' dir='ltr'>et</span> <span class='ocrx_word' id='word_1_322' title='bbox 1160 1200 1267 1239; x_wconf 75' lang='lat' dir='ltr'>mixta,</span> <span class='ocrx_word' id='word_1_323' title='bbox 1294 1199 1437 1242; x_wconf 78' lang='lat' dir='ltr'>antiqua,</span> <span class='ocrx_word' id='word_1_324' title='bbox 1465 1199 1726 1239; x_wconf 77' lang='lat' dir='ltr'>immemorabili,</span> 
     </span>
     <span class='ocr_line' id='line_1_66' title="bbox 982 1253 1728 1298; baseline -0.003 -11"><span class='ocrx_word' id='word_1_325' title='bbox 982 1255 1112 1298; x_wconf 77' lang='lat' dir='ltr'>pacifica</span> <span class='ocrx_word' id='word_1_326' title='bbox 1138 1259 1168 1286; x_wconf 83' lang='lat' dir='ltr'>ct</span> <span class='ocrx_word' id='word_1_327' title='bbox 1188 1253 1338 1287; x_wconf 77' lang='lat' dir='ltr'>continua</span> <span class='ocrx_word' id='word_1_328' title='bbox 1356 1253 1486 1293; x_wconf 78' lang='lat' dir='ltr'>sull&#39;ulti,</span> <span class='ocrx_word' id='word_1_329' title='bbox 1506 1253 1585 1285; x_wconf 88' lang='lat' dir='ltr'>iutra</span> <span class='ocrx_word' id='word_1_330' title='bbox 1605 1258 1728 1296; x_wconf 81' lang='lat' dir='ltr'>tempus</span> 
     </span>
     <span class='ocr_line' id='line_1_67' title="bbox 981 1307 1727 1351; baseline -0.004 -11"><span class='ocrx_word' id='word_1_331' title='bbox 981 1319 998 1340; x_wconf 91' lang='lat' dir='ltr'>a</span> <span class='ocrx_word' id='word_1_332' title='bbox 1023 1313 1051 1341; x_wconf 85' lang='lat' dir='ltr'>te</span> <span class='ocrx_word' id='word_1_333' title='bbox 1075 1307 1326 1351; x_wconf 76' lang='lat' dir='ltr'>praefigemlum,</span> <span class='ocrx_word' id='word_1_334' title='bbox 1359 1318 1393 1339; x_wconf 91' lang='lat' dir='ltr'>ac</span> <span class='ocrx_word' id='word_1_335' title='bbox 1419 1308 1502 1339; x_wconf 77' lang='lat' dir='ltr'>iuxta</span> <span class='ocrx_word' id='word_1_336' title='bbox 1529 1312 1630 1338; x_wconf 85' lang='lat' dir='ltr'>taxam</span> <span class='ocrx_word' id='word_1_337' title='bbox 1657 1316 1673 1337; x_wconf 86' lang='lat' dir='ltr'>a</span> <span class='ocrx_word' id='word_1_338' title='bbox 1700 1312 1727 1338; x_wconf 86' lang='lat' dir='ltr'>te</span> 
     </span>
     <span class='ocr_line' id='line_1_68' title="bbox 983 1359 1728 1404; baseline -0.003 -11"><span class='ocrx_word' id='word_1_339' title='bbox 983 1361 1029 1394; x_wconf 89' lang='lat' dir='ltr'>vcl</span> <span class='ocrx_word' id='word_1_340' title='bbox 1055 1361 1115 1393; x_wconf 89' lang='lat' dir='ltr'>tuis</span> <span class='ocrx_word' id='word_1_341' title='bbox 1140 1360 1296 1404; x_wconf 84' lang='lat' dir='ltr'>deputatis</span> <span class='ocrx_word' id='word_1_342' title='bbox 1320 1360 1504 1400; x_wconf 84' lang='lat' dir='ltr'>faciendam,</span> <span class='ocrx_word' id='word_1_343' title='bbox 1522 1360 1618 1392; x_wconf 78' lang='lat' dir='ltr'>semel</span> <span class='ocrx_word' id='word_1_344' title='bbox 1641 1359 1728 1391; x_wconf 90' lang='lat' dir='ltr'>dum-</span> 
     </span>
     <span class='ocr_line' id='line_1_69' title="bbox 983 1413 1728 1456; baseline -0.003 -9"><span class='ocrx_word' id='word_1_345' title='bbox 983 1420 1064 1447; x_wconf 81' lang='lat' dir='ltr'>taxat</span> <span class='ocrx_word' id='word_1_346' title='bbox 1088 1414 1282 1455; x_wconf 78' lang='lat' dir='ltr'>solvendum,</span> <span class='ocrx_word' id='word_1_347' title='bbox 1310 1413 1495 1446; x_wconf 82' lang='lat' dir='ltr'>auctoritate</span> <span class='ocrx_word' id='word_1_348' title='bbox 1521 1415 1628 1445; x_wconf 78' lang='lat' dir='ltr'>nostra</span> <span class='ocrx_word' id='word_1_349' title='bbox 1654 1424 1728 1456; x_wconf 89' lang='lat' dir='ltr'>apo-</span> 
     </span>
     <span class='ocr_line' id='line_1_70' title="bbox 982 1467 1728 1510; baseline 0 -11"><span class='ocrx_word' id='word_1_350' title='bbox 982 1468 1091 1500; x_wconf 77' lang='lat' dir='ltr'>stolica</span> <span class='ocrx_word' id='word_1_351' title='bbox 1118 1467 1238 1500; x_wconf 85' lang='lat' dir='ltr'>indicas</span> <span class='ocrx_word' id='word_1_352' title='bbox 1264 1472 1293 1500; x_wconf 90' lang='lat' dir='ltr'>et</span> <span class='ocrx_word' id='word_1_353' title='bbox 1320 1467 1475 1510; x_wconf 82' lang='lat' dir='ltr'>imponas,</span> <span class='ocrx_word' id='word_1_354' title='bbox 1493 1477 1528 1499; x_wconf 89' lang='lat' dir='ltr'>ac</span> <span class='ocrx_word' id='word_1_355' title='bbox 1550 1467 1631 1498; x_wconf 70' lang='lat' dir='ltr'>idem</span> <span class='ocrx_word' id='word_1_356' title='bbox 1658 1467 1728 1499; x_wconf 73' lang='lat' dir='ltr'>suli-</span> 
     </span>
     <span class='ocr_line' id='line_1_71' title="bbox 982 1520 1727 1565; baseline -0.003 -12"><span class='ocrx_word' id='word_1_357' title='bbox 982 1521 1107 1561; x_wconf 89' lang='lat' dir='ltr'>sidium,</span> <span class='ocrx_word' id='word_1_358' title='bbox 1134 1526 1302 1565; x_wconf 84' lang='lat' dir='ltr'>postquam</span> <span class='ocrx_word' id='word_1_359' title='bbox 1322 1521 1396 1553; x_wconf 92' lang='lat' dir='ltr'>illud</span> <span class='ocrx_word' id='word_1_360' title='bbox 1417 1526 1447 1553; x_wconf 92' lang='lat' dir='ltr'>ut</span> <span class='ocrx_word' id='word_1_361' title='bbox 1470 1522 1650 1564; x_wconf 75' lang='lat' dir='ltr'>praetcrtur</span> <span class='ocrx_word' id='word_1_362' title='bbox 1673 1520 1727 1552; x_wconf 92' lang='lat' dir='ltr'>im-</span> 
     </span>
     <span class='ocr_line' id='line_1_72' title="bbox 982 1574 1727 1618; baseline -0.003 -11"><span class='ocrx_word' id='word_1_363' title='bbox 982 1575 1125 1618; x_wconf 84' lang='lat' dir='ltr'>posueris</span> <span class='ocrx_word' id='word_1_364' title='bbox 1149 1580 1179 1607; x_wconf 86' lang='lat' dir='ltr'>ct</span> <span class='ocrx_word' id='word_1_365' title='bbox 1203 1574 1365 1614; x_wconf 83' lang='lat' dir='ltr'>indixeris,</span> <span class='ocrx_word' id='word_1_366' title='bbox 1386 1585 1442 1617; x_wconf 87' lang='lat' dir='ltr'>per</span> <span class='ocrx_word' id='word_1_367' title='bbox 1461 1580 1488 1606; x_wconf 92' lang='lat' dir='ltr'>te</span> <span class='ocrx_word' id='word_1_368' title='bbox 1508 1575 1552 1605; x_wconf 82' lang='lat' dir='ltr'>vel</span> <span class='ocrx_word' id='word_1_369' title='bbox 1575 1584 1727 1617; x_wconf 80' lang='lat' dir='ltr'>personas</span> 
     </span>
     <span class='ocr_line' id='line_1_73' title="bbox 983 1627 1728 1670; baseline -0.001 -10"><span class='ocrx_word' id='word_1_370' title='bbox 983 1628 1209 1661; x_wconf 86' lang='lat' dir='ltr'>ecclesiasticas</span> <span class='ocrx_word' id='word_1_371' title='bbox 1227 1638 1242 1659; x_wconf 90' lang='lat' dir='ltr'>a</span> <span class='ocrx_word' id='word_1_372' title='bbox 1264 1633 1291 1659; x_wconf 86' lang='lat' dir='ltr'>tc</span> <span class='ocrx_word' id='word_1_373' title='bbox 1312 1627 1349 1659; x_wconf 89' lang='lat' dir='ltr'>ad</span> <span class='ocrx_word' id='word_1_374' title='bbox 1376 1627 1404 1659; x_wconf 92' lang='lat' dir='ltr'>id</span> <span class='ocrx_word' id='word_1_375' title='bbox 1431 1627 1610 1670; x_wconf 71' lang='lat' dir='ltr'>specialittju·</span> <span class='ocrx_word' id='word_1_376' title='bbox 1635 1627 1728 1670; x_wconf 69' lang='lat' dir='ltr'>depu-</span> 
     </span>
     <span class='ocr_line' id='line_1_74' title="bbox 984 1681 1726 1724; baseline 0 -12"><span class='ocrx_word' id='word_1_377' title='bbox 984 1681 1091 1714; x_wconf 82' lang='lat' dir='ltr'>tandas</span> <span class='ocrx_word' id='word_1_378' title='bbox 1123 1692 1139 1713; x_wconf 89' lang='lat' dir='ltr'>a</span> <span class='ocrx_word' id='word_1_379' title='bbox 1171 1681 1332 1724; x_wconf 82' lang='lat' dir='ltr'>quibusvis</span> <span class='ocrx_word' id='word_1_380' title='bbox 1364 1681 1530 1724; x_wconf 86' lang='lat' dir='ltr'>personis,</span> <span class='ocrx_word' id='word_1_381' title='bbox 1564 1681 1726 1720; x_wconf 71' lang='lat' dir='ltr'>ecclesiis,</span> 
     </span>
     <span class='ocr_line' id='line_1_75' title="bbox 983 1734 1727 1778; baseline -0.003 -11"><span class='ocrx_word' id='word_1_382' title='bbox 983 1735 1137 1778; x_wconf 78' lang='lat' dir='ltr'>capitulis,</span> <span class='ocrx_word' id='word_1_383' title='bbox 1163 1734 1379 1774; x_wconf 82' lang='lat' dir='ltr'>conventibus,</span> <span class='ocrx_word' id='word_1_384' title='bbox 1401 1734 1576 1776; x_wconf 77' lang='lat' dir='ltr'>ordinibus,</span> <span class='ocrx_word' id='word_1_385' title='bbox 1597 1745 1727 1776; x_wconf 70' lang='lat' dir='ltr'>congre-</span> 
     </span>
     <span class='ocr_line' id='line_1_76' title="bbox 982 1787 1726 1830; baseline -0.001 -11"><span class='ocrx_word' id='word_1_386' title='bbox 982 1787 1171 1829; x_wconf 78' lang='lat' dir='ltr'>gationibus,</span> <span class='ocrx_word' id='word_1_387' title='bbox 1191 1787 1341 1830; x_wconf 77' lang='lat' dir='ltr'>collegiis,</span> <span class='ocrx_word' id='word_1_388' title='bbox 1359 1787 1578 1830; x_wconf 81' lang='lat' dir='ltr'>hospitalibus,</span> <span class='ocrx_word' id='word_1_389' title='bbox 1597 1787 1726 1827; x_wconf 83' lang='lat' dir='ltr'>militiis,</span> 
     </span>
     <span class='ocr_line' id='line_1_77' title="bbox 983 1840 1726 1883; baseline -0.003 -10"><span class='ocrx_word' id='word_1_390' title='bbox 983 1841 1114 1878; x_wconf 78' lang='lat' dir='ltr'>mensis,</span> <span class='ocrx_word' id='word_1_391' title='bbox 1141 1841 1252 1872; x_wconf 85' lang='lat' dir='ltr'>massis</span> <span class='ocrx_word' id='word_1_392' title='bbox 1277 1846 1305 1872; x_wconf 83' lang='lat' dir='ltr'>ct</span> <span class='ocrx_word' id='word_1_393' title='bbox 1331 1840 1407 1873; x_wconf 85' lang='lat' dir='ltr'>locis</span> <span class='ocrx_word' id='word_1_394' title='bbox 1433 1840 1579 1883; x_wconf 79' lang='lat' dir='ltr'>prarfatis</span> <span class='ocrx_word' id='word_1_395' title='bbox 1605 1841 1726 1883; x_wconf 69' lang='lat' dir='ltr'>exigas,</span> 
     </span>
     <span class='ocr_line' id='line_1_78' title="bbox 983 1893 1728 1937; baseline 0 -12"><span class='ocrx_word' id='word_1_396' title='bbox 983 1894 1127 1937; x_wconf 83' lang='lat' dir='ltr'>ipsasque</span> <span class='ocrx_word' id='word_1_397' title='bbox 1152 1904 1313 1936; x_wconf 80' lang='lat' dir='ltr'>personas,</span> <span class='ocrx_word' id='word_1_398' title='bbox 1334 1898 1396 1925; x_wconf 90' lang='lat' dir='ltr'>tam</span> <span class='ocrx_word' id='word_1_399' title='bbox 1419 1893 1611 1926; x_wconf 87' lang='lat' dir='ltr'>coniunctim</span> <span class='ocrx_word' id='word_1_400' title='bbox 1633 1904 1728 1936; x_wconf 84' lang='lat' dir='ltr'>quam</span> 
     </span>
     <span class='ocr_line' id='line_1_79' title="bbox 981 1947 1727 1990; baseline -0.003 -11"><span class='ocrx_word' id='word_1_401' title='bbox 981 1947 1117 1987; x_wconf 80' lang='lat' dir='ltr'>divisim,</span> <span class='ocrx_word' id='word_1_402' title='bbox 1141 1958 1176 1979; x_wconf 87' lang='lat' dir='ltr'>ac</span> <span class='ocrx_word' id='word_1_403' title='bbox 1201 1947 1359 1987; x_wconf 87' lang='lat' dir='ltr'>ecclesias,</span> <span class='ocrx_word' id='word_1_404' title='bbox 1378 1947 1526 1990; x_wconf 88' lang='lat' dir='ltr'>capitula,</span> <span class='ocrx_word' id='word_1_405' title='bbox 1545 1951 1727 1985; x_wconf 81' lang='lat' dir='ltr'>conventus,</span> 
     </span>
     <span class='ocr_line' id='line_1_80' title="bbox 981 2000 1727 2043; baseline -0.001 -9"><span class='ocrx_word' id='word_1_406' title='bbox 981 2000 1118 2040; x_wconf 84' lang='lat' dir='ltr'>ordines,</span> <span class='ocrx_word' id='word_1_407' title='bbox 1137 2000 1400 2043; x_wconf 75' lang='lat' dir='ltr'>congregationes</span> <span class='ocrx_word' id='word_1_408' title='bbox 1418 2006 1448 2032; x_wconf 87' lang='lat' dir='ltr'>et</span> <span class='ocrx_word' id='word_1_409' title='bbox 1465 2000 1525 2032; x_wconf 86' lang='lat' dir='ltr'>alia</span> <span class='ocrx_word' id='word_1_410' title='bbox 1545 2000 1727 2033; x_wconf 89' lang='lat' dir='ltr'>huiusmodi</span> 
     </span>
     <span class='ocr_line' id='line_1_81' title="bbox 981 2053 1728 2087; baseline 0 0"><span class='ocrx_word' id='word_1_411' title='bbox 981 2054 1018 2087; x_wconf 86' lang='lat' dir='ltr'>ad</span> <span class='ocrx_word' id='word_1_412' title='bbox 1044 2054 1118 2087; x_wconf 84' lang='lat' dir='ltr'>dicti</span> <span class='ocrx_word' id='word_1_413' title='bbox 1144 2053 1275 2086; x_wconf 86' lang='lat' dir='ltr'>subsidii</span> <span class='ocrx_word' id='word_1_414' title='bbox 1314 2054 1502 2086; x_wconf 86' lang='lat' dir='ltr'>solutionem</span> <span class='ocrx_word' id='word_1_415' title='bbox 1538 2054 1646 2085; x_wconf 79' lang='lat' dir='ltr'>eadem</span> <span class='ocrx_word' id='word_1_416' title='bbox 1673 2065 1728 2087; x_wconf 86' lang='lat' dir='ltr'>au-</span> 
     </span>
     <span class='ocr_line' id='line_1_82' title="bbox 982 2107 1728 2150; baseline -0.001 -10"><span class='ocrx_word' id='word_1_417' title='bbox 982 2107 1125 2140; x_wconf 78' lang='lat' dir='ltr'>ctoritate</span> <span class='ocrx_word' id='word_1_418' title='bbox 1151 2113 1300 2150; x_wconf 20' lang='lat' dir='ltr'>cogas-,et</span> <span class='ocrx_word' id='word_1_419' title='bbox 1325 2107 1507 2150; x_wconf 76' lang='lat' dir='ltr'>compellas,</span> <span class='ocrx_word' id='word_1_420' title='bbox 1525 2117 1560 2139; x_wconf 87' lang='lat' dir='ltr'>ac</span> <span class='ocrx_word' id='word_1_421' title='bbox 1579 2107 1728 2150; x_wconf 82' lang='lat' dir='ltr'>pecunias</span> 
     </span>
     <span class='ocr_line' id='line_1_83' title="bbox 981 2160 1730 2205; baseline 0 -12"><span class='ocrx_word' id='word_1_422' title='bbox 981 2171 1197 2205; x_wconf 84' lang='lat' dir='ltr'>quascumque</span> <span class='ocrx_word' id='word_1_423' title='bbox 1218 2160 1330 2193; x_wconf 85' lang='lat' dir='ltr'>exinde</span> <span class='ocrx_word' id='word_1_424' title='bbox 1350 2166 1560 2204; x_wconf 86' lang='lat' dir='ltr'>proventuras</span> <span class='ocrx_word' id='word_1_425' title='bbox 1586 2161 1730 2204; x_wconf 88' lang='lat' dir='ltr'>pauperi-</span> 
     </span>
     <span class='ocr_line' id='line_1_84' title="bbox 982 2213 1730 2257; baseline -0.001 -11"><span class='ocrx_word' id='word_1_426' title='bbox 982 2215 1040 2247; x_wconf 88' lang='lat' dir='ltr'>bus</span> <span class='ocrx_word' id='word_1_427' title='bbox 1073 2214 1236 2247; x_wconf 86' lang='lat' dir='ltr'>catholicis</span> <span class='ocrx_word' id='word_1_428' title='bbox 1270 2213 1439 2257; x_wconf 85' lang='lat' dir='ltr'>praedictis</span> <span class='ocrx_word' id='word_1_429' title='bbox 1471 2223 1530 2256; x_wconf 88' lang='lat' dir='ltr'>pro</span> <span class='ocrx_word' id='word_1_430' title='bbox 1563 2213 1730 2245; x_wconf 82' lang='lat' dir='ltr'>cuiuslibet</span> 
     </span>
     <span class='ocr_line' id='line_1_85' title="bbox 982 2267 1731 2310; baseline -0.004 -8"><span class='ocrx_word' id='word_1_431' title='bbox 982 2279 1092 2302; x_wconf 91' lang='lat' dir='ltr'>eorum</span> <span class='ocrx_word' id='word_1_432' title='bbox 1119 2267 1290 2309; x_wconf 78' lang='lat' dir='ltr'>indigentia</span> <span class='ocrx_word' id='word_1_433' title='bbox 1309 2278 1344 2299; x_wconf 92' lang='lat' dir='ltr'>ac</span> <span class='ocrx_word' id='word_1_434' title='bbox 1373 2278 1431 2310; x_wconf 91' lang='lat' dir='ltr'>pro</span> <span class='ocrx_word' id='word_1_435' title='bbox 1452 2267 1584 2299; x_wconf 88' lang='lat' dir='ltr'>arbitrio</span> <span class='ocrx_word' id='word_1_436' title='bbox 1611 2273 1663 2299; x_wconf 92' lang='lat' dir='ltr'>tuo</span> <span class='ocrx_word' id='word_1_437' title='bbox 1689 2268 1731 2299; x_wconf 90' lang='lat' dir='ltr'>in-</span> 
     </span>
     <span class='ocr_line' id='line_1_86' title="bbox 982 2321 1731 2365; baseline -0.004 -9"><span class='ocrx_word' id='word_1_438' title='bbox 982 2328 1070 2365; x_wconf 78' lang='lat' dir='ltr'>tegre</span> <span class='ocrx_word' id='word_1_439' title='bbox 1095 2322 1265 2354; x_wconf 84' lang='lat' dir='ltr'>distribuas</span> <span class='ocrx_word' id='word_1_440' title='bbox 1284 2332 1339 2354; x_wconf 86' lang='lat' dir='ltr'>seu</span> <span class='ocrx_word' id='word_1_441' title='bbox 1356 2321 1503 2353; x_wconf 89' lang='lat' dir='ltr'>distribui</span> <span class='ocrx_word' id='word_1_442' title='bbox 1523 2331 1630 2360; x_wconf 74' lang='lat' dir='ltr'>curcs;</span> <span class='ocrx_word' id='word_1_443' title='bbox 1660 2332 1731 2353; x_wconf 85' lang='lat' dir='ltr'>cou-</span> 
     </span>
     <span class='ocr_line' id='line_1_87' title="bbox 983 2375 1731 2418; baseline -0.004 -8"><span class='ocrx_word' id='word_1_444' title='bbox 983 2376 1188 2417; x_wconf 54' lang='lat' dir='ltr'>tradit-tores,</span> <span class='ocrx_word' id='word_1_445' title='bbox 1219 2375 1482 2418; x_wconf 89' lang='lat' dir='ltr'>perturbatores,</span> <span class='ocrx_word' id='word_1_446' title='bbox 1514 2375 1731 2407; x_wconf 61' lang='lat' dir='ltr'>molestatores</span> 
     </span>
     <span class='ocr_line' id='line_1_88' title="bbox 982 2428 1729 2472; baseline -0.004 -9"><span class='ocrx_word' id='word_1_447' title='bbox 982 2436 1011 2464; x_wconf 87' lang='lat' dir='ltr'>et</span> <span class='ocrx_word' id='word_1_448' title='bbox 1046 2430 1178 2462; x_wconf 79' lang='lat' dir='ltr'>rebelles</span> <span class='ocrx_word' id='word_1_449' title='bbox 1209 2429 1389 2472; x_wconf 86' lang='lat' dir='ltr'>quoslibet,</span> <span class='ocrx_word' id='word_1_450' title='bbox 1415 2428 1523 2472; x_wconf 86' lang='lat' dir='ltr'>eisquc</span> <span class='ocrx_word' id='word_1_451' title='bbox 1557 2428 1729 2468; x_wconf 85' lang='lat' dir='ltr'>auxilium,</span> 
     </span>
     <span class='ocr_line' id='line_1_89' title="bbox 982 2482 1729 2525; baseline -0.004 -9"><span class='ocrx_word' id='word_1_452' title='bbox 982 2483 1148 2517; x_wconf 86' lang='lat' dir='ltr'>consilium</span> <span class='ocrx_word' id='word_1_453' title='bbox 1175 2488 1205 2515; x_wconf 85' lang='lat' dir='ltr'>ct</span> <span class='ocrx_word' id='word_1_454' title='bbox 1229 2483 1367 2515; x_wconf 80' lang='lat' dir='ltr'>savorem</span> <span class='ocrx_word' id='word_1_455' title='bbox 1397 2482 1523 2525; x_wconf 85' lang='lat' dir='ltr'>publice</span> <span class='ocrx_word' id='word_1_456' title='bbox 1541 2482 1588 2515; x_wconf 88' lang='lat' dir='ltr'>vcl</span> <span class='ocrx_word' id='word_1_457' title='bbox 1606 2483 1729 2515; x_wconf 75' lang='lat' dir='ltr'>occulte</span> 
     </span>
    </p>
   </div>
   <div class='ocr_carea' id='block_1_5' title="bbox 210 2536 1729 2581">
    <p class='ocr_par' dir='ltr' id='par_1_6' title="bbox 210 2536 1729 2581">
     <span class='ocr_line' id='line_1_90' title="bbox 210 2536 1729 2581; baseline -0.001 -11"><span class='ocrx_word' id='word_1_458' title='bbox 210 2538 395 2580; x_wconf 77' lang='lat' dir='ltr'>iuscumque</span> <span class='ocrx_word' id='word_1_459' title='bbox 426 2537 585 2579; x_wconf 71' lang='lat' dir='ltr'>dignitatis</span> <span class='ocrx_word' id='word_1_460' title='bbox 600 2565 607 2578; x_wconf 88' lang='lat'>,</span> <span class='ocrx_word' id='word_1_461' title='bbox 636 2538 771 2580; x_wconf 78' lang='lat' dir='ltr'>gradus,</span> <span class='ocrx_word' id='word_1_462' title='bbox 796 2544 895 2572; x_wconf 85' lang='lat' dir='ltr'>status</span> <span class='ocrx_word' id='word_1_463' title='bbox 919 2545 949 2573; x_wconf 84' lang='lat' dir='ltr'>ct</span> <span class='ocrx_word' id='word_1_464' title='bbox 982 2537 1093 2581; x_wconf 89' lang='lat' dir='ltr'>quovis</span> <span class='ocrx_word' id='word_1_465' title='bbox 1110 2537 1254 2580; x_wconf 84' lang='lat' dir='ltr'>quaesito</span> <span class='ocrx_word' id='word_1_466' title='bbox 1272 2536 1379 2569; x_wconf 88' lang='lat' dir='ltr'>colore</span> <span class='ocrx_word' id='word_1_467' title='bbox 1404 2539 1607 2580; x_wconf 84' lang='lat' dir='ltr'>praestantes,</span> <span class='ocrx_word' id='word_1_468' title='bbox 1629 2536 1729 2569; x_wconf 81' lang='lat' dir='ltr'>cuius-</span> 
     </span>
    </p>
   </div>
   <div class='ocr_carea' id='block_1_6' title="bbox 247 2599 844 2636">
    <p class='ocr_par' dir='ltr' id='par_1_7' title="bbox 247 2599 844 2636">
     <span class='ocr_line' id='line_1_91' title="bbox 247 2599 844 2636; baseline 0.003 -10"><span class='ocrx_word' id='word_1_469' title='bbox 247 2601 256 2626; x_wconf 85' lang='lat'>1</span> <span class='ocrx_word' id='word_1_470' title='bbox 277 2600 424 2634; x_wconf 70' lang='lat' dir='ltr'>l&#39;racposit.</span> <span class='ocrx_word' id='word_1_471' title='bbox 440 2608 527 2634; x_wconf 75' lang='lat' dir='ltr'>super</span> <span class='ocrx_word' id='word_1_472' title='bbox 543 2608 591 2625; x_wconf 87' lang='lat' dir='ltr'>nos</span> <span class='ocrx_word' id='word_1_473' title='bbox 606 2599 731 2627; x_wconf 87' lang='lat' dir='ltr'>addimus</span> <span class='ocrx_word' id='word_1_474' title='bbox 745 2602 784 2635; x_wconf 81' lang='lat' dir='ltr'>(n.</span> <span class='ocrx_word' id='word_1_475' title='bbox 797 2602 844 2636; x_wconf 68' lang='grc' dir='ltr'>τ).</span> 
     </span>
    </p>
   </div>
   <div class='ocr_carea' id='block_1_7' title="bbox 294 2654 891 2682">
    <p class='ocr_par' dir='ltr' id='par_1_8' title="bbox 294 2654 891 2682">
     <span class='ocr_line' id='line_1_92' title="bbox 294 2654 891 2682; baseline 0.002 -2"><span class='ocrx_word' id='word_1_476' title='bbox 294 2654 370 2681; x_wconf 66' lang='lat' dir='ltr'>fluct.</span> <span class='ocrx_word' id='word_1_477' title='bbox 391 2654 475 2681; x_wconf 74' lang='lat' dir='ltr'>Rom.</span> <span class='ocrx_word' id='word_1_478' title='bbox 492 2668 525 2673; x_wconf 93' lang='lat'>—</span> <span class='ocrx_word' id='word_1_479' title='bbox 546 2654 602 2682; x_wconf 87' lang='lat' dir='ltr'>Vol.</span> <span class='ocrx_word' id='word_1_480' title='bbox 624 2654 698 2682; x_wconf 75' lang='lat' dir='ltr'><em>XVI.</em></span> <span class='ocrx_word' id='word_1_481' title='bbox 857 2654 891 2681; x_wconf 81' lang='lat'>12</span> 
     </span>
    </p>
   </div>
   <div class='ocr_carea' id='block_1_8' title="bbox 1021 2599 1513 2636">
    <p class='ocr_par' dir='ltr' id='par_1_9' title="bbox 1021 2599 1513 2636">
     <span class='ocr_line' id='line_1_93' title="bbox 1021 2599 1513 2636; baseline -0.006 -8"><span class='ocrx_word' id='word_1_482' title='bbox 1021 2604 1031 2628; x_wconf 88' lang='lat'><strong>1</strong></span> <span class='ocrx_word' id='word_1_483' title='bbox 1054 2601 1148 2636; x_wconf 77' lang='lat' dir='ltr'>Aptius</span> <span class='ocrx_word' id='word_1_484' title='bbox 1167 2600 1226 2635; x_wconf 82' lang='lat' dir='ltr'>lege</span> <span class='ocrx_word' id='word_1_485' title='bbox 1246 2599 1392 2635; x_wconf 79' lang='lat' dir='ltr'>praedicti</span> <span class='ocrx_word' id='word_1_486' title='bbox 1411 2606 1449 2634; x_wconf 67' lang='lat' dir='ltr'>ta.</span> <span class='ocrx_word' id='word_1_487' title='bbox 1465 2600 1513 2634; x_wconf 55' lang='lat' dir='ltr'>tn).</span> 
     </span>
    </p>
   </div>
   <div class='ocr_carea' id='block_1_9' title="bbox 1744 192 1928 219">
    <p class='ocr_par' dir='ltr' id='par_1_10' title="bbox 1744 192 1928 219">
     <span class='ocr_line' id='line_1_94' title="bbox 1744 192 1928 219; baseline 0.016 -3"><span class='ocrx_word' id='word_1_488' title='bbox 1744 193 1792 217; x_wconf 83' lang='lat' dir='ltr'>An.</span> <span class='ocrx_word' id='word_1_489' title='bbox 1815 192 1842 217; x_wconf 78' lang='lat' dir='ltr'>C.</span> <span class='ocrx_word' id='word_1_490' title='bbox 1862 192 1928 219; x_wconf 75' lang='lat'>1055</span> 
     </span>
    </p>
   </div>
   <div class='ocr_carea' id='block_1_10' title="bbox 1744 1954 1927 2007">
    <p class='ocr_par' dir='ltr' id='par_1_11' title="bbox 1744 1954 1927 2007">
     <span class='ocr_line' id='line_1_95' title="bbox 1764 1954 1927 1975; baseline 0.012 -2"><span class='ocrx_word' id='word_1_491' title='bbox 1764 1954 1927 1975; x_wconf 59' lang='lat' dir='ltr'>commenten-</span> 
     </span>
     <span class='ocr_line' id='line_1_96' title="bbox 1744 1983 1857 2007; baseline 0 -6"><span class='ocrx_word' id='word_1_492' title='bbox 1744 1983 1772 2001; x_wconf 57' lang='grc' dir='ltr'>[ω</span> <span class='ocrx_word' id='word_1_493' title='bbox 1791 1987 1818 2007; x_wconf 90' lang='lat' dir='ltr'>pu</span> <span class='ocrx_word' id='word_1_494' title='bbox 1827 1984 1857 2001; x_wconf 70' lang='lat' dir='ltr'>nt.</span> 
     </span>
    </p>
   </div>
  </div>
 </body>
</html>
