2243 3205
14 999 20 1010 ae.
14 885 21 988 «κ’-..

65 242 114 270 An.
133 240 160 268 C.
178 239 248 267 ¹058

95 882 193 905 prohibet
217 884 238 904 et.

63 910 177 933 interdicit,
213 915 238 930 ne

62 936 152 958 monachi
163 935 238 956 Munus

63 963 149 989 Virginis
172 963 238 983 sancti

62 989 165 1011 Benedicti
175 989 239 1014 nigni-

62 1018 112 1037 tates
122 1018 142 1036 et
149 1015 238 1036 honores

63 1045 175 1070 procurent.

846 237 1031 261 ALEXANDER

447 286 612 314 Alexander
631 286 710 320 Papa
729 285 799 319 vn,

377 330 414 357 ad
429 333 606 365 perpetuam
626 331 672 358 rei
692 330 872 358 memoriam.

1057 237 1100 260 VH
1126 237 1172 259 ΓΡ.

1669 226 1732 261 357
1780 238 1831 263 An.
1853 237 1882 264 c.
1900 238 1967 265 1658

1073 284 1088 327 ς
1112 284 1141 316 ⁹2.
1166 284 1345 318 Mandantes
1370 290 1539 328 propterea
1571 288 1601 318 et
1631 284 1769 319 districte
1810 299 1968 324 Praecipitat)-

1783 326 1826 345 ban
1839 329 1857 345 et
1874 333 1905 351 sni

1908 332 1968 345 ›itrio-

1029 337 1257 380 praecipientes
1282 337 1312 369 in
1334 338 1446 371 virtute
1471 343 1594 371 sanctae
1619 337 1768 371 obedien·
1784 354 1848 376 ηοω,
1861 358 1885 372 ne
1896 353 1922 372 ³11
1939 353 1968 372 n.-

1784 383 1882 399 Siassiidffl
1898 385 1968 405 perso·

296 392 495 426 Sacrosancti
521 393 712 436 apostolatus
749 392 853 426 officio
868 419 874 434 ,
910 391 994 435 quod
1010 381 1012 419 i
1029 389 1099 430 tiae,
1115 400 1149 422 ac
1162 390 1219 422 sub
1234 389 1327 423 simili
1349 391 1683 424 excommunicationis
1697 401 1770 434 poe-

1730 445 1735 449 .
1784 433 1824 451 mio
1852 437 1968 457 congrega-

253 451 381 478 auctore
396 446 459 479 Deo
481 445 632 488 gerimus,
658 446 876 486 admonemur,
893 450 927 478 ut
944 455 995 488 pa·
1028 444 1068 476 na
1087 443 1208 476 dilectis
1233 443 1305 476 tiliis
1337 444 1440 476 abbati
1473 446 1622 487 generali,
1641 450 1767 478 ceteris·
1785 460 1847 478 ium>-

254 603 441 645 haerentes,
465 604 615 637 Altissimi
648 604 808 648 obsequiis
845 615 912 637 sese
937 604 995 637 sub

253 657 339 689 suavi
365 657 555 690 monasticae
581 657 660 689 vitae
685 657 760 700 iugo
785 657 994 697 devoverunt,

253 718 362 741 curam
387 714 541 752 gerentes,
566 709 769 743 ambitiosum
791 720 898 742 earum
926 710 1012 753 per-³

253 762 337 794 sonis
374 762 412 795 ad
447 762 613 805 dignitates
639 768 667 795 et
694 763 796 796 officia
833 774 993 796 accessum

253 815 464 850 intercludere
488 816 650 849 studemus
664 815 682 850 ¹.

297 869 312 912 g
336 870 366 902 ’1,
392 870 474 904 Motu
501 870 603 914 itaque
628 871 768 915 proprio,
786 882 820 904 ac
846 882 882 904 ex
909 873 994 904 certa

253 922 383 955 scientia
409 928 437 956 et
463 926 584 956 matura
608 923 834 958 deliberatione
868 924 1012 965 nostris,÷

253 976 353 1020 deque
377 977 567 1020 apostolicae
599 978 761 1021 potestatis
791 978 994 1022 plenitudine,

253 1029 397 1063 omnibus
422 1035 452 1063 et
476 1030 607 1073 singulis
641 1031 803 1064 monachis
824 1043 995 1075 congrega-

253 1083 345 1116 tionis
370 1083 481 1116 Montis
508 1084 642 1126 Virginis
668 1084 792 1117 Ordinis
817 1085 914 1118 sancti
944 1085 996 1118 Be-

251 1135 390 1179 nedicti,
416 1137 643 1181 cuiuscumque
671 1138 850 1181 qualitatis,
876 1144 993 1180 status,

252 1189 378 1232 gradus,
400 1190 599 1231 conditionis,
623 1191 889 1234 praeeminentiae
906 1198 933 1224 et
952 1191 995 1224 di—

251 1243 400 1286 gnitatis,
425 1254 507 1277 nunc
533 1249 562 1276 et
587 1255 645 1288 pro
678 1250 822 1288 tempore
846 1246 990 1289 quando-

251 1456 363 1491 officiis
387 1457 548 1501 quibusvis
572 1458 712 1491 eiusdem
739 1460 993 1503 congregationis

1010 674 1012 693 ὲ

1010 694 1012 707 i

1029 613 1067 636 ne
1092 603 1130 636 ad
1155 603 1334 637 instantiam
1367 609 1396 636 et
1420 604 1657 647 requisitionem
1683 614 1771 647 prae-

1029 657 1185 690 dictarum
1211 667 1420 701 personarum
1442 656 1480 689 de
1501 658 1623 699 gremio
1641 667 1771 700 congre-

1029 710 1163 753 gationis
1187 710 1369 743 huiusmodi
1398 720 1461 743 non
1486 710 1683 744 existentium
1710 711 1771 743 cui—

1030 774 1165 807 cumque
1202 763 1299 808 ipsius
1332 764 1587 806 congregationis
1617 764 1770 797 monacho

1029 818 1123 851 ullam
1141 817 1365 861 praelaturam,
1378 818 1516 850 ullumve
1530 817 1680 857 osticium,
1699 828 1771 860 gra-

1029 871 1126 912 dum,
1152 871 1328 913 honorem,
1354 871 1552 914 dignitatem,
1579 871 1769 903 functionem

1030 924 1076 957 vel
1101 924 1405 958 administrationem
1432 924 1571 957 eiusdem
1598 934 1769 968 congrega-

1030 978 1123 1011 tionis
1147 978 1258 1021 quovis
1284 978 1377 1011 modo
1403 978 1584 1011 concedant.

1073 1031 1087 1074 ἓ
1112 1030 1140 1064 3.
1168 1032 1211 1064 Ac
1236 1031 1439 1065 decernentes
1472 1032 1553 1075 ipsas
1590 1038 1769 1075 praesentes

1029 1084 1148 1118 litteras
1174 1096 1301 1129 semper
1326 1086 1443 1126 firmas,
1471 1086 1587 1118 validas
1616 1092 1645 1118 et
1671 1086 1770 1119 effica-

1029 1149 1090 1179 ces,
1117 1139 1251 1172 existere
1278 1145 1308 1172 et
1332 1139 1410 1180 sore,
1430 1145 1460 1172 et
1484 1139 1522 1172 ab
1543 1139 1603 1171 illis
1628 1140 1666 1172 ad
1690 1151 1770 1183 quos

1029 1197 1149 1234 spectat
1174 1198 1203 1225 et
1226 1203 1285 1236 pro
1303 1198 1444 1236 tempore
1462 1193 1623 1236 spectabit,
1643 1192 1769 1225 inviola-

1010 1244 1134 1284 ¹biliter
1159 1245 1336 1283 observari,
1355 1245 1462 1288 sicque
1488 1252 1514 1278 et
1542 1256 1603 1277 non
1629 1246 1720 1278 aliter
1739 1246 1769 1277 in

252 1307 387 1340 cumque
412 1297 632 1339 existentibus,
658 1308 696 1330 ne
721 1297 759 1330 de
784 1303 909 1339 cetero,
936 1292 1011 1342 proi

251 1351 448 1394 praelaturis,
473 1351 634 1394 gradibus,
656 1351 842 1394 bonoribus,
863 1343 1011 1397 dignita,¹

252 1404 345 1445 tibus,
368 1404 704 1445 administrationibus,
730 1405 944 1439 functionibus
965 1403 1011 1441 et*

252 1511 491 1555 consequendis,
516 1511 553 1544 ad
579 1512 768 1555 principum,
794 1523 848 1546 seu
873 1514 1011 1556 praela-¹

252 1568 368 1605 torum,
388 1569 417 1596 ct
437 1564 569 1596 aliarum
587 1575 794 1608 personarum
820 1566 992 1609 quarumli-

250 1615 304 1649 bet
327 1616 365 1649 de
389 1617 512 1659 gremio
533 1617 633 1651 dictae
659 1618 913 1661 congregationis
931 1629 1011 1652 non*

252 1669 466 1710 existentium,
497 1670 591 1703 etiam
627 1671 837 1704 cardinalatus
862 1673 1011 1716 bonores

251 1723 299 1756 vel
324 1733 524 1767 quacumque
550 1725 683 1757 seculari
714 1725 865 1768 dignitate
891 1731 919 1757 et
945 1737 993 1759 ex-

252 1775 406 1815 cellentia,
432 1776 524 1809 etiam
550 1776 717 1820 imperiali,
740 1778 847 1820 regali,
873 1786 925 1811 aut
941 1779 993 1812 du-

252 1828 309 1862 cali
336 1830 533 1872 fulgentium,
555 1830 677 1863 favores
702 1831 748 1863 vel
774 1832 925 1875 suffragia
945 1843 992 1866 re-

252 1894 390 1926 currere,
409 1884 542 1927 illosque
570 1894 624 1917 seu
650 1884 702 1917 illa
727 1884 784 1917 sibi
809 1896 992 1929 procurare,

251 1942 305 1970 aut
324 1937 418 1970 etiam
436 1943 546 1981 sponte
569 1937 682 1970 oblatis
709 1943 738 1970 et
763 1948 780 1970 a
805 1949 837 1972 se
864 1939 1010 1972 minime*

251 1990 428 2034 procuratis
453 1990 507 2030 uti,
533 1990 651 2024 directe
676 1991 723 2024 vel
750 1991 912 2033 indirecte,
937 2003 991 2027 seu

251 2044 326 2077 alias
351 2054 480 2088 quoquo
505 2043 608 2085 inodo,
634 2044 767 2077 audeant
787 2045 834 2078 vel
862 2056 1010 2089 praesu-¹

253 2101 360 2137 mant,
391 2097 449 2130 sub
484 2102 654 2140 perpetuae
688 2098 872 2141 privationis
908 2100 992 2133 vocis

252 2150 370 2183 activae
395 2155 425 2182 et
449 2150 599 2194 passivae,
621 2150 739 2194 absque
756 2152 819 2184 ulla
842 2163 896 2197 spe
914 2153 1009 2186 1·ein-,

253 2203 437 2247 tegi-ationis
460 2231 468 2245 ,
500 2213 622 2237 necnon
658 2205 992 2240 excommunicationis

253 2256 393 2298 maioris,
414 2267 431 2289 a
455 2267 516 2301 qua
533 2267 627 2290 nemo
644 2267 661 2290 a
685 2268 887 2302 quocumque
906 2270 993 2303 prae-

252 2316 395 2356 terquam
421 2321 438 2344 a
462 2311 553 2345 nobis
570 2317 600 2345 et
616 2312 765 2346 Romanis
790 2313 992 2347 Pontificibus

251 2365 487 2399 successoribus
517 2366 633 2400 nostris
656 2366 715 2399 nisi
751 2368 782 2400 in
807 2368 917 2401 mortis
942 2379 991 2401 ar-

252 2419 348 2452 liculo
373 2419 559 2453 constitutus
583 2419 702 2453 absolvi
731 2421 839 2464 possit,
865 2422 992 2465 poenis,

253 2483 290 2506 eo
315 2473 382 2516 ipso
406 2473 523 2517 absque
549 2473 611 2506 ulla
635 2473 695 2506 alia
715 2474 925 2508 declaratione
950 2476 1010 2508 ῐῐι-4

253 2526 428 2567 curi-endis,
442 2531 551 2559 tenore
563 2527 773 2571 praesentium
789 2527 993 2572 prohibemus

254 2586 283 2613 et
303 2580 529 2614 interdicimus.

291 2646 302 2670 1
324 2643 416 2679 Aptius
437 2644 492 2678 lege
512 2644 678 2672 studeamus
700 2650 735 2678 gn.
752 2644 799 2677 rs).

1029 1298 1220 1340 praemissis,
1245 1310 1302 1341 per
1327 1310 1544 1342 quoscumque
1576 1299 1694 1332 iudices
1719 1310 1769 1331 oi·-

1028 1350 1166 1384 dinarios
1199 1357 1229 1384 et
1262 1352 1442 1395 delegatos,
1477 1352 1569 1385 etiam
1603 1363 1768 1386 causarum

1028 1405 1134 1448 palatii
1166 1405 1330 1449 apostolici
1355 1406 1534 1447 auditores,
1561 1416 1596 1439 ac
1621 1406 1649 1438 S.
1676 1406 1709 1438 P..
1736 1406 1768 1438 E.

1028 1458 1212 1500 cardinales,
1238 1459 1358 1492 sublata
1381 1459 1424 1492 eis
1450 1466 1479 1492 et
1504 1470 1613 1492 corum
1641 1460 1769 1494 cuilibet

1028 1512 1136 1555 quavis
1161 1512 1251 1545 aliter
1288 1513 1444 1545 iudicandi
1477 1517 1506 1547 et
1543 1513 1768 1557 interpretandi

1028 1565 1172 1599 facultate
1197 1571 1225 1598 et
1251 1566 1446 1607 auctoritate,
1475 1566 1604 1599 iudicari
1631 1572 1659 1599 et
1684 1566 1763 1599 deti-

1028 1618 1088 1651 niri
1114 1618 1239 1660 debere,
1257 1629 1292 1652 ac
1312 1619 1435 1653 irritum
1461 1625 1490 1652 et
1516 1620 1616 1660 inane,
1638 1620 1661 1652 si
1679 1629 1768 1653 secus

1028 1681 1122 1715 super
1156 1671 1205 1705 his
1230 1682 1247 1704 a
1271 1683 1452 1716 quoquam,
1485 1673 1594 1716 quavis
1625 1673 1765 1706 auctori-

1030 1730 1111 1765 tate,
1136 1725 1271 1758 scienter
1301 1725 1347 1757 vel
1374 1725 1577 1768 ignoranter,
1602 1725 1766 1768 contigerit

1028 1778 1183 1810 attentari.

1072 1832 1086 1875 ἓ
1110 1831 1139 1864 4.
1161 1832 1229 1864 Non
1254 1831 1449 1865 obstantibus
1474 1832 1665 1876 apostolicis,
1683 1842 1718 1865 ac
1738 1832 1767 1864 in

1028 1884 1257 1919 universalibus
1277 1885 1586 1928 provincialibusque
1599 1891 1628 1918 et
1642 1885 1768 1930 synoda-

1027 1937 1108 1970 libus
1133 1937 1274 1971 conciliis
1292 1937 1392 1978 editis,
1413 1938 1613 1980 generalibus
1631 1939 1677 1970 vel
1698 1949 1767 1982 spe-

1027 1991 1167 2032 cialibus,
1178 1991 1452 2025 constitutionibus
1467 1997 1496 2024 et
1506 1991 1767 2032 ordinationibus,

1026 2055 1158 2087 necnon,
1183 2050 1337 2089 quatenus
1362 2056 1441 2089 opus
1466 2045 1514 2086 sit,
1533 2046 1767 2089 praedictorum

1026 2099 1150 2132 Ordinis
1168 2104 1197 2132 et
1217 2099 1481 2142 congregationis,
1506 2100 1614 2133 aliisve
1639 2100 1768 2144 quibus-

1027 2152 1082 2193 vis,
1100 2153 1193 2185 ctiam
1224 2153 1412 2193 iuramento,
1434 2152 1674 2186 confirmatione
1699 2164 1769 2197 apo-

1027 2206 1147 2246 stolica,
1165 2205 1212 2238 vel
1226 2206 1334 2249 quavis
1354 2206 1502 2239 firmitate
1519 2207 1580 2239 alia
1601 2206 1768 2246 roboratis,

1027 2259 1148 2292 statutis
1162 2265 1190 2292 et
1204 2260 1493 2301 consuettulinibus,
1503 2261 1676 2304 privilegiis
1689 2271 1751 2305 quo

1028 2313 1235 2355 que,indultis
1249 2318 1279 2346 ct
1296 2313 1407 2346 litteris
1427 2314 1617 2358 apostolicis,
1630 2313 1687 2346 sub
1701 2314 1767 2357 qui-

1027 2365 1222 2409 buscumque
1235 2366 1402 2400 verborum
1422 2368 1584 2400 tenoribus
1601 2373 1628 2399 et
1648 2367 1767 2408 formis,

1027 2429 1062 2451 ac
1087 2430 1157 2452 cum
1184 2419 1347 2463 quibusvis
1373 2421 1466 2453 etiam
1492 2420 1766 2462 derogatoritwum

1027 2472 1254 2515 derogatoriis,
1280 2473 1412 2516 aliisque
1442 2473 1681 2515 efficacioribus,
1707 2474 1767 2507 essi-

1027 2525 1197 2559 cacissimis
1229 2531 1258 2558 et
1283 2525 1415 2558 insolitis
1436 2526 1592 2567 clausulis,
1619 2526 1768 2559 irritanti-

1008 2579 1148 2626 3busque
1173 2584 1202 2612 et
1226 2579 1294 2612 aliis
1318 2579 1463 2619 decretis,
1482 2579 1512 2611 in
1533 2589 1649 2623 genere
1671 2580 1717 2613 vel
1737 2580 1766 2613 in

1008 2630 1151 2677 [spe(,·ie,
1178 2644 1211 2666 ac
1245 2633 1319 2665 alias
1352 2633 1379 2665 in
1411 2633 1604 2666 contrarium
1638 2645 1767 2677 quomo-

1785 412 1857 426 uarum
1872 405 1898 425 de
1922 411 1968 430 gre-

1868 465 1908 478 nun
1927 460 1968 478 exi-

1784 486 1882 505 stentium
1904 486 1968 505 ult-aiu

255 504 375 531 ternam
395 498 658 539 christifidelium,
672 498 736 542 qui,
754 499 850 532 seculi
868 497 995 531 vanitati
1010 510 1012 543 ὲ
1029 507 1090 540 que
1115 497 1334 540 superioribus
1360 498 1613 540 congregationis
1638 497 1765 541 praedi-
1784 512 1906 535 «immunem
1918 517 1968 531 etn-

254 552 474 585 renunciantes
508 557 538 584 et
571 551 756 584 humilitatis
790 551 916 595 spiritui
941 550 993 583 ad-
1010 546 1012 586 ἷ
1029 555 1095 583 ctae
1107 550 1267 583 modernis
1282 555 1311 583 et
1324 560 1382 593 pro
1401 556 1542 593 tempore
1556 551 1769 591 existentibus,

1785 540 1868 559 cedant.

1813 1043 1922 1063 Decretum
1942 1044 1969 1063 ir-

1785 1074 1856 1091 ΙΗὲΙΠδ.

1811 1840 1919 1863 Cantium

1785 1872 1836 1889 urit,

1936 1847 1968 1863 Γῦ-
