2263 3215
305 219 345 246 sn.
369 217 397 244 c.
419 218 487 247 1656
533 209 598 243 214

500 267 592 299 etiam
610 265 707 298 libere
726 270 756 297 ct
773 264 854 298 licite
870 265 999 304 valeant,
1013 263 1239 308 dispensamus.
1256 280 1259 309 ι

502 321 544 352 Ac
557 319 682 352 eosdem
697 317 910 359 conclavistas,
929 317 953 350 si
968 317 1020 361 qui
1036 328 1146 350 eorum
1162 318 1241 350 ‹let'e-
1258 311 1259 328 ³

501 378 585 405 ctum
611 371 761 404 natalium
796 370 953 414 patiantur
981 381 1018 403 ex
1043 372 1261 413 quocumque}

501 424 648 457 damnato
673 430 702 457 et
723 424 832 457 illicito
850 424 944 465 coitu,
962 424 1083 456 etiamsi
1103 435 1137 455 ex
1160 423 1261 456 nobi-²,

502 477 628 511 lissimis
653 478 837 522 parentibus
858 482 887 509 et
905 477 1018 510 vilibus
1039 477 1162 509 seminis
1187 478 1262 518 sor-,i

502 541 555 563 san
573 531 729 575 procreati
755 531 826 571 sint,
847 530 967 565 etiamsi
989 530 1064 563 alias
1082 529 1243 572 legitimati
1260 531 1262 558 ἶ

503 584 644 625 existant,
667 584 889 627 legitimamus‚
907 594 1096 626 omnemque
1122 582 1159 614 ab
1186 582 1245 614 illis

503 635 666 678 geniturae
683 635 862 669 huiusmodi
884 635 1039 668 maculam
1058 635 1121 667 sive
1139 639 1243 666 notam
1261 639 1262 656 ³

504 688 715 732 abstergimus
732 694 762 721 et
786 689 958 729 abolemus,
976 699 1011 721 ae
1029 687 1177 731 legitimis
1195 697 1245 720 na-

505 742 617 775 talibus
649 742 858 783 restituimus,
884 746 914 776 et
938 752 1009 774 cum
1036 751 1146 774 eorum
1177 740 1241 773 sin·

504 795 596 837 gulis,
615 801 647 828 ut
663 795 693 828 in
711 795 965 840 quibuscumque
991 794 1082 827 bonis
1108 793 1245 838 paternis

504 854 535 881 et
559 848 708 881 maternis
744 849 877 881 aliorum
915 848 1245 890 consanguineorum,

504 911 559 934 seu
580 907 797 944 cognatorum,
814 901 858 933 vel
873 901 1006 933 aliorum
1021 911 1246 943 quorumcum-
1261 899 1264 935 i

506 965 586 999 que,
612 955 678 988 sine
702 961 806 988 tamen
836 954 1030 999 praeiudicio
1055 950 1264 987 venientium'

505 1009 544 1040 ab
572 1009 739 1049 intestato,
769 1010 814 1041 vel
840 1019 875 1041 ex
901 1008 1165 1050 fideicommissa,
1193 1018 1246 1040 seu

508 1062 583 1094 alias
595 1063 633 1095 de
648 1063 715 1095 iure
731 1062 829 1095 valida
844 1062 1105 1106 dispensatione¹‚
1120 1068 1147 1094 et
1162 1072 1247 1106 prac-

507 1121 648 1159 terquam
668 1116 696 1148 in
722 1116 813 1148 bonis
838 1116 1057 1149 ecclesiasticis
1086 1119 1112 1148 ct
1136 1115 1173 1148 ab
1192 1115 1248 1148 Ec-

508 1169 602 1202 clesia
627 1169 898 1213 provenientibus,
926 1169 1117 1210 succedere,
1143 1174 1172 1201 et
1197 1169 1247 1200 illa

508 1222 684 1256 donationis
703 1224 747 1255 vel
766 1223 826 1256 alio
847 1223 957 1266 quovis
984 1222 1073 1255 titulo
1099 1222 1247 1266 consequi

508 1281 538 1309 et
562 1277 688 1316 habere,
709 1282 738 1309 et
758 1276 794 1308 ad
821 1277 966 1319 aequales
991 1276 1151 1320 portiones
1177 1270 1267 1308 cum*

509 1330 655 1373 legitimis
680 1331 858 1372 succedere,
887 1342 940 1363 eos
962 1321 1002 1362 ad
1028 1331 1131 1363 omnia
1159 1331 1247 1370 iura,

508 1384 663 1428 legitimas
680 1383 919 1425 successiones&
938 1394 973 1416 ex
1001 1388 1184 1418 testamento
1201 1385 1246 1416 vrl
1265 1393 1266 1409 t

509 1437 548 1469 ab
575 1437 730 1478 intestato,
751 1436 969 1479 haereditates,
988 1437 1098 1479 legata,
1119 1437 1246 1470 liberta-

511 1497 554 1524 tes
580 1492 794 1531 restituendo,
824 1491 950 1524 realiter
975 1495 1003 1524 et
1030 1502 1100 1523 eum
1127 1491 1248 1531 effectu,

509 1555 545 1578 ac
561 1545 599 1577 ad
615 1545 793 1589 dignitates,
815 1545 951 1578 honores
977 1550 1005 1577 et
1031 1555 1249 1588 quaecumque

509 1598 568 1631 alia
593 1599 695 1632 officia
719 1599 872 1632 secularia
908 1597 1031 1641 publica
1058 1598 1103 1630 vel
1130 1598 1249 1641 privata

510 1651 602 1684 etiam
629 1651 756 1693 assumi,
781 1651 895 1695 illaque
916 1661 1027 1694 gerere
1049 1657 1078 1684 et
1102 1662 1250 1684 exercere

511 1705 540 1738 in
566 1705 713 1739 omnibus
737 1711 767 1738 et
790 1715 847 1748 per
872 1704 977 1738 omnia
1001 1715 1037 1737 ac
1062 1705 1084 1737 si
1111 1704 1148 1737 de
1179 1704 1251 1748 legi-

511 1759 588 1792 timo
607 1759 810 1792 matrimonio
834 1758 991 1802 procreati
1017 1758 1128 1798 forent,
1147 1769 1181 1791 ac
1199 1769 1250 1791 eo-

510 1812 581 1845 dem
606 1811 728 1845 desectu
752 1822 816 1845 non
840 1811 992 1852 obstante,
1012 1811 1036 1843 si
1058 1812 1140 1844 aliud
1162 1821 1251 1845 cano-

510 1866 616 1899 nicum
641 1866 686 1899 eis
717 1876 779 1899 non
805 1865 935 1898 obsistat
970 1865 1250 1909 impedimentum,

511 1925 544 1952 ut
569 1919 705 1952 clericali
732 1919 923 1959 charactere,
953 1919 1005 1962 qui
1032 1919 1086 1952 itto
1110 1918 1250 1952 nondum

512 1972 650 2016 insigniti
669 1972 739 2013 sint,
754 1972 907 2015 insigniri,
924 1982 959 2004 ac
977 1972 1014 2004 ad
1034 1982 1142 2005 omnes
1159 1972 1250 2005 etiam

512 2035 618 2059 sacros
643 2031 672 2058 et
697 2025 932 2070 presbyteratus
957 2025 1103 2066 ordines,
1130 2025 1153 2057 si
1179 2035 1252 2057 non-

512 2078 585 2112 dum
603 2079 641 2111 ad
666 2079 736 2112 illos
756 2079 894 2123 promoti
915 2079 985 2121 sint,
1007 2079 1199 2122 promoveri,
1218 2090 1252 2111 ac

512 2132 712 2176 postmodum
739 2133 920 2165 charactere
952 2138 982 2165 et
1006 2132 1170 2165 ordinibus
1197 2132 1254 2165 hu-

513 2186 648 2220 iusmodi
670 2186 863 2230 illorumque
887 2186 1061 2229 privilegiis
1087 2186 1140 2226 uti,
1162 2196 1196 2218 ac
1223 2186 1253 2218 in

513 2239 629 2273 eisdem
655 2239 820 2273 ordinibus
848 2240 940 2273 etiam
971 2240 1002 2272 in
1027 2240 1133 2272 altaris
1161 2239 1252 2272 mini-

513 2294 609 2327 sterio
635 2293 823 2333 ministrare,
841 2303 876 2326 ac
896 2303 1114 2337 quaecumque
1132 2299 1161 2326 et
1178 2303 1254 2337 qua-

513 2346 691 2391 liacumque
725 2357 796 2380 cum
829 2348 905 2380 cura
936 2351 965 2380 et
994 2347 1060 2380 sine
1092 2347 1167 2380 cura
1193 2346 1250 2379 be-

514 2400 625 2434 neficia
649 2400 877 2441 ecclesiastiea,
903 2399 1022 2434 etiamsi
1049 2403 1253 2444 personatus,

514 2454 800 2488 administrationes
833 2460 862 2488 et
887 2455 989 2488 officia
1021 2455 1112 2487 ctiam
1147 2458 1253 2487 curata

551 2537 561 2562 1
579 2536 664 2571 Supra
681 2545 739 2571 pag.
757 2537 808 2564 '205
823 2537 838 2562 b
854 2536 950 2571 legitur
966 2536 1152 2570 dispositione
1165 2537 1252 2566 (aa).
1269 2513 1270 2521 i

550 2582 565 2608 ⁴2
585 2582 672 2617 Supra
691 2581 742 2608 loc.
765 2581 859 2617 pai-all.
882 2589 941 2616 pag.
964 2581 1015 2608 ⁹206
1030 2589 1047 2607 α
1068 2580 1165 2615 legitur
1185 2581 1253 2607 iura

515 2626 645 2662 leyitima
666 2629 691 2653 et
711 2626 897 2653 successiones
911 2625 951 2661 (a.
969 2626 1016 2660 r).

1087 215 1265 240 BULLARIUM
1290 215 1443 241 ROMANUM

1275 268 1303 298 et
1328 263 1457 296 electiva
1482 262 1512 294 in
1537 261 1770 295 cathedralibus
1799 265 1830 294 et
1857 265 2015 305 metropo-

1275 316 1378 349 litanis
1405 315 1451 347 vel
1476 314 1648 357 collegiatis
1677 314 1827 354 ecclesiis,
1845 323 1899 347 seu
1917 314 1941 347 si
1966 323 2016 358 pa-

1277 369 1432 402 rochiales
1457 369 1616 409 ecclesiae,
1639 368 1685 401 vel
1710 379 1818 402 earum
1845 370 2016 412 perpetuae

1279 423 1422 463 vicariae,
1440 432 1475 455 ac
1493 422 1694 456 canonicatus
1711 427 1740 455 et
1757 420 1954 466 praebendae
1966 419 2017 453 ac¹

1278 476 1445 519 dignitates
1464 476 1539 519 (non
1565 479 1667 510 tamen
1689 475 1824 509 maiores
1848 478 1918 519 post
1943 483 2019 519 pon-

1280 528 1426 562 tificalem
1452 529 1482 561 in
1501 528 1743 569 cathedralibus,
1760 532 1813 563 aut
1830 527 2019 572 principales

1280 583 1309 615 in
1327 582 1499 626 collegiatis
1517 583 1656 616 ecclesiis
1673 582 1868 625 huiusmodi)
1892 581 2018 621 fuerint,

1280 637 1303 668 si
1325 636 1381 669 sibi
1400 636 1474 669 alias
1491 637 1639 670 canonice
1658 636 1870 676 conferantur,
1887 639 1940 668 aut
1961 634 2020 678 ipsi

1280 690 1444 733 eligantur,
1472 694 1728 734 praesententur,
1755 689 1801 723 vel
1833 689 1909 722 alias
1933 698 2020 721 assu·

1281 749 1408 776 mantur
1421 743 1458 776 ad
1474 742 1571 784 ittas2,
1586 750 1613 776 et
1630 743 1832 777 instituantur
1845 742 1875 774 in
1891 741 2019 782 eisdem,

1281 797 1436 841 recipere,
1457 803 1482 830 et
1512 796 1699 839 (dummodo
1726 797 1815 840 plura
1841 795 1933 828 simul
1957 804 2021 828 non

1281 850 1341 883 sint
1376 861 1469 893 quam
1504 861 1583 894 quae
1620 861 1635 882 a
1669 849 1807 884 Concilio
1839 847 2021 882 Tridentino

1262 941 1263 947 ,
1281 904 1530 948 permittuntur),
1548 903 1651 948 quoad
1673 903 1815 944 vixerint,
1833 902 1970 936 retinere
1989 901 2022 934 li<

1281 957 1355 990 bere
1381 963 1409 990 et
1434 957 1518 990 licite
1544 957 1674 996 valeant,
1700 955 1843 989 similiter
1867 955 2023 999 dispensa-

1282 1021 1359 1043 mus.
1381 1009 1532 1053 Quodque
1550 1020 1659 1043 omnes
1677 1014 1705 1044 et
1723 1019 1940 1053 quaecumque
1955 1018 2023 1051 gra-

1281 1063 1351 1103 tiae,
1369 1063 1575 1107 provisiones,
1602 1062 1816 1105 commendae,
1842 1067 1871 1095 et
1895 1061 2023 1105 quaevis

1282 1118 1360 1150 aliae
1378 1118 1498 1151 litterae
1512 1117 1701 1161 apostolicae
1719 1116 1933 1160 provisionum
1950 1125 2024 1159 quo-

1283 1181 1489 1214 rumcumque
1526 1170 1751 1203 beneficiorum
1790 1167 2019 1202 ecclesiastico-

1284 1235 1352 1256 rum
1378 1224 1579 1265 huiusmodi,
1606 1228 1699 1267 prout
1724 1223 1839 1256 nostris
1864 1221 2023 1255 familiari-

1283 1278 1340 1310 bus
1365 1278 1521 1311 continuis
1543 1277 1816 1316 commensalibus,
1835 1275 1931 1319 gratis
1952 1274 2024 1307 den-

1284 1336 1343 1373 tur,
1361 1330 1574 1364 concedautur
1592 1335 1618 1362 et
1639 1329 1856 1373 expediantur,
1873 1339 1908 1362 ac
1928 1328 2022 1361 etiam

1284 1384 1405 1417 litterae
1430 1384 1515 1427 ipsae
1535 1383 1564 1415 in
1584 1383 1682 1416 forma
1705 1382 1821 1423 Brevis,
1843 1386 1904 1414 tam
1923 1380 1962 1414 de
1978 1391 2025 1414 ca-

1265 1437 1394 1481 ¹pienda
1421 1437 1621 1481 possessione
1643 1435 1769 1469 nomine
1793 1445 1937 1468 camerae
1953 1445 2025 1479 apo-

1283 1491 1421 1531 stolicae,
1443 1501 1536 1534 quam
1562 1490 1646 1530 alias,
1672 1489 1739 1522 uti⁸
1758 1489 1817 1522 illis
1842 1499 1936 1532 super
1952 1499 2026 1533 pro·

1285 1542 1457 1577 visionibus
1481 1542 1666 1586 quorumvis
1684 1541 1909 1575 beneficiorum
1930 1541 2025 1575 eccle-

1284 1596 1481 1630 siasticorum
1503 1596 1569 1629 dari
1588 1600 1746 1639 poterunt,
1765 1595 1910 1628 similiter
1927 1594 2026 1638 gratis

1284 1652 1412 1694 dentur,
1439 1651 1650 1685 concedantur
1682 1657 1711 1684 et
1735 1651 1959 1695 expediantur,
1990 1660 2025 1683 ac

1285 1705 1361 1748 dari,
1383 1705 1510 1739 concedi
1530 1710 1559 1738 et
1579 1704 1717 1749 expediri
1736 1704 1864 1738 omnino
1882 1703 2024 1745 debeant,

1285 1759 1495 1803 praecipimus
1531 1763 1559 1792 ct
1592 1758 1784 1791 mandamus.
1819 1759 1863 1790 Ac
1900 1757 2024 1791 concla-

1285 1813 1371 1845 vistis
1406 1812 1594 1856 praedictis,
1621 1812 1674 1855 qui
1703 1811 1732 1845 S.
1759 1811 1883 1844 loannis
1907 1810 2022 1844 Hiero-

1285 1866 1464 1910 solymitani
1493 1877 1545 1899 seu
1572 1865 1708 1899 cuiusvis
1736 1865 1864 1898 alterius
1896 1863 2025 1897 militiae

1285 1919 1440 1962 regularis
1465 1920 1557 1951 etiam
1583 1929 1729 1963 expresse
1765 1917 1898 1962 professi
1936 1922 2024 1959 sunt,

1287 1978 1328 2014 ut,
1354 1972 1474 2005 etiamsi
1501 1972 1538 2004 ab
1564 1982 1673 2005 eorum
1699 1976 1855 2005 conventu
1883 1970 2026 2004 absentes

1287 2027 1429 2066 existant,
1455 2025 1529 2058 dum
1555 2031 1658 2059 tamen
1678 2024 1944 2068 quinquennalem
1972 2034 2027 2057 seu

1286 2080 1378 2112 aliam
1414 2079 1550 2112 debitam
1588 2078 1789 2111 residentiam
1815 2079 1846 2110 in
1871 2082 2027 2112 conventu

1287 2134 1416 2166 fecerint
1441 2138 1470 2166 et
1490 2138 1638 2166 consueta
1658 2132 1784 2166 servitia
1803 2131 2025 2176 praestiterint,

1288 2197 1562 2231 quorumcumque
1586 2185 1815 2219 beneficiorum
1840 2184 2027 2219 ecclesiasti-

1288 2252 1409 2281 corum,
1428 2244 1457 2274 et
1473 2240 1656 2284 quarumvis
1674 2239 1859 2283 pensionum
1880 2249 1916 2272 ac
1944 2247 2027 2271 com-

1289 2294 1473 2327 mendarum
1499 2304 1609 2327 corum
1637 2293 1765 2325 militiae
1793 2303 1847 2326 seu
1865 2291 2028 2335 religionis

1288 2360 1418 2393 capaces
1441 2348 1586 2389 existant,
1608 2347 1739 2392 perinde
1757 2358 1791 2379 ac
1817 2346 1840 2379 si
1862 2346 1893 2379 in
1917 2345 2027 2379 eadem

1289 2402 1400 2435 militia
1424 2412 1479 2435 seu
1505 2401 1656 2444 religione
1683 2400 1894 2433 antianitatem
1920 2399 1958 2432 de
1986 2398 2029 2432 iu-

1288 2456 1369 2489 stitia
1395 2455 1580 2499 consequuti
1607 2454 1746 2496 fuissent,
1760 2453 1904 2487 similiter
1930 2451 2028 2485 indul-

1325 2538 1334 2562 l
1354 2536 1494 2562 Coniunct.
1511 2545 1544 2562 ac
1561 2543 1609 2562 nos
1624 2535 1749 2562 addimus
1767 2534 1867 2568 (n.'1·.).

1324 2581 1338 2605 ’Ζ
1354 2579 1448 2615 Aptius
1463 2587 1522 2615 pag.
1539 2579 1590 2606 206
1606 2588 1623 2606 α
1639 2577 1737 2615 legitur
1752 2577 1805 2606 itta
1819 2580 1856 2613 (R.
1872 2578 1919 2612 Tu).

1324 2624 1338 2650 3
1359 2623 1442 2659 Supra
1458 2631 1518 2659 pag.
1535 2623 1587 2650 ‘206
1603 2632 1620 2650 α
1635 2622 1700 2658 tegit
1715 2622 1765 2649 ubi
1780 2630 1829 2657 pro
1844 2622 1889 2650 uti
1903 2622 1942 2657 (R.
1961 2622 2007 2658 ln).

2030 212 2077 240 An.
2093 213 2122 241 c.
2142 207 2199 248 im
2226 195 2227 240 J
