2243 3205
279 202 328 229 An.
347 203 374 229 c.
398 204 464 231 1660
509 196 572 229 608

306 370 421 396 Expositio.

671 253 835 281 Alexander
855 255 932 289 Papa
953 255 1019 290 vu,

619 299 654 324 ad
678 297 810 324 futuram
829 298 873 326 rei
894 300 1074 327 memoriam.

522 358 640 402 Exponi
666 358 757 392 nobis
781 369 881 404 nuper
905 361 1046 394 fecerunt
1063 362 1166 396 dilecti
1184 362 1215 395 fi-

478 411 511 443 lii
536 412 672 444 Renatus
689 412 872 447 parisiensis
897 418 926 448 et
949 415 1057 448 Simon
1076 415 1215 459 Lugden-

478 463 530 504 sis,
556 469 778 507 procuratores
802 465 934 499 fratrum
959 467 1110 501 laieorum
1135 478 1212 511 pro-

478 516 651 550 vinciarum
677 518 706 551 S.
732 518 888 552 Francisci
908 525 938 552 et
962 520 1006 553 Ss.
1026 520 1173 553 Ludoviei
1187 525 1216 553 et

478 570 608 604 Elzearii
639 572 892 615 congregationis
925 572 1100 606 Gallicanae
1132 573 1214 605 tertii

479 623 604 657 Ordinis
622 624 720 658 sancti
740 624 908 666 Francisci,
926 625 1009 669 quod
1027 626 1112 668 alias,
1132 630 1215 670 post-

478 686 573 720 quam
597 676 696 710 felicis
731 678 960 712 recordationis
985 678 1129 711 Urbanus
1154 679 1213 711 Pa-

477 739 517 773 pa
536 729 601 762 VIII
624 729 847 773 praedecessor
859 736 966 764 noster
979 738 1050 764 cum
1068 731 1216 764 fratribus

477 782 588 816 oblatis
612 793 666 816 seu
692 783 910 825 servientibus,
935 784 988 828 qui
1013 788 1085 818 tunc
1110 784 1141 817 in
1159 784 1214 818 Or-

477 834 549 868 dine
572 835 732 879 praedicto
764 837 959 878 existebant,
983 847 1079 880 super
1104 841 1215 880 quarto

477 894 560 931 voto,
584 890 667 934 quod
685 890 793 934 vigore
813 896 1000 924 statutorum
1019 891 1214 934 generalium

477 941 615 975 eiusdem
645 944 898 987 congregationis
931 944 1107 977 Gallicanae
1131 944 1212 978 emi-

477 1000 591 1038 serant,
609 995 852 1039 dispensaverat,
868 996 975 1040 eisque
992 996 1158 1030 transitum
1176 996 1214 1030 ad

476 1051 590 1080 statum
628 1048 780 1089 laicorum
813 1054 1031 1090 concesserat,
1056 1054 1150 1093 prout
1184 1049 1215 1081 in

477 1099 616 1133 eiusdem
642 1101 759 1134 Urbani
776 1101 1031 1146 praedecessoris
1052 1101 1164 1135 litteris
1183 1102 1214 1134 in

476 1152 569 1185 simili
583 1153 684 1187 forma
695 1154 800 1187 Brevis
813 1154 862 1188 die
872 1164 947 1189 xxvi
961 1155 1083 1198 augusti
1098 1164 1214 1188 MDCXLI

476 1206 626 1239 emanatis
650 1207 778 1240 uberius
802 1208 989 1249 continetur,
1014 1208 1114 1241 dietae
1139 1218 1213 1241 con-

475 1260 668 1303 gregationis
692 1262 884 1306 superiores,
904 1261 1013 1305 vigore
1037 1262 1212 1295 litterarum

474 1313 665 1357 huiusmodi,
693 1314 808 1347 nedum
834 1315 945 1348 fratres
962 1315 1143 1357 servientes,
1160 1315 1212 1359 qui

476 1371 548 1400 tunc
573 1368 723 1412 temporis
743 1368 775 1401 in
799 1368 914 1402 Ordine
934 1373 1031 1410 erant,
1049 1368 1101 1402 sed
1120 1369 1212 1402 etiam

474 1425 582 1465 postea
608 1426 767 1465 receptos,
788 1432 843 1454 seu
861 1422 1068 1466 recipiendos,
1093 1421 1131 1454 ad
1156 1425 1212 1455 sta-

474 1478 541 1506 tum
564 1474 716 1507 laicorum
742 1475 908 1508 admittere
920 1485 1014 1519 posse
1033 1475 1213 1519 praetende-

475 1532 557 1568 runt,
582 1533 747 1572 praetextu
774 1529 866 1562 etiam
900 1529 1062 1562 cuiusdam
1095 1528 1212 1562 decreti

475 1582 728 1626 congregationis
753 1584 978 1617 venerabilium
1002 1584 1135 1618 fratrum
1160 1595 1213 1618 no-

475 1641 613 1670 strorum
639 1637 668 1671 S.
687 1638 721 1673 R.
741 1638 772 1671 E.
791 1638 996 1672 cardinalium
1024 1639 1158 1683 negotiis
1182 1643 1212 1672 et

476 1690 757 1724 consultationibus
781 1692 1005 1736 episcoporum
1030 1697 1060 1725 et
1091 1694 1212 1736 regula-

473 1743 556 1777 rium
571 1744 824 1788 praepositorum
839 1755 873 1778 111
890 1745 1028 1779 octobris
1041 1746 1113 1779 anni
1126 1757 1213 1791 prae-

474 1796 557 1831 teriti
582 1798 727 1839 emanati,
752 1804 781 1831 et
805 1809 821 1832 a
842 1799 933 1832 nobis
958 1810 1015 1843 per
1038 1800 1156 1834 litteras
1180 1801 1211 1834 in

475 1850 584 1883 eadem
610 1851 710 1884 forma
731 1852 837 1885 Brevis
854 1851 904 1885 die
921 1862 972 1885 xxl
991 1852 1124 1886 ianuarii
1142 1865 1212 1898 pro-

475 1903 558 1936 xime
581 1904 744 1948 praeteriti
768 1905 928 1949 expeditas
944 1906 1132 1947 confirmati,
1149 1918 1211 1951 quo

475 1957 655 1991 declaratur
677 1958 854 2002 praedictas
879 1959 995 1992 Urbani
1020 1959 1208 2003 praedeces-

474 2010 554 2043 soris
579 2010 759 2054 provinciae
784 2011 812 2045 S.
838 2012 1009 2053 Francisci,
1034 2023 1088 2046 seu
1113 2013 1210 2046 Fran-

475 2063 550 2105 ciae,
568 2063 669 2097 dictae
686 2064 939 2108 congregationi¹
961 2065 1137 2109 suffragari.

518 2116 534 2159 ἓ
558 2116 587 2150 1.
612 2117 688 2151 Cum
713 2123 832 2159 autem,
857 2117 937 2151 sicut
960 2118 1067 2151 eadem
1094 2120 1212 2164 exposi-

474 2169 518 2203 tio
543 2170 761 2214 subiungebat,
777 2170 904 2204 eaedem
931 2171 1047 2205 Urbani
1079 2172 1210 2216 praede-

475 2223 608 2258 cessoris
643 2224 764 2258 litterae
788 2224 826 2256 ad
858 2224 969 2265 fratres
999 2225 1120 2259 oblatos
1157 2236 1211 2259 seu

474 2276 665 2318 servientes,
690 2278 743 2321 qui
768 2281 841 2311 tunc
865 2277 1016 2322 temporis
1040 2278 1071 2311 in
1096 2277 1211 2312 Ordine

475 2329 649 2364 existebant
680 2330 933 2374 restringantur,
969 2341 1026 2364 nec
1062 2331 1210 2366 fratribus

474 2383 682 2416 servientibus
707 2384 907 2428 postmodum
931 2384 1075 2418 admissis
1099 2385 1210 2419 ullate-

473 2446 533 2469 nus
556 2437 722 2480 suss'ragari
747 2438 877 2479 valeant,
902 2443 997 2482 prout
1020 2438 1146 2472 decreto
1164 2450 1211 2472 ve-

474 2491 661 2524 nerabilium
686 2492 820 2525 fratrum
852 2492 954 2525 Emilii
984 2492 1210 2526 Camerinensis

513 2607 521 2635 1
545 2605 637 2642 Aptius
656 2605 713 2641 lege
733 2607 964 2642 conyreyalionis
978 2608 1016 2641 (n.
1032 2608 1080 2642 T.).

1052 209 1229 234 BULLARIUM
1253 209 1406 235 ROMANUM

1248 262 1278 290 et
1301 257 1401 292 Caroli
1419 258 1608 293 Clusinensis
1621 261 1852 305 episcoporum,
1870 263 1985 307 quibus

1248 311 1410 353 negotium
1446 311 1626 346 huiusmodi
1660 314 1898 348 examinandum
1930 315 1983 349 de-

1250 363 1529 407 mandaveramus,
1554 365 1603 398 die
1628 376 1682 400 xlv
1706 367 1886 401 novembris
1910 369 1982 402 anni

1249 416 1408 458 praeteriti
1434 422 1587 460 emanato,
1613 423 1642 451 et
1667 429 1683 451 a
1708 419 1797 452 nobis
1822 419 1871 452 die
1891 430 1909 454 x
1933 421 1985 454 de-

1250 468 1384 501 cembris
1408 469 1547 503 eiusdem
1579 471 1650 503 anni
1683 482 1740 515 per
1764 471 1840 504 alias
1863 478 1985 506 nostras

1249 522 1367 565 pariter
1383 523 1413 555 in
1427 523 1527 556 forma
1542 524 1647 557 Brevis
1661 525 1781 558 litteras
1796 526 1982 560 confirmato

1249 584 1395 618 expresse
1412 576 1603 610 declaratum
1620 578 1691 610 suit:
1709 578 1799 611 nobis
1816 584 1985 622 propterea

1249 626 1323 660 dieti
1349 633 1537 672 exponentes
1561 629 1722 663 humiliter
1747 631 1915 675 supplicari
1940 632 1984 665 fe-

1250 686 1369 722 cerunt,
1395 687 1429 714 ut
1453 681 1484 714 in
1507 683 1687 725 praemissis
1715 689 1893 727 opportune
1916 695 1986 728 pro-

1250 732 1355 765 videre
1387 733 1425 766 de
1458 733 1649 777 benignitate
1682 736 1853 779 apostolica
1877 736 1985 779 digna—

1250 795 1365 818 remur.

1293 837 1308 880 ἓ
1333 837 1362 870 2.
1391 838 1453 871 Nos
1477 838 1583 881 igitur,
1601 839 1684 884 ipsos
1704 840 1892 883 specialibus
1906 841 1986 875 favo-

1250 889 1336 922 ribus
1360 895 1390 923 et
1414 891 1523 933 gratiis
1547 892 1698 936 prosequi
1724 893 1872 934 volentes,
1889 899 1920 928 et
1937 904 1986 928 eo-

1249 953 1318 975 rum
1334 942 1510 987 singulares
1536 955 1687 988 personas
1711 956 1728 978 a
1752 945 1914 989 quibusvis
1937 957 1986 981 ex-

1248 996 1556 1038 communicationis,
1583 997 1797 1041 suspensionis
1831 1003 1860 1031 et
1894 998 1986 1032 inter-

1248 1047 1332 1091 dicti,
1350 1048 1482 1092 aliisque
1499 1050 1715 1084 ecclesiasticis
1732 1051 1893 1085 sententiis
1917 1062 1985 1085 cen-

1248 1100 1329 1133 suris
1354 1106 1384 1133 et
1406 1103 1536 1145 poenis,
1568 1113 1585 1135 a
1609 1103 1677 1137 iure
1697 1104 1745 1136 vel
1776 1103 1814 1136 ab
1845 1104 1982 1148 homine,

1237 1153 1355 1196 -quavis
1380 1155 1544 1188 occasione
1569 1156 1616 1188 vel
1641 1157 1734 1189 causa
1760 1156 1844 1198 latis,
1869 1157 1894 1190 si
1918 1157 1984 1202 qui-

1247 1205 1305 1238 bus
1329 1207 1568 1249 quomodolibet
1592 1208 1755 1243 innodatae
1775 1210 1920 1252 existunt,
1945 1210 1983 1243 ad

1247 1258 1392 1292 effectum
1427 1261 1638 1304 praesentium
1675 1262 1836 1296 dumtaxat
1871 1274 1982 1298 conse-

1247 1312 1428 1355 quendum,
1463 1314 1576 1347 harum
1612 1315 1693 1349 serie
1725 1316 1920 1351 absolventes
1953 1323 1984 1351 et

1246 1364 1406 1398 absolutas
1430 1366 1496 1400 fore
1521 1373 1693 1409 censentes,
1716 1368 1898 1402 huiusmodi
1912 1380 1984 1414 sup-

1246 1419 1467 1462 plicationibus
1492 1421 1641 1463 inclinati,
1665 1422 1704 1456 de
1728 1423 1910 1456 eorumdem
1935 1434 1983 1458 ve-

1245 1473 1434 1507 nerabilium
1460 1474 1592 1508 fratrum
1618 1481 1799 1509 nostrorum
1828 1477 1857 1510 S.
1887 1477 1921 1510 R.
1946 1477 1980 1511 E.

1247 1526 1450 1560 cardinalium
1483 1528 1622 1572 negociis
1647 1532 1676 1562 et
1699 1529 1981 1564 consultationibus

1246 1582 1469 1626 episcoporum
1500 1588 1530 1615 et
1557 1583 1751 1626 regularium
1788 1584 1982 1628 praeposito·

1246 1646 1328 1677 rum,
1353 1636 1405 1679 qui
1431 1646 1508 1678 rem,
1522 1637 1664 1681 partibus
1677 1637 1800 1678 auditis,
1820 1642 1935 1671 attente
1952 1642 1983 1671 et

1247 1695 1368 1723 mature
1405 1690 1641 1734 discusserunt,
1670 1691 1821 1733 consilio,
1857 1692 1981 1726 attentis

1245 1744 1400 1786 narratis,
1425 1744 1610 1778 auctoritate
1646 1745 1839 1790 apostoliea,
1873 1750 1982 1779 tenore

1245 1797 1467 1841 praesentium,
1485 1797 1690 1838 declaramus,
1709 1798 1791 1830 circa
1808 1797 1982 1841 praemissa

1245 1850 1431 1884 servandum
1468 1861 1536 1883 esse
1568 1851 1729 1883 decretum
1763 1851 1821 1885 sub
1853 1851 1903 1884 die
1927 1861 1981 1885 xxv

1245 1904 1425 1938 novembris
1460 1903 1532 1936 anni
1555 1903 1698 1947 proxime
1722 1904 1816 1947 elapsi
1842 1914 1976 1946 Mncmx,

1245 1969 1280 1991 ac
1304 1958 1437 2001 litteras*
1459 1957 1645 2000 apostolicas
1675 1957 1706 1989 in
1737 1957 1840 1990 forma
1874 1958 1981 1992 Brevis

1245 2011 1295 2044 die
1319 2021 1338 2044 x
1361 2010 1538 2043 decembris
1573 2010 1712 2043 eiusdem
1745 2010 1816 2042 anni
1845 2010 1981 2055 desuper

1245 2064 1418 2109 expeditas,
1444 2069 1538 2107 prout
1561 2074 1613 2105 ea,
1638 2074 1811 2107 eorumque
1840 2069 1980 2098 tenorem

1245 2124 1275 2152 et
1298 2119 1430 2152 formam
1456 2118 1573 2151 servari
1599 2118 1727 2152 omnino
1748 2118 1932 2152 mandamus
1951 2124 1981 2152 et

1245 2171 1465 2215 praecipimus,
1481 2171 1512 2203 in
1526 2171 1718 2204 contrarium
1738 2171 1838 2204 allatis
1852 2171 1980 2205 minime

1245 2224 1455 2258 obstantibus:
1470 2234 1541 2256 cum
1556 2223 1593 2256 iis
1609 2229 1721 2266 tamen,
1736 2223 1799 2268 qui,
1810 2229 1881 2268 post
1894 2234 1981 2268 prae-

1244 2277 1342 2310 dictas
1368 2276 1483 2310 Urbani
1509 2276 1762 2321 praedecessoris
1787 2277 1906 2311 litteras
1930 2276 1980 2310 die

1244 2341 1321 2364 xxw
1345 2330 1469 2373 augusti
1501 2339 1618 2364 tincxm
1651 2335 1809 2363 emanatas
1841 2330 1871 2363 in
1895 2330 1978 2365 dicto

1243 2385 1359 2419 Ordine
1392 2385 1532 2428 recepti,
1557 2395 1593 2417 ex
1619 2383 1797 2418 oblatorum
1822 2383 1861 2417 ad
1884 2383 1979 2418 laico-

1244 2449 1314 2472 rum
1329 2443 1442 2471 statnm
1456 2438 1606 2471 hactenus
1619 2437 1657 2470 de
1682 2437 1760 2470 sacto
1778 2437 1978 2477 transierunt,

1244 2502 1281 2525 ex
1306 2490 1497 2534 benignitate
1520 2491 1691 2534 apostolica
1712 2490 1937 2534 dispensamus.

1288 2545 1303 2588 g
1339 2543 1368 2578 3.
1404 2544 1611 2577 Decernentes
1644 2547 1824 2587 praesentes
1859 2542 1978 2576 litteras

1244 2607 1367 2641 semper
1381 2597 1496 2639 firmas,
1511 2596 1627 2629 validas
1644 2601 1671 2628 ct
1690 2595 1830 2628 efficaces
1847 2594 1977 2630 existere

1995 216 2042 242 An.
2064 216 2092 243 C.
2115 218 2179 246 ¹660
2198 246 2202 253 ,

2001 856 2111 878 Decretum
2124 864 2181 885 prae·

2000 884 2100 905 insui-tum
2110 885 2180 906 conssr-
2196 895 2197 898 ¹

2000 912 2050 931 mat.

2019 2548 2137 2570 clausulae.
