2263 3215
280 190 326 215 An.
345 189 374 215 c.
395 189 460 216 iesse
506 179 569 213 202

294 279 297 281 -
309 252 421 272 Decretum
439 257 463 271 ir-

282 280 353 299 ulans.

523 237 538 280 ἓ
554 237 583 269 2.
604 236 811 269 Decernentes
828 239 1008 278 praesentes
1025 234 1145 268 litteras
1166 246 1217 268 va-

480 289 568 329 lidas,
584 288 691 321 sirmas
715 292 746 320 et
770 287 912 321 efficaces
937 287 1069 321 existere
1087 293 1116 320 et
1140 288 1216 329 sore,

480 350 615 384 suosque
631 340 789 384 plenarios
803 345 833 372 et
850 340 989 383 integros
1006 338 1134 373 effectus
1151 351 1216 374 sor-

481 393 531 426 tiri
557 399 587 426 et
610 393 761 434 obtinere,
780 392 918 436 ipsisque
941 393 1097 426 Succurso
1113 398 1143 425 et
1160 394 1218 426 An-

482 446 588 488 tonio,
619 452 649 480 et
680 446 748 479 aliis
772 446 803 479 in
828 446 989 490 praedicta
1013 447 1216 480 concessione

481 500 734 544 comprehensis,
762 500 793 533 in
810 500 957 534 omnibus
982 506 1012 533 et
1036 511 1092 544 per
1114 499 1219 533 omnia

482 553 663 597 plenissime
688 553 872 596 suffragari,
897 553 1004 597 sicque
1036 563 1093 597 per
1125 563 1218 596 quos-

481 616 617 650 cumque
648 606 767 640 iudices
799 606 977 639 ordinarios
1007 612 1037 639 et
1061 606 1221 648 delegatos

482 660 574 692 etiam
607 669 774 692 causarum
806 659 913 702 palatii
941 658 1106 702 apostolici
1131 657 1219 690 aridi-

483 716 584 752 tores,
609 722 643 744 ac
668 712 696 745 S.
723 712 757 745 R.
782 712 815 744 E.
842 711 1034 751 cardinales,
1059 711 1152 743 etiam
1184 710 1221 742 de

482 766 579 797 latere
604 765 738 807 legatos,
762 764 885 797 sublata
910 764 954 796 eis
979 769 1009 796 et
1033 774 1144 796 eorum
1162 762 1222 795 cui-

482 817 558 850 libet
583 817 691 861 quavis
717 817 806 849 aliter
837 816 994 849 iudicandi
1019 821 1049 849 et
1073 816 1223 859 interpre-

485 870 568 903 tandi
590 870 743 912 facultate,
760 869 891 903 iudicari
909 874 939 902 et
955 869 1079 902 definiri
1097 868 1223 908 debere,

484 935 519 957 ac
544 923 668 956 irritum
695 927 724 956 et
748 923 860 963 inane,
885 922 910 955 si
936 932 1026 954 secus
1054 931 1149 965 super
1176 921 1224 953 liis

485 988 501 1009 a
526 987 703 1021 quoquam,
729 976 837 1020 quavis
862 975 1065 1015 auctoritate,
1091 974 1225 1007 scienter

486 1031 532 1063 rel
558 1030 752 1073 ignoranter,
778 1028 947 1071 contigerit
966 1027 1129 1066 attentari·y
1162 1036 1225 1059 non

487 1083 682 1117 obstantibus
714 1082 812 1115 felicis
837 1081 1065 1115 recordationis
1091 1080 1175 1113 Pauli
1201 1079 1225 1112 ll

487 1144 517 1170 et
545 1138 680 1170 aliorum
698 1137 914 1170 Romanorum
934 1134 1120 1168 Pontificum
1142 1144 1228 1178 prae-

487 1191 690 1224 decessorum
704 1194 887 1223 nostrorum
902 1188 941 1221 dc
958 1188 1053 1221 rebus
1070 1186 1228 1220 Ecclesiae

488 1255 549 1278 non
575 1242 768 1283 alienandis,
793 1242 924 1286 aliisque
953 1239 1228 1275 constitutionibus

489 1304 518 1330 et
550 1296 800 1331 ordinationibus
831 1294 1028 1339 apostolicis,
1053 1293 1229 1336 ceterisque

489 1350 654 1384 contrariis
668 1349 930 1392 quibuscumque.
948 1347 1098 1380 Volumus
1115 1352 1229 1386 autem,

490 1404 575 1447 quod
599 1403 688 1436 finita
722 1404 768 1436 rel
793 1401 957 1435 deficiente
982 1401 1073 1433 tertia
1098 1410 1230 1443 genera-

492 1457 575 1490 tione
600 1455 782 1489 huiusmodi
809 1455 915 1488 onmia
946 1460 976 1487 et
1001 1453 1125 1497 singula
1148 1452 1231 1486 bona

492 1510 653 1555 praedicta
676 1521 747 1542 cum
772 1508 919 1542 omnibus
944 1513 974 1541 et
999 1507 1130 1550 singulis
1155 1506 1232 1539 iuri-

492 1565 551 1597 bus
575 1569 604 1597 et
630 1562 827 1607 pertinentiis
845 1562 908 1595 suis
929 1560 1094 1601 universis,
1111 1569 1232 1592 necnon

493 1617 741 1650 melioramentis
761 1616 897 1659 desuper
917 1626 976 1658 pro
1001 1619 1142 1657 tempore
1156 1623 1233 1656 quo-

494 1670 667 1704 modolibet
683 1669 781 1711 sactis,
795 1669 833 1702 ad
858 1668 984 1702 eosdem
1008 1667 1183 1711 prioratum
1205 1670 1235 1698 et

495 1723 659 1757 ecclesiam
685 1723 714 1757 S.
741 1722 873 1756 Solliciti
897 1723 990 1766 pleno
1015 1721 1082 1753 iure
1107 1726 1135 1753 et
1161 1730 1231 1752 om-

495 1778 569 1810 nino
603 1776 701 1809 libere
734 1779 953 1816 revertantur,
980 1774 1088 1818 illique
1114 1773 1235 1814 cedant,

497 1831 616 1875 absque
641 1841 677 1863 eo
710 1829 795 1873 quod
826 1828 989 1862 renovatio
1025 1826 1235 1861 concessionis

497 1884 678 1917 huiusmodi
703 1895 720 1916 a
744 1893 914 1927 quoquam,
939 1881 1050 1926 quovis
1071 1885 1236 1924 praetextu

498 1938 545 1970 vel
571 1939 675 1977 causa,
696 1936 759 1980 peti
781 1936 827 1968 vel
853 1934 1015 1979 praetendi
1039 1934 1146 1977 possit.

544 1991 653 2024 Datum
675 1991 806 2031 Romae,
831 1989 912 2033 apud
941 1989 969 2022 S.
996 1988 1124 2021 Mariam
1142 1987 1237 2021 Maio-

501 2055 578 2085 rem,
594 2044 651 2076 sub
669 2043 785 2076 annulo
805 2042 982 2082 Piscator-is,
1002 2041 1052 2074 die
1076 2051 1094 2073 v
1113 2040 1238 2083 augusti

501 2108 630 2137 nnch,
650 2096 851 2141 pontificatus
875 2095 975 2129 nostri
1000 2105 1082 2128 anno
1106 2104 1137 2127 11.

538 2160 596 2187 Dat.
618 2160 661 2187 die
677 2161 693 2187 ὃ
708 2159 814 2196 augusti
833 2159 910 2193 1656,
931 2158 1029 2194 pontif.
1050 2166 1120 2185 anno
1139 2166 1167 2185 11.

815 2319 939 2353 CXXVI.

506 2409 660 2443 Facullas
685 2408 793 2442 abbati
810 2408 842 2442 S.
867 2408 992 2442 Mariae
1008 2408 1128 2441 Montis
1145 2407 1245 2450 Περα-

552 2464 592 2495 lis
617 2462 793 2506 deputandi
809 2471 863 2494 sea>
879 2461 1000 2494 iudices
1025 2459 1195 2504 synodales
1210 2460 1246 2492 in

552 2516 682 2548 civitate
707 2519 735 2548 et
760 2515 894 2548 dioecesi
919 2513 1178 2548 Mechliniensi¹.

548 2588 554 2612 l
576 2586 611 2613 Ex
628 2586 737 2621 Regest.
755 2585 780 2613 in
796 2585 894 2613 Secret.
913 2585 990 2612 Brev.

1059 187 1237 211 BULLARIUM
1265 185 1417 211 ROMANUM

1409 233 1526 262 Dilecto
1546 233 1608 260 filio
1632 232 1827 267 Hieronymo,

1335 278 1438 306 abbati
1460 278 1488 305 S.
1512 276 1623 304 Mariae
1644 275 1753 303 Montis
1774 275 1903 310 Regalis,

1445 337 1611 366 Alexander
1631 337 1710 371 Papa
1729 336 1790 364 v11.

1529 416 1645 444 Dilecto
1660 416 1715 449 mi,

1287 467 1416 494 salutem
1436 469 1467 493 et
1487 465 1684 499 apostolicam
1703 464 1952 493 benedictionem.

1297 547 1312 589 g
1337 546 1365 578 l.
1390 544 1510 588 Exponi
1536 544 1628 577 nobis
1653 554 1753 588 nuper
1778 543 1875 578 fecisti
1907 543 1990 587 quod
2032 563 2160 590 supplicam

1254 599 1385 632 antchac
1416 598 1446 630 in
1471 597 1613 642 quolibet
1645 607 1681 630 ex
1711 596 1834 641 oppidis
1865 596 1993 629 Bruxel-

1255 653 1355 685 larum
1381 657 1411 684 et
1435 650 1562 684 Lovanii
1587 650 1818 683 Mechliniensis
1842 649 1995 683 dioecesis

1256 711 1319 738 tres
1353 705 1400 737 vel
1418 710 1553 748 quatuor
1578 703 1696 736 iudices
1721 703 1752 736 in
1777 702 1895 747 synodo
1922 713 1995 747 pro-

1257 758 1379 790 vinciali
1409 768 1464 790 seu
1488 757 1673 790 dioecesana
1697 755 1910 789 Mechliniensi
1936 765 1996 799 pro

1258 821 1423 844 causarum
1450 810 1672 843 commissione
1697 808 1837 853 deputati
1869 808 1996 842 insimul

1260 865 1397 897 residere
1412 863 1586 907 respective
1599 862 1682 896 soliti
1696 863 1832 903 suerunt3
1849 861 1903 895 sed
1913 871 1997 896 nunc

1258 929 1294 951 ex
1321 917 1476 950 iudicibus
1501 917 1532 949 in
1557 916 1676 961 synodo
1700 915 1881 949 huiusmodi
1905 914 1999 958 depu-

1259 971 1329 1004 tatis
1355 970 1478 1003 nonnisi
1503 969 1607 1002 dilecti
1632 969 1687 1002 filii
1713 969 1742 1002 S.
1768 968 1909 1002 Gudulae
1926 968 2000 1001 Bru—

1261 1024 1348 1057 xellis
1373 1015 1402 1057 et
1420 1024 1448 1057 S.
1465 1023 1568 1056 lacobi
1594 1022 1798 1056 ecclesiarum
1812 1021 2000 1064 collegiata-

1261 1088 1331 1110 rum
1342 1077 1450 1111 decani
1461 1077 1586 1110 Lovanii
1602 1076 1774 1120 respective
1786 1075 1999 1120 reperiuntur,

1262 1131 1369 1175 illique
1393 1131 1486 1164 ambo
1504 1131 1535 1163 in
1560 1130 1653 1163 variis
1677 1129 1890 1163 functionibus
1911 1139 2001 1162 oceu-

1262 1190 1392 1228 pantur,
1417 1184 1510 1225 unde,
1537 1183 1657 1217 ratione
1681 1182 1871 1216 evocationis
1896 1192 2002 1215 causa-

1264 1249 1332 1271 rum
1354 1249 1388 1271 ex
1408 1238 1498 1271 dictis
1512 1237 1637 1281 oppidis
1655 1236 1692 1269 ad
1717 1236 1777 1268 alia
1793 1235 1862 1269 loca
1883 1235 2003 1278 litigan-

1264 1298 1308 1325 tes
1330 1291 1441 1325 maiori
1466 1302 1537 1325 cum
1556 1301 1665 1324 corum
1691 1290 1856 1335 dispendio
1880 1289 2004 1333 litigare

1264 1352 1429 1390 coguntur.

1310 1402 1324 1443 ξ
1347 1400 1376 1433 2.
1402 1400 1476 1433 Cum
1492 1403 1606 1439 autem,
1624 1398 1703 1432 sicut
1720 1398 1830 1431 eadem
1851 1397 2004 1444 expositio

1266 1453 1497 1496 subiungebat,
1522 1457 1640 1484 attento
1664 1452 1748 1495 quod
1773 1451 1863 1485 sedes
1886 1451 2006 1484 archie-

1267 1507 1436 1552 piscopalis
1451 1505 1682 1539 Mechliniensis
1696 1505 1733 1538 ad
1747 1515 1896 1549 praesens
1909 1509 2008 1546 vacat,

1267 1571 1338 1605 spes
1362 1570 1424 1593 non
1450 1560 1488 1592 sit
1512 1560 1589 1592 alios
1622 1559 1651 1592 in
1669 1559 1793 1592 civitate
1818 1562 1848 1591 et
1872 1557 2008 1592 dioecesi

1268 1613 1481 1647 Mecliliniensi
1507 1612 1625 1646 iudices
1650 1611 1816 1657 synodales
1841 1611 1930 1644 brevi
1953 1611 2006 1644 de-

1268 1671 1409 1712 putatum
1436 1667 1485 1707 iri,
1510 1672 1606 1710 tuque
1624 1671 1791 1709 propterca
1809 1676 1825 1697 a
1843 1664 1933 1698 nobis
1953 1675 2010 1709 op-

1269 1726 1404 1765 portune
1429 1719 1460 1752 in
1484 1718 1667 1763 praemissis
1690 1717 1848 1762 provideri
1874 1728 2010 1752 summo-

1270 1785 1343 1819 pere
1368 1773 1538 1806 desideres:

1315 1828 1330 1871 ξ
1353 1827 1382 1860 3.
1409 1828 1489 1868 Nos,
1515 1832 1543 1859 te
1575 1826 1766 1870 specialibus
1798 1825 1957 1859 favoribus
1981 1830 2012 1859 et

1270 1881 1379 1925 gratiis
1404 1880 1552 1924 prosequi
1580 1880 1728 1920 volentes,
1753 1885 1783 1912 et
1807 1890 1824 1911 a
1848 1878 2011 1922 quibusvis

1271 1933 1613 1975 excommunicationis,
1632 1932 1846 1976 suspensionis
1867 1937 1897 1965 et
1917 1931 2012 1965 inter-

1271 1987 1357 2028 dicti,
1371 1987 1503 2030 aliisque
1521 1985 1740 2019 ecclesiasticis
1754 1985 1926 2027 sententiis,
1939 1995 2012 2019 cen-

1273 2041 1354 2074 suris
1379 2045 1408 2073 et
1432 2039 1564 2083 poenis,
1588 2049 1605 2071 a
1630 2039 1698 2072 iure
1723 2039 1769 2071 vel
1794 2038 1833 2072 ab
1863 2038 2014 2080 homine,

1273 2093 1383 2137 quavis
1407 2092 1573 2126 occasione
1598 2093 1645 2125 vel
1671 2094 1764 2125 causa
1788 2092 1869 2134 latis,
1894 2092 1919 2125 si
1944 2092 2014 2136 qui-

1274 2147 1331 2180 bus
1356 2146 1597 2190 quomodolibet
1628 2146 1795 2179 innodatus
1827 2146 1951 2189 existit,
1976 2145 2015 2180 ad

1275 2200 1421 2234 effectum
1457 2198 1669 2244 praesentium
1702 2199 1863 2233 dumtaxat
1899 2209 2017 2233 conse-

1275 2253 1447 2299 quendum,
1468 2254 1580 2287 harum
1598 2253 1680 2287 serie
1697 2253 1896 2287 absolventes
1913 2258 1943 2287 et
1962 2253 2016 2286 ab·

1276 2308 1412 2342 solutum
1438 2307 1505 2340 fore
1529 2311 1709 2348 censentes,
1735 2306 2017 2351 supplicationibus

1278 2365 1332 2394 tuo
1356 2359 1484 2393 nomine
1520 2359 1611 2393 nobis
1645 2370 1741 2403 super
1766 2359 1826 2393 hoc
1854 2358 2017 2393 humiliter

1279 2413 1434 2458 porrectis
1460 2412 1610 2455 inclinati,
1636 2412 1709 2453 tibi,
1734 2418 1768 2445 ut
1799 2412 1938 2457 quinque
1968 2412 2018 2445 vel

1279 2478 1332 2501 sex
1356 2467 1516 2500 dumtaxat
1546 2476 1697 2510 personas
1729 2465 1878 2507 idoneas,
1903 2471 1934 2499 et
1962 2476 2014 2500 re-

1278 2521 1394 2565 quisita
1423 2531 1440 2553 a
1472 2520 1570 2554 sacris
1605 2520 1778 2554 canonibus
1816 2525 1846 2553 et
1880 2518 2019 2554 Concilio

1279 2575 1462 2608 Tridentino
1479 2575 1640 2615 babentes,
1654 2575 1684 2607 iu
1699 2574 1821 2607 civitate
1838 2577 1867 2608 et
1884 2573 2019 2607 dioecesi

2002 185 2049 210 An.
2066 186 2093 210 C.
2116 187 2176 214 ¹656

2045 1410 2130 1432 notin.

2039 1834 2205 1858 ramltaumat.

2026 1863 2070 1883 bati
2090 1862 2111 1883 S.
2125 1861 2201 1882 Maria·

2027 1889 2102 1910 noum
2123 1887 2202 1914 Regali·
2247 1906 2249 1910 .

2026 1922 2061 1936 sex
2077 1914 2157 1936 iudices
2169 1913 2202 1934 do·

2027 1942 2113 1969 putandi
2133 1945 2202 1968 imper·

2027 1970 2097 1990 timur.
