2243 3205
251 183 299 209 An.
320 182 348 209 C.
367 183 433 211 1659

248 1678 353 1699 statutum
361 1679 412 1704 apo-

227 1708 245 1726 st
255 1706 301 1725 -Ιιι-τι
319 1704 410 1723 auctori-

227 1736 270 1753 tate
286 1735 402 1755 contii-nial.

479 173 542 207 492

447 232 580 272 condita,
605 243 700 265 unum
727 238 845 264 extaret
862 231 920 266 sub
945 244 1013 277 cap.
1038 243 1117 274 thv,
1135 234 1182 266 in-

446 286 579 329 cipiens:
598 286 781 319 Stalaimus
798 290 826 319 el
844 287 1044 328 ordinamus,
1065 291 1132 327 etc„
1151 287 1180 319 in

445 350 506 382 quo
531 339 717 382 disponitur,
739 340 836 372 teneri
862 340 1011 381 lectores,
1036 341 1179 374 doctores

444 399 473 425 et
499 393 657 425 scholares
682 393 891 426 iuramentum
918 393 1112 426 obedientiae
1130 394 1179 425 de-

443 447 524 478 l‘crre
557 445 671 479 rectori
703 445 799 489 ipsius
831 446 1064 487 universitatis,
1094 446 1177 490 quod

441 498 568 540 quidem
590 499 800 531 iuramentum
818 499 1038 542 praestandum
1057 504 1103 532 est
1126 509 1177 531 an-

442 555 566 593 tequam
591 551 805 594 praedictissde
830 552 1029 586 universitate
1053 551 1173 584 descri-

440 603 554 637 bantur
581 603 612 636 in
642 604 816 645 matricula,
845 605 920 637 alias
947 604 1119 648 privilegiis
1147 607 1176 637 et

439 657 689 700 exemptionibus
706 668 768 690 non
786 658 955 700 gaudeant,
972 663 1001 690 et
1018 658 1050 690 in
1065 657 1174 690 eadem

439 710 634 753 expositione
658 711 835 752 subjuncto,
853 711 936 754 quod
961 711 1085 755 saepius
1101 721 1175 744 non-

438 763 525 804 nulli,
552 763 605 807 qui
630 764 797 807 praedictis
821 764 992 808 privilegiis
1021 764 1064 797 uti
1088 774 1175 807 prae-

439 816 576 857 tendunt,
596 817 799 850 nihilominus
823 828 856 850 se
881 817 911 849 in
937 817 1101 850 matricula
1122 817 1173 850 de-

436 869 532 902 scribi
556 880 619 903 non
639 870 761 912 saciant,
778 881 816 903 ne
841 876 993 913 cogantur
1014 877 1173 914 praestare

434 922 646 956 iuramentum
671 924 884 964 obedientiae3
905 924 1038 968 ideoque
1058 925 1174 968 suppli—

435 981 513 1017 cato,
538 979 571 1009 ut
595 982 689 1020 caput
713 977 772 1010 hoc
797 982 984 1010 statutorum
1010 977 1173 1010 confirma-

433 1034 531 1068 retur,
549 1034 579 1061 et
594 1039 657 1062 non
674 1029 879 1062 observantes
893 1030 1064 1073 privilegiis
1081 1041 1171 1073 prae-

432 1081 523 1114 dictis
544 1082 672 1115 minime
696 1083 834 1125 gaudere
851 1083 1081 1116 declararetur:

476 1135 638 1168 Emanavit
651 1146 668 1168 a
684 1136 844 1180 praedicta
861 1138 1104 1180 congregatione
1122 1138 1171 1171 de-

431 1194 552 1221 cretum
569 1189 686 1222 tenoris
703 1190 756 1233 qui
773 1191 925 1233 sequitur,
944 1191 1099 1224 videlicet:

480 1254 492 1272 (i
512 1242 565 1275 Die
583 1254 621 1276 xv
640 1243 712 1276 maii
729 1253 870 1277 ninchm
890 1255 978 1277 sacra
997 1254 1169 1287 congreg-a-

431 1295 472 1329 tio
487 1296 806 1330 eminentissimorum
821 1297 1026 1330 cardinalium
1040 1297 1166 1331 Concilii

429 1349 600 1382 Tridentini
626 1350 833 1394 interpretum
854 1351 991 1393 censuit,
1018 1356 1167 1384 statutum

427 1403 606 1437 academiae
619 1404 848 1448 Complutensis
861 1405 891 1437 in
907 1405 1076 1448 praecitato
1089 1406 1169 1449 capi-

428 1457 493 1489 tulo
506 1467 580 1490 inv
595 1457 633 1489 de
650 1457 829 1490 obedientia
847 1459 961 1490 rectori
979 1459 1166 1502 praestanda

426 1509 464 1541 ab
497 1510 662 1552 omnibus,
690 1516 759 1550 etc„
788 1511 1006 1544 confirmatum
1040 1523 1057 1544 a
1088 1512 1166 1546 Sede

425 1563 615 1606 Apostolica,
632 1573 700 1596 esse
716 1563 955 1598 observandum.

514 1617 545 1649 F.
566 1617 733 1649 cardinalis
750 1618 938 1659 PAULU'rlus,
956 1621 1142 1663 praefectus.

470 1671 484 1713 ξ
508 1670 537 1703 2.
563 1671 637 1704 Cum
659 1676 774 1711 autem,
792 1671 872 1704 sicut
888 1673 1040 1715 praedicti
1067 1684 1163 1717 expo-

425 1728 532 1755 nentes
549 1723 638 1756 nobis
663 1734 765 1767 nuper
790 1725 903 1768 exponi
929 1725 1078 1766 fecerunt,
1104 1727 1161 1770 ipsi

424 1775 585 1808 decretum
612 1776 801 1819 huiusmodi,
826 1788 885 1820 pro
915 1778 1049 1812 firmiori
1081 1779 1164 1812 illius

424 1829 622 1863 subsistentia
651 1836 681 1863 et
712 1830 949 1873 observatione,
974 1832 1162 1875 apostolicae

423 1883 672 1917 confirmationis
691 1889 816 1917 nostrae
837 1885 952 1918 robore
972 1887 1161 1919 communiri

421 1947 623 1980 summopere
640 1937 827 1978 desiderent,
844 1947 911 1979 nos,
935 1938 1101 1981 specialem
1116 1939 1161 1983 ip-

420 1989 462 2021 sis
487 1990 713 2032 exponentibus
733 1990 865 2032 gratiam
887 1991 988 2024 facere
1012 1992 1160 2032 volentes,

420 2048 450 2075 et
467 2053 578 2076 eorum
599 2043 774 2085 singulares
793 2054 942 2087 personas
963 2055 980 2076 a
998 2045 1159 2088 quibusvis

420 2096 763 2136 excommunicationis,
780 2097 1004 2140 suspensionis,
1021 2104 1089 2138 etc.,
1107 2099 1159 2131 ha-

419 2159 490 2180 rum
515 2149 595 2181 serie
627 2149 824 2182 absolventes
856 2155 886 2182 et
910 2150 1068 2184 absolutas
1092 2152 1158 2185 sore

419 2207 589 2244 censentes,
604 2202 886 2246 supplicationibus
904 2213 1012 2237 eorum
1030 2205 1157 2237 nomine

418 2256 510 2289 nobis
541 2267 635 2299 super
664 2257 724 2290 hoe
748 2257 908 2291 humiliter
932 2259 1086 2301 porrectis
1110 2259 1154 2291 in-

418 2308 533 2349 clinati,
547 2309 707 2342 decretum
720 2310 961 2353 praeinsertum‚
971 2311 1155 2345 auctoritate

416 2361 600 2404 apostolica,
618 2368 724 2395 tenore
746 2363 969 2406 praesentium,
987 2364 1155 2398 confirma-

415 2424 485 2447 mus
508 2421 538 2447 et
566 2416 798 2459 approbamus,
825 2417 932 2461 illique
965 2418 1152 2452 inviolabilis

415 2469 604 2509 apostolicae
641 2470 798 2503 firmitatis
833 2471 931 2504 robur
967 2471 1150 2515 adiicimus,

415 2521 499 2553 salva
513 2532 637 2565 semper
650 2523 681 2555 in
695 2524 875 2566 praemissis
888 2525 1073 2559 auctoritate
1090 2537 1152 2560 me-

416 2581 554 2609 moratae
568 2577 819 2620 congregationis
836 2578 1051 2612 cardinalium.

1034 184 1212 209 uULLAntUM
1236 185 1390 210 ROMANUM

1260 233 1275 276 g
1298 232 1328 266 3.
1346 234 1554 268 Decernentes
1570 236 1693 270 easdem
1711 246 1888 282 praesentes
1905 240 1951 273 lit-

1217 291 1297 318 teras
1310 297 1435 330 semper
1446 288 1563 329 sirmas,
1577 294 1646 331 etc„
1659 290 1828 333 observari,
1842 293 1949 338 sicque

1215 339 1244 370 in
1258 340 1438 382 praemissis
1449 352 1504 384 per
1513 352 1728 388 quoscumque
1739 344 1866 386 iudices,
1879 352 1949 388 etc.,

1213 391 1336 424 deliniri
1361 392 1496 435 debere,
1516 406 1552 428 ac
1577 396 1701 429 irritum
1732 402 1763 430 et
1786 398 1898 440 inane,
1923 401 1948 433 si

1213 454 1312 485 secus,
1329 450 1398 487 ete,
1417 448 1584 491 contigerit
1601 450 1756 483 attentari.

1255 497 1312 540 §4
1338 499 1406 532 Non
1420 500 1616 535 obstantibus
1632 503 1906 538 constitutionibus
1919 510 1949 538 et

1211 550 1461 586 ordinationibus
1471 555 1660 597 apostolicis,
1674 557 1848 601 ceterisque
1871 568 1947 591 con-

1211 603 1313 636 trariis
1334 604 1593 650 quibuscumque.

1253 655 1363 689 Datum
1389 658 1516 699 Romae,
1541 659 1622 703 apud
1651 660 1679 693 S.
1699 661 1827 694 Mariam
1852 662 1947 696 Maio-

1208 718 1286 750 rem,
1304 709 1361 742 sub
1376 712 1491 745 annulo
1510 712 1685 756 piscatoris,
1703 714 1752 747 die
1770 725 1832 748 xxv
1848 725 1947 759 augu-

1209 760 1245 792 sti
1268 771 1394 803 MDcle,
1418 765 1617 807 pontificatus
1642 767 1741 800 nostri
1766 778 1847 801 anno
1871 778 1900 801 v.

1244 822 1301 850 Dat.
1318 824 1361 852 die
1377 825 1410 853 525
1425 828 1531 863 augusti
1548 829 1625 864 1659,
1642 830 1739 865 pontis.
1756 839 1826 858 anno
1841 838 1867 858 v.

1507 969 1638 1004 CCLVII.

1207 1043 1424 1080 Declamatio·
1437 1059 1559 1091 poenae
1578 1062 1660 1094 qaas
1680 1052 1854 1087 incurrunt
1878 1065 1944 1089 non

1249 1098 1448 1132 observantes
1478 1106 1638 1136 statatum
1668 1115 1742 1138 Lxlv
1778 1107 1944 1141 academia

1250 1150 1483 1195 Complutensis
1523 1155 1561 1188 de
1601 1157 1784 1192 obedientia
1825 1162 1943 1194 rectori

1199 1226 1202 1228 -
1245 1207 1451 1246 praestanda.

1397 1287 1566 1316 Alexander
1585 1290 1664 1324 Papa
1682 1292 1745 1323 vu,

1344 1330 1380 1356 ad
1399 1331 1532 1359 futuram
1551 1334 1596 1360 rei
1618 1336 1798 1364 memoriam.

1245 1397 1327 1431 Alias
1358 1410 1416 1442 pro
1452 1407 1540 1444 parte
1575 1403 1762 1439 dilectorum
1799 1406 1939 1442 filiorum

1202 1451 1334 1483 rectoris
1369 1458 1399 1485 et
1435 1454 1569 1488 aliorum
1602 1457 1813 1492 universitatis
1843 1461 1938 1494 studii

1201 1504 1356 1544 generalis
1381 1506 1488 1549 oppidi
1513 1508 1740 1553 Complutensis
1772 1513 1938 1547 Toletanae

1200 1554 1352 1590 dioecesis
1377 1561 1612 1603 congregationi
1636 1565 1860 1598 venerabilium
1877 1566 1937 1600 fra-

1201 1612 1282 1641 trum
1299 1616 1479 1645 nostrorum
1495 1614 1523 1647 S.
1537 1615 1571 1647 R.
1589 1616 1621 1648 E.
1640 1617 1845 1652 cardinalium
1862 1619 1938 1653 Con-

1199 1660 1443 1697 ciliiTridentini
1460 1666 1669 1711 interpretum
1683 1671 1833 1714 exposito,
1851 1673 1937 1716 quod

1199 1714 1279 1747 inter
1292 1716 1351 1749 alia
1376 1718 1514 1752 eiusdem
1537 1722 1745 1757 universitatis
1770 1725 1841 1758 Sedi
1858 1727 1936 1770 Apo-

1198 1768 1324 1802 stolicae
1348 1770 1526 1806 immediate
1552 1775 1712 1809 subiectae
1737 1781 1850 1812 statuta
1878 1780 1935 1813 ad-

1197 1827 1277 1855 esset
1292 1834 1366 1857 Lxlv
1394 1827 1510 1860 tenoris
1527 1829 1579 1872 qui
1597 1830 1749 1873 sequitur,
1774 1832 1933 1867 videlicet:

1240 1876 1255 1919 ξ
1279 1876 1308 1909 t.
1339 1891 1351 1910 i<
1374 1879 1546 1915 Statuimus
1574 1888 1603 1916 et
1631 1885 1822 1929 ordinamus,
1848 1887 1933 1931 quod

1195 1939 1304 1963 omnes
1324 1937 1353 1964 et
1373 1933 1487 1976 singuli
1506 1942 1661 1979 1·egenteS‚
1680 1939 1881 1973 cathedratici
1903 1945 1933 1974 et

1195 1982 1245 2014 alii
1270 1984 1461 2029 quicumque
1485 1988 1627 2033 lectores
1649 1991 1804 2033 doctores,
1830 1993 1932 2037 magi-

1194 2035 1271 2076 stri,
1297 2037 1465 2081 licentiati,
1490 2041 1687 2077 baccataurei
1718 2049 1748 2079 et
1770 2045 1931 2080 scholares

1193 2089 1329 2123 universi
1354 2092 1447 2126 huius
1464 2095 1642 2130 academiae
1660 2103 1690 2131 et
1706 2099 1929 2144 universitatis,

1193 2143 1419 2189 cuiuscumque
1445 2148 1618 2192 qualitatis,
1643 2151 1772 2193 gradus,
1797 2153 1928 2196 ordinis,

1192 2196 1378 2231 conditionis
1413 2206 1465 2233 aut
1488 2204 1755 2245 praeeminentiae
1785 2206 1928 2248 existant,

1191 2248 1221 2280 in
1247 2251 1392 2285 omnibus
1422 2258 1452 2286 et
1482 2255 1614 2298 singulis
1642 2258 1789 2300 regimini
1814 2265 1844 2292 et
1868 2270 1926 2303 gu-

1190 2301 1299 2337 bernio
1312 2306 1444 2340 rectoris
1456 2309 1554 2342 nostri
1573 2310 1695 2354 collegii
1709 2322 1767 2355 pro
1784 2318 1927 2356 tempore

1189 2355 1324 2398 eligendi
1350 2366 1505 2404 perpetuo
1530 2363 1720 2405 subiaceant,
1752 2371 1927 2400 teneantur-

1188 2419 1247 2451 que
1273 2412 1419 2446 omnibus
1444 2419 1473 2446 et
1498 2415 1628 2459 singulis
1652 2418 1804 2452 mandatis
1827 2419 1925 2463 ipsius

1187 2461 1278 2496 licitis
1300 2468 1330 2498 et
1355 2465 1494 2500 honestis
1511 2479 1546 2502 ac
1571 2471 1845 2505 constitutionibus
1868 2482 1923 2505 no-

1184 2515 1256 2548 stris
1281 2526 1344 2550 non
1368 2522 1534 2554 contrariis
1558 2523 1702 2565 obedire;
1720 2530 1750 2558 et
1774 2524 1812 2558 ad
1837 2535 1923 2559 voca·

1185 2567 1299 2602 tionem
1323 2573 1453 2606 rectoris
1477 2575 1607 2618 praefati
1633 2577 1723 2611 toties
1737 2578 1860 2621 quoties
1879 2578 1918 2612 ab

1963 192 2014 220 An.
2036 192 2064 221 C.
2081 195 2146 223 ¹659

1977 283 1980 285 -
1993 255 2106 280 Decretum
2119 259 2146 280 ir-

1964 285 2029 303 ritans

1963 519 2071 542 Contraria
2083 521 2144 544 tollit.

1980 1419 2096 1446 Expostulo.

1975 1894 2044 1916 'renni-
2057 1896 2133 1918 statuti

1947 1920 1974 1942 ab
1994 1922 2131 1944 universitate

1948 1947 2091 1974 Complutensi
2107 1954 2131 1970 e-

1946 1974 2033 1996 manati.
