2243 3205
49 168 98 196 An.
113 165 140 192 C.
164 165 226 192 1661

82 918 192 940 Decretum
201 916 238 937 Ur-

58 945 106 967 bani
121 943 173 966 vlu.

852 161 1039 187 ALEXANDER
1061 161 1106 185 vn
1129 162 1177 185 PP.

247 212 355 252 nostri,
369 223 440 256 qua,
457 217 491 245 ut
515 223 559 254 ea,
578 222 656 256 quae
675 212 705 244 in
723 222 817 255 super
833 211 986 244 enarratis

247 263 520 296 constitutionibus
544 263 619 296 Sixti
642 263 665 295 V
691 268 720 296 et
740 263 906 296 Clementis
923 262 987 294 VIII

246 316 397 360 disposita
420 316 624 359 legebantur,
649 316 827 360 pontificiae
852 315 988 349 auctori-

247 370 317 403 tatis
337 370 466 403 oraculo
491 370 603 403 fortius
623 370 844 410 communiret,
862 380 988 413 easque,

247 422 417 466 quominus
439 423 578 456 subverti
604 428 752 466 possent,
778 422 862 455 falsis
887 423 985 456 inter-

247 476 477 520 pretationibus
491 477 701 517 subtraheret,
718 476 801 520 ipsas
810 476 990 516 declaravit,

249 540 285 563 ac
309 530 400 563 iussit
423 530 600 563 facultatem
627 530 820 574 praedictam
837 530 989 563 alienandi

249 583 280 616 in
298 583 423 627 scriptis
443 583 531 627 prius
550 583 751 617 obtinendam
771 595 848 626 esse,
868 595 903 617 ac
921 584 993 616 inde

250 637 282 669 in
300 637 368 681 ipso
381 642 452 670 actu
479 638 683 671 contrahendi
710 638 919 671 exhibendam
941 649 993 682 pe-

250 700 305 722 nes
339 690 521 731 notarium,
546 691 613 723 salsi
650 701 783 734 poenam
820 701 855 724 ac
892 691 991 723 amis-

251 743 348 777 sionis
372 744 550 777 officiorum
576 744 817 785 tabellionibus,
846 744 995 788 privatio-

251 796 299 830 nis
322 807 397 830 vero
414 796 458 829 rei
480 797 631 830 alienatae
649 797 906 830 contrahentibus
925 797 996 830 inii-

253 850 347 883 ciens.

298 904 313 947 ἓ
337 903 366 936 4.
384 904 536 943 Quoniam
561 915 636 938 vero
653 904 811 938 nonnullis
828 905 996 938 artificiose

253 957 464 1001 praeinventis
488 958 527 990 ad
552 963 769 991 contractuum
796 959 995 992 securitatem

255 1011 384 1044 cautelis
419 1010 520 1044 aditus
546 1016 690 1055 patuerat
720 1012 875 1044 alienandi
902 1012 995 1044 etiam

254 1075 317 1098 non
332 1065 499 1109 impetrata
517 1075 533 1097 a
550 1065 680 1098 Summo
698 1065 848 1099 Pontifice
859 1068 998 1108 congrua

255 1118 425 1157 facultate,
454 1118 552 1151 felicis
588 1118 817 1152 recordationis
854 1119 998 1152 Urbanus

258 1172 340 1216 Papa
377 1172 441 1204 Vlll
473 1173 592 1216 pariter
617 1172 843 1216 praedecessor
867 1178 998 1214 noster,

260 1225 418 1269 expositas
450 1225 596 1269 superius
629 1225 747 1259 litteras
781 1225 998 1266 confirmavit,

259 1289 372 1323 easque
390 1279 513 1312 extendi
539 1279 576 1312 ad
594 1279 675 1312 bona
696 1279 726 1312 in
743 1279 919 1312 confinibus
936 1284 1000 1312 ter-

258 1333 359 1366 ritorii
387 1333 548 1366 baronalis
573 1333 747 1374 existentia,
766 1333 804 1366 ad
829 1338 931 1366 castra
952 1333 1001 1366 de-

260 1385 378 1427 molita,
403 1391 528 1419 tenutas
552 1391 582 1419 et
606 1386 745 1430 praedia,
767 1386 861 1419 etiam
882 1397 945 1420 non
960 1387 1002 1419 iu-

259 1440 496 1482 risdictionalia,
516 1450 691 1483 censusque
709 1451 804 1484 super
820 1441 1000 1474 huiusmodi

260 1493 351 1527 bonis
377 1494 553 1538 impositos,
570 1504 692 1526 necnon
711 1494 749 1526 ad
771 1494 818 1527 ius
836 1495 1003 1538 praelatio-

260 1548 309 1580 nis
334 1548 461 1581 illorum
494 1547 602 1590 vigore
637 1547 792 1581 resultans
824 1548 1003 1588 declaravit,

262 1601 496 1644 terminumque
521 1600 616 1633 trium
642 1601 797 1633 mensium
829 1602 1004 1634 successive

262 1654 429 1699 praefixit,
455 1654 536 1686 intra
560 1664 653 1698 quem
683 1654 919 1698 unusquisque,
952 1655 1003 1698 qui

262 1708 391 1741 nulliter
431 1711 540 1741 contra
576 1708 731 1751 praefatas
768 1708 1006 1741 constitutiones

264 1767 473 1801 contraxerat,
498 1772 515 1794 a
536 1762 631 1804 gestis
657 1761 828 1803 recederet,
855 1762 1006 1795 mandans

263 1815 393 1859 insuper
416 1815 546 1848 notariis
565 1814 721 1854 omnibus
738 1820 772 1847 ut
797 1815 875 1847 infra
894 1815 1005 1848 termi-

264 1878 340 1901 num
358 1868 573 1912 supradictum
596 1868 626 1900 in
642 1867 784 1910 margine
809 1868 1007 1901 instrumenti

266 1921 468 1955 abolitionem
495 1926 675 1954 contractus
695 1921 844 1955 adnotare
865 1927 1009 1955 teneren-

266 1981 327 2016 tur,
353 1976 469 2009 eisdem
495 1976 605 2019 poenis
631 1976 662 2007 in
687 1976 874 2019 supradietis
899 1977 1010 2010 consti-

267 2027 440 2064 tutionibus
465 2029 663 2063 comminatis
691 2039 755 2070 eos,
776 2030 800 2062 si
819 2040 882 2064 non
899 2041 1010 2074 parue-

267 2083 340 2124 rint,
366 2083 544 2115 subiiciens.

313 2136 328 2180 ἓ
346 2136 375 2169 5.
393 2136 431 2169 Ut
456 2140 558 2170 autem
577 2136 734 2179 quaelibet
754 2136 861 2169 dolosa
878 2147 1012 2169 conven-

271 2190 323 2231 tio,
348 2201 427 2234 quae
453 2190 509 2223 sub
535 2190 661 2233 palliato
687 2190 805 2223 dotium
825 2190 1012 2223 constituen-

270 2243 380 2276 darum
406 2248 569 2287 praetextu
585 2243 614 2275 in
636 2243 864 2286 praeiudicium
880 2244 1011 2276 Sanctae

270 2295 359 2329 Sedis
384 2295 455 2327 iniri
481 2300 608 2338 posset,
634 2295 822 2336 evitaretur,
848 2294 931 2326 idem
961 2294 1014 2327 Ur-

271 2348 371 2381 banus
389 2348 464 2389 Vlll,
486 2347 656 2381 recensitas
682 2347 800 2380 litteras
825 2347 920 2386 Sixti,
945 2347 1012 2380 Cle-

272 2401 385 2435 mentis
417 2406 447 2434 et
471 2401 555 2434 Pauli
583 2400 734 2433 innovans
759 2405 788 2433 et
813 2401 1012 2442 confirmans,

273 2454 397 2488 easdem
422 2454 460 2487 ad
485 2463 700 2497 quoscumque
725 2457 903 2487 contractus
928 2463 1015 2486 occa-

274 2508 361 2541 sione
385 2506 597 2551 quarumlibct
620 2506 751 2548 dotium,
773 2506 867 2538 etiam
893 2505 1014 2539 ratione

274 2561 468 2595 edueati0nis
494 2559 677 2601 infantium,
702 2559 898 2604 aliarumque
922 2559 1015 2593 mise-

1665 148 1724 182 651

1020 209 1166 242 rabilium
1207 218 1414 253 personarum
1452 218 1508 251 per
1546 216 1760 251 quascumque

1021 273 1172 307 personas
1191 262 1331 295 subditas
1352 272 1405 294 seu
1422 262 1572 301 forenses,
1590 271 1625 293 ac
1644 260 1682 292 de
1699 259 1764 304 qui-

1021 316 1156 348 buslibet
1181 315 1292 355 bonis‚
1318 314 1619 348 iurisdietionalibus
1652 323 1764 357 nempe

1022 380 1057 402 ac
1070 379 1132 403 non
1147 369 1458 409 iurisdictionalibus,
1473 367 1636 402 stabilibus
1650 373 1764 407 tamen,

1023 423 1229 457 celebrandos
1254 422 1392 456 extendit
1428 422 1547 466 absque
1572 423 1627 454 sua
1654 424 1684 454 et
1708 420 1766 453 Ro-

1025 478 1108 510 mani
1140 477 1300 510 Pontificis
1336 487 1394 520 pro
1431 481 1572 520 tempore
1608 474 1767 509 existentis

1025 531 1172 572 lieentia,
1204 539 1401 574 poenamque
1433 529 1546 562 adiecit
1582 527 1767 572 privationis

1026 584 1211 618 eorumdem
1236 583 1392 616 bonorum
1412 583 1449 615 ad
1468 583 1605 615 favorem
1625 591 1768 615 camerae

1026 640 1074 672 vel
1099 638 1227 671 alterius
1240 637 1398 670 inferioris
1412 637 1572 677 ecelesiae,
1589 647 1607 669 a
1620 646 1681 680 qua
1700 645 1770 669 con-

1028 693 1186 725 trahentes
1211 691 1263 724 illa
1286 695 1571 733 recognoscerent,
1595 698 1770 732 omnesque

1029 746 1190 778 facultates
1230 744 1387 777 alienandi
1431 743 1462 776 in
1500 753 1563 776 non
1604 742 1746 775 subditos
1764 768 1771 782 ,

1029 797 1222 842 acquirendi,
1248 807 1284 830 ac
1303 796 1455 830 domicilii
1476 805 1538 828 non
1560 793 1771 828 constituendi

1030 852 1061 884 in
1084 852 1171 885 Statu
1196 850 1415 884 Ecclesiastico
1441 849 1515 882 illuc
1538 859 1637 892 usque
1663 853 1773 881 contra

1031 906 1186 949 praefatas
1219 903 1458 938 constitutiones
1486 912 1649 936 concessas
1681 911 1772 934 revo-

1031 958 1120 991 cavit.

1076 1012 1091 1055 g
1115 1011 1144 1044 6.
1171 1012 1207 1044 Et
1231 1022 1313 1052 cum,
1332 1021 1394 1055 quo
1419 1010 1591 1043 ferventius
1616 1008 1773 1041 dictorum

1032 1065 1311 1109 praedecessorum
1347 1074 1441 1097 curae
1473 1063 1564 1096 novis
1589 1073 1624 1095 ac
1657 1061 1775 1094 iteratis

1033 1119 1309 1152 constitutionibus
1334 1118 1518 1151 inconcusse
1543 1114 1700 1149 studeret¹
1721 1115 1776 1148 ob-

1034 1173 1217 1213 servantiae,
1238 1183 1275 1206 eo
1298 1171 1441 1205 callidior
1465 1170 1690 1204 nonnullorum
1708 1179 1773 1201 ver-

1035 1226 1132 1266 sutia,
1157 1235 1344 1268 germanum
1370 1223 1553 1257 earumdem
1580 1223 1774 1255 intellectum

1035 1278 1230 1318 invertendo,
1251 1278 1416 1311 suscitaret
1429 1277 1563 1316 inventa,
1581 1276 1696 1319 quibus
1710 1285 1776 1308 sese

1036 1338 1102 1366 tuto
1119 1332 1298 1376 reciperent
1323 1342 1358 1364 ac
1382 1330 1620 1375 quomodolibet
1644 1340 1715 1362 cum
1735 1329 1777 1361 so-

1036 1385 1180 1419 rensibus
1202 1396 1238 1418 ac
1259 1385 1373 1417 exteris
1395 1385 1522 1428 impune
1546 1382 1778 1422 contraherent,

1037 1440 1178 1484 speciosa
1204 1439 1383 1482 palliatione
1408 1437 1638 1481 beneplacitum
1659 1441 1780 1480 aposto-

1037 1494 1131 1527 licum
1148 1492 1348 1532 reservando,
1360 1502 1414 1524 seu
1424 1491 1611 1535 apponendo
1626 1490 1780 1523 clausulas

1037 1551 1199 1590 quatenus
1230 1556 1295 1578 non
1328 1546 1449 1578 obstent
1481 1544 1675 1588 apostolicae
1711 1554 1782 1576 con-

1038 1601 1243 1640 sticutz'ones,
1279 1609 1315 1632 ac
1344 1609 1382 1631 eat
1411 1609 1499 1631 nunc
1520 1602 1618 1641 prout
1643 1608 1681 1630 ex
1707 1601 1782 1630 tum

1039 1654 1170 1698 quando
1194 1652 1385 1686 cessaverint
1409 1662 1522 1684 earum
1551 1650 1726 1691 obstacula,
1755 1654 1783 1683 et

1040 1718 1105 1741 non
1122 1706 1219 1747 alitis,
1239 1706 1348 1746 aliter,
1368 1716 1424 1738 nec
1443 1705 1510 1738 alio
1535 1704 1638 1745 modo,
1659 1710 1689 1737 et
1709 1704 1783 1737 alias

1041 1761 1192 1794 formulas
1218 1765 1247 1793 et
1271 1759 1425 1792 clausulas
1450 1758 1645 1799 adhibendo,
1670 1758 1784 1801 quibus

1042 1825 1151 1848 eorum
1178 1823 1348 1847 consensus
1379 1812 1632 1846 conditionaliter
1663 1816 1782 1845 tantum

1043 1868 1257 1909 exhiberetur,
1283 1866 1470 1899 recolendae
1495 1865 1666 1899 memoriae
1692 1865 1782 1898 Inno-

1044 1921 1164 1954 centius
1189 1920 1271 1964 Papa
1288 1920 1313 1953 X
1338 1919 1564 1963 praedecessor
1587 1924 1703 1959 noster,
1734 1929 1786 1962 ap-

1045 1974 1185 2019 probatis
1216 1979 1246 2006 et
1277 1973 1430 2007 innovatis
1455 1973 1611 2006 dictorum
1647 1972 1782 2016 praede-

1045 2037 1205 2061 cessorum
1231 2026 1517 2067 constitutionibus,
1535 2037 1586 2059 eas
1607 2026 1726 2069 pariter
1746 2025 1784 2057 ad

1046 2085 1224 2115 contractus
1251 2081 1343 2114 initos
1368 2091 1438 2113 eum
1459 2080 1670 2113 reservatione
1694 2079 1785 2112 bene-

1045 2135 1150 2178 placiti
1176 2134 1352 2178 apostolici,
1377 2145 1412 2167 ac
1433 2145 1504 2167 cum
1533 2133 1680 2167 clausulis
1706 2143 1788 2176 qua-

1048 2192 1138 2220 tenus
1156 2198 1220 2221 non
1238 2187 1368 2228 obstent,
1389 2191 1457 2227 etc,
1475 2187 1607 2230 aliisque
1621 2186 1787 2226 similibus,

1047 2241 1289 2274 conditionalem
1326 2251 1514 2274 consensum
1552 2239 1789 2283 quomodolibet

1048 2295 1284 2335 inducentibus,
1309 2305 1344 2327 ac
1370 2294 1485 2327 iurium
1512 2293 1668 2326 cessiones
1694 2303 1790 2336 super

1048 2347 1210 2380 stabilibus
1235 2347 1382 2387 extendit,
1408 2357 1530 2381 necnon
1554 2347 1646 2380 etiam
1665 2346 1703 2379 ad
1721 2357 1791 2380 con-

1030 2406 1165 2434 .tractus
1191 2400 1364 2433 celebratos
1390 2411 1460 2433 cum
1488 2401 1638 2435 relatione
1665 2400 1703 2433 ad
1733 2401 1790 2433 mi-

1083 2482 1096 2508 1
1111 2481 1157 2508 Vel
1168 2480 1310 2516 legendum
1321 2481 1479 2513 studerent,
1490 2480 1530 2507 vel
1542 2480 1620 2516 paulo
1632 2484 1710 2508 antea
1720 2489 1792 2509 cura

1049 2533 1097 2560 pro
1119 2533 1206 2551 curae
1226 2524 1383 2560 legendum,
1405 2528 1453 2551 aut
1476 2524 1575 2560 aliquid
1602 2524 1672 2552 aliud
1696 2525 1791 2553 deesse

1051 2568 1134 2595 videri
1150 2571 1237 2603 potest
1252 2569 1289 2602 (a.
1300 2568 1348 2601 τ.).

1776 157 1824 184 An.
1846 157 1873 184 C.
1893 157 1955 185 1661

1817 1018 1928 1040 Decretum
1944 1018 1976 1039 In-

1790 1046 1882 1066 nocentii
1898 1045 1922 1066 X.
