2202 3190
235 174 285 200 Αη.
299 173 326 201 C.
350 173 417 200 ¹662

463 164 524 198 766
1008 172 1191 197 minumum
1213 171 1367 197 Romnum
1961 172 2051 199 Aac.
2072 172 2138 201 16⁶2
2179 165 2184 260 1

430 221 579 253 iudicium
607 225 766 258 evocetur,
792 230 844 252 seu
871 230 909 251 ne
935 226 1170 253 conservatores

432 280 458 306 et
479 274 595 306 iudices
620 284 636 304 a
661 273 742 305 dicta
767 272 845 305 Sede
863 273 1000 317 deputati
1027 279 1112 305 extra
1133 274 1171 305 ci-

432 327 557 359 vitatem
584 332 611 359 et
638 326 818 367 dioecesim,
839 326 867 358 in
893 326 1008 369 quibus
1033 326 1169 369 deputati

432 380 557 419 suerint,
573 385 680 412 contra
691 390 907 423 quoscumque
920 379 1102 423 procedere,
1117 389 1169 411 seu

431 433 482 464 alii
510 433 555 465 vel
582 433 649 465 aliis
674 433 756 465 vices
781 444 852 465 snas
877 433 1090 473 committere,
1119 437 1170 463 aut

431 486 551 529 aliquos
582 486 661 519 ultra
692 497 786 518 unam
817 486 930 518 dietam
962 497 977 517 a
1008 486 1067 517 tine
1098 495 1170 517 suae

431 539 582 572 dioecesis
620 540 787 572 transferre
821 545 1043 583 praesumant7
1074 538 1168 569 dnm-

431 593 524 625 modo
550 593 632 625 ultra
649 598 711 625 tres
729 593 827 625 dietas
852 593 963 636 aliquis
987 591 1171 624 auctoritate

431 646 642 688 praesentium
669 656 730 678 non
762 646 921 687 trabatur,
947 656 999 677 seu
1025 644 1108 688 quod
1134 644 1171 676 dc

432 698 501 731 aliis
527 710 620 742 quam
657 699 827 732 mannes-tis
854 699 976 731 iniuriis
1001 703 1030 730 et
1055 698 1170 730 violen-

432 751 492 792 tiis,
510 763 545 784 ac
561 752 629 784 aliis
649 764 729 796 quae
755 753 929 785 iudicialem
948 751 1113 795 requirunt
1131 751 1172 782 in-

431 804 594 847 daginem,
621 807 728 849 poenis
754 806 783 838 in
809 816 861 838 eos
887 806 910 838 si
937 815 1026 837 secus
1051 805 1172 847 egerint

432 864 461 891 et
487 859 515 891 in
538 866 759 902 procuratores
780 860 917 899 adiectis,
935 864 1172 891 conservatores

432 922 464 943 se
482 913 658 944 nullatenus
677 913 895 953 intromittant,
910 922 1001 955 quam
1021 911 1089 943 aliis
1107 911 1172 954 qui-

432 965 628 1009 buscumque
654 966 930 998 constitutionibus
951 977 967 998 a
992 966 1172 1009 praedeces-

432 1019 556 1051 soribus
588 1020 704 1051 nostris
728 1020 875 1051 ltomanis
908 1019 1110 1052 Pontificibus
1134 1020 1172 1052 de

433 1072 589 1105 iudicibus
624 1073 774 1115 detegatis
810 1078 840 1105 et
875 1073 1171 1113 conservatoribus,

433 1136 524 1168 quam
551 1127 695 1169 personis
712 1127 791 1158 ultra
811 1132 930 1159 certum
949 1137 1115 1159 numerum
1134 1126 1170 1158 ad

433 1180 582 1213 iudicium
608 1191 669 1213 non
696 1180 852 1221 vorandis,
884 1186 935 1213 aut
960 1181 1035 1213 alias
1059 1180 1170 1222 editis⁷

433 1244 512 1276 quae
530 1240 649 1266 vestrae
667 1240 796 1278 possent
814 1235 843 1267 in
869 1234 926 1267 hac
942 1239 1030 1278 parte
1049 1234 1171 1266 iurisdi-

433 1287 538 1328 ctioni,
564 1293 615 1320 aut
640 1288 796 1331 potestati,
817 1288 946 1331 eiusque
972 1288 1071 1320 libero
1089 1298 1171 1320 exer-

434 1339 508 1372 citio
525 1340 760 1383 quomodolibet
786 1341 929 1380 obviarc3
949 1351 1003 1373 seu
1021 1341 1044 1373 si
1064 1341 1171 1383 aliqui-

432 1392 490 1425 bus
516 1394 726 1427 communiter
755 1400 808 1427 aut
833 1395 954 1427 divisim
986 1405 1003 1426 a
1031 1395 1170 1438 praefata

433 1446 472 1479 sit
494 1446 573 1479 Sede
598 1447 762 1487 indultum,
787 1448 869 1490 quod
895 1447 1170 1487 excommunicari,

433 1500 581 1544 suspendi
608 1501 653 1532 vel
681 1501 838 1539 interdici,
864 1511 917 1533 seu
943 1506 1030 1533 extra
1058 1501 1103 1533 vel
1130 1501 1171 1533 ul-

434 1559 480 1585 tra
505 1559 588 1585 certa
622 1554 689 1586 loca
714 1554 751 1585 ad
777 1554 927 1586 iudicium
961 1554 1083 1587 evocari
1109 1564 1172 1587 non

433 1607 552 1650 possint
569 1617 626 1650 per
643 1607 761 1639 litteras
778 1607 964 1650 apostolicas
982 1618 1043 1639 non
1062 1607 1171 1639 facien-

433 1665 479 1691 tes
503 1660 626 1702 plenam
653 1666 681 1692 et
706 1670 884 1703 expressam
902 1670 936 1692 ac
953 1660 991 1692 dc
1012 1660 1108 1692 verbo
1133 1659 1170 1691 ad

433 1713 563 1745 verbum
589 1713 626 1745 de
653 1713 772 1745 indulto
796 1713 988 1753 huiusmodi,
1006 1723 1041 1745 ac
1061 1724 1169 1745 eorum

433 1766 587 1809 personis,
600 1766 685 1806 locis,
696 1766 856 1798 ordinibus
871 1771 899 1798 et
912 1766 1091 1798 nominibus
1103 1777 1172 1809 pro-

433 1819 511 1862 priis
537 1812 746 1862 mentionem7
772 1825 801 1852 et.
825 1820 964 1863 qualibet,
988 1820 1047 1852 alia
1072 1820 1171 1852 dictae

433 1872 521 1904 Sedis
560 1873 751 1915 indulgentis}
787 1873 924 1916 generali
962 1873 1009 1905 vel
1045 1873 1170 1916 speciali

434 1925 658 1969 cuiuscumque
683 1927 801 1958 tenoris
825 1925 972 1958 existant¹
998 1936 1054 1969 per
1078 1936 1169 1969 quam

433 1980 649 2022 praesentibus
675 1990 735 2012 non
761 1990 940 2022 expressam
969 1980 1014 2011 vel
1036 1980 1172 2011 totaliter

434 2042 495 2064 non
515 2033 662 2065 insertam
690 2039 809 2065 vestrae
835 2033 1059 2065 iurisdictionis
1079 2033 1172 2076 expli-

435 2085 515 2118 catio
541 2085 571 2117 in
596 2086 654 2118 liae
687 2091 775 2128 parte
806 2086 904 2117 valeat
936 2085 1172 2128 quomodolibet

434 2137 590 2182 impediri,
609 2139 693 2170 etde
713 2150 773 2182 qua
798 2139 949 2182 cuiusque
976 2144 1040 2172 toto
1064 2145 1172 2172 tenore

435 2190 578 2224 habenda
602 2192 641 2225 sit
665 2193 782 2226 mentio
804 2193 958 2236 specialis.
983 2194 1020 2225 Et
1045 2193 1172 2236 insuper

435 2246 589 2287 volumus,
604 2250 633 2277 et
658 2246 738 2278 dicta
755 2246 939 2278 auctoritate
963 2246 1172 2287 decernimus,

435 2299 519 2342 quod
533 2299 663 2341 quilibet
680 2304 816 2332 vestrum
843 2299 990 2342 prosequi
1013 2300 1111 2332 valeat
1129 2311 1173 2332 ar-

436 2351 565 2384 ticulum
580 2352 670 2385 etiam
686 2363 741 2395 per
755 2353 849 2384 alium
867 2353 1057 2393 inchoatum,
1069 2364 1174 2397 quam-

437 2404 482 2435 vis
507 2404 588 2436 idem
623 2405 771 2438 inchoans
800 2405 886 2438 nullo
917 2406 1011 2438 suerit
1036 2406 1174 2450 impedi-

438 2463 542 2489 mento
556 2458 706 2491 canonico
720 2459 890 2502 praeditus,
909 2459 1055 2503 quodque
1070 2470 1086 2492 a
1103 2460 1174 2492 data

438 2511 648 2552 praesentium
675 2512 714 2543 sit
746 2512 833 2544 vobis
861 2517 890 2544 et
921 2512 1092 2556 unicuique
1124 2523 1175 2545 ve-

477 2575 485 2598 ¹
511 2573 610 2599 Forsan
631 2573 772 2608 legendum
793 2575 898 2602 existat
918 2578 953 2609 (R,
971 2576 1019 2609 T.).

2176 0 2183 82 t

2181 96 2183 156 t

1204 224 1303 251 strum
1318 219 1348 251 in
1362 219 1542 263 praemissis
1553 218 1697 251 omnibus
1707 219 1825 263 coeptis
1838 224 1868 252 et
1879 229 1942 253 non

1205 273 1332 316 coeptis,
1347 272 1563 316 praesentibus
1578 278 1607 304 et
1625 272 1747 312 suturis,
1760 276 1942 316 perpetuata

1205 331 1340 369 potestas
1366 331 1395 358 et
1419 325 1593 358 iurisdictio
1617 324 1775 365 attributa,
1797 329 1829 357 ut
1849 335 1885 358 eo
1903 325 1943 357 vi-

1205 390 1291 422 gore,
1313 381 1410 423 eaque
1436 380 1583 412 firmitate
1600 378 1725 422 possitis
1742 378 1773 410 in
1790 378 1944 422 praemis-

1205 433 1246 464 sis
1264 433 1424 473 omnibus,
1442 433 1560 476 coeptis
1576 438 1605 465 et
1621 442 1682 465 non
1701 431 1832 475 coeptis,
1849 441 1942 475 prae-

1205 486 1343 518 sentibus
1368 491 1397 518 et
1413 486 1536 527 suturis,
1556 490 1585 517 et
1601 495 1663 528 quo
1681 483 1857 528 praefatis¹‚
1874 494 1944 528 pro-

1206 538 1339 579 cedere⁷
1368 549 1403 572 ae
1428 539 1451 571 si
1477 540 1615 582 praefata
1640 538 1744 571 onmia
1769 542 1798 572 et
1821 537 1944 580 singula

1206 592 1297 624 etiam
1315 603 1420 625 coram
1437 592 1524 625 vobis
1539 597 1648 635 coepta
1661 591 1801 633 fuissent,
1815 596 1844 623 et
1858 590 1946 624 iuris-

1205 645 1300 678 dictio
1326 649 1436 685 vestra,
1462 650 1492 678 et
1509 645 1734 687 cuiuscumque
1758 649 1896 677 vestrum
1914 643 1945 676 in

1206 699 1372 742 praedictis
1397 699 1542 731 omnibus
1562 703 1591 731 et
1608 698 1738 740 singulis
1755 708 1812 742 per
1829 697 1946 730 citatio-

1205 762 1276 785 nem
1302 753 1348 784 vel
1375 752 1502 785 modum
1533 752 1628 784 alium
1657 756 1841 795 perpetuata
1872 749 1947 794 legi-

1207 806 1281 838 time
1306 806 1465 837 extitisset.
2182 843 2183 848 ¹

1251 859 1264 901 g
1299 858 1328 890 3.
1364 858 1589 891 Constitutione
1626 857 1787 901 praedicta
1801 856 1812 874 ⁹
1849 867 1945 901 supet·
1960 870 2141 893 Obstantiatottit.
2182 854 2188 879 ¹·

1207 912 1480 944 conservatoribus
1510 917 1539 944 et
1569 911 1628 943 alia
1654 911 1791 954 qualibet
1815 910 1846 942 in
1871 920 1943 943 con-

1207 965 1337 997 trarium
1371 965 1452 997 edita
1488 975 1549 997 non
1586 964 1802 1005 obstantibus,
1828 963 1944 996 eisdem

1206 1018 1422 1061 praesentibus
1446 1019 1605 1061 perpetuis
1621 1017 1733 1050 suturis
1749 1016 1944 1060 temporibus

1208 1071 1357 1104 valituris.

1250 1125 1358 1157 Datum
1381 1125 1508 1164 Romae,
1529 1124 1611 1168 apud
1641 1123 1669 1156 S.
1695 1123 1822 1156 Mariam
1848 1122 1943 1156 Maio-

1207 1189 1283 1219 rem,
1294 1179 1352 1210 sub
1366 1178 1482 1210 annulo
1493 1177 1671 1217 Piscatoris,
1681 1177 1731 1209 die
1744 1187 1811 1210 xv11
1824 1176 1945 1209 februa-

1207 1232 1238 1264 tii
1265 1242 1401 1274 noeman
1426 1232 1626 1275 pontificatus
1645 1231 1743 1264 nostri
1766 1240 1848 1263 anno
1868 1239 1921 1263 vn.

1242 1292 1299 1320 Dat.
1318 1293 1360 1319 die
1384 1294 1412 1320 17
1433 1292 1561 1319 februarii
1584 1293 1661 1326 1662,
1680 1292 1775 1327 pontif.
1797 1299 1867 1318 anno
1881 1297 1927 1317 vn.

1469 1408 1678 1442 CCCLXXXII.

1206 1480 1307 1523 Super
1332 1480 1528 1513 concessione
1552 1480 1700 1512 ecclesiae
1723 1483 1751 1512 et
1775 1483 1947 1512 conventus

1250 1534 1280 1567 S.
1306 1534 1480 1567 Pancratii
1496 1537 1588 1566 extra
1604 1537 1632 1566 et
1647 1543 1746 1577 prope
1758 1543 1868 1566 muros
1891 1533 1948 1566 Ur-

1250 1587 1296 1619 bis
1316 1588 1401 1630 facici
1425 1587 1585 1630 fratribus
1612 1585 1796 1620 Cernzelitis
1825 1585 1948 1618 Discal-

1250 1641 1346 1672 centis
1372 1640 1504 1674 Ordinis
1530 1639 1637 1672 heatae
1658 1639 1804 1682 Virqinis
1820 1638 1948 1671 Mariae

1249 1693 1286 1725 de
1299 1693 1405 1726 Monte
1421 1692 1576 1733 Camnelo,
1594 1702 1717 1725 necnon
1733 1702 1829 1735 snper
1846 1695 1948 1724 trans·

1251 1746 1381 1786 latione,
1406 1746 1470 1778 sive
1493 1747 1573 1778 novit
1599 1745 1753 1778 erectione
1773 1743 1947 1777 seminarii

1249 1800 1443 1832 missionum
1460 1799 1602 1832 eiusdem
1624 1799 1889 1843 Conyreyationis
1908 1799 1944 1832 in

1248 1853 1405 1896 praefatis
1430 1853 1561 1885 ecclesia
1586 1857 1614 1885 et
1638 1852 1821 1885 conrenlu⁸.

1393 1924 1562 1952 ,Alexander
1590 1924 1667 1957 Papa
1686 1924 1750 1958 VH,
2191 1927 2195 1948 ι

1326 1969 1361 1994 ad
1383 1971 1557 2002 perpetuam
1580 1968 1625 1995 rei
1645 1968 1825 1996 memoriam.
2115 1971 2135 1995 '.
2157 1960 2196 2017 (Ξ

1252 2030 1450 2063 Inserutabili
1468 2030 1589 2063 divinae
1602 2030 1816 2074 providentiae
1832 2040 1947 2072 arcano
1987 2040 2108 2063 Exordium.
2191 2056 2202 2071 ,

1207 2084 1392 2117 universalis
1402 2085 1557 2117 Ecclesiae
1570 2085 1712 2128 regimini
1724 2084 1946 2128 praesidentes,
2194 2085 2195 2090 ’

1207 2138 1244 2170 ad
1270 2138 1331 2180 illa,
1350 2148 1429 2181 quae
1454 2138 1483 2170 in
1511 2138 1582 2171 fidei
1612 2138 1782 2172 catholicae
1813 2138 1946 2181 religio-

1207 2193 1318 2236 nisque
1347 2193 1604 2237 propagationem
1631 2199 1660 2226 et
1684 2193 1877 2227 incremento
1902 2204 1948 2226 ce·
2151 2193 2157 2211 '
2192 2191 2194 2194 ’

1244 2310 1253 2335 1
1278 2309 1371 2344 Aptius
1386 2309 1444 2344 lege
1461 2311 1486 2336 et
1503 2309 1596 2344 quoad
1608 2310 1745 2344 praefata
1762 2310 1802 2343 (R.
1820 2309 1869 2342 Τ.).
1883 2304 1888 2308 ”
1911 2314 1915 2318 ·
2193 2335 2195 2338 ,

1242 2354 1258 2379 2
1278 2353 1344 2380 Male
1361 2353 1403 2380 ed.
1421 2353 1499 2380 Main.
1515 2353 1748 2381 constitutionem
1760 2353 1944 2388 praedictam
2192 2360 2195 2375 ¹

1219 2403 1249 2423 R„
1262 2404 1287 2423 T.
1306 2418 1310 2423 .

1205 2398 1215 2432 (
1243 2440 1259 2467 3
1278 2397 1344 2468 V)ide
1364 2440 1396 2468 ad
1413 2441 1630 2469 constitutionem
1647 2449 1766 2474 xxxvm,
1784 2440 1870 2469 Decet
1889 2438 1947 2468 Ros

1209 2494 1339 2521 manum,
1355 2486 1436 2513 huius
1447 2486 1596 2521 Pontificis,
1613 2495 1673 2522 sup.
1684 2494 1745 2522 pag.
1758 2486 1802 2519 69,
1823 2494 1877 2521 qua
1891 2485 1947 2521 agi-

1210 2534 1253 2557 tur
1272 2530 1305 2557 de
1325 2530 1442 2558 dominio
1463 2535 1490 2558 et
1508 2531 1705 2566 gubernatione
1725 2530 1877 2558 huiusmodi
1902 2538 1945 2557 se-

1209 2583 1328 2602 imnarn.
