2243 3205
245 198 295 225 An.
317 196 344 223 c.
367 197 434 225 1659
479 188 544 221 430

278 2075 418 2097 Prooemium.

278 2341 420 2366 ,ςυρψ-ουλε).

446 245 532 285 licis,
558 255 697 287 necnon,
723 249 877 289 quatenus
902 255 981 289 opus
1006 246 1061 286 sit,
1086 246 1186 278 dictae

446 297 666 337 universitatis,
692 302 719 329 et
747 298 814 329 aliis
832 298 1005 340 quibusvis,
1026 299 1118 331 etiam
1146 299 1187 330 iu-

446 355 609 389 ramento,
638 351 876 384 confirmatione
912 353 1106 396 apostolica⁷
1140 352 1186 383 rel

445 404 554 447 quavis
571 404 717 436 firmitate
742 405 800 436 alia
828 405 994 448 roboratis,
1017 405 1137 439 statutis
1158 410 1188 437 ct

446 456 741 497 consuetudinibus,
772 457 945 500 privilegiis
976 468 1119 502 quoquc,
1145 458 1188 489 in-

446 508 539 543 dultis
564 514 594 541 ct
615 510 726 542 litteris
743 511 924 553 apostolicis
943 512 971 543 in
991 511 1185 544 eontrarium

445 563 693 605 praemissorum
732 564 969 607 quomodolibet
1005 565 1162 598 concessis
1180 591 1187 604 ,

446 616 641 649 confirmatis
658 621 688 651 et
712 617 881 658 innovatis3
903 618 1018 662 quibus
1040 617 1187 651 omnibus

446 674 475 701 et
499 669 641 712 singulis,
665 671 790 704 illorum
817 677 942 704 tenores
970 670 1188 714 praesentibus

444 733 503 766 pro
533 723 624 766 plene
649 729 678 756 ct
702 725 894 757 sufficienter
912 724 1069 768 expressis
1091 734 1126 756 ac
1150 723 1187 756 de

445 777 542 809 verbo
566 777 603 809 ad
630 777 760 810 verbum
788 778 911 810 insertis
936 778 1102 817 babentes,
1129 777 1188 809 illis

445 831 520 863 alias
539 831 568 863 in
587 842 643 864 suo
662 831 777 865 robore
797 831 1024 876 permansuris,
1042 831 1079 863 ad
1101 841 1188 874 prac-

445 885 614 917 missorum
641 885 797 926 ellectum,
830 885 887 917 liac
917 885 982 918 ricc
1016 884 1187 925 dumtaxat,

445 938 625 981 specialiter
645 944 675 970 et
695 949 844 982 expresso
869 938 1078 981 derogamus3
1105 942 1186 970 celc-

445 991 553 1034 risque
578 992 745 1024 contrariis
767 992 1032 1035 (piilmscumque.

489 1044 599 1077 Datum
629 1046 757 1086 Romae,
786 1045 867 1088 apud
896 1044 924 1077 S.
944 1045 1071 1077 Mariam
1092 1045 1187 1077 Maio-

446 1108 525 1138 rem,
537 1098 594 1130 sub
605 1099 719 1131 annulo
731 1099 907 1141 piscatoris,
921 1098 970 1130 die
985 1108 1073 1131 xxvu
1087 1098 1189 1130 ianua-

445 1151 482 1183 rii
502 1161 628 1192 MDOEAX,
649 1151 850 1195 pontificatus
867 1151 964 1184 nostri
984 1161 1065 1184 anno
1084 1161 1125 1184 ιν,

483 1214 530 1240 Dat
557 1214 599 1240 die
615 1214 647 1241 ⁶27
664 1214 777 1241 ianuarii
799 1215 878 1249 1059,
896 1214 1079 1249 pontif.[aniio
1099 1222 1133 1241 tv.

729 1356 903 1389 ccxxxix.

449 1437 659 1481 Confirmatio
695 1437 812 1471 decreti
845 1437 973 1470 domini
1010 1436 1190 1469 cardinatis

489 1492 679 1535 protectoris
698 1493 795 1525 totius
814 1491 950 1524 Ordinis
962 1491 1068 1523 sancti
1080 1491 1189 1522 Fran-

492 1546 587 1587 cist-2¹,
623 1556 686 1588 quo
726 1545 912 1578 declaratur
948 1544 1190 1577 constitutiones

494 1599 666 1633 Clementis
697 1599 781 1631 VIII
803 1603 830 1631 et
857 1598 1006 1641 Greyorii
1025 1597 1097 1637 XV,
1120 1598 1191 1640 qui-

493 1653 551 1684 bus
581 1651 698 1684 aboliti
721 1653 853 1694 fecerant
876 1655 985 1694 patres
1014 1651 1191 1694 provincia-

491 1716 577 1745 rum,
602 1706 638 1738 in
661 1710 823 1749 posterum
848 1706 884 1737 in
906 1705 1077 1748 provincia
1103 1705 1191 1737 tertii

494 1758 631 1792 Ordinis
656 1759 763 1791 sancti
779 1759 951 1791 Francisct'
968 1758 1005 1790 cte
1021 1758 1191 1791 Paeniten-

494 1813 539 1845 tist
556 1813 592 1845 in
604 1823 703 1855 reqiw
717 1811 945 1855 Portuyalli'ae
959 1811 1191 1844 inviolabiliter

493 1868 657 1901 observari
675 1869 786 1901 debere
799 1867 816 1900 ¹.

645 1947 808 1975 Alexander
827 1948 908 1981 Papa
926 1947 990 1979 vll,

590 1993 626 2020 ad
646 1993 780 2020 futuram
800 1992 845 2019 rei
866 1993 1047 2019 memoriam.

494 2062 527 2097 In
552 2063 600 2097 liis
617 2062 811 2097 auctoritatis
829 2068 953 2096 nostrae
973 2067 1076 2107 partes
1094 2063 1191 2095 liben-

449 2122 496 2152 ter
521 2118 761 2162 interponimus,
787 2128 843 2161 per
867 2128 946 2160 quac
971 2117 1191 2159 congregatio-

451 2182 527 2204 num
555 2171 747 2214 regularium
774 2171 804 2203 in
830 2170 967 2203 Ecclesia
994 2170 1045 2203 Dei
1071 2170 1121 2213 pic
1146 2170 1187 2202 in-

449 2225 628 2259 stitutarum
647 2225 726 2258 felici
748 2224 837 2257 statui
865 2229 1043 2268 opportune
1069 2223 1190 2257 consuli

450 2279 682 2322 cognoscimus.

494 2333 509 2376 g
534 2333 562 2365 1.
588 2333 663 2366 Cum
690 2332 803 2376 itaque,
826 2331 978 2376 porrectis
1001 2331 1076 2363 alias
1101 2330 1191 2364 nobis

450 2396 508 2430 pro
533 2391 622 2430 parte
647 2385 751 2418 dilecti
778 2385 831 2418 filii
864 2384 987 2418 Ioannis
1012 2385 1049 2417 de
1075 2384 1190 2416 Pietate

450 2440 587 2473 custodis
618 2445 648 2472 ct
678 2439 893 2483 procuratoris
918 2438 1098 2482 provinciae
1123 2438 1186 2470 sra—

450 2496 533 2525 trum
542 2492 636 2525 Tertii
646 2492 771 2525 Ordinis
787 2492 882 2525 sancti
894 2492 1050 2524 Francisci
1065 2491 1102 2524 dc
1114 2491 1191 2524 Poe-

490 2610 498 2635 1
523 2609 558 2635 Ex
581 2607 686 2643 Regest.
709 2609 734 2636 in
756 2611 860 2637 Secrei,
883 2609 958 2635 Brev.

1030 198 1207 222 numanum
1233 197 1387 221 ROMANUM

1219 245 1349 277 nitentia
1375 245 1542 288 nuncupati
1570 245 1599 276 in
1625 255 1723 287 regno
1747 245 1956 288 Portugalliae

1220 298 1366 342 precibus
1380 309 1475 342 super
1488 298 1685 332 observantia
1700 298 1956 332 constitutionum

1221 351 1318 383 felicis
1334 351 1559 385 recordationis
1577 351 1743 385 Clementis
1759 351 1824 384 VIII
1842 355 1871 385 et
1887 351 1959 385 Gre-

1221 405 1300 447 gorii
1327 405 1374 437 XV
1401 406 1613 438 Romanorum
1647 405 1832 439 Pontificum
1862 416 1956 449 prae-

1220 458 1421 491 decessorum
1448 464 1640 498 nostrorum,
1666 458 1779 502 quibus
1804 458 1959 501 abrogan-

1222 517 1271 543 tur
1285 517 1390 555 patres
1401 512 1590 556 provinciae,
1599 512 1788 555 negotioque
1800 511 1960 556 praedicto

1221 576 1276 608 per
1311 576 1368 598 nos
1400 566 1437 598 ad
1476 566 1670 599 venerabiles
1700 566 1812 598 fratres
1837 570 1961 598 nostros

1221 618 1249 651 S.
1277 619 1309 651 R.
1336 619 1368 652 E.
1395 619 1569 651 cardinales
1587 618 1720 662 negotiis
1738 619 1960 662 episcoporum

1222 675 1251 703 et
1277 672 1470 714 regularium
1497 672 1709 716 praepositos,
1735 677 1764 705 et
1787 672 1826 705 ab
1850 672 1899 704 his
1922 671 1962 705 ad

1222 726 1432 760 venerabilem
1452 726 1578 759 fratrem
1597 732 1739 759 nostrum
1757 725 1960 759 Franciscum

1221 780 1405 824 episcopum
1431 779 1635 812 Portucnsein
1658 779 1796 812 eiusdem
1821 779 1850 812 S.
1871 780 1906 813 R.
1927 779 1960 812 E.

1222 833 1412 866 cardinalem
1439 838 1468 865 ct
1498 833 1788 866 vicccanccllarium
1822 832 1962 865 Barberi-

1221 897 1295 919 num
1321 891 1548 930 nuncupatum,
1565 887 1659 919 totius
1684 885 1808 919 Ordinis
1823 885 1852 919 S.
1869 886 1963 918 Fran-

1221 940 1295 973 cisci
1329 939 1411 983 apud
1443 950 1499 971 nos
1537 945 1567 972 et
1603 939 1714 973 Scdem
1750 939 1962 983 Apostolicam

1221 999 1444 1037 protectorem,
1459 993 1601 1033 remisso,
1614 993 1806 1025 emanaverit
1826 992 1963 1036 desuper

1221 1047 1259 1079 ab
1293 1046 1402 1080 codem
1436 1046 1602 1079 Franciseo
1628 1046 1775 1090 episcopo
1804 1046 1962 1079 cardinale

1221 1100 1382 1133 decretum
1405 1099 1522 1132 tenoris
1548 1099 1602 1143 qui
1623 1099 1774 1143 sequitur,
1801 1099 1960 1132 videlicet:

1271 1168 1281 1184 a<
1299 1153 1484 1185 Franciscus
1499 1153 1698 1186 miseratione
1712 1152 1816 1185 divina
1834 1152 1958 1196 episco-
1977 1163 2158 1215 ἀξέἳίπξιιᾛῗὲ-

1222 1217 1280 1250 pus
1311 1207 1491 1239 Portucnsis
1516 1206 1682 1239 cardinalis
1708 1206 1907 1246 Barbcrinus,
1931 1206 1960 1239 S.

1223 1260 1256 1292 R.
1275 1260 1306 1292 E.
1326 1259 1598 1293 vicecancellarius
1615 1270 1650 1292 ac
1670 1260 1762 1292 totius
1783 1259 1908 1293 Ordinis
1931 1260 1961 1293 S.

1223 1312 1379 1346 Francisci
1398 1318 1570 1357 protector,
1585 1318 1746 1346 corrector
1764 1318 1793 1345 ct
1810 1312 1964 1355 guberna·

1224 1370 1281 1406 tor,
1299 1366 1413 1399 dilecto
1433 1366 1522 1399 nobis
1541 1366 1571 1398 in
1589 1366 1712 1399 Christo
1731 1366 1875 1399 ministro
1892 1376 1964 1410 pro-

1224 1419 1487 1459 rinciali,custodi
1504 1425 1533 1451 et
1547 1419 1767 1452 definitoribus
1782 1419 1964 1463 provinciae

1225 1473 1306 1505 tertii
1333 1472 1457 1505 Ordinis
1482 1473 1510 1505 S.
1530 1473 1686 1506 Francisci
1707 1472 1744 1505 de
1769 1472 1965 1506 Poe-nitentia

1224 1530 1421 1570 nuncupatae
1447 1527 1476 1558 in
1499 1537 1596 1569 regno
1621 1526 1809 1567 Lusitaniae,
1833 1526 1965 1560 salutem

1225 1581 1253 1613 in
1280 1581 1412 1613 Domino
1437 1580 1669 1623 sempiternam.
1696 1580 1770 1613 Cum
1797 1590 1856 1623 pro
1876 1585 1965 1623 parte

1224 1633 1327 1667 dilecti
1354 1634 1408 1666 tilii
1436 1633 1540 1665 fratris
1566 1633 1688 1666 loannis
1714 1643 1730 1665 a
1756 1633 1890 1675 Pietate,
1916 1644 1967 1666 cu-

1224 1687 1320 1722 stodis
1345 1691 1373 1721 et
1398 1686 1615 1731 procuratoris
1641 1686 1728 1719 istius
1759 1686 1961 1730 provinciae,

1224 1740 1420 1785 Apostolicac
1445 1740 1515 1773 Sodi
1537 1740 1713 1783 expositum
1734 1740 1827 1774 suerit
1847 1740 1966 1784 plurIes

1225 1794 1387 1838 irrepsisse
1413 1793 1591 1826 animorum
1620 1793 1848 1826 commotiones
1873 1798 1966 1838 atque

1225 1847 1423 1881 incommoda
1447 1847 1487 1880 ob
1513 1847 1745 1879 observantiam
1776 1847 1966 1891 apostolieae

1224 1901 1454 1935 constitutionis
1481 1901 1596 1934 Urbani
1618 1901 1682 1933 Vlll
1700 1900 1809 1934 felicis·
1823 1901 1968 1934 recorda-

1225 1955 1318 1988 tionis
1349 1955 1448 1988 nostri
1481 1955 1604 1998 patrui,
1637 1965 1717 1998 quae
1743 1954 1851 1998 incipit
1877 1954 1963 1988 One-

1224 2019 1318 2049 rosa,
1343 2014 1400 2041 ete.
1417 2035 1424 2048 ,
1450 2008 1633 2051 {aciliusque
1661 2019 1718 2052 pro
1743 2008 1965 2041 commoditate

1225 2063 1319 2095 totius
1344 2060 1524 2106 provinciae
1550 2062 1704 2105 regimine
1730 2066 1759 2096 et
1786 2062 1963 2095 officiorum

1225 2116 1405 2160 provisione
1430 2116 1524 2148 fuisse
1557 2116 1734 2149 consultum
1768 2116 1966 2149 constitutio-

1224 2170 1317 2202 nibus
1342 2169 1522 2214 apostolicis
1546 2169 1713 2203 Clementis
1738 2169 1802 2202 VIII
1828 2173 1857 2203 et
1881 2168 1965 2202 Gre-

1225 2224 1305 2267 gorii
1331 2224 1382 2257 XV
1407 2229 1530 2256 sanctae
1556 2223 1737 2264 memoriae,
1761 2223 1875 2267 quibus
1895 2233 1967 2266 pro-

1225 2277 1399 2311 vinciarum
1431 2283 1537 2322 patres
1573 2277 1719 2321 perpetui
1755 2276 1786 2309 in
1819 2277 1966 2310 omnibus

1225 2331 1368 2376 capitulis
1396 2331 1589 2374 suffragandi
1625 2330 1692 2364 iure
1723 2330 1905 2374 privantium
1930 2341 1966 2364 ac

1223 2386 1356 2430 proinde
1381 2385 1559 2418 exoraverit
1576 2384 1751 2428 praedictas
1769 2384 1965 2418 constitutio·

1224 2449 1279 2472 nes
1311 2439 1508 2472 inviolabiter
1533 2438 1563 2471 in
1589 2438 1751 2482 provincia
1781 2438 1965 2478 observari,

1224 2502 1286 2525 non
1306 2492 1449 2525 obstante
1475 2492 1556 2524 dicta
1574 2491 1796 2525 constitutione
1819 2501 1898 2534 quae
1924 2490 1966 2522 in-

1225 2545 1296 2589 cipit
1325 2545 1476 2587 onerosa,
1502 2550 1570 2586 eto,
1592 2544 1745 2588 nobisque
1759 2543 1963 2577 commissum

1224 2599 1318 2632 fuerit
1343 2599 1479 2643 desuper
1503 2599 1639 2642 benigne
1665 2598 1846 2640 indulgere:

1972 196 2021 223 An.
2043 196 2070 223 C.
2085 197 2150 226 1659

1977 1217 2048 1237 cteris.

2222 937 2241 997 i

2228 1012 2243 1342 i

2235 1348 2243 1452 l
