2243 3205
76 153 128 181 An.
143 151 171 178 C.
194 150 260 179 1660

84 1035 88 1038 .
99 1008 209 1029 Decretum
226 1009 253 1029 ir·

73 1037 143 1055 ntaus.

93 1326 206 1348 Contrariis
216 1327 251 1348 de·

73 1356 137 1378 τοκῆι.

104 1856 252 1884 ‘transumpto-

71 1888 115 1904 rum
129 1883 187 1905 fides.

864 147 1051 174 ALEXANDER
1074 147 1119 171 vn
1142 148 1191 171 PP.

270 197 509 239 observatione,
533 198 723 242 apostolicae
758 197 1006 231 confirmationis

269 256 395 285 nostrae
413 252 587 296 patrocinio
604 251 749 285 roborari
766 251 938 296 plurimum
958 250 1010 283 de-

269 305 400 338 sideret:
418 316 484 346 nos,
510 305 612 349 ipsum
630 305 824 338 Ludovicum
850 314 1006 348 procura-

270 363 370 391 torem
388 359 578 401 generalem,
597 358 785 402 specialibus
803 357 964 391 favoribus
981 361 1011 389 et

269 411 378 454 gratiis
404 411 553 455 prosequi
580 411 732 452 volentes,
757 416 787 444 et
807 421 824 443 a
849 410 1010 454 quibusvis

269 464 613 505 excommunicationis,
631 469 700 505 etc„
721 464 832 497 harum
851 464 932 497 serie
956 463 1009 496 ab·

269 517 424 550 solventes
456 521 485 551 et
516 517 694 551 absolutum
731 518 797 551 fore
833 521 1009 558 censentes,

269 569 550 613 supplicationibus
572 570 638 602 eius
655 570 783 603 nomine
799 570 891 604 nobis
916 580 1010 614 super

269 622 330 655 hoc
354 622 516 655 humiliter
535 624 690 666 porrectis
711 624 860 664 inclinati,
885 623 1010 656 decreta

269 676 472 719 praeinserta,
491 676 676 709 auctoritate
701 677 884 720 apostolica,
902 682 1009 709 tenore

268 729 499 773 praesentium,
532 729 755 762 confirmamus
787 735 817 762 et
852 730 1008 774 approba-

270 792 356 822 mus,
382 782 506 826 illisque
530 782 720 815 inviolabilis
745 782 936 826 apostolicae
962 782 1010 815 fir-

268 834 384 867 mitatis
399 835 497 868 robur
514 835 691 874 adiicimus,
710 845 744 868 ac
762 845 873 868 omnes
898 840 928 868 et
952 835 1010 868 sin-

268 887 359 930 gulos
381 887 458 920 iuris
482 892 511 920 et
529 887 599 920 facti
618 887 767 928 defectus,
788 887 813 920 si
840 887 1010 931 quomodo-

268 940 344 973 libet
361 940 587 974 intervenerint
612 940 642 973 in
667 940 795 982 eisdem,
817 941 1008 984 supplemus.

313 994 328 1037 ξ
347 994 377 1027 4.
395 994 604 1027 Decernentes
620 994 746 1027 easdem
766 997 948 1038 praesentes
964 995 1010 1027 lit—

269 1053 352 1081 teras
376 1058 502 1092 semper
530 1048 661 1089 firmas,
686 1053 755 1088 etc„
787 1047 1010 1081 inviolabiliter

268 1100 447 1142 observari,
468 1102 575 1144 sicque
600 1101 630 1133 in
650 1101 831 1145 praemissis
848 1111 904 1144 per
920 1111 1010 1144 quos-

269 1165 404 1199 cumque
432 1155 562 1196 iudices,
579 1160 648 1196 etc.,
673 1155 797 1188 definiri
821 1154 956 1196 debere,
973 1165 1009 1188 ac

269 1209 393 1242 irritum
411 1214 441 1242 et
462 1209 563 1250 inane,
581 1209 606 1242 si
626 1219 725 1251 secus,
744 1214 813 1251 etc„
831 1208 1008 1252 contigerit,

268 1262 423 1295 attentari.

312 1315 327 1359 ἓ
351 1316 380 1349 5.
406 1316 474 1349 Non
504 1315 703 1349 obstantibus
731 1315 936 1359 praemissis,
973 1324 1008 1347 ac

267 1368 541 1403 constitutionibus
561 1374 591 1402 et
610 1368 861 1413 ordinationibus
886 1373 1009 1412 aposto-

266 1422 344 1465 licis,
358 1433 490 1465 necnon,
507 1428 660 1467 quatenus
684 1433 763 1466 opus
787 1423 835 1465 sit,
853 1421 926 1455 dicti
952 1421 1007 1455 Or-

267 1476 347 1509 dinis
379 1476 508 1520 eiusque
543 1476 777 1520 provinciarum
806 1479 835 1509 et
867 1485 1004 1509 conven-

267 1534 355 1562 tuum
372 1530 567 1574 quorumvis,
581 1535 611 1563 et
628 1529 696 1563 aliis
724 1529 916 1573 quibuslibet
936 1539 1008 1562 con-

267 1583 374 1625 cessis,
410 1583 603 1617 confirmatis
632 1589 661 1616 et
688 1583 866 1623 innovatis3
894 1582 1008 1626 quibus

266 1636 412 1670 omnibus
429 1641 458 1669 et
474 1636 616 1679 singulis,
633 1636 759 1669 illorum
779 1641 903 1669 tenores
921 1646 1007 1680 prae-

266 1689 416 1730 sentibus,
428 1694 503 1730 ·etc.,
520 1689 558 1721 ad
583 1689 828 1733 praemissorum
850 1688 1006 1732 effectum,

266 1742 444 1787 specialiter
468 1746 498 1776 et
522 1753 668 1787 expresse
692 1742 901 1786 derogamus;
930 1748 1007 1776 cete-

266 1795 374 1840 risque
397 1796 563 1829 contrariis
587 1796 846 1840 quibuscumque.

312 1849 327 1892 ἓ
341 1848 370 1882 6.
392 1849 541 1882 Volumus
555 1854 658 1882 autem
673 1854 706 1882 ut
719 1848 900 1882 earumdem
919 1859 1007 1892 prae-

265 1902 400 1936 sentium
426 1903 640 1946 transumptis,
670 1913 774 1946 manu,
800 1908 869 1943 eto,
898 1902 1006 1935 eadem

266 1966 398 1999 prorsus
420 1955 497 1988 fides
517 1955 703 1988 adhibeatur
720 1956 750 1988 in
776 1955 892 1989 iudicio
910 1961 939 1988 et
956 1966 1005 1988 ex-

266 2013 323 2049 tra,
341 2019 420 2052 quae
445 2009 661 2053 praesentibus
686 2009 761 2053 ipsis
791 2008 1005 2051 adhiberetur,

264 2061 290 2095 si
315 2062 418 2096 forent
441 2063 595 2096 exhibitae
620 2063 667 2096 vel
691 2069 844 2096 ostensae.

309 2115 420 2148 Datum
434 2116 561 2157 Romae,
578 2116 662 2160 apud
680 2116 708 2150 S.
728 2116 865 2157 Petrum,
880 2115 938 2149 sub
955 2126 1006 2148 an—

265 2169 340 2202 nulo
371 2169 558 2211 piscatoris,
583 2169 633 2202 die
657 2179 714 2203 vin
745 2169 850 2203 martii
879 2179 1003 2211 MDCLX,

264 2223 464 2269 pontificatus
486 2224 586 2258 nostri
604 2234 686 2258 anno
706 2234 734 2258 v.

301 2286 361 2315 Dat.
376 2287 420 2315 die
434 2288 449 2315 8
464 2288 554 2316 martii
572 2287 651 2323 1660,
667 2287 764 2323 pontif.
777 2295 848 2315 anno
863 2294 889 2314 v.

521 2420 747 2454 CCLXXXVIII.

265 2490 366 2532 Quod,
390 2492 423 2524 in
449 2491 547 2524 causti
570 2490 710 2534 fabricae
735 2489 913 2524 Genuensis
938 2488 1000 2522 col-

308 2546 384 2590 leyii
407 2545 574 2580 Societatis
598 2545 672 2579 Iesu
691 2549 719 2579 et
735 2545 878 2588 sracrmn
901 2544 1002 2578 Mino-

1087 207 1162 230 rum
1186 195 1224 229 de
1245 194 1457 230 observantia
1474 194 1674 235 mandatae,
1694 204 1784 238 pres-

1089 250 1193 294 byteri
1216 249 1383 284 Socz'etatis
1400 259 1461 282 non
1478 248 1604 293 possint
1629 247 1785 292 impediri

1088 302 1265 347 quominus
1290 306 1433 347 coeptam
1453 302 1618 335 ecclesiam
1636 300 1785 346 perficere

1087 356 1224 400 possint.

1238 435 1403 463 Alexander
1428 436 1507 470 Papa
1526 437 1591 468 vn.

1169 488 1206 515 ad
1225 491 1401 522 perpetuam
1419 488 1463 516 rei
1479 489 1660 517 memoriam.

1089 569 1209 614 Exponi
1233 569 1325 603 nobis
1348 579 1450 613 nuper
1474 569 1614 603 fecerunt
1630 568 1734 602 dilecti
1752 567 1785 601 fi-
1827 579 1943 606 Expositio.

1043 622 1076 656 lii
1101 623 1274 668 presbyteri
1306 623 1467 665 regulares
1492 622 1616 666 collegii
1641 622 1785 656 Genuen-

1045 676 1085 710 sis
1098 677 1261 710 Societatis
1279 675 1358 717 Iesu,
1376 675 1470 719 quod,
1486 675 1516 708 in
1537 678 1631 709 causa
1647 675 1784 709 fabricae

1044 729 1125 763 inter
1142 730 1225 773 ipsos
1250 734 1442 773 exponentes
1460 739 1497 762 ex
1518 730 1579 762 una
1597 732 1628 763 et
1654 728 1785 762 dilectos

1043 783 1162 826 pariter
1179 783 1260 816 filios
1285 783 1396 816 fratres
1421 787 1593 816 conventus
1612 782 1784 816 Genuensis

1044 836 1168 870 Ordinis
1185 837 1317 869 fratrum
1335 837 1491 869 Minorum
1511 836 1609 869 sancti
1625 836 1784 869 Francisci

1044 890 1082 922 de
1106 889 1310 924 Observantizt
1342 894 1594 933 nuncupatorum
1625 899 1662 921 ex
1686 889 1784 921 altera

1044 943 1185 987 partibus
1203 948 1353 984 vertente,
1370 943 1455 983 alias,
1476 942 1621 975 videlicet
1640 942 1689 975 die
1706 952 1784 976 xxm

1044 997 1167 1039 augusti
1204 1006 1331 1036 MDCLH,
1364 996 1569 1039 congregatio
1604 1000 1678 1028 tunc
1713 995 1780 1028 exi-

1044 1050 1191 1083 stentium
1218 1050 1246 1083 S.
1265 1050 1298 1083 R.
1318 1050 1350 1082 E.
1374 1049 1580 1082 cardinalium
1599 1048 1734 1092 negotiis
1754 1052 1784 1081 et

1044 1103 1327 1136 consultationibus
1351 1102 1571 1147 episcoporum
1597 1107 1627 1134 et.
1652 1101 1780 1145 regula-

1044 1156 1124 1189 rium
1150 1157 1338 1201 praeposita,
1356 1156 1498 1200 partibus
1518 1155 1636 1199 pluries
1660 1155 1783 1195 auditis,

1043 1209 1228 1254 iuribusque
1245 1210 1317 1243 hinc
1335 1209 1406 1242 inde
1420 1209 1560 1242 deductis
1578 1214 1699 1242 mature
1716 1219 1784 1253 per-

1043 1263 1158 1307 pensis,
1180 1263 1301 1296 censuit
1320 1262 1530 1296 revocandam
1556 1273 1623 1295 esse
1646 1261 1784 1306 prohibi-

1043 1317 1181 1358 tionem,
1209 1326 1365 1360 omneque
1396 1327 1528 1360 prorsus
1555 1315 1782 1349 removendum

1042 1369 1315 1414 impedimentum,
1326 1375 1421 1414 prout
1438 1380 1496 1414 per
1512 1380 1604 1402 suum
1620 1369 1782 1402 decretum

1042 1424 1152 1457 eadem
1177 1424 1227 1457 die
1252 1429 1430 1458 emanatum
1455 1423 1614 1457 revocavit
1630 1428 1660 1456 et
1684 1433 1784 1456 remo-

1042 1477 1094 1518 vit,
1124 1477 1293 1521 praedictis
1329 1476 1577 1520 exponentibus,
1613 1475 1783 1519 quominus

1042 1536 1184 1574 coeptam
1209 1531 1282 1564 dicti
1305 1529 1615 1573 collegiiGenuensis
1633 1529 1783 1562 ecclesiae

1041 1589 1233 1618 structuram
1251 1584 1401 1628 prosequi
1419 1589 1448 1616 et
1469 1583 1623 1626 perlicere
1636 1588 1764 1627 possent
1772 1593 1781 1623 ;

1042 1637 1215 1671 dummodo
1247 1638 1278 1670 in
1313 1637 1429 1680 angulo
1461 1636 1599 1670 eiusdem
1632 1636 1782 1669 ecclesiae

1042 1691 1194 1724 orientem
1220 1701 1350 1731 versus,
1379 1695 1407 1723 et
1432 1700 1447 1723 e
1473 1689 1604 1732 regione
1627 1689 1782 1722 fenestrae

1042 1754 1175 1787 magnae
1210 1743 1383 1777 ambulacri
1420 1743 1612 1776 infirmariae
1647 1742 1780 1775 fratrum

1042 1797 1197 1830 Minorum
1210 1796 1456 1841 praedictorum,
1470 1796 1635 1840 proprium
1653 1805 1779 1828 murum

1041 1850 1079 1883 ad
1104 1851 1216 1884 Balbos
1240 1850 1314 1884 olim
1350 1850 1558 1894 pertinentem
1583 1848 1779 1891 transgredi,

1040 1909 1093 1937 aut
1117 1904 1253 1948 aliquam
1279 1904 1461 1937 servitutem
1476 1931 1484 1945 ‚
1501 1904 1594 1936 etiam
1619 1901 1779 1943 stillicidii,

1040 1957 1071 1990 in
1095 1958 1267 1992 subiectam
1293 1968 1399 1990 aream
1424 1967 1479 1990 seu
1497 1967 1629 1990 vacuum
1649 1956 1779 1989 inferius

1040 2008 1224 2042 eorumdem
1240 2008 1372 2041 fratrum
1387 2008 1541 2042 Minorum
1561 2007 1710 2040 inducere
1730 2017 1780 2040 ne·

1040 2062 1183 2106 quirent;
1209 2067 1238 2095 et
1263 2062 1304 2095 ita
1328 2061 1489 2096 observari
1510 2061 1676 2103 mandavit,
1704 2070 1779 2093 con-

1040 2115 1144 2149 trariis
1166 2115 1416 2160 quibuscumque
1439 2125 1503 2149 non
1527 2114 1733 2148 obstantibus.

1084 2169 1099 2213 g
1123 2169 1152 2202 1.
1178 2169 1214 2202 Et
1234 2169 1375 2211 subinde,
1394 2180 1464 2202 cum
1483 2168 1514 2201 in
1532 2167 1692 2211 signatura
1711 2177 1779 2210 gra-

1039 2223 1099 2256 tiae
1130 2222 1229 2255 felicis
1261 2221 1490 2255 recordationis
1519 2220 1701 2255 Innocentio
1720 2220 1776 2253 Pa-

1039 2286 1097 2320 pae
1116 2276 1141 2309 X
1158 2275 1392 2319 praedecessori
1409 2281 1518 2309 nostro
1538 2274 1690 2308 deductae
1708 2273 1778 2306 fuis-

1038 2334 1105 2362 sent
1132 2339 1231 2362 novae
1259 2329 1421 2363 instantiae
1449 2328 1606 2362 dictorum
1642 2327 1775 2360 fratrum

1038 2382 1192 2415 Minorum
1217 2393 1314 2426 super
1345 2381 1463 2415 fabrica
1493 2391 1592 2415 novae
1623 2379 1775 2414 ecclesiae

1037 2435 1161 2478 collegii
1176 2434 1357 2478 supradicti,
1372 2434 1454 2467 idem
1471 2433 1671 2467 Innocentius
1684 2443 1775 2477 prae-

1036 2488 1182 2522 decessor
1205 2488 1367 2531 negotium
1404 2487 1585 2521 huiusmodi
1619 2486 1658 2520 ad
1687 2497 1774 2531 prae-

1036 2543 1148 2577 dictam
1175 2542 1379 2576 cardinalium
1412 2542 1690 2586 congregationem
1717 2552 1769 2574 re-

1689 135 1751 169 549
1799 143 1847 170 An.
1864 143 1892 170 c.
1914 142 1982 170 1630
