2202 3190
231 193 279 220 An.
296 192 325 220 c.
347 193 415 221 1662
461 184 524 217 784

258 627 285 646 Ex
308 627 412 647 ecclesiae

230 654 347 673 redditibus
376 653 412 673 du-

233 682 293 700 centa
308 682 367 701 scuta
383 680 413 700 xi-

231 706 288 726 cario
334 706 412 732 persol-

231 735 312 755 vantur.

242 2169 354 2199 Derogatio
363 2176 409 2191 con-

227 2198 346 2218 uariorum.

430 242 498 274 soro
523 239 704 273 absolvendi
730 245 759 273 et
784 240 902 274 absolvi
920 240 1064 282 faciendi,
1090 247 1167 275 cete-

430 304 526 337 raque
551 293 655 326 onmia
679 293 811 326 faciendi
833 299 862 326 et
887 295 1069 338 exequendi,
1087 306 1166 338 quae

431 347 514 380 dicto
532 346 770 390 archiepiscopo
796 347 917 380 ratione
941 348 1167 382 iurisdictionis

429 400 466 432 de
491 399 559 432 iure
596 404 625 432 et
662 399 887 433 consuetudine
924 407 1106 445 competunt
1134 401 1166 433 in

428 452 608 496 praemissis
633 457 663 484 et
687 452 770 485 circa
795 463 846 494 ea,
872 453 992 487 etiamsi
1023 454 1096 486 talia
1120 454 1164 487 so-

429 509 507 545 rent,
531 515 611 547 quae
637 504 738 547 magis
754 505 920 548 specialem
935 511 965 539 et
986 517 1164 550 expressam

428 558 589 601 exigerent
613 558 878 592 commissionem.

473 611 488 654 ᾗ
513 610 542 644 ⁶2.
570 611 718 644 Volumus
753 617 856 644 autem
888 617 944 652 ut,
977 622 1034 656 pro
1059 613 1111 644 tua
1137 617 1166 644 et

428 663 562 697 familiae
594 670 665 697 tuae
691 665 932 706 sustentatione,
957 676 991 698 ex
1026 665 1165 698 redditus

429 718 578 751 ecelesiae
608 718 785 762 praedictae
817 718 956 762 provisio
981 729 1083 751 annua
1108 718 1166 751 du-

428 777 590 806 centorum
605 776 765 806 scutorum
782 778 923 806 monetae
937 783 1095 813 romanae,
1106 783 1164 816 pro

428 831 568 870 tempore
604 837 666 869 quo
702 826 839 858 osticium
876 826 1093 870 praedictum,
1131 831 1165 859 ut

426 879 634 924 praemissum
660 885 723 920 est,
748 879 934 921 exercueris,
961 879 1016 912 tibi
1043 880 1164 923 persol-

425 938 525 973 vatur,
561 938 591 965 et
626 932 692 965 eius
727 937 794 965 rata
818 932 855 965 de
885 933 1107 976 quadrimestri
1132 933 1162 965 in

425 985 654 1030 quadrimestre
689 985 857 1029 anticipata
892 986 1047 1020 solutione
1082 987 1163 1020 ultra

425 1040 636 1073 emolumenta
672 1039 831 1073 ordinaria
856 1044 885 1072 et
914 1039 1162 1073 extraordinaria

425 1092 518 1133 licita,
547 1092 636 1125 solita
661 1097 691 1125 et
715 1097 863 1127 consueta
888 1093 943 1136 (ita
960 1099 993 1125 ut
1017 1093 1042 1126 si
1068 1093 1098 1135 ii,
1124 1093 1161 1125 ad

425 1157 504 1190 quos
527 1151 666 1190 spectat,
692 1146 722 1178 in
747 1146 956 1180 solutionibus
981 1147 1027 1180 vel
1053 1157 1160 1180 earum

424 1200 528 1244 aliqua
553 1200 731 1240 defecerint,
749 1211 806 1233 suo
831 1206 983 1244 tempore,
1004 1201 1097 1245 lapsis
1114 1201 1162 1233 dc-

425 1264 492 1287 cem
517 1253 636 1295 diebus,
659 1264 693 1286 ex
710 1254 865 1288 fructibus
890 1264 1015 1287 mensae
1039 1254 1161 1287 archie-

424 1307 592 1352 piscopalis
614 1318 673 1351 pro
697 1307 860 1340 deficiente
884 1307 1047 1351 portione,
1082 1318 1161 1351 quae

425 1361 480 1394 tibi
506 1361 671 1403 videbitur,
696 1362 825 1405 propria
842 1361 1027 1394 auctoritate
1048 1372 1161 1405 capere

425 1417 455 1448 et
478 1415 604 1457 exigere
629 1415 726 1447 libere
751 1420 781 1447 et
805 1414 888 1447 licite
924 1414 1026 1458 possis
1051 1419 1080 1446 et
1112 1425 1163 1446 va-

424 1468 511 1511 leas),
526 1468 683 1511 simulque
700 1468 925 1501 habitationem
940 1478 1112 1511 congruam
1130 1468 1161 1500 in

423 1521 539 1564 palatio
563 1521 822 1565 archiepiscopali
836 1532 895 1565 pro
909 1526 1049 1565 tempore
1067 1521 1160 1554 officii

423 1573 540 1606 habere
564 1574 687 1617 debeaS,
714 1574 821 1607 dantes
846 1575 903 1607 tibi
928 1585 1052 1619 quoque
1069 1575 1163 1609 sacul-

425 1632 517 1662 tatem
532 1629 779 1662 contradictores
797 1629 955 1672 quoslibet
972 1633 1001 1663 et
1018 1629 1160 1671 rebelles,

424 1692 459 1714 ac
484 1681 666 1726 praemissis
683 1692 745 1714 non
762 1687 917 1725 parentes,
934 1681 1160 1726 cuiuscumque

424 1740 532 1776 status,
557 1736 684 1778 gradus,
701 1736 820 1769 ordinis
839 1736 884 1769 vel
904 1736 1092 1770 conditionis
1113 1747 1161 1769 ex-

424 1788 569 1830 istentes,
600 1790 709 1833 poenis
741 1790 931 1834 pecuniariis
960 1790 1018 1833 piis
1051 1790 1161 1823 usibus

423 1842 556 1875 arbitrio
588 1849 640 1876 tuo
676 1843 891 1886 applicandis,
917 1854 952 1876 ac
986 1843 1079 1876 etiam
1105 1855 1160 1887 per

424 1906 570 1929 censuras
595 1901 625 1929 et
648 1907 764 1940 poenas
783 1897 1019 1937 ecclesiasticas,
1038 1898 1160 1940 aliaque

423 1953 602 1994 opportuna
626 1949 704 1982 iuris
729 1955 759 1982 et
782 1950 853 1983 facti
878 1950 1027 1991 remedia,
1052 1950 1159 1994 appel-

424 2003 538 2036 latione
562 2003 744 2047 postposita,
762 2004 990 2047 compescendi,
1017 2005 1160 2038 invocato

424 2056 517 2089 etiam
542 2056 580 2088 ad
604 2057 674 2097 hoe,
691 2057 716 2090 si
742 2067 821 2101 opus
839 2057 941 2098 fuerit,
962 2057 1077 2090 auxilio
1094 2058 1162 2090 bra-

425 2109 486 2144 chii
510 2110 668 2143 secularis.

469 2163 530 2206 §3
555 2164 623 2196 Non
645 2164 840 2198 obstantibus
857 2165 1049 2209 apostolicis,
1070 2175 1105 2198 ac
1130 2165 1160 2197 in

426 2216 654 2249 universalibus
683 2217 991 2262 provincialibusque
1016 2223 1045 2251 et
1070 2229 1160 2263 syno-

425 2268 547 2302 dalibus
572 2270 712 2303 conciliis
737 2271 847 2311 editis,
879 2271 1078 2314 generalibus
1114 2271 1179 2304 vel-

425 2323 622 2366 specialibus,
642 2325 917 2358 constitutionibus
941 2331 970 2358 et
990 2325 1161 2358 ordinatio·
1178 2344 1179 2352 1

425 2375 536 2418 nibus,
568 2387 689 2411 necnon
723 2378 899 2422 praedictae
931 2379 1079 2412 ecclesiae
1112 2378 1158 2411 Bi-

427 2430 593 2473 summae,
622 2438 651 2465 et
683 2431 751 2465 aliis
781 2432 960 2476 quibusvis,
992 2433 1083 2467 etiam
1114 2432 1161 2464 iu-

427 2489 589 2526 ramento,
615 2486 851 2519 confirmatione
888 2486 1083 2530 apostolica,
1114 2486 1161 2519 vel

1001 194 1178 218 BULLARIUM
1201 194 1354 218 ROMANUM

1200 242 1308 285 quavis
1328 242 1475 276 firmitate
1497 243 1557 276 alia
1575 244 1740 285 roboratis,
1762 246 1882 278 statutis
1907 251 1936 279 et

1200 296 1497 337 consuetudinibus,
1521 296 1693 340 privilegiis
1722 308 1862 341 quoque,
1894 299 1936 331 in-

1200 347 1294 380 dultis
1319 354 1349 380 et
1373 348 1483 381 litteris
1508 350 1687 393 apostolicis
1712 350 1813 382 eidem
1842 351 1937 384 eccle-

1200 400 1262 433 siae
1280 401 1426 445 illiusque
1446 403 1581 446 capitulo
1598 407 1627 436 et
1646 403 1805 436 canonicis
1830 404 1936 437 aliisve

1199 454 1343 497 personis
1368 455 1578 498 quibuslibet,
1604 456 1660 488 sub
1686 456 1937 500 quibuscumque

1200 507 1370 540 verborum
1388 509 1549 541 tenoribus
1562 513 1591 543 et
1604 509 1723 549 formis,
1737 520 1772 542 ac
1786 521 1856 544 curn
1873 511 1938 554 qui-

1199 561 1305 594 busvis
1320 561 1413 594 etiam
1430 562 1702 605 derogatoriarum
1717 563 1936 606 derogatoriis,

1199 614 1329 657 aliisque
1347 615 1585 656 efficacioribus,
1610 616 1833 649 efficacissimis
1846 622 1876 649 et
1893 617 1937 649 in-

1199 667 1296 701 solitis
1322 668 1478 709 clausulis,
1511 679 1547 702 ac
1580 670 1775 703 irritantibus
1806 674 1838 703 et
1868 670 1936 704 aliis

1199 720 1343 761 decretis,
1361 721 1392 754 in
1417 732 1531 764 genere
1556 723 1603 755 vel
1628 723 1658 755 in
1683 723 1796 766 specie,
1814 734 1849 757 ac
1862 724 1937 756 alias

1199 772 1229 805 in
1247 774 1440 807 contrarium
1468 775 1716 819 praemissorum
1741 776 1936 819 quomodoli-

1198 827 1250 859 bet
1275 828 1448 868 concessis,
1473 829 1666 863 confirmatis
1702 834 1731 862 et
1764 829 1934 869 innovatis;

1198 881 1312 924 quibus
1341 882 1487 915 omnibus
1517 888 1546 915 et
1563 883 1710 925 singulis,
1736 882 1856 916 etiamsi
1878 894 1935 926 pro

1197 934 1323 967 illorum
1359 935 1523 968 sufficienti
1559 935 1763 978 derogatione
1798 936 1836 969 de
1875 936 1935 970 illis

1197 997 1370 1031 eorumque
1395 988 1466 1021 totis
1492 989 1652 1021 tenoribus
1677 988 1836 1033 specialis,
1864 1000 1935 1034 spe-

1197 1040 1295 1081 cifica,
1321 1052 1467 1084 expressa
1492 1046 1522 1074 et
1541 1041 1700 1075 individua
1720 1052 1755 1075 ac
1772 1042 1809 1075 de
1838 1043 1935 1077 verbo

1196 1093 1234 1125 ad
1259 1094 1401 1135 verbum,
1425 1105 1489 1128 non
1506 1100 1608 1128 autem
1633 1106 1689 1139 per
1712 1095 1866 1128 clausulas
1886 1107 1936 1139 ge·

1196 1147 1318 1180 nerales
1354 1147 1436 1180 idem
1473 1149 1700 1192 importantes,
1733 1149 1851 1183 mentio
1880 1160 1936 1183 seu

1196 1201 1322 1244 quaevis
1347 1201 1408 1234 alia
1432 1202 1586 1246 exquisita
1610 1203 1710 1236 forma
1735 1203 1773 1235 ad
1793 1203 1853 1236 hoc
1874 1214 1936 1237 ser-

1197 1254 1294 1286 vanda
1318 1254 1406 1296 soret,
1436 1260 1560 1288 tenores
1584 1255 1775 1298 huiusmodi,
1801 1266 1836 1289 ae
1854 1256 1877 1289 si
1896 1256 1934 1289 de

1196 1307 1293 1340 verbo
1317 1307 1355 1339 ad
1389 1307 1531 1348 verbum,
1556 1308 1633 1340 nibil
1658 1308 1782 1352 penitus
1806 1309 1934 1350 omisso,

1196 1365 1226 1391 et
1251 1360 1351 1393 t'orma
1374 1360 1405 1393 in
1425 1361 1485 1393 illis
1511 1361 1644 1394 tradita¹
1665 1372 1723 1405 pro
1744 1364 1866 1395 servata
1884 1363 1935 1395 ha-

1197 1413 1316 1454 bentes,
1334 1414 1394 1446 illis
1422 1414 1498 1446 alias
1524 1414 1554 1446 in
1582 1425 1638 1448 suo
1661 1415 1776 1448 robore
1792 1426 1935 1459 perman-

1196 1467 1288 1508 suris,
1313 1467 1350 1500 ad
1371 1469 1617 1511 praemissorum
1645 1469 1790 1502 effectum
1817 1469 1933 1513 specia-

1195 1520 1266 1553 liter
1291 1525 1320 1554 et
1347 1532 1496 1565 expresse
1527 1522 1732 1565 derogamus3
1758 1523 1932 1568 ceterisque

1196 1574 1360 1607 contrariis
1378 1575 1639 1620 quibuscumque.

1239 1629 1253 1671 ἓ
1285 1628 1314 1661 4.
1347 1629 1497 1662 Volumus
1532 1636 1636 1662 autem
1673 1634 1702 1662 et
1736 1629 1932 1664 declaramus

1194 1681 1277 1725 quod
1303 1682 1387 1715 salva
1411 1683 1449 1715 sit
1475 1688 1504 1715 et
1532 1687 1690 1715 reservata
1714 1693 1930 1727 quaecumque

1195 1736 1325 1769 facultas
1351 1741 1380 1768 et
1404 1736 1577 1770 iurisdictio
1603 1741 1784 1780 competens
1804 1747 1930 1769 venera-

1195 1790 1247 1821 bili
1284 1789 1370 1822 sratri
1403 1790 1550 1834 episcopo
1584 1790 1810 1823 Andrevillensi
1842 1800 1930 1833 prae-

1194 1843 1294 1875 dictae
1330 1843 1479 1876 eeclesiae
1517 1843 1696 1876 Bisuntinae
1732 1842 1930 1885 suffraganeo

1195 1896 1302 1939 vigore
1326 1897 1501 1930 litterarum
1527 1897 1768 1941 apostolicarum
1794 1897 1860 1930 eius
1881 1897 1931 1929 de-

1194 1950 1371 1992 putationis,
1397 1950 1421 1982 si
1446 1950 1546 1993 quae²
1563 1950 1593 1982 in
1617 1950 1796 1994 praemissis
1814 1950 1861 1982 vel
1878 1949 1930 1982 ali-

1194 2014 1256 2046 quo
1282 2003 1527 2046 praemissorum
1562 2008 1770 2047 competeret,
1795 2003 1843 2036 cui
1873 2013 1930 2047 per

1193 2063 1315 2090 nostras
1340 2063 1518 2101 praesentes
1544 2057 1661 2090 litteras
1690 2057 1843 2100 derogare
1875 2066 1930 2089 seu

1194 2110 1410 2154 praeiudicare
1435 2121 1497 2144 non
1522 2111 1721 2143 intendimus.

1238 2165 1346 2196 Datum
1376 2165 1503 2204 Romae,
1527 2164 1609 2207 apud
1639 2165 1668 2198 S.
1694 2163 1819 2197 Mariam
1838 2163 1932 2197 Maio-

1177 2222 1178 2230 *
1195 2227 1272 2257 rem,
1293 2218 1351 2250 sub
1369 2217 1483 2250 annulo
1509 2218 1686 2257 piscatoris,
1702 2217 1801 2250 diem
1824 2216 1933 2261 aprilis

1196 2281 1331 2313 uncnxu,
1358 2271 1557 2314 pontificatus
1582 2271 1680 2304 nostri
1702 2281 1783 2303 anno
1804 2280 1856 2303 vu.

1231 2333 1288 2360 Dat.
1311 2333 1353 2360 die
1373 2334 1389 2359 3
1409 2333 1502 2368 aprilis
1524 2333 1601 2367 1662,
1619 2332 1714 2367 pontif.
1733 2340 1802 2359 anno
1824 2339 1868 2359 vn.

1232 2407 1242 2431 1
1266 2404 1407 2440 Oporteret
1422 2405 1511 2439 legere
1525 2406 1653 2439 formam
1668 2404 1700 2431 in
1714 2404 1775 2431 illis
1790 2404 1932 2432 traditam

1195 2450 1424 2528 (R12Tliegendum
1440 2493 1466 2520 sz'
1481 2502 1539 2528 qua
1553 2496 1590 2527 (a.
1607 2494 1656 2525 T.).

1947 198 1996 225 An.
2013 197 2041 225 C.
2063 199 2129 227 1662

2200 1532 2202 1542 -
2188 1324 2202 1512 ss-n—kuan..·—-
2190 1199 2202 1291 2—2..
2198 1162 2202 1183 .-
2189 957 2202 1141 -3-31-*.-T‘...

1972 1641 2105 1665 nasei-vatio.
