2185 3188
57 178 105 206 An.
122 179 150 205 C.
171 179 236 205 1656

845 176 1037 198 ALEXAND&
1063 176 1106 198 wi
1132 177 1178 199 Pr.

254 229 375 257 mutare
407 224 540 267 aliquem
574 234 722 263 suorum,
749 222 938 256 tenebuntur
964 222 1011 255 id*

254 277 390 310 indicare
417 277 542 317 vicario,
568 282 595 309 et
621 277 645 309 si
673 276 827 310 voluerint
853 276 1010 323 submit-2

255 333 317 364 1010
347 330 465 371 alium,
500 330 585 363 illum
612 340 737 374 quoque
771 329 811 362 illi
846 329 889 361 rel
928 329 1095 372 eiustipso
1121 329 1293 368 mittentur,
1320 330 1423 363 rivere
1449 331 1576 374 possint.
1603 331 1649 370 Et,
1667 331 1691 361 si
1718 330 1764 361 vi-

253 383 455 426 subdelegato
475 389 686 426 praesentare,
703 383 810 415 saltem
836 393 893 426 per
917 382 993 414 litte-

253 447 312 476 ras,

251 542 365 576 debent
382 543 448 575 sine
469 542 602 575 evidenti
620 542 804 575 necessitate
823 542 889 575 loca
907 542 991 575 dese-

250 648 439 691 significare,
456 654 490 681 ut
507 649 566 682 illis
592 649 668 682 locis
693 649 752 681 alia
779 649 898 682 ratione
917 660 990 693 pro-

249 701 354 734 videre
378 702 486 746 possit.

294 765 322 786 v.
347 754 435 794 Quod
461 755 484 787 si
511 755 646 788 vicarius
682 754 830 798 expedire
866 755 986 789 iudica-

250 808 327 841 verit
362 807 497 851 aliquem
538 818 572 840 ex
614 808 813 850 regularibus
849 810 895 842 vel
935 820 988 853 pa-

249 860 348 893 tribus
374 860 508 900 mutari,
542 860 729 903 significabit
767 862 826 896 1100
862 863 987 896 illorum

248 913 465 957 superioribus
496 920 530 946 ut
561 920 730 954 avocetur,
763 927 834 948 cum
866 917 989 958 causis,

247 976 326 1010 quae
350 977 420 999 eum
447 967 485 999 ad
509 967 569 1000 1100
596 973 730 1000 movent.
752 969 788 1001 Et
809 970 988 1013 superiores

247 1019 278 1051 in
304 1030 341 1052 eo
366 1020 471 1053 faciles
496 1031 528 1053 se
553 1020 758 1064 praebebunt.
786 1022 872 1061 Quod
899 1023 923 1056 si
948 1029 989 1056 ta-

247 1083 318 1105 men
335 1073 416 1106 inter
433 1083 487 1106 eos
506 1073 666 1106 conveniri
684 1084 747 1107 non
764 1076 874 1119 possit,
892 1087 988 1119 penes

245 1125 394 1159 nuncium
410 1126 469 1159 erit
484 1126 713 1167 determinatio,
725 1127 777 1171 qui
788 1128 879 1161 simul
895 1140 987 1162 curae

246 1178 372 1211 habebit
405 1184 435 1212 et
465 1179 600 1212 iustitiae
631 1180 932 1215 administrationem
959 1188 988 1215 et

245 1232 462 1266 auctoritatem
489 1233 605 1265 vicarii.

292 1296 332 1319 ri.
359 1286 446 1325 Quod
479 1286 503 1319 si
536 1288 642 1330 plures
668 1288 830 1330 regulares
865 1290 911 1321 vel
938 1300 988 1333 pa-

244 1345 308 1372 tres
347 1340 509 1373 Societatis
534 1340 572 1372 ab
602 1341 742 1384 ipsorum
769 1342 986 1385 superioribus

244 1393 274 1426 in
301 1393 369 1426 illas
394 1393 571 1437 provincias
596 1394 800 1435 destinentur,
826 1396 867 1427 illi
895 1407 926 1429 se
948 1397 987 1429 vi-

244 1447 329 1480 cario
347 1447 490 1480 similiter
511 1448 557 1479 rel
577 1447 642 1480 eius
668 1448 872 1491 subdelegato
899 1450 986 1493 prius

243 1501 362 1542 sistent,
381 1501 405 1533 si
425 1501 590 1534 commode
609 1502 676 1534 lieri
694 1502 802 1545 possit,
818 1502 863 1534 sin
884 1503 986 1536 minus

243 1554 352 1587 saltem
370 1565 427 1598 per
452 1555 570 1588 litteras
590 1555 764 1598 superioris
784 1556 828 1588 vel
859 1557 1003 1600 provin—1

243 1608 329 1641 cialis
354 1608 598 1652 praesentabunt
625 1608 763 1649 vicario,
800 1620 869 1641 cum
901 1610 985 1642 sulli-

243 1662 334 1695 cienti
371 1661 581 1706 descriptione
618 1662 829 1706 qualitatum,
855 1663 906 1706 11111
944 1664 985 1696 ita

242 1715 426 1750 constitutos
455 1716 502 1748 rel
524 1721 736 1759 praesentatos
761 1717 903 1749 admittet
928 1729 984 1760 pro

242 1769 425 1803 necessitate
451 1769 574 1801 illarum
602 1769 750 1812 partium,
771 1775 801 1802 et
817 1770 985 1803 destinabit

242 1824 320 1865 loca,
338 1833 417 1868 quae
435 1823 493 1856 sibi
515 1822 545 1855 in
566 1823 698 1856 Domino
724 1823 912 1856 videbuntur
926 1825 984 1868 spi·
1000 1838 1001 1848 1

242 1877 345 1910 rituali
371 1876 486 1910 auxilio
513 1876 647 1909 maxime
675 1876 838 1919 indigere,
864 1878 894 1909 in
919 1878 984 1921 qui-

242 1930 300 1963 bus
325 1934 427 1964 tamen
451 1929 572 1973 possint
592 1929 707 1962 habere
733 1931 909 1963 necessaria
933 1931 1001 1984 ali-3

242 1988 356 2024 menta,
382 1983 474 2027 idque
495 1982 561 2016 sine
585 1983 649 2016 ullo
670 1983 810 2017 humano
838 1990 982 2028 respectu

243 2037 288 2071 vel
314 2037 512 2081 partialitate.
530 2037 618 2076 Quod
643 2037 667 2070 si
695 2043 798 2071 tamen
824 2039 1001 2082 contingat·

243 2092 288 2124 vel
325 2101 340 2123 a
379 2090 494 2124 vicario
531 2091 637 2133 negari
675 2091 759 2134 quod
795 2092 984 2125 contendant

241 2150 344 2188 patres
380 2143 542 2177 Societatis
579 2144 623 2176 vet
667 2145 829 2187 regulares
868 2145 983 2178 debere

242 2196 298 2229 sibi
317 2196 455 2237 concedi,
473 2196 519 2228 vel
546 2207 562 2228 e
587 2200 694 2230 contra
719 2208 735 2229 a
763 2197 878 2231 vicario
900 2209 983 2230 man-

241 2250 332 2283 detur
363 2260 426 2293 quo
461 2260 492 2282 se
522 2251 682 2293 regulares
709 2252 754 2284 vel
779 2251 852 2285 dicti
879 2257 983 2296 patres

241 2304 403 2337 Societatis
422 2309 566 2346 gravatos
591 2309 708 2347 putent,
726 2316 827 2348 neque
845 2306 923 2338 inter
942 2307 982 2350 ip-

241 2367 291 2389 sos
316 2356 475 2390 conveniri
502 2357 609 2400 possit,
637 2369 798 2390 recursum
825 2359 982 2393 habebunt

241 2410 277 2443 ad
303 2410 463 2451 nuncium,
489 2410 541 2453 qui
567 2409 787 2444 determinabit
816 2417 843 2444 ct
869 2417 982 2445 statuet

241 2462 315 2506 qnid
340 2463 454 2506 cuique
478 2462 663 2495 faciendum.

288 2526 338 2550 vu.
364 2515 527 2549 Permittet
562 2516 655 2549 etiam
685 2516 818 2550 vicarius
855 2518 979 2561 regula-

243 2569 331 2602 ribus
356 2573 386 2603 01
409 2569 550 2613 patribus
580 2569 763 2612 Societatis‚
789 2571 812 2603 si
839 2571 978 2615 ipsorum

326 2633 401 2660 fluct.
422 2633 505 2660 Rom.
521 2648 553 2651 —
577 2633 634 2660 t'ot.
651 2632 725 2661 XVI.
876 2634 910 2661 30

1028 223 1208 266 superiores
1237 229 1367 267 petant,
1403 231 1434 257 ut
1463 224 1527 257 bini
1566 225 1595 256 in
1637 224 1768 266 singulis

1027 275 1212 315 civitatibus,
1233 277 1321 319 pagis
1347 277 1392 309 vel
1419 277 1554 321 oppidis,
1569 277 1606 309 ad
1633 287 1711 319 quae
1730 276 1768 308 ab

1025 382 1110 415 cario
1143 393 1205 415 non
1241 383 1396 416 ridebitur
1422 383 1568 427 expedire
1606 389 1637 416 111
1673 383 1768 416 ambo

338 447 408 469 eum
435 436 644 480 descriptione
670 436 866 479 qualitatum,
884 436 907 467 si
934 436 990 467 mi—
1007 427 1009 458 i
1026 435 1160 467 habeant
1185 436 1361 467 facultatem
1394 436 1631 468 administrandi
1658 447 1768 469 sacra-

252 500 309 522 0115
335 490 498 523 commode
525 500 558 522 se
583 490 691 522 sistere
728 489 864 532 possint,
890 499 1009 532 neque,

1007 551 1096 574 ¹casu
1122 552 1184 585 quo
1217 541 1305 585 prior
1337 542 1376 574 sit
1409 542 1547 585 legitime
1582 542 1766 586 1011101111115,

251 606 331 637 rere,
358 596 410 628 sed
437 601 501 629 tum
527 596 630 628 statim
657 596 773 629 vicario
799 607 869 629 cum
891 587 1124 638 causisssneque
1151 594 1299 638 impediet
1326 595 1494 638 quominus
1518 595 1610 627 ambo
1647 595 1767 638 reliqua

1026 494 1129 520 menta
1154 489 1333 532 pastoralia,
1358 489 1466 521 saltem
1493 489 1640 522 concedat
1667 490 1766 530 alteri,

1024 652 1219 680 sacramenta
1245 647 1465 680 administrare
1491 653 1521 679 et
1544 648 1603 679 alia
1628 658 1763 680 consue-

1024 705 1054 733 ta
1079 701 1184 733 munia
1216 700 1443 741 concionandi,
1468 701 1679 733 confessiones
1711 712 1766 733 an-

1023 753 1138 794 diendi‚
1157 753 1401 793 cathechizandi,
1420 758 1450 786 et
1466 753 1525 786 alia
1543 753 1656 785 similia
1677 754 1766 786 obire.

1023 806 1151 850 possint.

1068 870 1131 893 vm.
1165 860 1280 893 Omnes
1309 860 1472 903 regulares
1497 860 1704 892 reverentIam
1737 866 1767 893 ct

1023 919 1201 957 respectum
1217 913 1358 946 debitum
1376 912 1543 945 exhibeant
1560 912 1677 946 vicario
1695 923 1765 956 apo-

1023 966 1143 1008 stolico,
1162 966 1214 1010 qui
1242 966 1311 999 illos
1332 977 1347 999 e
1372 971 1481 999 contra
1502 971 1632 1009 paterno
1657 976 1765 999 amore

1023 1020 1262 1063 complectatur.

1067 1082 1107 1105 lx.
1133 1071 1184 1105 Si¹
1218 1082 1292 1105 vero
1327 1082 1385 1116 pro
1411 1071 1596 1104 necessitate
1621 1071 1763 1104 locorum

1023 1125 1121 1158 facilis
1146 1125 1281 1159 vicarius
1307 1126 1338 1158 in
1363 1125 1562 1158 admittendis
1595 1125 1764 1168 praedictis

1022 1178 1223 1221 regularibus
1260 1183 1289 1212 et
1319 1179 1461 1222 patribus
1502 1178 1664 1212 Societatis
1696 1179 1764 1211 lesu

1021 1231 1058 1263 ad
1084 1231 1229 1265 effectum
1249 1232 1436 1265 excurrendi
1454 1232 1492 1264 ad
1515 1232 1632 1265 vicinos
1650 1243 1762 1276 pagos;

1022 1285 1155 1329 ideoque
1181 1285 1355 1329 plures,uti
1381 1286 1413 1318 in
1438 1286 1571 1319 Domino
1597 1285 1763 1325 ridebitur,

1021 1339 1051 1371 in
1077 1339 1137 1372 illis
1162 1339 1339 1372 civitatibus
1358 1345 1386 1372 et
1410 1339 1535 1383 oppidis
1553 1338 1705 1380 admittat,
1726 1350 1763 1373 ex

1002 1390 1004 1400 ³
1021 1393 1136 1437 quibus
1161 1393 1250 1426 facile
1268 1393 1304 1426 ad
1323 1404 1421 1437 pagos
1443 1403 1611 1426 excurrere
1632 1393 1762 1437 possint,

1021 1448 1044 1480 si
1071 1447 1101 1480 10
1126 1448 1173 1480 1115
1199 1447 1416 1481 commorandi
1435 1457 1497 1481 non
1515 1447 1607 1480 detur
1625 1458 1762 1480 commo-

1020 1501 1108 1534 ditas.

1075 1566 1102 1587 x.
1139 1554 1341 1588 Tenebuntur
1381 1555 1543 1598 regulares
1583 1560 1612 1588 et
1656 1560 1761 1598 patres

1020 1608 1181 1641 Societatis
1212 1608 1344 1652 singulis
1377 1609 1485 1641 saltem
1523 1608 1610 1641 annis
1647 1608 1761 1641 docere

1021 1662 1170 1694 vicarium
1202 1672 1259 1706 per
1294 1661 1475 1706 superiores
1512 1672 1584 1695 suos
1620 1661 1666 1694 vel
1704 1673 1761 1705 per

1019 1715 1138 1748 litteras
1163 1716 1307 1759 proprias
1332 1716 1369 1748 de
1391 1721 1471 1748 statu
1490 1722 1517 1748 et
1542 1716 1684 1759 prosectu
1710 1726 1760 1748 re-

1018 1767 1144 1811 ligionis
1169 1768 1294 1801 illorum
1321 1768 1486 1809 locorum,
1517 1768 1545 1800 in
1572 1768 1686 1812 quibus
1709 1769 1756 1800 la-

1018 1821 1151 1862 borant,
1177 1827 1210 1854 ut
1235 1822 1352 1855 vicario
1378 1827 1497 1855 constet
1529 1822 1603 1865 1111111
1630 1822 1660 1854 10
1685 1832 1759 1866 pro—

1019 1875 1128 1908 vinciis
1152 1875 1210 1907 sibi
1236 1875 1413 1908 commissis
1437 1880 1557 1918 agatur.

1062 1939 1103 1961 111.
1124 1928 1327 1961 Tenebuntur
1348 1928 1440 1961 etiam
1462 1929 1624 1971 regulares
1650 1934 1678 1961 et
1708 1940 1759 1972 pa-

1017 1988 1081 2015 tres
1112 1982 1275 2015 Societatis
1313 1982 1429 2016 vicario
1453 1993 1509 2026 per
1535 1993 1566 2015 sc
1593 1983 1639 2015 vel
1666 1992 1759 2026 supe-

1017 2036 1117 2069 riores
1149 2047 1222 2069 suos
1254 2036 1386 2079 singulis
1418 2036 1527 2069 saltem
1565 2036 1654 2068 annis
1691 2036 1760 2068 mit-

1018 2095 1082 2123 tere
1107 2090 1234 2123 nomina
1251 2089 1480 2134 baptizatorum
1500 2093 1529 2123 et
1548 2090 1758 2133 patrinorum,

1018 2143 1059 2177 uti
1092 2143 1186 2176 etiam
1219 2143 1345 2176 nomina
1375 2144 1501 2176 illorum
1536 2153 1614 2187 quos
1651 2143 1758 2176 matri-

1018 2197 1123 2230 monio
1149 2197 1378 2230 coniunxerint.

1060 2260 1112 2283 xii.
1143 2250 1188 2284 Sit
1212 2255 1315 2283 autem
1347 2251 1428 2283 inter
1457 2250 1636 2283 sacerdotes
1662 2260 1754 2283 secu-

1017 2304 1096 2336 lares
1122 2309 1151 2335 et
1175 2304 1337 2346 regulares
1368 2304 1415 2336 vel
1442 2308 1547 2348 patres
1572 2303 1756 2343 Societatis,

1017 2357 1058 2389 uti
1081 2356 1169 2389 decet
1201 2357 1253 2389 Dei
1280 2356 1450 2397 ministros,
1481 2362 1587 2388 mutua
1608 2355 1755 2395 charitas,

1016 2411 1045 2442 in
1077 2410 1325 2443 aedificationem
1364 2409 1508 2452 eorporis
1546 2409 1686 2449 Christi,
1724 2415 1757 2442 ut.

1016 2474 1077 2496 000
1102 2463 1202 2496 solum
1233 2463 1368 2496 vitentur
1402 2462 1502 2505 iurgia
1532 2467 1562 2495 et
1593 2462 1753 2504 seandala,

1051 2581 1060 2606 1
1084 2578 1196 2606 Videtur
1216 2578 1360 2614 legendum
1381 2578 1425 2606 Sic
1445 2587 1493 2614 pro
1515 2579 1548 2607 St
1567 2587 1606 2614 111.
1625 2580 1672 2614 1.).

1680 166 1742 198 0233
1792 190 1796 193 >

1857 175 1874 197 t'.
1904 174 1970 202 1636
