2243 3205
316 203 363 228 An.
380 202 405 229 c.
431 202 498 228 icco
545 193 607 226 6:3ss

514 255 541 282 et
569 250 716 294 episcopo
734 252 911 295 respective
929 253 1057 287 omnino
1075 259 1206 297 pareant
1225 257 1273 287 ct*

514 303 643 336 subiecti
663 304 733 345 sint,
752 304 829 337 adeo
844 310 877 337 ut
890 305 1006 349 absque
1031 316 1141 340 eorum
1162 307 1254 340 licen-

514 355 563 396 tia,
590 356 731 389 examine
757 362 786 389 et
809 358 1037 401 approbatione
1062 359 1092 392 in
1117 360 1252 403 scriptis,

513 408 557 439 vel
584 414 653 441 ante
678 420 745 442 eam
772 410 942 452 obtentam,
966 413 1052 446 nullo
1080 418 1172 456 pacto
1200 418 1253 446 aut

512 467 672 503 praetextu
698 463 831 496 audeant
855 474 887 497 se
909 465 1086 499 immiscere
1104 466 1133 498 in
1151 466 1250 498 admi-

512 513 696 547 nistratione
727 517 954 559 parochialium
981 525 1249 552 sacramentorum

512 571 542 597 et
558 566 588 598 in
602 567 764 601 audiendis
781 570 1038 612 confessionibus,
1055 577 1107 604 aut.
1123 572 1251 616 quaevis

512 619 572 651 alia
605 630 753 654 exercere
785 633 865 666 quae
896 624 934 656 ad
958 625 1148 668 praedictam
1178 625 1247 658 ani-

512 682 634 705 marum
662 685 769 707 curam
788 676 974 719 pertineant,
988 688 1065 711 neve
1082 679 1250 722 possessio-

510 735 581 757 nem
608 732 660 759 aut
679 728 803 761 titulum
820 730 950 773 parochi
979 731 1043 764 sive
1068 731 1177 772 curati,
1195 742 1249 764 seu

511 779 591 812 sacto
616 791 669 812 seu
695 781 833 822 nomine,
856 793 1016 816 assumere
1040 790 1069 817 et
1094 795 1249 829 usurpare

510 833 666 875 (quamvis
686 846 702 867 a
720 836 784 868 suis
801 837 1020 880 superioribus
1037 848 1092 870 seu
1112 838 1248 882 capitulo

509 885 547 917 ad
573 886 602 917 id
622 897 736 920 munus
753 888 897 921 destinati
917 889 1055 933 suerint),
1072 890 1130 923 sub
1147 893 1247 934 poena

508 939 723 981 suspensionis
749 946 778 973 et
801 941 985 984 privationis
1015 944 1099 976 vocis
1130 944 1248 976 activae

507 996 537 1023 et
557 993 696 1035 passivae
714 993 781 1037 ipso
795 994 875 1028 sacto
892 995 1092 1029 incurrenda.

552 1054 582 1076 11.
610 1045 711 1078 Liceat
736 1047 917 1090 supradicto
943 1049 1182 1094 archiepiscopo
1218 1056 1247 1084 et

507 1098 654 1142 episcopo
678 1101 850 1143 quemlibet
868 1102 1021 1145 ipsorum,
1040 1105 1064 1135 si
1081 1114 1117 1136 ex
1142 1104 1246 1148 aliqua

507 1150 586 1185 iusta
619 1155 713 1185 causa
745 1154 846 1197 magis
875 1154 905 1186 in
937 1156 1070 1190 Domino
1102 1157 1247 1201 expedire

506 1203 723 1247 iudicaverint,
747 1216 765 1239 a
787 1207 837 1240 tali
858 1208 962 1241 officio
982 1214 1012 1242 et
1032 1210 1180 1243 exercitio
1197 1221 1247 1254 pa-

504 1258 636 1290 rochiali
655 1259 927 1304 quandocumque,
942 1262 1034 1296 etiam
1051 1273 1113 1296 non
1139 1264 1245 1308 elapso

506 1315 649 1355 tempore
673 1323 731 1356 pro
755 1324 818 1356 quo
843 1314 901 1346 suit
925 1315 1108 1359 deputatus,
1139 1327 1244 1350 remo-

504 1373 587 1404 vere,
613 1369 643 1396 et
667 1365 762 1398 alium
787 1365 819 1398 in
844 1366 910 1400 eius
934 1367 1039 1401 locuni
1057 1369 1244 1413 subrogare,

504 1415 604 1449 donec
628 1422 658 1450 et
688 1428 853 1462 quousque
884 1420 979 1453 suerit
1011 1432 1027 1453 a
1058 1423 1243 1465 provinciali

504 1479 559 1502 seu
572 1470 750 1504 definitorio
763 1471 935 1506 destinatus
951 1474 1041 1515 alins,
1055 1485 1114 1518 per
1130 1475 1245 1519 ipsum-

504 1526 567 1556 met
592 1523 784 1567 episcopum,
810 1530 844 1558 ut
865 1536 958 1570 supra
976 1527 1093 1560 dictum
1115 1532 1170 1570 est,
1195 1539 1245 1573 ap-

503 1577 703 1619 probandus;
721 1583 761 1619 et,
778 1579 802 1612 si
824 1580 893 1623 quis
914 1581 1167 1624 supradictorum
1185 1583 1244 1616 fra-

502 1634 586 1662 trum
614 1632 645 1663 in
670 1631 850 1665 huiusmodi
875 1633 1143 1669 administratione
1168 1636 1244 1669 deli-

503 1684 624 1726 querit,
655 1690 707 1717 aut
740 1691 988 1720 memoratorum
1014 1689 1243 1734 archiepiscopi

505 1741 535 1768 et
558 1737 700 1781 episcopi
720 1739 897 1782 respective
914 1740 1136 1784 ordinationes,
1161 1743 1244 1776 cirea

502 1789 662 1832 praedicta
687 1790 783 1824 saetas
810 1797 873 1824 tam
898 1792 929 1825 in
954 1793 1129 1827 visitatione
1148 1806 1242 1838 quam

503 1848 598 1885 extra,
625 1854 687 1877 non
715 1845 938 1889 observaverit,
964 1848 1108 1881 eumdem
1138 1850 1240 1882 corri-

502 1906 576 1938 gere
601 1902 631 1929 et
657 1898 770 1941 punire
802 1899 895 1932 etiam
928 1911 985 1944 per
1014 1911 1162 1934 censuras
1192 1913 1242 1936 ec-

502 1949 691 1983 clesiasticas
715 1951 753 1983 ad
779 1962 942 1986 sacrorum
968 1964 1123 1987 canonum
1149 1965 1242 1998 prae-

501 2002 626 2045 scripta.

546 2065 590 2087 111.
616 2056 793 2089 Teneantur
818 2057 849 2100 ii,
874 2058 928 2102 qui
953 2060 1120 2102 parochias
1140 2066 1170 2094 et
1194 2071 1244 2094 cu-

502 2118 569 2140 ram
595 2109 771 2142 animarum
791 2117 946 2153 exercent,
968 2113 1144 2146 rudimenta
1169 2114 1240 2147 fidei

502 2162 610 2194 saltem
638 2163 718 2195 inter
743 2164 909 2196 missarum
940 2165 1092 2198 solemnia
1116 2166 1241 2207 docere,

501 2215 606 2248 debito
625 2221 769 2260 tempore
787 2217 824 2249 ad
845 2218 1009 2261 synodum,
1026 2219 1158 2262 singulis
1176 2220 1242 2253 die-

500 2268 558 2301 bus
583 2268 758 2310 dominicis,
775 2270 814 2302 ab
836 2270 904 2314 ipso
928 2271 1170 2316 archiepiscopo
1187 2283 1241 2306 seu

501 2321 650 2365 episcopo
675 2323 937 2366 praescribendiS,
958 2324 996 2357 ad
1022 2326 1241 2368 congregatio-

500 2384 555 2407 nes
580 2386 707 2408 casuum
734 2377 943 2410 conscientiae
967 2378 1126 2419 accedere,
1144 2379 1242 2423 publi-

501 2429 606 2471 cisque
631 2429 886 2471 processionibus
910 2432 973 2463 una
997 2441 1066 2464 cum
1093 2431 1161 2464 aliis
1183 2432 1241 2465 fra-

500 2482 601 2514 tribus
635 2482 798 2522 interesse;
823 2489 990 2517 renuentes
1024 2495 1097 2517 vero
1127 2485 1240 2518 debitis

1091 206 1274 231 BULLARIUM
1295 206 1449 231 ROMANUM

1332 264 1372 287 1v.
1398 254 1479 287 Nulli
1496 264 1625 298 prorsus
1643 254 1782 298 ipsorum
1800 255 1942 297 fratrum,
1960 257 2023 290 sive

1286 307 1454 349 parochus,
1479 307 1542 340 sive
1568 308 1712 351 superior
1735 307 1794 348 sit,
1819 309 1876 341 sub
1905 309 2021 342 eisdem

1286 359 1394 403 poenis
1415 360 1506 393 liceat
1523 360 1553 392 in
1570 360 1826 402 dubitationibus,
1844 371 1923 405 quae
1940 362 2023 395 eirca

1286 413 1475 456 sponsalium
1495 418 1524 446 et
1541 414 1815 447 matrimoniorum
1833 414 2021 448 validitatem

1285 469 1315 499 et
1331 466 1555 510 impedimenta
1572 472 1747 510 emergunt,
1767 467 1894 511 aliquid,
1919 468 2023 502 incon-

1286 519 1367 552 sulto
1392 519 1551 563 episcopo,
1577 530 1677 563 eoque
1701 519 1837 560 absente,
1863 520 1959 564 ipsius
1977 521 2020 553 vi-

1285 572 1379 612 cario,
1405 578 1541 606 statuere
1566 583 1619 606 seu
1653 573 1832 614 decernere,
1856 573 2021 618 minusque

1285 625 1476 668 populorum
1502 625 1628 669 publica
1653 631 1732 667 vota,
1752 626 1969 670 processiones
1993 631 2022 661 et

1284 677 1398 710 similia
1422 679 1599 722 approbare
1624 683 1653 711 et
1677 679 1882 721 confirmare,
1908 685 1961 712 aut
1987 680 2022 713 li-

1283 731 1416 763 centiam
1443 731 1599 775 impartiri
1625 737 1711 764 extra
1735 732 1881 765 ecclesias
1897 732 1935 765 ab
1952 733 2021 777 ipso

1282 785 1432 829 episcopo
1456 785 1642 828 approbatas
1667 785 1855 819 celebrandi.

1326 847 1355 870 v.
1388 838 1515 870 Valeant
1543 838 1671 881 praefati
1704 839 1960 883 archiepiscopus
1991 845 2021 873 et

1282 888 1447 931 episcopus
1458 888 1629 932 respective
1643 888 1673 921 in
1687 889 1854 932 praedictis
1864 890 2019 933 omnibus,

1282 946 1343 973 tam
1369 951 1519 984 personas
1554 953 1649 985 quam
1671 943 1828 983 ecclesias,
1849 953 2019 987 earumque

1281 995 1418 1027 sacraria
1452 1000 1483 1028 et
1507 996 1712 1039 supellectilia
1732 1006 1830 1037 sacra,
1851 997 1949 1030 libros
1966 1007 2018 1041 pa-

1283 1047 1447 1088 rochiales,
1460 1058 1583 1081 necnon
1603 1048 1684 1082 bona
1704 1054 1764 1082 tam
1785 1049 1911 1082 mobilia
1925 1060 2017 1094 quarn

1282 1100 1455 1133 immobilia
1480 1111 1707 1146 quaecumque,
1725 1102 1817 1135 etiam
1843 1103 1887 1135 uti
1913 1113 2018 1136 sacrae

1281 1153 1373 1186 huius
1400 1154 1664 1197 congregationis,
1687 1160 1839 1198 quatenus
1863 1165 1942 1199 opus
1970 1156 2018 1198 sit,

1280 1206 1424 1249 delegati,
1438 1208 1572 1250 visitare,
1586 1213 1615 1240 et
1628 1209 1815 1252 opportunis
1829 1209 1906 1242 iuris
1920 1219 2019 1242 reme—

1279 1259 1339 1291 diis
1363 1260 1530 1303 providere
1554 1266 1588 1293 ut
1623 1261 1690 1304 ipsa
1715 1271 1789 1293 cura
1820 1261 2019 1295 laudabiliter

1280 1318 1472 1353 exerceatur,
1498 1313 1687 1357 eosdemque
1712 1314 1823 1347 fratres
1848 1319 1878 1347 et
1902 1325 2019 1358 quem-

1279 1366 1354 1399 libet
1374 1367 1469 1399 alium
1487 1367 1524 1400 ad
1543 1378 1638 1400 onera
1657 1369 1823 1401 missarum
1844 1369 2018 1414 adimplen-

1278 1419 1327 1460 da,
1345 1423 1374 1454 et
1398 1424 1592 1462 testamenta,
1614 1423 1787 1465 scripturas
1808 1427 1837 1455 et
1853 1433 2019 1466 quaecum-

1279 1483 1339 1516 que
1353 1473 1412 1505 alia
1437 1473 1474 1506 ad
1491 1474 1650 1517 praedicta
1666 1484 1763 1508 onera
1787 1475 1851 1508 sive
1870 1475 1908 1508 ad
1923 1476 2018 1509 eccle-

1279 1525 1339 1558 sias
1365 1531 1394 1559 et
1418 1527 1583 1570 parochias
1601 1528 1773 1571 spectantia
1792 1529 2017 1572 proferendum

1279 1583 1308 1611 et
1332 1579 1541 1612 exhibendum
1576 1581 1787 1624 compellere,
1811 1581 2017 1616 detrectantes

1278 1643 1352 1666 vero
1377 1633 1600 1675 visitationem,
1625 1640 1678 1667 aut
1702 1635 1870 1678 praedictis
1894 1636 2016 1669 obtem-

1277 1696 1399 1729 perare,
1415 1687 1573 1720 canonicis
1590 1688 1700 1730 poenis
1718 1698 1928 1732 compescere.

1322 1749 1363 1772 vl.
1388 1740 1563 1773 Teneantur
1588 1740 1699 1773 fratres
1716 1741 1883 1785 praedictis
1899 1742 2018 1776 archie-

1277 1792 1406 1835 piscopo
1438 1798 1468 1825 et
1502 1793 1652 1837 episcopo
1677 1794 1870 1837 respective,
1894 1805 2016 1829 necnon

1277 1845 1409 1888 famulo,
1434 1846 1587 1890 alterique
1612 1847 1765 1880 sacerdoti
1791 1847 1834 1881 eis
1859 1847 2015 1889 beneviso,

1277 1897 1307 1930 in
1325 1909 1434 1932 eorum
1450 1899 1664 1939 conventibus,
1682 1899 1734 1932 ubi
1751 1900 1889 1933 residere
1905 1901 2015 1941 solent,

1277 1951 1341 1984 sive
1366 1952 1397 1984 in
1425 1952 1486 1985 alio
1512 1963 1570 1996 pro
1594 1953 1747 1996 temporis
1771 1953 2014 1997 opportunitate,

1277 2015 1450 2048 congruam
1482 2006 1705 2040 habitationem
1739 2017 1954 2051 expensasque
1985 2012 2015 2040 et

1276 2058 1391 2092 victum
1412 2059 1661 2092 subministrare.

1320 2121 1372 2144 vu.
1394 2112 1496 2145 Liceat
1511 2112 1583 2144 item
1601 2112 1760 2156 praedicto
1777 2112 2013 2158 archiepiscopo

1276 2169 1305 2196 ct
1330 2164 1477 2208 episcopo
1493 2164 1523 2196 in
1540 2165 1679 2208 propriis
1704 2165 1899 2198 dioecesibus
1915 2176 2011 2199 unum

1276 2227 1310 2249 ex
1342 2217 1530 2261 supradietis
1562 2218 1712 2251 fratribus
1744 2218 1886 2262 eligere,
1917 2229 2010 2263 quem

1276 2271 1375 2313 tnagis
1400 2270 1546 2304 idoneum
1579 2272 1608 2303 in
1640 2271 1773 2305 Domino
1797 2272 2011 2314 iudicaverint,

1275 2324 1439 2367 eidemque
1465 2335 1578 2357 munus
1604 2325 1766 2368 iniungere
1791 2325 1898 2359 vicarii
1922 2335 2012 2369 gene-

1274 2377 1358 2409 ralis.

1318 2440 1383 2463 vni.
1409 2430 1483 2464 Cum
1506 2441 1580 2463 vero
1605 2431 1716 2465 fratres
1736 2441 1770 2464 ex
1796 2431 2009 2475 proventibus,

1273 2483 1351 2516 taxis
1376 2488 1406 2516 et
1429 2483 1621 2527 quaesitibus
1645 2484 1878 2527 parochialibus
1898 2484 2008 2518 maiori

500 2534 610 2576 poenis
635 2544 651 2565 a
676 2536 921 2577 praenominatis
946 2537 1143 2580 praesulibus
1168 2538 1238 2582 cogi
1271 2538 1381 2571 saltem
1405 2548 1440 2570 ex
1465 2543 1555 2581 parte
1581 2538 1691 2580 vivant,
1717 2543 1747 2571 et
1771 2538 1930 2581 contingat
1954 2538 2008 2571 ali-

502 2587 710 2630 coinpellique
724 2589 852 2630 possint.

1271 2591 1394 2635 quando
1411 2591 1665 2635 archiepiscopos
1678 2596 1709 2624 et
1729 2591 1892 2636 episcopos
1908 2597 2006 2636 pasto-

2041 209 2088 237 An.
2101 210 2128 238 C.
2149 211 2230 241 1660,
