2263 3215
348 208 395 236 An,
413 210 441 236 C.
464 209 530 236 ¹556

403 2240 477 2260 Omnia
507 2239 532 2260 ad

350 2267 453 2288 tollendas
487 2267 534 2287 lites

351 2294 532 2319 praeinserlasde-

350 2322 408 2339 creta
428 2320 534 2345 approbat

350 2345 534 2367 eiconttrmatltlc-

350 2370 481 2394 xmdert‘u,

576 200 639 233 238

546 257 638 289 l'uerit
674 256 860 300 requisitus,
890 256 1072 290 solemniter
1105 258 1302 301 publicansst¹

546 309 652 352 eisque
678 309 707 341 in
731 309 911 352 praemissis
935 310 1070 343 efficacis
1095 310 1302 354 defensionis]

546 362 704 405 praesidio
728 363 885 404 assistens,
912 363 1002 396 saciat
1022 365 1208 397 auctoritate
1234 367 1302 396 nod

546 416 610 447 stra
624 415 823 448 concordiam
838 416 1039 459 praedictam,
1052 427 1122 450 cum
1138 417 1284 450 omnibus
1301 451 1302 454 Ἴ

547 468 577 500 in
598 470 634 500 ea
652 469 814 509 contentis,
832 469 870 501 ab
888 470 1035 503 omnibus
1052 471 1088 503 ad
1107 481 1185 513 quos
1210 481 1282 513 spe-
1301 459 1302 466 ἵ

547 527 607 554 ctat
633 522 855 556 inviolabiliter
875 523 1052 563 observari;
1079 521 1302 556 contradicto-l

547 585 597 607 res
628 574 786 619 quoslibet
817 581 847 608 et
884 576 1017 610 rebelles
1051 587 1106 619 per
1137 586 1302 609 censuras*

546 628 771 661 ecclesiasticas
795 629 917 672 aliaque
942 635 1122 673 opportuna
1155 630 1230 662 iuris
1257 633 1285 663 et

547 681 616 715 facti
627 682 773 724 remedia,
786 683 994 726 appellatione
1007 682 1189 726 postposita,
1204 693 1286 715 com-
1301 705 1302 710 ,

546 735 713 778 pescend0;
729 735 939 779 legitimisque
953 746 1048 779 super
1065 736 1113 768 liis
1131 735 1284 768 habendis

547 788 676 821 servatis
701 789 910 831 processibus,
936 798 1084 822 censuras
1115 793 1145 820 et
1169 798 1286 831 poenas

548 841 639 874 etiam
667 843 784 875 iteratis
809 843 929 875 vicibus
953 842 1172 885 aggravando,
1199 842 1286 874 invo-

547 898 615 928 cato
633 895 724 928 etiam
742 895 780 927 acl
799 895 874 935 hoe,
892 895 915 927 si
934 906 1013 938 opus
1030 895 1142 937 suerit,
1169 894 1285 927 auxilio

547 948 668 981 brachii
693 949 851 981 secularis.
878 949 946 981 Non
972 948 1185 989 obstantibus,
1211 958 1285 992 qua-

549 1008 637 1035 tenus
657 1012 736 1045 opus
761 1002 809 1042 sit,
834 1002 931 1035 felicis
953 1002 1179 1035 recordationis
1197 1001 1286 1035 Boni-

547 1055 616 1088 sacii
642 1056 742 1098 Papae
768 1055 832 1088 VIII
858 1055 1110 1099 praedecessoris
1128 1055 1227 1088 nostri
1249 1055 1287 1087 de

548 1109 620 1149 una,
646 1114 675 1139 et
701 1108 731 1140 in
756 1108 892 1141 concilio
910 1108 1047 1152 generali
1066 1108 1149 1141 edita
1163 1108 1201 1141 de
1216 1108 1288 1140 dua-

549 1161 605 1194 bus
623 1161 723 1204 dietis,
741 1161 913 1195 dummodo
933 1162 1012 1195 ultra
1032 1167 1093 1195 tres
1110 1161 1208 1195 dietas
1225 1161 1284 1193 ali—

548 1215 617 1258 quis
636 1215 820 1248 auctoritate
844 1216 1054 1259 praesentium
1078 1215 1114 1247 ad
1137 1215 1285 1248 iudicium

548 1279 610 1302 non
635 1269 787 1309 trahatur,
808 1269 939 1313 aliisque
961 1269 1237 1303 constitutionibus
1258 1274 1288 1302 et

548 1322 798 1355 ordinationibus
834 1323 1035 1367 apostolicis,
1068 1334 1101 1355 ac
1136 1322 1305 1355 Ordinis¹¹

548 1382 578 1408 et
595 1376 757 1409 Societatis
779 1376 969 1416 huiusmodi,
988 1377 1079 1409 ctiam
1101 1377 1287 1417 iuramento,

549 1430 788 1463 confirmatione
806 1430 997 1474 apostolica,
1017 1431 1061 1462 vel
1091 1431 1199 1474 quavis
1228 1430 1284 1462 lir-

549 1483 656 1515 mitate
681 1483 740 1515 alia
767 1483 932 1523 roboratis,
959 1483 1081 1516 statutis
1107 1489 1136 1515 et
1160 1493 1289 1516 consue-

550 1538 726 1578 tudinibus,
748 1538 922 1581 privilegiis
942 1548 1087 1581 quoque,
1107 1537 1235 1570 indultis
1259 1542 1288 1569 et

549 1590 660 1623 litteris
692 1590 871 1634 apostolicis
904 1590 935 1622 in
966 1591 1160 1624 contrarium
1191 1601 1284 1634 prae.-

549 1644 717 1677 missorum
742 1643 979 1687 quomodolibet
1004 1643 1180 1683 concessis,
1214 1654 1287 1677 con-

549 1697 682 1730 firmatis
706 1703 736 1729 et
760 1697 928 1737 innovatis,
954 1697 1067 1740 quibus
1087 1697 1234 1729 omnibus
1259 1702 1286 1729 et

549 1751 690 1793 singulis,
715 1761 824 1783 eorum
844 1757 968 1783 tenores
986 1750 1204 1794 praesentibus
1231 1760 1287 1793 pro

549 1804 639 1847 plene
667 1809 696 1836 et
725 1804 915 1836 sufficienter
944 1803 1097 1846 expressis
1128 1803 1288 1844 babentes,

549 1857 609 1889 illis
625 1856 701 1889 alias
719 1856 750 1888 in
768 1867 823 1890 suo
842 1857 956 1889 robore
976 1856 1204 1899 permansuris,
1231 1855 1287 1888 liae

549 1911 615 1943 vice
640 1910 799 1943 dumtaxat
824 1910 998 1953 specialiter
1019 1915 1048 1942 et
1068 1920 1214 1953 expresse
1239 1909 1288 1942 de-

549 1974 713 2006 rogamus,
742 1964 915 2006 ceterisque
950 1963 1115 1996 contrariis
1152 1963 1284 2006 quibus·

549 2028 693 2061 cumque.

587 2080 681 2106 Datum
703 2080 801 2107 Itomae
823 2079 892 2114 apud
909 2078 933 2105 S.
951 2079 1059 2106 Mariffln
1080 2079 1218 2113 Maiorem,
1236 2079 1287 2106 sul)

549 2126 650 2152 annulo
676 2125 828 2157 Piscatoris,
850 2125 892 2150 die
913 2132 927 2151 v
949 2124 1010 2150 maii
1029 2131 1159 2152 atncwi,
1182 2125 1286 2160 pontifi-

550 2173 627 2196 catus
647 2169 729 2196 nostri
752 2177 821 2196 anno
843 2175 880 2195 111.

594 2232 608 2275 g
625 2231 655 2264 ⁶2.
678 2232 754 2265 Cum
769 2237 884 2272 autem,
901 2241 991 2274 quae,
1008 2231 1045 2264 ad
1065 2231 1215 2264 tollendas
1229 2231 1287 2264 dis-

548 2285 707 2318 sensiones
732 2290 762 2317 ct
785 2284 854 2317 lites
875 2284 954 2317 inter
972 2285 1090 2317 clerum
1113 2285 1286 2318 secularem

550 2338 731 2372 IIollandiae
749 2348 785 2371 ex
811 2339 872 2370 una
897 2343 927 2371 et
945 2338 1109 2381 religiosos
1127 2338 1285 2371 missiona-

549 2392 613 2426 rios
637 2402 810 2434 eorumque
831 2391 1010 2435 superiores
1036 2402 1070 2424 ex
1097 2391 1194 2424 altera
1220 2402 1287 2435 par-

549 2445 631 2478 tibus
656 2450 797 2484 exortas,
822 2454 839 2476 a
872 2444 1009 2488 praefata
1039 2444 1286 2487 Congregatione

549 2498 681 2540 negocio
699 2498 922 2541 Propagandae
940 2498 1024 2531 Fidei
1047 2499 1236 2542 praeposita,
1256 2504 1284 2530 ut

550 2551 770 2595 praemittitur,
796 2551 930 2592 decreta,
956 2557 985 2584 et
1011 2551 1048 2583 ab
1069 2551 1178 2584 eodem
1198 2562 1286 2595 prae-

587 2615 598 2640 l
616 2613 724 2639 Videtur
739 2613 882 2648 legendum
900 2614 1044 2641 Ordinum
1061 2617 1096 2644 (a.
1115 2614 1163 2649 T.).

1131 209 1310 234 BULLARIUM
1331 210 1485 235 nOMANUM

1318 258 1482 291 decessore
1518 257 1689 300 approbata
1728 262 1758 289 et
1797 256 1980 290 confirmata
2021 266 2056 292 ac

1320 309 1463 341 mandata
1495 312 1525 342 et
1548 307 1690 340 ordinata
1715 307 1887 351 respective
1911 307 2055 348 suerunt,

1319 361 1551 395 conservandae
1576 360 1656 393 inter
1680 360 1804 394 easdem
1835 365 1939 404 partes
1972 364 2056 392 tran-

1319 415 1465 458 quillitati
1499 415 1592 447 etiam
1628 415 1758 458 posthac
1783 413 1954 458 plurimum
1980 423 2055 447 con-

1301 485 1302 519 3
1319 468 1466 501 docibilia
1492 470 1557 502 sore
1575 469 1606 501 in
1628 468 1759 501 Domino
1777 478 1959 511 speremus:
1984 467 2057 500 hinc

1320 526 1365 553 est
1394 521 1478 564 quod
1504 531 1581 561 nos,
1607 521 1659 565 qui
1691 532 1749 565 pro
1773 520 1939 564 pastoralis
1962 519 2057 553 officii

1319 575 1417 607 nostri
1450 575 1555 608 debito
1580 575 1610 607 in
1640 575 1669 608 id
1694 574 1779 608 omni
1811 573 1913 608 studio
1943 573 2057 616 iugiter

1320 627 1540 668 incumbimus,
1551 633 1583 660 nt
1594 627 1811 660 christifideles
1825 637 1919 660 curae
1933 631 2057 659 nostrae

1319 680 1466 714 divinitus
1483 681 1652 721 commissi,
1670 680 1854 724 praesertim
1872 679 2058 713 ecclesiasti-

1301 743 1303 746 *
1320 735 1363 766 cis
1390 734 1572 767 ministeriis
1592 733 1771 778 mancipati,
1789 733 1913 767 solliciti
1933 737 2059 766 servent

1320 789 1467 821 unionem
1495 789 1523 821 in
1552 788 1675 822 vinculo
1700 788 1794 832 pacis,
1819 787 1953 820 firmiori
1972 796 2059 830 prae-

1320 842 1488 875 missorum
1502 843 1610 876 robori
1625 847 1654 875 et
1674 840 2058 875 observationiconsulere

1320 896 1492 939 cupientes,
1519 901 1606 929 motu
1631 895 1784 939 proprio,
1809 904 1873 928 non
1896 893 1934 927 ad
1958 893 2060 927 cuius-

1320 959 1413 992 quam
1438 949 1528 982 nobis
1554 960 1649 993 super
1675 949 1735 982 hoc
1759 948 1880 981 oblatae
1900 947 2059 992 petitionis

1321 1002 1511 1045 instantiam,
1530 1003 1583 1035 sed
1597 1013 1632 1036 ex
1647 1004 1733 1036 certa
1751 1001 1880 1035 scientia
1893 1006 1923 1034 et
1937 1001 2059 1033 matura

1321 1055 1546 1090 deliberatione
1572 1056 1707 1096 nostris,
1744 1055 1845 1099 deque
1869 1054 2058 1099 apostolicae

1321 1110 1483 1153 potestatis
1506 1110 1711 1154 plenitudine,
1732 1109 1769 1142 ad
1793 1118 1919 1142 omnem
1950 1107 2059 1140 melio—

1303 1173 1387 1195 ‚rem
1411 1162 1505 1195 finem
1531 1168 1560 1195 et
1585 1162 1740 1203 effectum,
1759 1161 1862 1195 omnia
1883 1165 1913 1194 et
1937 1159 2060 1203 singula

1321 1215 1360 1248 ad
1373 1216 1525 1249 tollendas
1535 1216 1744 1249 dissensiones
1757 1221 1788 1248 et
1800 1215 1869 1248 lites
1880 1212 2059 1247 huiusmodi

1321 1280 1377 1313 per
1391 1269 1532 1302 eamdem
1548 1269 1825 1312 congregationem
1843 1268 1975 1311 negocio
1989 1266 2061 1300 Pro-

1322 1323 1482 1367 pagandae
1507 1322 1593 1355 Fidei
1619 1322 1830 1366 praepositam
1856 1321 1999 1363 decreta,
2025 1330 2060 1353 ac

1322 1386 1338 1408 a
1363 1376 1524 1420 praedicto
1542 1375 1667 1409 Urbano
1686 1375 1928 1419 praedecessore
1946 1374 2061 1407 confir-

1323 1435 1404 1463 mata
1429 1436 1458 1462 et
1482 1429 1657 1474 approbata
1681 1439 1715 1461 ac
1752 1428 1897 1462 mandata
1921 1434 1952 1461 et
1975 1427 2059 1461 ordi-

1322 1489 1392 1516 nata
1418 1482 1602 1527 respective,
1628 1493 1707 1526 quae
1732 1482 1859 1526 quidem
1885 1481 1917 1514 in
1935 1481 2060 1525 praein-

1322 1536 1413 1569 sertis
1427 1536 1538 1569 litteris
1551 1536 1761 1577 continentur,
1774 1535 1945 1579 apostolica
1958 1540 2061 1568 aucto-

1322 1590 1423 1632 ritate,
1451 1593 1558 1623 tenore
1584 1589 1806 1632 praesentium,
1836 1587 2060 1621 confirmamus

1322 1649 1352 1677 et
1376 1643 1599 1688 approbamus,
1625 1643 1748 1687 illisque
1770 1641 1955 1675 inviolabilis
1978 1652 2058 1686 apo-

1322 1697 1449 1730 stolicae
1465 1697 1621 1730 firmitatis
1637 1697 1734 1729 robur
1751 1696 1926 1737 adiicimus,
1944 1706 1979 1729 ac
1993 1706 2059 1729 om-

1322 1761 1376 1783 nes
1402 1757 1431 1783 et
1457 1751 1597 1794 singulos
1623 1750 1700 1782 iuris
1725 1754 1754 1782 et
1778 1749 1847 1782 sacti
1869 1749 2018 1789 defectus,
2035 1748 2059 1780 si

1321 1805 1374 1848 qui
1399 1804 1534 1848 desuper
1559 1803 1798 1847 quomodolibet
1826 1802 2059 1845 intervenerint,

1322 1858 1516 1902 supplemus.

1366 1911 1380 1954 ἓ
1404 1911 1432 1944 3.
1459 1911 1633 1951 Praeterea,
1648 1916 1681 1943 ut
1695 1910 1744 1942 illa
1770 1910 1800 1942 in
1818 1915 1979 1953 posterum
1993 1907 2061 1942 abs-

1321 1975 1380 2008 que
1398 1965 1462 1997 ulla
1480 1965 1661 2008 exceptione
1674 1970 1702 1997 et
1720 1964 1785 1997 sine
1804 1963 2060 2007 tergiversatione

1321 2018 1496 2051 executioni
1521 2018 1722 2051 omnimodae
1747 2017 1992 2057 demandentur,
2025 2026 2059 2049 ac

1322 2071 1364 2103 uti
1390 2071 1581 2115 apostolicae
1604 2071 1841 2104 constitutiones
1857 2070 1896 2104 ab
1913 2069 2060 2103 omnihus

1321 2128 1350 2157 et
1374 2123 1506 2166 singulis
1530 2124 1748 2156 ecclesiasticis
1777 2128 1838 2156 tam
1866 2122 2061 2156 secularibus

1320 2188 1413 2221 quam
1439 2177 1638 2219 regularibus
1663 2177 1874 2221 punctualiter
1894 2177 2061 2210 observen-

1322 2237 1380 2271 tur,
1399 2231 1456 2264 sub
1481 2231 1664 2274 privationis
1682 2231 1775 2264 officii
1793 2241 1828 2264 ac
1849 2229 2062 2264 excommuni-

1320 2285 1450 2318 cationis
1475 2285 1553 2317 latac
1576 2285 1757 2325 sententiae,
1772 2295 1788 2317 a
1810 2295 1870 2328 qua
1883 2294 1985 2326 nemo,
2000 2283 2059 2317 nisi

1320 2349 1336 2370 a
1353 2338 1443 2371 nobis
1461 2344 1490 2371 ct
1509 2340 1648 2372 Itomano
1667 2338 1816 2371 I'ontifice
1839 2348 1899 2382 pro
1917 2343 2059 2382 tempore

1320 2393 1481 2433 existente,
1499 2398 1719 2436 praeterquam
1747 2392 1777 2424 in
1799 2392 1909 2425 mortis
1925 2391 2058 2425 articulo

1320 2446 1508 2479 constitutus
1532 2446 1650 2479 absolvi
1676 2446 1790 2487 valeat,
1815 2454 1936 2478 necnon
1960 2445 2059 2489 priva-

1321 2499 1412 2532 tionis
1439 2499 1522 2532 vocis
1547 2499 1664 2532 activae
1689 2503 1718 2533 et
1742 2498 1892 2542 passivae,
1917 2498 1942 2531 si
1962 2504 2059 2532 trans-

1320 2552 1466 2594 grediens
1502 2552 1595 2585 fuerit
1630 2553 1784 2595 regularis
1817 2552 1864 2584 vel
1893 2551 2058 2595 religiosus

1321 2606 1544 2649 cuiuscumque
1569 2605 1693 2638 Ordinis
1723 2609 1751 2639 et
1784 2605 2057 2648 congregationis,

2222 0 2263 60 ῆι

2223 67 2224 89 l
2251 61 2263 91 ’.Ι

2073 208 2121 236 Au.
2136 209 2163 239 C.
2183 211 2223 240 tet

2101 1916 2221 1938 Praedium·

2074 1946 2132 1965 creta
2147 1941 2223 1967 obsum

2075 1970 2164 1992 mandat.
