2243 3205
236 185 288 211 An.
310 184 334 211 C¹
357 184 423 213 1658

263 246 372 267 contraria
387 253 418 267 rc-

237 272 294 293 sellu.

277 2325 419 2346 Prooemium.

470 176 533 209 >tio

479 233 535 276 §sa
560 233 628 266 Non
643 233 839 267 obstantibus
856 234 1130 268 constitutionibus
1144 241 1173 269 et

435 285 686 319 ordinationibus
696 287 887 330 apostolicis,
901 298 937 321 ac
952 287 1025 321 dicti
1039 288 1173 328 Ordinis,

436 339 529 372 ctiam
562 339 757 382 iuramento,
784 341 1023 375 confirmatione
1047 347 1173 386 aposto-

437 392 511 434 lica,
531 392 576 425 vel
602 392 713 436 quavis
737 393 885 427 firmitate
913 394 973 427 alia
1000 394 1173 435 roboratis,

437 444 559 478 statutis
592 450 621 478 et
661 446 964 488 consuetudinibus,
1004 447 1176 491 privilegiis

437 507 584 541 quoque,
621 497 749 531 indultis
787 505 817 533 et
852 500 963 534 litteris
998 500 1177 544 apostolicis

438 550 468 582 in
480 551 673 584 contrarium
683 553 932 596 praemissorum
941 553 1178 598 quomodolibet

438 603 615 644 concessis,
641 605 834 640 confirmatis
864 611 894 641 et
917 606 1085 646 innovatis;
1110 606 1177 650 qui-

438 656 496 690 bus
521 657 666 691 omnibus
692 664 721 692 et
745 659 899 703 singulis,
924 660 1052 694 illorum
1089 664 1178 693 teno-

438 721 488 743 res
504 711 725 754 praesentibus
743 724 800 757 pro
818 714 909 758 plene
934 719 964 747 et
988 713 1179 747 sufficienter

439 764 594 808 expressis
615 776 650 799 ac
667 765 705 799 de
722 767 819 800 verbo
847 767 885 800 ad
904 767 1033 800 verbum
1055 766 1179 799 insertis

440 817 607 859 habentes,
633 818 693 852 illis
720 820 795 853 alias
825 821 855 853 in
880 832 937 854 suo
961 820 1075 854 robore
1100 831 1175 864 per-

440 873 608 913 mansuris,
625 872 662 905 ad
679 875 924 917 praemissorum
940 874 1096 915 effectum,
1122 874 1179 908 hac

443 926 510 960 vice
532 927 702 970 dumtaxat,
721 927 898 971 specialiter
919 933 949 960 et
967 937 1114 971 expresse
1130 927 1180 961 de-

441 991 608 1023 rogamus;
645 981 819 1025 ceterisque
855 981 1021 1014 contrariis
1052 981 1181 1025 quibus-

441 1044 584 1077 cumque.

486 1087 595 1121 Datum
621 1088 738 1121 Romae
767 1088 849 1133 apud
878 1089 906 1122 S.
933 1088 1060 1122 Mariam
1086 1088 1180 1121 Maio-

440 1152 518 1183 rem,
536 1141 594 1175 sub
623 1143 739 1176 annulo
765 1136 940 1185 PiscatoriS,
973 1143 1023 1176 die
1055 1154 1095 1176 xx
1119 1153 1177 1176 no-

441 1195 578 1229 vembris
600 1205 751 1237 iineLvni,
774 1196 973 1240 pontificatus
998 1196 1096 1229 nostri
1121 1206 1178 1228 an-

440 1259 481 1282 no
505 1259 546 1282 iv.

477 1312 536 1340 Dat.
554 1312 596 1340 die
612 1313 646 1340 20
662 1313 817 1340 novembris
840 1313 921 1348 1658,
942 1314 1036 1349 pontif.
1059 1322 1128 1342 auno
1146 1322 1181 1341 ιν.

748 1457 881 1491 CCXVII.

445 1539 657 1580 Confimuatio
690 1538 808 1571 decreti
838 1549 898 1582 pro
932 1539 1199 1582 Conpreyatione.

489 1591 623 1625 Ordinis
657 1592 888 1624 ‘ntonacliorztm
924 1593 1029 1625 sancti
1063 1593 1183 1625 Hiero-

489 1645 582 1687 nymi
606 1645 833 1687 Porluyullt'uc
858 1646 948 1686 editi,
969 1646 1055 1689 quod
1073 1646 1185 1678 ›mllus

489 1708 528 1731 ex
551 1698 637 1730 (liciti
659 1698 1098 1742 Conyreyalz'onerelz'ssiosus
1112 1710 1186 1742 par-

438 1754 443 1759 '
492 1751 641 1783 ticularis
670 1752 771 1794 possit
805 1752 979 1795 impetrare
999 1753 1099 1785 Breve
1123 1753 1186 1785 αἰέ-

490 1804 576 1847 quod
600 1815 620 1836 α
640 1804 717 1837 Sede
734 1805 929 1848 Apostolicd,
952 1810 1008 1839 auc
1029 1806 1186 1839 decretum

491 1868 511 1889 ct
535 1858 782 1901 conqreyalione
810 1859 1026 1902 Reyalart'ttm
1055 1870 1114 1902 pro
1139 1870 1186 1892 re-

493 1911 614 1953 liyione
646 1911 682 1943 in
717 1912 897 1951 conzinum',
932 1912 1100 1955 speciatim
1127 1923 1187 1955 pro

488 1963 693 2006 praesidente
717 1964 868 2007 capituli,
888 1965 946 1997 sub
963 1966 1068 2008 poenit
1082 1968 1188 2009 priva-

495 2017 591 2049 tionis
616 2018 699 2050 vocis
729 2017 852 2050 activae
886 2023 912 2051 et
945 2019 1113 2062 passivae,
1152 2030 1188 2051 ac

492 2070 589 2103 emilii
621 2071 664 2104 ad
695 2071 955 2114 quadrieimium
984 2084 1003 2105 a
1034 2077 1187 2106 contentu

493 2124 583 2156 cuius
608 2128 652 2156 est
675 2124 775 2165 filius.

643 2204 812 2231 Alexander
832 2205 911 2239 Papa
930 2206 992 2237 vn,

590 2249 626 2275 ad
646 2248 779 2276 futuram
799 2249 844 2276 rei
866 2250 1046 2278 memoriam.

493 2319 577 2358 Quae
602 2330 660 2363 pro
685 2320 907 2363 religiosorum
934 2321 1084 2354 Ordinum
1111 2333 1189 2366 quo-

449 2384 658 2417 rumcumque
672 2377 751 2407 statu
765 2385 918 2418 prospere
938 2375 1103 2418 dirigendo
1117 2387 1190 2420 pro-

451 2426 519 2459 vide
553 2427 630 2460 sacta
659 2431 846 2469 noscuntur,
876 2428 938 2469 illa,
963 2440 1033 2462 cum
1058 2440 1075 2462 a
1100 2431 1189 2464 nobis

451 2480 576 2523 petitur,
592 2481 780 2524 apostolicae
798 2482 1047 2515 confirmationis
1064 2489 1189 2517 nostrae

451 2534 628 2576 patrocinio
653 2536 896 2576 eommunianm,
922 2542 1015 2580 prout
1041 2538 1190 2581 conspici-

453 2596 521 2619 mus
548 2586 577 2619 in
602 2587 733 2622 Domino
758 2589 926 2622 salubriter
952 2589 1109 2634 expedire.

1011 188 1189 212 BULLARIUM
1215 188 1367 213 ROMANUM

1252 236 1266 279 ξ
1292 236 1320 268 l.
1346 237 1465 280 Exponi
1491 237 1644 280 siquidem
1671 238 1760 272 nobis
1780 249 1879 283 nuper
1905 240 1946 273 se-

1208 293 1319 321 cerunt
1349 288 1453 322 dilecti
1489 289 1543 321 filii
1578 290 1721 334 Aloysius
1750 291 1877 325 Alvaiez
1908 292 1946 325 de

1209 341 1325 381 Recita,
1338 340 1503 384 inquisitor
1518 343 1658 385 supremi
1672 342 1821 377 adversus
1837 345 1946 378 haere-

1211 393 1302 426 ticam
1314 393 1498 437 pravitatem
1517 395 1730 438 inquisitionis
1747 396 1841 430 osficii
1858 398 1948 440 regni

1212 446 1430 489 Portugalliae,
1455 447 1621 491 deputatus
1646 448 1828 492 praesidens
1852 459 1869 482 a
1896 461 1947 483 ve—

1211 499 1404 532 nerabilibus
1430 500 1578 534 fratribus
1602 501 1718 535 nostris
1742 507 1867 535 sanctae
1892 503 1948 536 Ro-

1213 563 1321 586 manae
1347 554 1501 587 Ecclesiae
1525 555 1735 588 cardinalibus
1760 555 1895 599 negotiis
1919 561 1950 589 et

1212 606 1492 640 consultationibus
1517 607 1737 652 episcoporum
1767 612 1796 642 et
1824 609 1949 652 regula-

1213 658 1293 691 rium
1319 660 1506 703 praepositis
1530 671 1588 704 pro
1613 660 1750 704 capitulo
1775 661 1858 705 quod
1890 672 1950 705 pro

1213 711 1364 745 electione
1389 712 1494 746 vicarii
1521 713 1677 756 generalis
1707 713 1738 746 in
1771 714 1949 758 Congrega-

1213 764 1296 798 tione
1322 766 1549 799 monachorum
1574 766 1700 800 Ordinis
1724 766 1821 800 sancti
1843 767 1952 801 Hiero-

1213 817 1296 862 nymi
1322 818 1532 862 Por-tugalliae
1557 819 1632 853 alias
1662 819 1854 853 celebratum
1877 819 1950 863 fuit,

1213 871 1340 916 ipseque
1354 872 1487 906 vicarius
1508 873 1662 917 generalis
1675 874 1792 907 electus
1805 885 1876 908 cum
1894 884 1951 907 suo

1213 924 1391 959 definitorio
1405 953 1412 967 ‚
1435 926 1520 971 quod
1545 927 1626 971 ipsi,
1652 927 1886 961 considerantes
1909 927 1953 960 in-

1215 980 1380 1013 commoda
1402 991 1481 1025 quae
1499 981 1646 1015 oriuntur
1663 992 1700 1015 ex
1729 992 1791 1026 quo
1810 981 1952 1016 nonnulli

1215 1033 1288 1066 dicti
1313 1033 1438 1067 Ordinis
1463 1035 1602 1078 religiosi
1637 1035 1844 1079 particulares
1872 1035 1953 1069 litte-

1215 1098 1265 1121 ras
1301 1087 1489 1132 apostolicas
1521 1094 1574 1121 aut
1609 1087 1735 1122 decreta
1770 1087 1808 1131 ab
1843 1088 1954 1122 eadem

1215 1142 1461 1186 congregatione
1485 1142 1626 1186 ipsorum
1648 1142 1853 1176 cardinalium
1879 1142 1954 1176 reli-

1216 1197 1341 1241 gionem
1366 1196 1558 1240 praedictam
1583 1196 1804 1230 concernentia
1820 1196 1852 1229 in
1872 1207 1956 1230 com-

1218 1251 1302 1284 muni
1337 1256 1390 1284 aut
1425 1250 1586 1295 speciatim
1615 1261 1673 1295 pro
1705 1250 1955 1295 praesidentibus

1217 1305 1344 1349 capituli
1370 1305 1549 1348 impetrant,
1575 1309 1671 1348 prout
1694 1304 1887 1348 experientia
1904 1304 1955 1338 do-

1218 1359 1281 1393 cuit
1305 1359 1469 1392 occasione
1493 1358 1568 1392 dieti
1593 1358 1743 1402 capituli,
1770 1359 1801 1391 in
1824 1369 1886 1402 quo
1911 1369 1957 1392 re-

1218 1417 1323 1456 pertae
1336 1412 1462 1445 suerunt
1475 1412 1566 1445 binae
1580 1411 1612 1444 in
1625 1411 1718 1445 simili
1736 1412 1838 1445 forma
1851 1412 1957 1446 Brevis

1218 1466 1339 1499 litterae
1367 1476 1425 1509 pro
1455 1465 1663 1498 celebratione
1687 1465 1790 1506 illius,
1823 1476 1956 1509 quarum

1220 1530 1279 1552 una
1305 1518 1342 1551 ad
1369 1518 1459 1552 unius
1479 1518 1619 1561 religiosi
1637 1519 1836 1562 particularis
1860 1520 1958 1555 altera

1220 1573 1255 1605 ad
1271 1573 1368 1617 ipsius
1389 1572 1512 1606 Ordinis
1526 1572 1686 1606 instantias
1700 1573 1883 1617 impetratae
1896 1573 1958 1607 fue-

1221 1630 1311 1667 runt,
1343 1626 1423 1659 ultra
1455 1625 1539 1670 quod
1572 1637 1589 1658 a
1620 1636 1733 1659 novem
1766 1626 1855 1660 annis
1880 1627 1959 1661 citra

1221 1679 1345 1723 quidam
1372 1679 1445 1712 dicti
1469 1679 1593 1713 Ordinis
1626 1680 1799 1713 monachus
1829 1680 1957 1714 domum

1221 1744 1307 1766 suam
1324 1733 1501 1776 regularem
1513 1744 1659 1776 egressus
1673 1734 1791 1778 absque
1808 1734 1892 1767 illius
1913 1745 1959 1768 su-

1221 1787 1354 1831 perioris
1368 1786 1492 1820 licentia
1502 1797 1560 1830 pro
1574 1797 1636 1820 uno
1650 1787 1846 1831 praesidente
1861 1798 1959 1822 unum

1221 1840 1317 1872 Breve
1341 1839 1542 1882 huiusmodi,
1568 1840 1654 1873 nulla
1685 1840 1722 1873 ad
1752 1840 1782 1872 id
1813 1840 1959 1875 suffultus

1222 1894 1374 1936 falcultate,
1400 1894 1625 1937 reimpetravit,
1644 1905 1680 1927 ex
1712 1905 1775 1938 quo
1805 1894 1960 1929 maximae

1222 1948 1251 1980 in
1267 1948 1335 1992 ipso
1350 1947 1464 1981 Ordine
1476 1947 1728 1991 perturbationes
1741 1954 1865 1982 exortae
1879 1954 1960 1990 sunt;

1222 2001 1353 2045 proinde
1378 2001 1435 2045 ipsi
1461 2001 1605 2045 Aloysius
1625 2001 1806 2045 praesidens
1825 2012 1862 2035 ac
1881 2002 1961 2036 vica-

1224 2055 1287 2087 rius
1312 2054 1468 2097 generalis
1492 2065 1648 2098 suumque
1675 2054 1888 2089 delinitorium
1907 2056 1962 2090 hu-

1224 2108 1357 2141 iusmodi
1368 2113 1546 2152 opportune
1558 2108 1775 2150 decreverunt,
1786 2113 1961 2144 statuerunt

1223 2166 1252 2194 et
1278 2161 1476 2205 mandarunt,
1502 2171 1540 2194 ne
1565 2161 1667 2205 quivis
1684 2161 1758 2195 dicti
1776 2161 1899 2196 Ordinis
1917 2174 1962 2197 re-

1225 2215 1353 2258 ligiosus
1378 2215 1577 2259 particularis
1591 2215 1649 2248 sub
1664 2217 1764 2259 poena
1778 2216 1960 2259 privationis

1225 2269 1308 2302 vocis
1333 2268 1449 2301 activae
1474 2274 1504 2301 et
1528 2269 1679 2312 passivae,
1699 2279 1735 2302 ac
1755 2269 1837 2302 exilii
1854 2280 1871 2302 a
1888 2281 1962 2305 eon-

1226 2327 1327 2365 ventu,
1342 2321 1429 2355 euius
1454 2321 1513 2354 erit
1538 2322 1630 2363 tilius,
1651 2322 1688 2355 ad
1709 2322 1962 2366 quadriennium,

1226 2376 1343 2409 litteras
1369 2376 1399 2408 in
1425 2375 1534 2409 eadem
1560 2376 1662 2410 formai
1698 2377 1804 2409 Brevis
1827 2387 1844 2409 a
1879 2377 1962 2412 dicta

1225 2429 1303 2462 Sede
1328 2429 1526 2473 Apostolica,
1556 2435 1608 2462 aut.
1632 2429 1757 2463 decreta
1782 2430 1820 2462 ab
1845 2431 1961 2464 eisdem

1226 2483 1436 2516 cardinalibus
1460 2494 1518 2527 pro
1544 2483 1611 2527 ipsa
1637 2483 1790 2527 religione
1820 2484 1850 2516 in
1874 2495 1961 2517 com-

1226 2537 1322 2577 muni,
1347 2542 1377 2570 et
1401 2537 1560 2580 speciatim
1586 2547 1644 2580 pro
1661 2537 1857 2581 praesidente
1881 2538 1961 2582 capi-

1228 2590 1280 2623 tuli
1298 2601 1469 2634 procurare
1489 2591 1532 2623 rel
1556 2590 1723 2634 impetrare
1740 2590 1846 2634 possit.
1865 2591 1960 2626 Nobis

1955 192 2006 220 An.
2029 192 2058 220 C.
2076 193 2143 222 1658

1988 253 2068 274 Maura
2082 253 2143 275 huius

1961 280 2125 302 Constitutiouis.
