<?xml version="1.0" encoding="UTF-8"?>
<!DOCTYPE html PUBLIC "-//W3C//DTD XHTML 1.0 Transitional//EN"
    "http://www.w3.org/TR/xhtml1/DTD/xhtml1-transitional.dtd">
<html xmlns="http://www.w3.org/1999/xhtml" xml:lang="en" lang="en">
 <head>
  <title>
</title>
<meta http-equiv="Content-Type" content="text/html;charset=utf-8" />
  <meta name='ocr-system' content='tesseract 3.04.00' />
  <meta name='ocr-capabilities' content='ocr_page ocr_carea ocr_par ocr_line ocrx_word'/>
</head>
<body>
  <div class='ocr_page' id='page_1' title='image "./bullarumdiplomat16cath_0091.png"; bbox 0 0 2185 3188; ppageno 0'>
   <div class='ocr_carea' id='block_1_1' title="bbox 55 185 240 213">
    <p class='ocr_par' dir='ltr' id='par_1_1' title="bbox 55 185 240 213">
     <span class='ocr_line' id='line_1_1' title="bbox 55 185 240 213; baseline -0.011 0"><span class='ocrx_word' id='word_1_1' title='bbox 55 188 106 213; x_wconf 79' lang='lat' dir='ltr'>An.</span> <span class='ocrx_word' id='word_1_2' title='bbox 124 185 150 211; x_wconf 78' lang='lat' dir='ltr'>C.</span> <span class='ocrx_word' id='word_1_3' title='bbox 177 185 240 211; x_wconf 61' lang='lat' dir='ltr'>i1755</span> 
     </span>
    </p>
   </div>
   <div class='ocr_carea' id='block_1_2' title="bbox 80 512 201 534">
    <p class='ocr_par' dir='ltr' id='par_1_2' title="bbox 80 512 201 534">
     <span class='ocr_line' id='line_1_2' title="bbox 80 512 201 534; baseline -0.017 0"><span class='ocrx_word' id='word_1_4' title='bbox 80 512 201 534; x_wconf 75' lang='lat' dir='ltr'>Exordium.</span> 
     </span>
    </p>
   </div>
   <div class='ocr_carea' id='block_1_3' title="bbox 56 988 237 1038">
    <p class='ocr_par' dir='ltr' id='par_1_3' title="bbox 56 988 237 1038">
     <span class='ocr_line' id='line_1_3' title="bbox 80 988 237 1010; baseline -0.006 0"><span class='ocrx_word' id='word_1_5' title='bbox 80 988 237 1010; x_wconf 55' lang='lat' dir='ltr'>Constitutione</span> 
     </span>
     <span class='ocr_line' id='line_1_4' title="bbox 56 1021 129 1038; baseline 0.027 -2"><span class='ocrx_word' id='word_1_6' title='bbox 56 1021 129 1038; x_wconf 79' lang='lat' dir='ltr'>eausa.</span> 
     </span>
    </p>
   </div>
   <div class='ocr_carea' id='block_1_4' title="bbox 850 175 1174 200">
    <p class='ocr_par' dir='ltr' id='par_1_4' title="bbox 850 175 1174 200">
     <span class='ocr_line' id='line_1_5' title="bbox 850 175 1174 200; baseline -0.012 0"><span class='ocrx_word' id='word_1_7' title='bbox 850 177 1032 200; x_wconf 43' lang='lat' dir='ltr'>ALEXAthEn</span> <span class='ocrx_word' id='word_1_8' title='bbox 1061 176 1100 198; x_wconf 73' lang='lat' dir='ltr'>l&#39;ll</span> <span class='ocrx_word' id='word_1_9' title='bbox 1129 175 1174 197; x_wconf 69' lang='grc' dir='ltr'>ΙΨ.</span> 
     </span>
    </p>
   </div>
   <div class='ocr_carea' id='block_1_5' title="bbox 293 224 987 328">
    <p class='ocr_par' dir='ltr' id='par_1_5' title="bbox 293 224 987 328">
     <span class='ocr_line' id='line_1_6' title="bbox 294 224 987 271; baseline -0.012 -7"><span class='ocrx_word' id='word_1_10' title='bbox 294 230 332 264; x_wconf 81' lang='lat' dir='ltr'>de</span> <span class='ocrx_word' id='word_1_11' title='bbox 358 229 440 264; x_wconf 79' lang='lat' dir='ltr'>Urbe</span> <span class='ocrx_word' id='word_1_12' title='bbox 474 229 561 262; x_wconf 75' lang='lat' dir='ltr'>circa</span> <span class='ocrx_word' id='word_1_13' title='bbox 592 228 699 271; x_wconf 69' lang='lat' dir='ltr'>Zeyata</span> <span class='ocrx_word' id='word_1_14' title='bbox 729 224 927 270; x_wconf 77' lang='lat' dir='ltr'>pauperibus</span> <span class='ocrx_word' id='word_1_15' title='bbox 952 224 987 256; x_wconf 81' lang='lat' dir='ltr'>in</span> 
     </span>
     <span class='ocr_line' id='line_1_7' title="bbox 293 282 545 328; baseline -0.012 -9"><span class='ocrx_word' id='word_1_16' title='bbox 293 295 408 328; x_wconf 65' lang='lat' dir='ltr'>Uenere</span> <span class='ocrx_word' id='word_1_17' title='bbox 432 282 545 327; x_wconf 80' lang='lat' dir='ltr'>facta¹.</span> 
     </span>
    </p>
   </div>
   <div class='ocr_carea' id='block_1_6' title="bbox 373 362 863 442">
    <p class='ocr_par' dir='ltr' id='par_1_6' title="bbox 373 362 863 442">
     <span class='ocr_line' id='line_1_8' title="bbox 443 362 792 395; baseline -0.009 -5"><span class='ocrx_word' id='word_1_18' title='bbox 443 363 610 391; x_wconf 78' lang='lat' dir='ltr'>Alexander</span> <span class='ocrx_word' id='word_1_19' title='bbox 630 363 709 395; x_wconf 80' lang='lat' dir='ltr'>Papa</span> <span class='ocrx_word' id='word_1_20' title='bbox 730 362 792 392; x_wconf 81' lang='lat' dir='ltr'>vn,</span> 
     </span>
     <span class='ocr_line' id='line_1_9' title="bbox 373 404 863 442; baseline -0.01 -7"><span class='ocrx_word' id='word_1_21' title='bbox 373 409 409 435; x_wconf 85' lang='lat' dir='ltr'>ad</span> <span class='ocrx_word' id='word_1_22' title='bbox 423 411 601 442; x_wconf 77' lang='lat' dir='ltr'>perpetuam</span> <span class='ocrx_word' id='word_1_23' title='bbox 620 406 664 433; x_wconf 83' lang='lat' dir='ltr'>rei</span> <span class='ocrx_word' id='word_1_24' title='bbox 684 404 863 433; x_wconf 83' lang='lat' dir='ltr'>memoriam.</span> 
     </span>
    </p>
   </div>
   <div class='ocr_carea' id='block_1_7' title="bbox 250 482 1011 2086">
    <p class='ocr_par' dir='ltr' id='par_1_7' title="bbox 250 482 990 959">
     <span class='ocr_line' id='line_1_10' title="bbox 295 482 990 532; baseline -0.009 -10"><span class='ocrx_word' id='word_1_25' title='bbox 295 487 429 532; x_wconf 85' lang='lat' dir='ltr'>Superni</span> <span class='ocrx_word' id='word_1_26' title='bbox 447 486 649 531; x_wconf 83' lang='lat' dir='ltr'>dispositione</span> <span class='ocrx_word' id='word_1_27' title='bbox 667 482 787 518; x_wconf 78' lang='lat' dir='ltr'>consilii</span> <span class='ocrx_word' id='word_1_28' title='bbox 805 483 888 517; x_wconf 81' lang='lat' dir='ltr'>vices</span> <span class='ocrx_word' id='word_1_29' title='bbox 905 483 990 517; x_wconf 81' lang='lat' dir='ltr'>illius</span> 
     </span>
     <span class='ocr_line' id='line_1_11' title="bbox 252 539 988 585; baseline -0.005 -11"><span class='ocrx_word' id='word_1_30' title='bbox 252 547 396 585; x_wconf 75' lang='lat' dir='ltr'><strong>gerentes</strong></span> <span class='ocrx_word' id='word_1_31' title='bbox 421 540 452 573; x_wconf 93' lang='lat' dir='ltr'>in</span> <span class='ocrx_word' id='word_1_32' title='bbox 478 540 578 581; x_wconf 85' lang='lat' dir='ltr'>terris,</span> <span class='ocrx_word' id='word_1_33' title='bbox 593 539 654 584; x_wconf 87' lang='lat' dir='ltr'>qui,</span> <span class='ocrx_word' id='word_1_34' title='bbox 680 549 854 583; x_wconf 88' lang='lat' dir='ltr'>pauperum</span> <span class='ocrx_word' id='word_1_35' title='bbox 880 549 988 571; x_wconf 86' lang='lat' dir='ltr'>euram</span> 
     </span>
     <span class='ocr_line' id='line_1_12' title="bbox 251 591 988 637; baseline -0.005 -10"><span class='ocrx_word' id='word_1_36' title='bbox 251 595 397 628; x_wconf 86' lang='lat' dir='ltr'>fidelibus</span> <span class='ocrx_word' id='word_1_37' title='bbox 423 594 486 626; x_wconf 88' lang='lat' dir='ltr'>suis</span> <span class='ocrx_word' id='word_1_38' title='bbox 509 593 726 637; x_wconf 81' lang='lat' dir='ltr'>praecipiens,</span> <span class='ocrx_word' id='word_1_39' title='bbox 759 591 841 635; x_wconf 85' lang='lat' dir='ltr'>quod</span> <span class='ocrx_word' id='word_1_40' title='bbox 874 592 927 624; x_wconf 92' lang='lat' dir='ltr'>uni</span> <span class='ocrx_word' id='word_1_41' title='bbox 953 602 988 624; x_wconf 80' lang='lat' dir='ltr'>ex</span> 
     </span>
     <span class='ocr_line' id='line_1_13' title="bbox 251 644 989 687; baseline -0.005 -7"><span class='ocrx_word' id='word_1_42' title='bbox 251 648 313 680; x_wconf 91' lang='lat' dir='ltr'>illis</span> <span class='ocrx_word' id='word_1_43' title='bbox 337 647 447 687; x_wconf 85' lang='lat' dir='ltr'>fieret,</span> <span class='ocrx_word' id='word_1_44' title='bbox 472 647 528 679; x_wconf 89' lang='lat' dir='ltr'>sibi</span> <span class='ocrx_word' id='word_1_45' title='bbox 562 647 675 679; x_wconf 86' lang='lat' dir='ltr'>sactum</span> <span class='ocrx_word' id='word_1_46' title='bbox 707 645 860 685; x_wconf 83' lang='lat' dir='ltr'>asseruit,</span> <span class='ocrx_word' id='word_1_47' title='bbox 885 644 917 677; x_wconf 93' lang='lat' dir='ltr'>in</span> <span class='ocrx_word' id='word_1_48' title='bbox 941 644 989 677; x_wconf 88' lang='lat' dir='ltr'>liis</span> 
     </span>
     <span class='ocr_line' id='line_1_14' title="bbox 250 699 990 746; baseline -0.004 -12"><span class='ocrx_word' id='word_1_49' title='bbox 250 701 416 746; x_wconf 86' lang='lat' dir='ltr'>pastoralis</span> <span class='ocrx_word' id='word_1_50' title='bbox 440 701 533 734; x_wconf 81' lang='lat' dir='ltr'>officii</span> <span class='ocrx_word' id='word_1_51' title='bbox 557 700 655 734; x_wconf 89' lang='lat' dir='ltr'>nostri</span> <span class='ocrx_word' id='word_1_52' title='bbox 680 704 785 744; x_wconf 85' lang='lat' dir='ltr'>partes</span> <span class='ocrx_word' id='word_1_53' title='bbox 810 699 921 732; x_wconf 76' lang='lat' dir='ltr'>affectu</span> <span class='ocrx_word' id='word_1_54' title='bbox 939 710 990 743; x_wconf 90' lang='lat' dir='ltr'>pa-</span> 
     </span>
     <span class='ocr_line' id='line_1_15' title="bbox 251 753 990 798; baseline -0.003 -10"><span class='ocrx_word' id='word_1_55' title='bbox 251 761 341 788; x_wconf 88' lang='lat' dir='ltr'>terno</span> <span class='ocrx_word' id='word_1_56' title='bbox 363 755 497 787; x_wconf 78' lang='lat' dir='ltr'>libenter</span> <span class='ocrx_word' id='word_1_57' title='bbox 514 753 754 798; x_wconf 78' lang='lat' dir='ltr'>interponimus,</span> <span class='ocrx_word' id='word_1_58' title='bbox 772 763 828 797; x_wconf 91' lang='lat' dir='ltr'>per</span> <span class='ocrx_word' id='word_1_59' title='bbox 845 764 924 797; x_wconf 85' lang='lat' dir='ltr'>quae</span> <span class='ocrx_word' id='word_1_60' title='bbox 941 764 990 786; x_wconf 85' lang='lat' dir='ltr'>eo-</span> 
     </span>
     <span class='ocr_line' id='line_1_16' title="bbox 251 807 989 852; baseline -0.003 -10"><span class='ocrx_word' id='word_1_61' title='bbox 251 808 394 842; x_wconf 86' lang='lat' dir='ltr'>rumdem</span> <span class='ocrx_word' id='word_1_62' title='bbox 419 818 605 852; x_wconf 87' lang='lat' dir='ltr'>pauperum,</span> <span class='ocrx_word' id='word_1_63' title='bbox 623 812 652 840; x_wconf 91' lang='lat' dir='ltr'>et</span> <span class='ocrx_word' id='word_1_64' title='bbox 672 808 858 851; x_wconf 84' lang='lat' dir='ltr'>praesertim</span> <span class='ocrx_word' id='word_1_65' title='bbox 877 818 932 851; x_wconf 87' lang='lat' dir='ltr'>per</span> <span class='ocrx_word' id='word_1_66' title='bbox 950 807 989 840; x_wconf 68' lang='lat' dir='ltr'>ri-</span> 
     </span>
     <span class='ocr_line' id='line_1_17' title="bbox 251 860 987 905; baseline -0.001 -11"><span class='ocrx_word' id='word_1_67' title='bbox 251 872 304 894; x_wconf 85' lang='lat' dir='ltr'>cos</span> <span class='ocrx_word' id='word_1_68' title='bbox 328 866 356 894; x_wconf 89' lang='lat' dir='ltr'>et</span> <span class='ocrx_word' id='word_1_69' title='bbox 379 861 497 905; x_wconf 89' lang='lat' dir='ltr'>plateas</span> <span class='ocrx_word' id='word_1_70' title='bbox 521 861 776 903; x_wconf 70' lang='lat' dir='ltr'>mendicantium,</span> <span class='ocrx_word' id='word_1_71' title='bbox 797 860 987 893; x_wconf 86' lang='lat' dir='ltr'>necessitati-</span> 
     </span>
     <span class='ocr_line' id='line_1_18' title="bbox 250 914 881 959; baseline -0.002 -12"><span class='ocrx_word' id='word_1_72' title='bbox 250 914 309 948; x_wconf 87' lang='lat' dir='ltr'>bus</span> <span class='ocrx_word' id='word_1_73' title='bbox 333 920 509 959; x_wconf 74' lang='lat' dir='ltr'>opportune</span> <span class='ocrx_word' id='word_1_74' title='bbox 533 914 654 948; x_wconf 84' lang='lat' dir='ltr'>consuli</span> <span class='ocrx_word' id='word_1_75' title='bbox 679 914 881 946; x_wconf 86' lang='lat' dir='ltr'>arbitrauuir.</span> 
     </span>
    </p>

    <p class='ocr_par' dir='ltr' id='par_1_8' title="bbox 253 966 1011 2086">
     <span class='ocr_line' id='line_1_19' title="bbox 297 966 989 1012; baseline -0.003 -11"><span class='ocrx_word' id='word_1_76' title='bbox 297 968 312 1012; x_wconf 65' lang='lat' dir='ltr'>g</span> <span class='ocrx_word' id='word_1_77' title='bbox 336 968 364 1001; x_wconf 81' lang='grc'>1.</span> <span class='ocrx_word' id='word_1_78' title='bbox 389 968 464 1001; x_wconf 90' lang='lat' dir='ltr'>Cum</span> <span class='ocrx_word' id='word_1_79' title='bbox 490 968 594 1011; x_wconf 88' lang='lat' dir='ltr'>itaque</span> <span class='ocrx_word' id='word_1_80' title='bbox 613 967 777 1001; x_wconf 68' lang='lat' dir='ltr'>retroactis</span> <span class='ocrx_word' id='word_1_81' title='bbox 795 966 989 1011; x_wconf 74' lang='lat' dir='ltr'>temporibus</span> 
     </span>
     <span class='ocr_line' id='line_1_20' title="bbox 253 1021 989 1061; baseline -0.001 -7"><span class='ocrx_word' id='word_1_82' title='bbox 253 1021 351 1054; x_wconf 81' lang='lat' dir='ltr'>felicis</span> <span class='ocrx_word' id='word_1_83' title='bbox 376 1021 602 1054; x_wconf 89' lang='lat' dir='ltr'>recordationis</span> <span class='ocrx_word' id='word_1_84' title='bbox 626 1021 722 1054; x_wconf 81' lang='lat' dir='ltr'>lulius</span> <span class='ocrx_word' id='word_1_85' title='bbox 739 1021 781 1061; x_wconf 91' lang='lat' dir='ltr'>II,</span> <span class='ocrx_word' id='word_1_86' title='bbox 798 1021 859 1054; x_wconf 87' lang='lat' dir='ltr'>Leo</span> <span class='ocrx_word' id='word_1_87' title='bbox 875 1021 909 1061; x_wconf 81' lang='lat' dir='ltr'>X,</span> <span class='ocrx_word' id='word_1_88' title='bbox 927 1021 989 1054; x_wconf 87' lang='lat' dir='ltr'>Cle-</span> 
     </span>
     <span class='ocr_line' id='line_1_21' title="bbox 254 1073 989 1115; baseline 0 -9"><span class='ocrx_word' id='word_1_89' title='bbox 254 1085 342 1107; x_wconf 90' lang='lat' dir='ltr'>mens</span> <span class='ocrx_word' id='word_1_90' title='bbox 356 1074 417 1115; x_wconf 64' lang='lat' dir='ltr'>Vll,</span> <span class='ocrx_word' id='word_1_91' title='bbox 432 1075 544 1107; x_wconf 84' lang='lat' dir='ltr'>Paulus</span> <span class='ocrx_word' id='word_1_92' title='bbox 560 1074 609 1115; x_wconf 89' lang='lat' dir='ltr'>Ill,</span> <span class='ocrx_word' id='word_1_93' title='bbox 628 1080 655 1107; x_wconf 91' lang='lat' dir='ltr'>et</span> <span class='ocrx_word' id='word_1_94' title='bbox 670 1074 719 1106; x_wconf 91' lang='lat' dir='ltr'>alii</span> <span class='ocrx_word' id='word_1_95' title='bbox 739 1074 843 1106; x_wconf 88' lang='lat' dir='ltr'>forsan</span> <span class='ocrx_word' id='word_1_96' title='bbox 858 1073 989 1106; x_wconf 82' lang='lat' dir='ltr'>Romani</span> 
     </span>
     <span class='ocr_line' id='line_1_22' title="bbox 254 1127 989 1172; baseline 0 -11"><span class='ocrx_word' id='word_1_97' title='bbox 254 1127 418 1161; x_wconf 78' lang='lat' dir='ltr'>Pontifices</span> <span class='ocrx_word' id='word_1_98' title='bbox 434 1127 693 1172; x_wconf 75' lang='lat' dir='ltr'>praedecessores</span> <span class='ocrx_word' id='word_1_99' title='bbox 714 1127 823 1169; x_wconf 87' lang='lat' dir='ltr'>nostri,</span> <span class='ocrx_word' id='word_1_100' title='bbox 840 1132 874 1160; x_wconf 88' lang='lat' dir='ltr'>ut</span> <span class='ocrx_word' id='word_1_101' title='bbox 891 1127 922 1160; x_wconf 92' lang='lat' dir='ltr'>in</span> <span class='ocrx_word' id='word_1_102' title='bbox 936 1127 989 1161; x_wconf 87' lang='lat' dir='ltr'>ho-</span> 
     </span>
     <span class='ocr_line' id='line_1_23' title="bbox 253 1180 989 1226; baseline 0.001 -12"><span class='ocrx_word' id='word_1_103' title='bbox 253 1191 362 1214; x_wconf 86' lang='lat' dir='ltr'>norem</span> <span class='ocrx_word' id='word_1_104' title='bbox 388 1181 540 1225; x_wconf 83' lang='lat' dir='ltr'>Prineipis</span> <span class='ocrx_word' id='word_1_105' title='bbox 564 1181 785 1226; x_wconf 81' lang='lat' dir='ltr'>Apostolorum</span> <span class='ocrx_word' id='word_1_106' title='bbox 807 1180 937 1214; x_wconf 86' lang='lat' dir='ltr'>basilica</span> <span class='ocrx_word' id='word_1_107' title='bbox 957 1193 989 1215; x_wconf 87' lang='lat' dir='ltr'>o-</span> 
     </span>
     <span class='ocr_line' id='line_1_24' title="bbox 253 1235 988 1279; baseline 0 -12"><span class='ocrx_word' id='word_1_108' title='bbox 253 1245 329 1279; x_wconf 90' lang='lat' dir='ltr'>pere</span> <span class='ocrx_word' id='word_1_109' title='bbox 352 1245 446 1279; x_wconf 87' lang='lat' dir='ltr'>supra</span> <span class='ocrx_word' id='word_1_110' title='bbox 471 1241 589 1268; x_wconf 87' lang='lat' dir='ltr'>ceteras</span> <span class='ocrx_word' id='word_1_111' title='bbox 614 1235 781 1278; x_wconf 83' lang='lat' dir='ltr'>magnifico</span> <span class='ocrx_word' id='word_1_112' title='bbox 806 1240 832 1267; x_wconf 86' lang='lat' dir='ltr'>et</span> <span class='ocrx_word' id='word_1_113' title='bbox 855 1235 988 1278; x_wconf 80' lang='lat' dir='ltr'>eleganti</span> 
     </span>
     <span class='ocr_line' id='line_1_25' title="bbox 255 1289 989 1332; baseline 0.001 -11"><span class='ocrx_word' id='word_1_114' title='bbox 255 1289 284 1322; x_wconf 88' lang='lat' dir='ltr'>in</span> <span class='ocrx_word' id='word_1_115' title='bbox 309 1289 367 1321; x_wconf 88' lang='lat' dir='ltr'>liae</span> <span class='ocrx_word' id='word_1_116' title='bbox 391 1289 473 1321; x_wconf 81' lang='lat' dir='ltr'>alma</span> <span class='ocrx_word' id='word_1_117' title='bbox 499 1289 581 1321; x_wconf 86' lang='lat' dir='ltr'>Urbe</span> <span class='ocrx_word' id='word_1_118' title='bbox 604 1290 712 1322; x_wconf 81' lang='lat' dir='ltr'>nostra</span> <span class='ocrx_word' id='word_1_119' title='bbox 742 1294 989 1332; x_wconf 78' lang='lat' dir='ltr'>construeretur,</span> 
     </span>
     <span class='ocr_line' id='line_1_26' title="bbox 254 1342 990 1388; baseline 0.001 -13"><span class='ocrx_word' id='word_1_120' title='bbox 254 1342 481 1388; x_wconf 74' lang='lat' dir='ltr'>perpendentes</span> <span class='ocrx_word' id='word_1_121' title='bbox 511 1353 582 1375; x_wconf 86' lang='lat' dir='ltr'>suas</span> <span class='ocrx_word' id='word_1_122' title='bbox 612 1347 641 1375; x_wconf 90' lang='lat' dir='ltr'>et</span> <span class='ocrx_word' id='word_1_123' title='bbox 672 1343 869 1387; x_wconf 82' lang='lat' dir='ltr'>Apostolicae</span> <span class='ocrx_word' id='word_1_124' title='bbox 902 1343 990 1376; x_wconf 79' lang='lat' dir='ltr'>Sedis</span> 
     </span>
     <span class='ocr_line' id='line_1_27' title="bbox 257 1396 1009 1438; baseline 0 -8"><span class='ocrx_word' id='word_1_125' title='bbox 257 1398 415 1430; x_wconf 81' lang='lat' dir='ltr'>facultates</span> <span class='ocrx_word' id='word_1_126' title='bbox 439 1396 476 1429; x_wconf 90' lang='lat' dir='ltr'>ad</span> <span class='ocrx_word' id='word_1_127' title='bbox 501 1396 531 1428; x_wconf 91' lang='lat' dir='ltr'>id</span> <span class='ocrx_word' id='word_1_128' title='bbox 556 1397 684 1429; x_wconf 87' lang='lat' dir='ltr'>minime</span> <span class='ocrx_word' id='word_1_129' title='bbox 715 1397 920 1438; x_wconf 75' lang='lat' dir='ltr'>suffecturas,</span> <span class='ocrx_word' id='word_1_130' title='bbox 945 1398 1009 1434; x_wconf 41' lang='lat' dir='ltr'>sa-.</span> 
     </span>
     <span class='ocr_line' id='line_1_28' title="bbox 257 1450 1009 1494; baseline 0.001 -11"><span class='ocrx_word' id='word_1_131' title='bbox 257 1450 361 1484; x_wconf 86' lang='lat' dir='ltr'>bricae</span> <span class='ocrx_word' id='word_1_132' title='bbox 375 1450 473 1484; x_wconf 84' lang='lat' dir='ltr'>dictae</span> <span class='ocrx_word' id='word_1_133' title='bbox 497 1450 653 1491; x_wconf 78' lang='lat' dir='ltr'>basilicae,</span> <span class='ocrx_word' id='word_1_134' title='bbox 679 1461 731 1483; x_wconf 91' lang='lat' dir='ltr'>seu</span> <span class='ocrx_word' id='word_1_135' title='bbox 757 1451 822 1483; x_wconf 82' lang='lat' dir='ltr'>eius</span> <span class='ocrx_word' id='word_1_136' title='bbox 847 1451 1009 1494; x_wconf 44' lang='lat' dir='ltr'>cohegios</span> 
     </span>
     <span class='ocr_line' id='line_1_29' title="bbox 259 1505 1009 1549; baseline 0.003 -12"><span class='ocrx_word' id='word_1_137' title='bbox 259 1505 339 1538; x_wconf 89' lang='lat' dir='ltr'>inter</span> <span class='ocrx_word' id='word_1_138' title='bbox 371 1505 445 1537; x_wconf 88' lang='lat' dir='ltr'>alias</span> <span class='ocrx_word' id='word_1_139' title='bbox 475 1505 581 1549; x_wconf 86' lang='lat' dir='ltr'>plures</span> <span class='ocrx_word' id='word_1_140' title='bbox 612 1505 743 1548; x_wconf 75' lang='lat' dir='ltr'>gratias,</span> <span class='ocrx_word' id='word_1_141' title='bbox 779 1506 938 1539; x_wconf 74' lang='lat' dir='ltr'>facultates</span> <span class='ocrx_word' id='word_1_142' title='bbox 963 1513 1009 1539; x_wconf 42' lang='lat' dir='ltr'>eti</span> 
     </span>
     <span class='ocr_line' id='line_1_30' title="bbox 257 1559 1010 1603; baseline 0 -12"><span class='ocrx_word' id='word_1_143' title='bbox 257 1559 430 1603; x_wconf 73' lang='lat' dir='ltr'>privilegia,</span> <span class='ocrx_word' id='word_1_144' title='bbox 447 1559 669 1603; x_wconf 77' lang='lat' dir='ltr'>applicaverint</span> <span class='ocrx_word' id='word_1_145' title='bbox 684 1559 784 1602; x_wconf 81' lang='lat' dir='ltr'>legata</span> <span class='ocrx_word' id='word_1_146' title='bbox 802 1560 989 1603; x_wconf 79' lang='lat' dir='ltr'>pauperibus</span> <span class='ocrx_word' id='word_1_147' title='bbox 1008 1584 1010 1599; x_wconf 49' lang='lat'>2</span> 
     </span>
     <span class='ocr_line' id='line_1_31' title="bbox 258 1612 989 1656; baseline 0 -11"><span class='ocrx_word' id='word_1_148' title='bbox 258 1613 288 1645; x_wconf 91' lang='lat' dir='ltr'>in</span> <span class='ocrx_word' id='word_1_149' title='bbox 314 1623 428 1655; x_wconf 85' lang='lat' dir='ltr'>genere</span> <span class='ocrx_word' id='word_1_150' title='bbox 454 1613 519 1645; x_wconf 91' lang='lat' dir='ltr'>sine</span> <span class='ocrx_word' id='word_1_151' title='bbox 537 1612 661 1656; x_wconf 87' lang='lat' dir='ltr'>speciali</span> <span class='ocrx_word' id='word_1_152' title='bbox 685 1612 943 1645; x_wconf 76' lang='lat' dir='ltr'>determinatione</span> <span class='ocrx_word' id='word_1_153' title='bbox 963 1618 989 1646; x_wconf 89' lang='lat' dir='ltr'>et</span> 
     </span>
     <span class='ocr_line' id='line_1_32' title="bbox 257 1666 993 1710; baseline 0.001 -11"><span class='ocrx_word' id='word_1_154' title='bbox 257 1666 397 1710; x_wconf 87' lang='lat' dir='ltr'>propriis</span> <span class='ocrx_word' id='word_1_155' title='bbox 421 1666 601 1699; x_wconf 86' lang='lat' dir='ltr'>nominibus</span> <span class='ocrx_word' id='word_1_156' title='bbox 626 1677 831 1710; x_wconf 88' lang='lat' dir='ltr'>personarum</span> <span class='ocrx_word' id='word_1_157' title='bbox 858 1677 920 1700; x_wconf 90' lang='lat' dir='ltr'>non</span> <span class='ocrx_word' id='word_1_158' title='bbox 945 1678 993 1700; x_wconf 80' lang='lat' dir='ltr'>ex-</span> 
     </span>
     <span class='ocr_line' id='line_1_33' title="bbox 256 1719 993 1764; baseline 0.003 -13"><span class='ocrx_word' id='word_1_159' title='bbox 256 1719 374 1764; x_wconf 82' lang='lat' dir='ltr'>pressis</span> <span class='ocrx_word' id='word_1_160' title='bbox 399 1720 523 1759; x_wconf 81' lang='lat' dir='ltr'>relicta3</span> <span class='ocrx_word' id='word_1_161' title='bbox 549 1730 684 1763; x_wconf 88' lang='lat' dir='ltr'>cumque</span> <span class='ocrx_word' id='word_1_162' title='bbox 705 1720 796 1752; x_wconf 91' lang='lat' dir='ltr'>huius</span> <span class='ocrx_word' id='word_1_163' title='bbox 813 1721 993 1763; x_wconf 81' lang='lat' dir='ltr'>applicatio—</span> 
     </span>
     <span class='ocr_line' id='line_1_34' title="bbox 257 1764 1011 1818; baseline 0.001 -12"><span class='ocrx_word' id='word_1_164' title='bbox 257 1773 304 1806; x_wconf 84' lang='lat' dir='ltr'>nis</span> <span class='ocrx_word' id='word_1_165' title='bbox 319 1773 438 1807; x_wconf 87' lang='lat' dir='ltr'>ratione</span> <span class='ocrx_word' id='word_1_166' title='bbox 459 1784 624 1818; x_wconf 86' lang='lat' dir='ltr'>pauperes,</span> <span class='ocrx_word' id='word_1_167' title='bbox 645 1779 674 1807; x_wconf 89' lang='lat' dir='ltr'>et</span> <span class='ocrx_word' id='word_1_168' title='bbox 693 1774 892 1817; x_wconf 85' lang='lat' dir='ltr'>potissimum</span> <span class='ocrx_word' id='word_1_169' title='bbox 910 1764 1011 1808; x_wconf 62' lang='lat' dir='ltr'>men-3</span> 
     </span>
     <span class='ocr_line' id='line_1_35' title="bbox 257 1826 990 1871; baseline 0.003 -13"><span class='ocrx_word' id='word_1_170' title='bbox 257 1826 410 1867; x_wconf 88' lang='lat' dir='ltr'>dicantes,</span> <span class='ocrx_word' id='word_1_171' title='bbox 436 1827 546 1870; x_wconf 76' lang='lat' dir='ltr'>legatis</span> <span class='ocrx_word' id='word_1_172' title='bbox 571 1827 628 1859; x_wconf 84' lang='lat' dir='ltr'>sibi</span> <span class='ocrx_word' id='word_1_173' title='bbox 660 1827 777 1860; x_wconf 87' lang='lat' dir='ltr'>relictis</span> <span class='ocrx_word' id='word_1_174' title='bbox 806 1827 918 1871; x_wconf 68' lang='lat' dir='ltr'>privati</span> <span class='ocrx_word' id='word_1_175' title='bbox 941 1838 990 1860; x_wconf 65' lang='lat' dir='ltr'>rc&lt;</span> 
     </span>
     <span class='ocr_line' id='line_1_36' title="bbox 257 1880 991 1925; baseline 0.001 -13"><span class='ocrx_word' id='word_1_176' title='bbox 257 1886 412 1921; x_wconf 86' lang='lat' dir='ltr'>maneant,</span> <span class='ocrx_word' id='word_1_177' title='bbox 438 1880 590 1924; x_wconf 88' lang='lat' dir='ltr'>multique</span> <span class='ocrx_word' id='word_1_178' title='bbox 614 1881 655 1925; x_wconf 89' lang='lat' dir='ltr'>pii</span> <span class='ocrx_word' id='word_1_179' title='bbox 682 1881 789 1914; x_wconf 81' lang='lat' dir='ltr'>fideles</span> <span class='ocrx_word' id='word_1_180' title='bbox 810 1881 926 1914; x_wconf 87' lang='lat' dir='ltr'>retrahi</span> <span class='ocrx_word' id='word_1_181' title='bbox 946 1882 991 1914; x_wconf 73' lang='lat' dir='ltr'>vel</span> 
     </span>
     <span class='ocr_line' id='line_1_37' title="bbox 257 1935 1011 1979; baseline 0 -12"><span class='ocrx_word' id='word_1_182' title='bbox 257 1935 364 1968; x_wconf 86' lang='lat' dir='ltr'>saltem</span> <span class='ocrx_word' id='word_1_183' title='bbox 383 1935 569 1978; x_wconf 86' lang='lat' dir='ltr'>taepidiores</span> <span class='ocrx_word' id='word_1_184' title='bbox 586 1935 673 1967; x_wconf 84' lang='lat' dir='ltr'>reddi</span> <span class='ocrx_word' id='word_1_185' title='bbox 695 1935 814 1979; x_wconf 87' lang='lat' dir='ltr'>possint</span> <span class='ocrx_word' id='word_1_186' title='bbox 834 1935 871 1967; x_wconf 91' lang='lat' dir='ltr'>ad</span> <span class='ocrx_word' id='word_1_187' title='bbox 897 1935 992 1968; x_wconf 87' lang='lat' dir='ltr'>relin-</span> <span class='ocrx_word' id='word_1_188' title='bbox 1009 1951 1011 1954; x_wconf 59' lang='lat'>&gt;</span> 
     </span>
     <span class='ocr_line' id='line_1_38' title="bbox 258 1988 1011 2033; baseline 0.001 -13"><span class='ocrx_word' id='word_1_189' title='bbox 258 1988 415 2031; x_wconf 88' lang='lat' dir='ltr'>quendum</span> <span class='ocrx_word' id='word_1_190' title='bbox 440 1988 540 2032; x_wconf 85' lang='lat' dir='ltr'>legata</span> <span class='ocrx_word' id='word_1_191' title='bbox 558 1989 619 2033; x_wconf 86' lang='lat' dir='ltr'>pia,</span> <span class='ocrx_word' id='word_1_192' title='bbox 637 2000 715 2032; x_wconf 87' lang='lat' dir='ltr'>quae</span> <span class='ocrx_word' id='word_1_193' title='bbox 733 1989 807 2022; x_wconf 78' lang='lat' dir='ltr'>alias</span> <span class='ocrx_word' id='word_1_194' title='bbox 822 1989 852 2021; x_wconf 92' lang='lat' dir='ltr'>in</span> <span class='ocrx_word' id='word_1_195' title='bbox 870 2000 993 2022; x_wconf 91' lang='lat' dir='ltr'>eorum·</span> <span class='ocrx_word' id='word_1_196' title='bbox 1010 1997 1011 2013; x_wconf 67' lang='lat' dir='ltr'>t</span> 
     </span>
     <span class='ocr_line' id='line_1_39' title="bbox 258 2041 990 2086; baseline 0.003 -13"><span class='ocrx_word' id='word_1_197' title='bbox 258 2041 328 2074; x_wconf 87' lang='lat' dir='ltr'>deni</span> <span class='ocrx_word' id='word_1_198' title='bbox 353 2052 528 2086; x_wconf 87' lang='lat' dir='ltr'>pauperum</span> <span class='ocrx_word' id='word_1_199' title='bbox 552 2043 751 2076; x_wconf 88' lang='lat' dir='ltr'>commodum</span> <span class='ocrx_word' id='word_1_200' title='bbox 778 2043 916 2076; x_wconf 87' lang='lat' dir='ltr'>relicturi</span> <span class='ocrx_word' id='word_1_201' title='bbox 938 2054 990 2076; x_wconf 88' lang='lat' dir='ltr'>es-</span> 
     </span>
    </p>
   </div>
   <div class='ocr_carea' id='block_1_8' title="bbox 258 2139 997 2399">
    <p class='ocr_par' dir='ltr' id='par_1_9' title="bbox 258 2139 997 2399">
     <span class='ocr_line' id='line_1_40' title="bbox 298 2139 995 2176; baseline 0.004 -11"><span class='ocrx_word' id='word_1_202' title='bbox 298 2141 304 2165; x_wconf 92' lang='lat' dir='ltr'>t</span> <span class='ocrx_word' id='word_1_203' title='bbox 331 2139 366 2166; x_wconf 82' lang='lat' dir='ltr'>lle</span> <span class='ocrx_word' id='word_1_204' title='bbox 386 2139 436 2166; x_wconf 87' lang='lat' dir='ltr'>hae</span> <span class='ocrx_word' id='word_1_205' title='bbox 456 2141 567 2167; x_wconf 73' lang='lat' dir='ltr'>materia</span> <span class='ocrx_word' id='word_1_206' title='bbox 594 2140 676 2167; x_wconf 90' lang='lat' dir='ltr'>lulius</span> <span class='ocrx_word' id='word_1_207' title='bbox 703 2141 724 2167; x_wconf 95' lang='lat' dir='ltr'>ll</span> <span class='ocrx_word' id='word_1_208' title='bbox 752 2140 863 2167; x_wconf 82' lang='lat' dir='ltr'>Constit.</span> <span class='ocrx_word' id='word_1_209' title='bbox 893 2141 995 2176; x_wconf 74' lang='lat' dir='ltr'>Liquet</span> 
     </span>
     <span class='ocr_line' id='line_1_41' title="bbox 258 2184 996 2220; baseline 0 -9"><span class='ocrx_word' id='word_1_210' title='bbox 258 2184 404 2217; x_wconf 77' lang='lat' dir='ltr'>omnibus,</span> <span class='ocrx_word' id='word_1_211' title='bbox 427 2189 489 2212; x_wconf 90' lang='lat' dir='ltr'>tom.</span> <span class='ocrx_word' id='word_1_212' title='bbox 511 2192 536 2218; x_wconf 84' lang='lat' dir='ltr'>v,</span> <span class='ocrx_word' id='word_1_213' title='bbox 558 2193 617 2220; x_wconf 79' lang='lat' dir='ltr'>pag.</span> <span class='ocrx_word' id='word_1_214' title='bbox 641 2186 702 2217; x_wconf 69' lang='lat'>481¹,</span> <span class='ocrx_word' id='word_1_215' title='bbox 723 2185 845 2212; x_wconf 88' lang='lat' dir='ltr'>Clemens</span> <span class='ocrx_word' id='word_1_216' title='bbox 865 2185 908 2212; x_wconf 88' lang='lat' dir='ltr'>VlI</span> <span class='ocrx_word' id='word_1_217' title='bbox 929 2186 996 2211; x_wconf 59' lang='lat' dir='ltr'>tion-</span> 
     </span>
     <span class='ocr_line' id='line_1_42' title="bbox 259 2229 995 2264; baseline -0.001 -8"><span class='ocrx_word' id='word_1_218' title='bbox 259 2229 314 2256; x_wconf 78' lang='lat' dir='ltr'>stit..</span> <span class='ocrx_word' id='word_1_219' title='bbox 331 2235 359 2255; x_wconf 88' lang='lat' dir='ltr'>iii</span> <span class='ocrx_word' id='word_1_220' title='bbox 380 2229 531 2263; x_wconf 77' lang='lat' dir='ltr'>Admonet,</span> <span class='ocrx_word' id='word_1_221' title='bbox 553 2233 616 2256; x_wconf 86' lang='lat' dir='ltr'>tom.</span> <span class='ocrx_word' id='word_1_222' title='bbox 638 2237 673 2263; x_wconf 78' lang='lat' dir='ltr'>vi,</span> <span class='ocrx_word' id='word_1_223' title='bbox 696 2238 755 2264; x_wconf 78' lang='lat' dir='ltr'>pag.</span> <span class='ocrx_word' id='word_1_224' title='bbox 777 2230 819 2260; x_wconf 65' lang='lat'>48,</span> <span class='ocrx_word' id='word_1_225' title='bbox 841 2232 867 2256; x_wconf 83' lang='lat' dir='ltr'>et</span> <span class='ocrx_word' id='word_1_226' title='bbox 887 2229 995 2256; x_wconf 90' lang='lat' dir='ltr'>Consti-</span> 
     </span>
     <span class='ocr_line' id='line_1_43' title="bbox 260 2273 997 2310; baseline -0.001 -10"><span class='ocrx_word' id='word_1_227' title='bbox 260 2277 308 2300; x_wconf 88' lang='lat' dir='ltr'>tut.</span> <span class='ocrx_word' id='word_1_228' title='bbox 330 2279 367 2301; x_wconf 79' lang='lat' dir='ltr'>xii</span> <span class='ocrx_word' id='word_1_229' title='bbox 388 2274 514 2304; x_wconf 76' lang='lat' dir='ltr'>Dudum,</span> <span class='ocrx_word' id='word_1_230' title='bbox 535 2274 611 2304; x_wconf 75' lang='lat' dir='ltr'>ibid..</span> <span class='ocrx_word' id='word_1_231' title='bbox 633 2283 692 2310; x_wconf 80' lang='lat' dir='ltr'>pag.</span> <span class='ocrx_word' id='word_1_232' title='bbox 716 2275 760 2307; x_wconf 71' lang='lat'>753</span> <span class='ocrx_word' id='word_1_233' title='bbox 782 2274 880 2301; x_wconf 80' lang='lat' dir='ltr'>Paulus</span> <span class='ocrx_word' id='word_1_234' title='bbox 895 2273 930 2300; x_wconf 91' lang='lat' dir='ltr'>lll</span> <span class='ocrx_word' id='word_1_235' title='bbox 950 2273 997 2309; x_wconf 89' lang='lat' dir='ltr'>qui</span> 
     </span>
     <span class='ocr_line' id='line_1_44' title="bbox 259 2318 996 2354; baseline -0.003 -8"><span class='ocrx_word' id='word_1_236' title='bbox 259 2318 341 2346; x_wconf 81' lang='lat' dir='ltr'>refert.</span> <span class='ocrx_word' id='word_1_237' title='bbox 361 2319 473 2345; x_wconf 82' lang='lat' dir='ltr'>Constit.</span> <span class='ocrx_word' id='word_1_238' title='bbox 496 2325 565 2352; x_wconf 59' lang='grc' dir='ltr'>κων,</span> <span class='ocrx_word' id='word_1_239' title='bbox 586 2318 670 2348; x_wconf 81' lang='lat' dir='ltr'>ibid..</span> <span class='ocrx_word' id='word_1_240' title='bbox 688 2327 747 2354; x_wconf 81' lang='lat' dir='ltr'>pag.</span> <span class='ocrx_word' id='word_1_241' title='bbox 771 2320 837 2351; x_wconf 43' lang='lat'>3&#39;263</span> <span class='ocrx_word' id='word_1_242' title='bbox 859 2319 943 2345; x_wconf 84' lang='lat' dir='ltr'>Iulius</span> <span class='ocrx_word' id='word_1_243' title='bbox 964 2318 996 2344; x_wconf 86' lang='grc' dir='ltr'>ΙΙΙ</span> 
     </span>
     <span class='ocr_line' id='line_1_45' title="bbox 259 2362 996 2399; baseline -0.001 -10"><span class='ocrx_word' id='word_1_244' title='bbox 259 2362 361 2389; x_wconf 86' lang='lat' dir='ltr'>Constit</span> <span class='ocrx_word' id='word_1_245' title='bbox 388 2368 441 2388; x_wconf 82' lang='lat' dir='ltr'>xvii</span> <span class='ocrx_word' id='word_1_246' title='bbox 457 2364 635 2397; x_wconf 76' lang='lat' dir='ltr'>Accepimus,</span> <span class='ocrx_word' id='word_1_247' title='bbox 649 2363 726 2394; x_wconf 61' lang='lat' dir='ltr'>ibid..</span> <span class='ocrx_word' id='word_1_248' title='bbox 742 2372 802 2399; x_wconf 84' lang='lat' dir='ltr'>pag.</span> <span class='ocrx_word' id='word_1_249' title='bbox 814 2364 876 2396; x_wconf 73' lang='lat'>4453</span> <span class='ocrx_word' id='word_1_250' title='bbox 894 2363 956 2390; x_wconf 87' lang='lat' dir='ltr'>Pius</span> <span class='ocrx_word' id='word_1_251' title='bbox 967 2363 996 2389; x_wconf 78' lang='lat' dir='ltr'>ll&#39;</span> 
     </span>
    </p>
   </div>
   <div class='ocr_carea' id='block_1_9' title="bbox 259 2401 1016 2442">
    <p class='ocr_par' dir='ltr' id='par_1_10' title="bbox 259 2401 1016 2442">
     <span class='ocr_line' id='line_1_46' title="bbox 259 2401 1016 2442; baseline -0.001 -8"><span class='ocrx_word' id='word_1_252' title='bbox 259 2407 369 2434; x_wconf 86' lang='lat' dir='ltr'>Constit.</span> <span class='ocrx_word' id='word_1_253' title='bbox 384 2408 423 2434; x_wconf 79' lang='lat' dir='ltr'>De</span> <span class='ocrx_word' id='word_1_254' title='bbox 434 2408 594 2441; x_wconf 67' lang='lat' dir='ltr'>commisso,</span> <span class='ocrx_word' id='word_1_255' title='bbox 608 2412 670 2434; x_wconf 87' lang='lat' dir='ltr'>tom.</span> <span class='ocrx_word' id='word_1_256' title='bbox 687 2415 734 2439; x_wconf 88' lang='lat' dir='ltr'>vii,</span> <span class='ocrx_word' id='word_1_257' title='bbox 752 2416 813 2442; x_wconf 81' lang='lat' dir='ltr'>pag.</span> <span class='ocrx_word' id='word_1_258' title='bbox 826 2408 888 2439; x_wconf 51' lang='lat'>92&amp;</span> <span class='ocrx_word' id='word_1_259' title='bbox 906 2408 967 2434; x_wconf 86' lang='lat' dir='ltr'>Pius</span> <span class='ocrx_word' id='word_1_260' title='bbox 976 2408 998 2433; x_wconf 79' lang='lat' dir='ltr'>V</span> <span class='ocrx_word' id='word_1_261' title='bbox 1014 2401 1016 2407; x_wconf 57' lang='lat'><strong><em>⁴</em></strong></span> 
     </span>
    </p>
   </div>
   <div class='ocr_carea' id='block_1_10' title="bbox 259 2452 996 2488">
    <p class='ocr_par' dir='ltr' id='par_1_11' title="bbox 259 2452 996 2488">
     <span class='ocr_line' id='line_1_47' title="bbox 259 2452 996 2488; baseline 0 -10"><span class='ocrx_word' id='word_1_262' title='bbox 259 2453 367 2479; x_wconf 83' lang='lat' dir='ltr'>Constit.</span> <span class='ocrx_word' id='word_1_263' title='bbox 389 2458 465 2478; x_wconf 77' lang='lat' dir='ltr'>chtx</span> <span class='ocrx_word' id='word_1_264' title='bbox 486 2452 533 2486; x_wconf 75' lang='lat' dir='ltr'>(at.</span> <span class='ocrx_word' id='word_1_265' title='bbox 551 2453 611 2486; x_wconf 74' lang='lat'>131)</span> <span class='ocrx_word' id='word_1_266' title='bbox 632 2453 720 2485; x_wconf 81' lang='lat' dir='ltr'>Decet,</span> <span class='ocrx_word' id='word_1_267' title='bbox 741 2452 826 2483; x_wconf 84' lang='lat' dir='ltr'>ibid.,</span> <span class='ocrx_word' id='word_1_268' title='bbox 855 2461 915 2488; x_wconf 80' lang='lat' dir='ltr'>pag.</span> <span class='ocrx_word' id='word_1_269' title='bbox 936 2453 996 2485; x_wconf 82' lang='lat'>797,</span> 
     </span>
    </p>
   </div>
   <div class='ocr_carea' id='block_1_11' title="bbox 1005 225 1016 2558">
    <p class='ocr_par' dir='ltr' id='par_1_12' title="bbox 1005 225 1016 2558">
     <span class='ocr_line' id='line_1_48' title="bbox 1005 225 1016 2558; baseline 0 0"><span class='ocrx_word' id='word_1_270' title='bbox 1005 225 1016 2558; x_wconf 95' lang='lat' dir='ltr'> </span> 
     </span>
    </p>
   </div>
   <div class='ocr_carea' id='block_1_12' title="bbox 259 2496 996 2623">
    <p class='ocr_par' dir='ltr' id='par_1_13' title="bbox 259 2496 996 2623">
     <span class='ocr_line' id='line_1_49' title="bbox 260 2496 995 2532; baseline -0.001 -8"><span class='ocrx_word' id='word_1_271' title='bbox 260 2501 287 2524; x_wconf 86' lang='lat' dir='ltr'>et.</span> <span class='ocrx_word' id='word_1_272' title='bbox 297 2497 387 2524; x_wconf 74' lang='lat' dir='ltr'>Const.</span> <span class='ocrx_word' id='word_1_273' title='bbox 408 2503 493 2522; x_wconf 78' lang='lat' dir='ltr'>CLxxit</span> <span class='ocrx_word' id='word_1_274' title='bbox 509 2497 559 2529; x_wconf 77' lang='lat' dir='ltr'>(al.</span> <span class='ocrx_word' id='word_1_275' title='bbox 572 2497 632 2529; x_wconf 62' lang='lat'><em>¹153)</em></span> <span class='ocrx_word' id='word_1_276' title='bbox 648 2497 758 2531; x_wconf 65' lang='lat' dir='ltr'>Eaeiyi&#39;t,</span> <span class='ocrx_word' id='word_1_277' title='bbox 771 2497 849 2528; x_wconf 59' lang='lat' dir='ltr'>ibid„</span> <span class='ocrx_word' id='word_1_278' title='bbox 862 2505 922 2532; x_wconf 84' lang='lat' dir='ltr'>pag.</span> <span class='ocrx_word' id='word_1_279' title='bbox 935 2496 995 2529; x_wconf 74' lang='lat'>8513</span> 
     </span>
     <span class='ocr_line' id='line_1_50' title="bbox 259 2542 996 2575; baseline -0.003 -6"><span class='ocrx_word' id='word_1_280' title='bbox 259 2543 347 2570; x_wconf 86' lang='lat' dir='ltr'>Sixtus</span> <span class='ocrx_word' id='word_1_281' title='bbox 367 2543 388 2568; x_wconf 94' lang='lat' dir='ltr'>V</span> <span class='ocrx_word' id='word_1_282' title='bbox 408 2542 518 2568; x_wconf 79' lang='lat' dir='ltr'>Constit.</span> <span class='ocrx_word' id='word_1_283' title='bbox 539 2548 605 2568; x_wconf 75' lang='lat' dir='ltr'>chx</span> <span class='ocrx_word' id='word_1_284' title='bbox 627 2544 696 2568; x_wconf 75' lang='lat' dir='ltr'>Cum</span> <span class='ocrx_word' id='word_1_285' title='bbox 711 2550 745 2568; x_wconf 73' lang='lat' dir='ltr'>eo:</span> <span class='ocrx_word' id='word_1_286' title='bbox 758 2542 860 2572; x_wconf 65' lang='lat' dir='ltr'>debito,</span> <span class='ocrx_word' id='word_1_287' title='bbox 876 2546 941 2568; x_wconf 85' lang='lat' dir='ltr'>tom.</span> <span class='ocrx_word' id='word_1_288' title='bbox 959 2548 996 2575; x_wconf 68' lang='grc' dir='ltr'>ικ,</span> 
     </span>
     <span class='ocr_line' id='line_1_51' title="bbox 261 2586 995 2623; baseline -0.003 -9"><span class='ocrx_word' id='word_1_289' title='bbox 261 2596 320 2623; x_wconf 77' lang='lat' dir='ltr'>pag.</span> <span class='ocrx_word' id='word_1_290' title='bbox 342 2587 399 2618; x_wconf 71' lang='lat'>182,</span> <span class='ocrx_word' id='word_1_291' title='bbox 413 2591 439 2613; x_wconf 77' lang='lat' dir='ltr'>et</span> <span class='ocrx_word' id='word_1_292' title='bbox 451 2587 572 2613; x_wconf 53' lang='lat' dir='ltr'>clemens</span> <span class='ocrx_word' id='word_1_293' title='bbox 585 2586 639 2612; x_wconf 75' lang='lat' dir='ltr'>thi</span> <span class='ocrx_word' id='word_1_294' title='bbox 658 2586 767 2612; x_wconf 73' lang='lat' dir='ltr'>Constit.</span> <span class='ocrx_word' id='word_1_295' title='bbox 783 2590 995 2620; x_wconf 68' lang='lat' dir='ltr'>Quaecumque.</span> 
     </span>
    </p>
   </div>
   <div class='ocr_carea' id='block_1_13' title="bbox 361 2641 921 2670">
    <p class='ocr_par' dir='ltr' id='par_1_14' title="bbox 361 2641 921 2670">
     <span class='ocr_line' id='line_1_52' title="bbox 361 2641 921 2670; baseline -0.004 -1"><span class='ocrx_word' id='word_1_296' title='bbox 361 2642 437 2670; x_wconf 70' lang='lat' dir='ltr'>uult.</span> <span class='ocrx_word' id='word_1_297' title='bbox 454 2642 534 2669; x_wconf 78' lang='lat' dir='ltr'>Rom.</span> <span class='ocrx_word' id='word_1_298' title='bbox 551 2656 585 2661; x_wconf 90' lang='lat'><strong>—</strong></span> <span class='ocrx_word' id='word_1_299' title='bbox 604 2641 666 2668; x_wconf 83' lang='lat' dir='ltr'>Vol.</span> <span class='ocrx_word' id='word_1_300' title='bbox 683 2641 758 2668; x_wconf 83' lang='lat' dir='ltr'>XVI.</span> <span class='ocrx_word' id='word_1_301' title='bbox 906 2641 921 2668; x_wconf 88' lang='lat'><em>8</em></span> 
     </span>
    </p>
   </div>
   <div class='ocr_carea' id='block_1_14' title="bbox 1023 163 1771 2294">
    <p class='ocr_par' dir='ltr' id='par_1_15' title="bbox 1023 163 1766 1281">
     <span class='ocr_line' id='line_1_53' title="bbox 1691 163 1730 196; baseline 0 0"><span class='ocrx_word' id='word_1_302' title='bbox 1691 163 1730 196; x_wconf 81' lang='lat'>57</span> 
     </span>
     <span class='ocr_line' id='line_1_54' title="bbox 1023 221 1764 264; baseline -0.003 -9"><span class='ocrx_word' id='word_1_303' title='bbox 1023 226 1100 264; x_wconf 82' lang='lat' dir='ltr'>sent,</span> <span class='ocrx_word' id='word_1_304' title='bbox 1115 222 1292 255; x_wconf 79' lang='lat' dir='ltr'>dubitantes</span> <span class='ocrx_word' id='word_1_305' title='bbox 1318 222 1424 254; x_wconf 77' lang='lat' dir='ltr'>irritas</span> <span class='ocrx_word' id='word_1_306' title='bbox 1445 226 1475 254; x_wconf 86' lang='lat' dir='ltr'>et</span> <span class='ocrx_word' id='word_1_307' title='bbox 1492 221 1599 254; x_wconf 83' lang='lat' dir='ltr'>inanes</span> <span class='ocrx_word' id='word_1_308' title='bbox 1617 231 1764 254; x_wconf 75' lang='lat' dir='ltr'>evasuras</span> 
     </span>
     <span class='ocr_line' id='line_1_55' title="bbox 1023 274 1765 319; baseline -0.004 -10"><span class='ocrx_word' id='word_1_309' title='bbox 1023 276 1141 309; x_wconf 86' lang='lat' dir='ltr'>similes</span> <span class='ocrx_word' id='word_1_310' title='bbox 1166 285 1277 308; x_wconf 87' lang='lat' dir='ltr'>eorum</span> <span class='ocrx_word' id='word_1_311' title='bbox 1298 275 1520 319; x_wconf 87' lang='lat' dir='ltr'>dispositiones</span> <span class='ocrx_word' id='word_1_312' title='bbox 1540 280 1569 308; x_wconf 91' lang='lat' dir='ltr'>et</span> <span class='ocrx_word' id='word_1_313' title='bbox 1590 275 1621 307; x_wconf 91' lang='lat' dir='ltr'>in</span> <span class='ocrx_word' id='word_1_314' title='bbox 1644 274 1765 318; x_wconf 81' lang='lat' dir='ltr'>praedi-</span> 
     </span>
     <span class='ocr_line' id='line_1_56' title="bbox 1024 328 1764 372; baseline -0.004 -9"><span class='ocrx_word' id='word_1_315' title='bbox 1024 335 1090 363; x_wconf 84' lang='lat' dir='ltr'>ctae</span> <span class='ocrx_word' id='word_1_316' title='bbox 1104 328 1240 361; x_wconf 82' lang='lat' dir='ltr'>fabricae</span> <span class='ocrx_word' id='word_1_317' title='bbox 1255 329 1420 361; x_wconf 74' lang='lat' dir='ltr'>utilitatem</span> <span class='ocrx_word' id='word_1_318' title='bbox 1438 329 1477 362; x_wconf 87' lang='lat' dir='ltr'>ob</span> <span class='ocrx_word' id='word_1_319' title='bbox 1495 328 1659 372; x_wconf 60' lang='lat' dir='ltr'>privilegia</span> <span class='ocrx_word' id='word_1_320' title='bbox 1676 338 1764 372; x_wconf 87' lang='lat' dir='ltr'>prae-</span> 
     </span>
     <span class='ocr_line' id='line_1_57' title="bbox 1026 381 1765 421; baseline -0.001 -6"><span class='ocrx_word' id='word_1_321' title='bbox 1026 383 1085 415; x_wconf 84' lang='lat' dir='ltr'>fata</span> <span class='ocrx_word' id='word_1_322' title='bbox 1105 392 1263 415; x_wconf 81' lang='lat' dir='ltr'>cessuras:</span> <span class='ocrx_word' id='word_1_323' title='bbox 1289 392 1356 421; x_wconf 86' lang='lat' dir='ltr'>nos,</span> <span class='ocrx_word' id='word_1_324' title='bbox 1373 382 1445 414; x_wconf 89' lang='lat' dir='ltr'>licet</span> <span class='ocrx_word' id='word_1_325' title='bbox 1471 382 1510 414; x_wconf 76' lang='lat' dir='ltr'>oh</span> <span class='ocrx_word' id='word_1_326' title='bbox 1530 381 1706 414; x_wconf 83' lang='lat' dir='ltr'>absolutam</span> <span class='ocrx_word' id='word_1_327' title='bbox 1725 381 1765 414; x_wconf 84' lang='lat' dir='ltr'>fa-</span> 
     </span>
     <span class='ocr_line' id='line_1_58' title="bbox 1025 434 1765 476; baseline -0.001 -8"><span class='ocrx_word' id='word_1_328' title='bbox 1025 435 1129 468; x_wconf 84' lang='lat' dir='ltr'>bricae</span> <span class='ocrx_word' id='word_1_329' title='bbox 1154 434 1253 468; x_wconf 82' lang='lat' dir='ltr'>dietae</span> <span class='ocrx_word' id='word_1_330' title='bbox 1278 434 1424 467; x_wconf 81' lang='lat' dir='ltr'>basilicae</span> <span class='ocrx_word' id='word_1_331' title='bbox 1447 434 1710 476; x_wconf 77' lang='lat' dir='ltr'>terminationem,</span> <span class='ocrx_word' id='word_1_332' title='bbox 1730 434 1765 467; x_wconf 89' lang='lat' dir='ltr'>il-</span> 
     </span>
     <span class='ocr_line' id='line_1_59' title="bbox 1024 488 1764 533; baseline -0.003 -11"><span class='ocrx_word' id='word_1_333' title='bbox 1024 489 1149 533; x_wconf 88' lang='lat' dir='ltr'>liusque</span> <span class='ocrx_word' id='word_1_334' title='bbox 1166 493 1323 531; x_wconf 87' lang='lat' dir='ltr'>ornatum,</span> <span class='ocrx_word' id='word_1_335' title='bbox 1349 498 1366 520; x_wconf 91' lang='lat' dir='ltr'>a</span> <span class='ocrx_word' id='word_1_336' title='bbox 1391 488 1439 520; x_wconf 87' lang='lat' dir='ltr'>die</span> <span class='ocrx_word' id='word_1_337' title='bbox 1464 493 1590 521; x_wconf 86' lang='lat' dir='ltr'>nostrae</span> <span class='ocrx_word' id='word_1_338' title='bbox 1615 488 1652 521; x_wconf 89' lang='lat' dir='ltr'>ad</span> <span class='ocrx_word' id='word_1_339' title='bbox 1678 499 1764 521; x_wconf 88' lang='lat' dir='ltr'>sum-</span> 
     </span>
     <span class='ocr_line' id='line_1_60' title="bbox 1025 541 1764 587; baseline -0.003 -11"><span class='ocrx_word' id='word_1_340' title='bbox 1025 554 1111 576; x_wconf 89' lang='lat' dir='ltr'>mum</span> <span class='ocrx_word' id='word_1_341' title='bbox 1138 543 1347 587; x_wconf 65' lang='lat' dir='ltr'>aqiostolatuin</span> <span class='ocrx_word' id='word_1_342' title='bbox 1374 541 1598 585; x_wconf 74' lang='lat' dir='ltr'>assumptionis</span> <span class='ocrx_word' id='word_1_343' title='bbox 1628 547 1764 575; x_wconf 82' lang='lat' dir='ltr'>mentem</span> 
     </span>
     <span class='ocr_line' id='line_1_61' title="bbox 1025 595 1765 636; baseline -0.001 -7"><span class='ocrx_word' id='word_1_344' title='bbox 1025 596 1259 636; x_wconf 70' lang='lat' dir='ltr'>direxerimus,</span> <span class='ocrx_word' id='word_1_345' title='bbox 1293 595 1527 628; x_wconf 76' lang='lat' dir='ltr'>considerantes</span> <span class='ocrx_word' id='word_1_346' title='bbox 1560 595 1765 628; x_wconf 81' lang='lat' dir='ltr'>nihilominus</span> 
     </span>
     <span class='ocr_line' id='line_1_62' title="bbox 1024 647 1765 691; baseline -0.004 -8"><span class='ocrx_word' id='word_1_347' title='bbox 1024 650 1089 683; x_wconf 81' lang='lat' dir='ltr'>eius</span> <span class='ocrx_word' id='word_1_348' title='bbox 1115 648 1329 682; x_wconf 83' lang='lat' dir='ltr'>admirabilem</span> <span class='ocrx_word' id='word_1_349' title='bbox 1351 653 1542 681; x_wconf 84' lang='lat' dir='ltr'>structuram</span> <span class='ocrx_word' id='word_1_350' title='bbox 1566 647 1604 680; x_wconf 83' lang='lat' dir='ltr'>ad</span> <span class='ocrx_word' id='word_1_351' title='bbox 1624 653 1765 691; x_wconf 86' lang='lat' dir='ltr'>optatum</span> 
     </span>
     <span class='ocr_line' id='line_1_63' title="bbox 1025 701 1766 746; baseline -0.003 -10"><span class='ocrx_word' id='word_1_352' title='bbox 1025 703 1088 736; x_wconf 80' lang='lat' dir='ltr'>sere</span> <span class='ocrx_word' id='word_1_353' title='bbox 1111 703 1206 736; x_wconf 84' lang='lat' dir='ltr'>tinem</span> <span class='ocrx_word' id='word_1_354' title='bbox 1243 713 1309 735; x_wconf 77' lang='lat' dir='ltr'>csse</span> <span class='ocrx_word' id='word_1_355' title='bbox 1342 701 1548 746; x_wconf 79' lang='lat' dir='ltr'>perductam,</span> <span class='ocrx_word' id='word_1_356' title='bbox 1573 712 1609 734; x_wconf 89' lang='lat' dir='ltr'>ac</span> <span class='ocrx_word' id='word_1_357' title='bbox 1634 701 1766 745; x_wconf 86' lang='lat' dir='ltr'>proinde</span> 
     </span>
     <span class='ocr_line' id='line_1_64' title="bbox 1025 754 1764 800; baseline -0.004 -11"><span class='ocrx_word' id='word_1_358' title='bbox 1025 757 1116 800; x_wconf 79' lang='lat' dir='ltr'>longe</span> <span class='ocrx_word' id='word_1_359' title='bbox 1139 756 1293 789; x_wconf 88' lang='lat' dir='ltr'>minorem</span> <span class='ocrx_word' id='word_1_360' title='bbox 1319 755 1527 799; x_wconf 84' lang='lat' dir='ltr'>pecuniarum</span> <span class='ocrx_word' id='word_1_361' title='bbox 1559 754 1764 799; x_wconf 78' lang='lat' dir='ltr'>quantitatem</span> 
     </span>
     <span class='ocr_line' id='line_1_65' title="bbox 1024 808 1764 854; baseline -0.004 -11"><span class='ocrx_word' id='word_1_362' title='bbox 1024 820 1106 843; x_wconf 85' lang='lat' dir='ltr'>nunc</span> <span class='ocrx_word' id='word_1_363' title='bbox 1132 820 1191 854; x_wconf 85' lang='lat' dir='ltr'>pro</span> <span class='ocrx_word' id='word_1_364' title='bbox 1216 809 1283 842; x_wconf 87' lang='lat' dir='ltr'>eius</span> <span class='ocrx_word' id='word_1_365' title='bbox 1315 808 1507 853; x_wconf 83' lang='lat' dir='ltr'>perfectione</span> <span class='ocrx_word' id='word_1_366' title='bbox 1538 811 1567 841; x_wconf 86' lang='lat' dir='ltr'>et</span> <span class='ocrx_word' id='word_1_367' title='bbox 1600 818 1764 841; x_wconf 74' lang='lat' dir='ltr'>conserva-</span> 
     </span>
     <span class='ocr_line' id='line_1_66' title="bbox 1025 861 1765 906; baseline -0.003 -11"><span class='ocrx_word' id='word_1_368' title='bbox 1025 864 1107 896; x_wconf 80' lang='lat' dir='ltr'>tione</span> <span class='ocrx_word' id='word_1_369' title='bbox 1132 874 1226 906; x_wconf 75' lang='lat' dir='ltr'>qnam</span> <span class='ocrx_word' id='word_1_370' title='bbox 1252 862 1289 895; x_wconf 89' lang='lat' dir='ltr'>de</span> <span class='ocrx_word' id='word_1_371' title='bbox 1312 867 1452 906; x_wconf 87' lang='lat' dir='ltr'>tempore</span> <span class='ocrx_word' id='word_1_372' title='bbox 1483 861 1694 895; x_wconf 82' lang='lat' dir='ltr'>concessionis</span> <span class='ocrx_word' id='word_1_373' title='bbox 1714 872 1765 893; x_wconf 90' lang='lat' dir='ltr'>an-</span> 
     </span>
     <span class='ocr_line' id='line_1_67' title="bbox 1025 914 1765 959; baseline -0.003 -10"><span class='ocrx_word' id='word_1_374' title='bbox 1025 916 1129 950; x_wconf 80' lang='lat' dir='ltr'>tedicti</span> <span class='ocrx_word' id='word_1_375' title='bbox 1146 921 1176 949; x_wconf 82' lang='lat' dir='ltr'>et</span> <span class='ocrx_word' id='word_1_376' title='bbox 1192 916 1327 949; x_wconf 80' lang='lat' dir='ltr'>alioruin</span> <span class='ocrx_word' id='word_1_377' title='bbox 1346 915 1413 948; x_wconf 90' lang='lat' dir='ltr'>eius</span> <span class='ocrx_word' id='word_1_378' title='bbox 1429 914 1672 959; x_wconf 75' lang='lat' dir='ltr'>privilegiorum</span> <span class='ocrx_word' id='word_1_379' title='bbox 1698 925 1765 947; x_wconf 80' lang='lat' dir='ltr'>esse</span> 
     </span>
     <span class='ocr_line' id='line_1_68' title="bbox 1024 967 1764 1012; baseline -0.004 -9"><span class='ocrx_word' id='word_1_380' title='bbox 1024 970 1252 1010; x_wconf 83' lang='lat' dir='ltr'>neeessariam,</span> <span class='ocrx_word' id='word_1_381' title='bbox 1277 979 1412 1012; x_wconf 85' lang='lat' dir='ltr'>aequum</span> <span class='ocrx_word' id='word_1_382' title='bbox 1439 974 1468 1001; x_wconf 86' lang='lat' dir='ltr'>et</span> <span class='ocrx_word' id='word_1_383' title='bbox 1493 967 1606 1001; x_wconf 86' lang='lat' dir='ltr'>rationi</span> <span class='ocrx_word' id='word_1_384' title='bbox 1633 978 1764 1001; x_wconf 89' lang='lat' dir='ltr'>consen-</span> 
     </span>
     <span class='ocr_line' id='line_1_69' title="bbox 1025 1021 1764 1065; baseline -0.004 -9"><span class='ocrx_word' id='word_1_385' title='bbox 1025 1030 1149 1056; x_wconf 87' lang='lat' dir='ltr'>taneum</span> <span class='ocrx_word' id='word_1_386' title='bbox 1175 1034 1242 1056; x_wconf 86' lang='lat' dir='ltr'>esse</span> <span class='ocrx_word' id='word_1_387' title='bbox 1267 1027 1499 1062; x_wconf 81' lang='lat' dir='ltr'>censemuS‚tit,</span> <span class='ocrx_word' id='word_1_388' title='bbox 1525 1021 1647 1055; x_wconf 90' lang='lat' dir='ltr'>sublato</span> <span class='ocrx_word' id='word_1_389' title='bbox 1667 1021 1764 1065; x_wconf 79' lang='lat' dir='ltr'>priri-</span> 
     </span>
     <span class='ocr_line' id='line_1_70' title="bbox 1025 1075 1766 1120; baseline -0.004 -10"><span class='ocrx_word' id='word_1_390' title='bbox 1025 1077 1097 1120; x_wconf 74' lang='lat' dir='ltr'>legii</span> <span class='ocrx_word' id='word_1_391' title='bbox 1110 1076 1290 1110; x_wconf 88' lang='lat' dir='ltr'>huiusmodi</span> <span class='ocrx_word' id='word_1_392' title='bbox 1309 1075 1546 1120; x_wconf 88' lang='lat' dir='ltr'>impedimento,</span> <span class='ocrx_word' id='word_1_393' title='bbox 1561 1075 1676 1109; x_wconf 87' lang='lat' dir='ltr'>Christi</span> <span class='ocrx_word' id='word_1_394' title='bbox 1693 1086 1766 1118; x_wconf 91' lang='lat' dir='ltr'>pau-</span> 
     </span>
     <span class='ocr_line' id='line_1_71' title="bbox 1024 1128 1766 1175; baseline -0.004 -11"><span class='ocrx_word' id='word_1_395' title='bbox 1024 1141 1114 1175; x_wconf 87' lang='lat' dir='ltr'>peres</span> <span class='ocrx_word' id='word_1_396' title='bbox 1139 1131 1170 1163; x_wconf 91' lang='lat' dir='ltr'>in</span> <span class='ocrx_word' id='word_1_397' title='bbox 1195 1135 1358 1174; x_wconf 91' lang='lat' dir='ltr'>posterum</span> <span class='ocrx_word' id='word_1_398' title='bbox 1390 1130 1493 1172; x_wconf 78' lang='lat' dir='ltr'>legata</span> <span class='ocrx_word' id='word_1_399' title='bbox 1517 1129 1576 1162; x_wconf 87' lang='lat' dir='ltr'>sibi</span> <span class='ocrx_word' id='word_1_400' title='bbox 1601 1128 1712 1161; x_wconf 83' lang='lat' dir='ltr'>relicta</span> <span class='ocrx_word' id='word_1_401' title='bbox 1736 1133 1766 1161; x_wconf 88' lang='lat' dir='ltr'>et</span> 
     </span>
     <span class='ocr_line' id='line_1_72' title="bbox 1025 1181 1765 1228; baseline -0.004 -11"><span class='ocrx_word' id='word_1_402' title='bbox 1025 1195 1082 1228; x_wconf 88' lang='lat' dir='ltr'>pro</span> <span class='ocrx_word' id='word_1_403' title='bbox 1109 1189 1250 1228; x_wconf 87' lang='lat' dir='ltr'>tempore</span> <span class='ocrx_word' id='word_1_404' title='bbox 1274 1181 1479 1226; x_wconf 82' lang='lat' dir='ltr'>relinquenda</span> <span class='ocrx_word' id='word_1_405' title='bbox 1495 1182 1587 1225; x_wconf 85' lang='lat' dir='ltr'>plene</span> <span class='ocrx_word' id='word_1_406' title='bbox 1612 1186 1642 1214; x_wconf 86' lang='lat' dir='ltr'>et</span> <span class='ocrx_word' id='word_1_407' title='bbox 1666 1181 1765 1214; x_wconf 85' lang='lat' dir='ltr'>libere</span> 
     </span>
     <span class='ocr_line' id='line_1_73' title="bbox 1025 1237 1468 1281; baseline -0.005 -12"><span class='ocrx_word' id='word_1_408' title='bbox 1025 1237 1147 1281; x_wconf 82' lang='lat' dir='ltr'>capiant</span> <span class='ocrx_word' id='word_1_409' title='bbox 1172 1242 1201 1269; x_wconf 87' lang='lat' dir='ltr'>ct</span> <span class='ocrx_word' id='word_1_410' title='bbox 1226 1240 1468 1279; x_wconf 78' lang='lat' dir='ltr'>consequantur.</span> 
     </span>
    </p>

    <p class='ocr_par' dir='ltr' id='par_1_16' title="bbox 1024 1289 1771 2294">
     <span class='ocr_line' id='line_1_74' title="bbox 1069 1289 1766 1335; baseline -0.003 -11"><span class='ocrx_word' id='word_1_411' title='bbox 1069 1292 1083 1335; x_wconf 64' lang='lat' dir='ltr'>g</span> <span class='ocrx_word' id='word_1_412' title='bbox 1108 1291 1136 1324; x_wconf 68' lang='lat'>2.</span> <span class='ocrx_word' id='word_1_413' title='bbox 1162 1291 1245 1324; x_wconf 65' lang='lat' dir='ltr'>Motu</span> <span class='ocrx_word' id='word_1_414' title='bbox 1270 1290 1374 1334; x_wconf 86' lang='lat' dir='ltr'>itaque</span> <span class='ocrx_word' id='word_1_415' title='bbox 1400 1289 1544 1333; x_wconf 83' lang='lat' dir='ltr'>proprio,</span> <span class='ocrx_word' id='word_1_416' title='bbox 1569 1299 1603 1321; x_wconf 85' lang='lat' dir='ltr'>ac</span> <span class='ocrx_word' id='word_1_417' title='bbox 1622 1299 1658 1321; x_wconf 79' lang='lat' dir='ltr'>ex</span> <span class='ocrx_word' id='word_1_418' title='bbox 1681 1291 1766 1322; x_wconf 75' lang='lat' dir='ltr'>certa</span> 
     </span>
     <span class='ocr_line' id='line_1_75' title="bbox 1025 1342 1766 1383; baseline -0.003 -6"><span class='ocrx_word' id='word_1_419' title='bbox 1025 1344 1154 1378; x_wconf 71' lang='lat' dir='ltr'>scientia</span> <span class='ocrx_word' id='word_1_420' title='bbox 1180 1350 1209 1377; x_wconf 86' lang='lat' dir='ltr'>et</span> <span class='ocrx_word' id='word_1_421' title='bbox 1235 1345 1359 1376; x_wconf 74' lang='lat' dir='ltr'>matura</span> <span class='ocrx_word' id='word_1_422' title='bbox 1390 1342 1616 1376; x_wconf 83' lang='lat' dir='ltr'>deliberatione</span> <span class='ocrx_word' id='word_1_423' title='bbox 1640 1342 1766 1383; x_wconf 84' lang='lat' dir='ltr'>nostris,</span> 
     </span>
     <span class='ocr_line' id='line_1_76' title="bbox 1025 1395 1766 1441; baseline -0.004 -11"><span class='ocrx_word' id='word_1_424' title='bbox 1025 1398 1125 1441; x_wconf 79' lang='lat' dir='ltr'>deque</span> <span class='ocrx_word' id='word_1_425' title='bbox 1149 1397 1341 1441; x_wconf 77' lang='lat' dir='ltr'>apostolicae</span> <span class='ocrx_word' id='word_1_426' title='bbox 1365 1396 1527 1440; x_wconf 86' lang='lat' dir='ltr'>potestatis</span> <span class='ocrx_word' id='word_1_427' title='bbox 1553 1395 1766 1439; x_wconf 84' lang='lat' dir='ltr'>plenitudine,</span> 
     </span>
     <span class='ocr_line' id='line_1_77' title="bbox 1024 1448 1767 1495; baseline -0.004 -11"><span class='ocrx_word' id='word_1_428' title='bbox 1024 1453 1081 1485; x_wconf 85' lang='lat' dir='ltr'>hac</span> <span class='ocrx_word' id='word_1_429' title='bbox 1096 1453 1202 1485; x_wconf 79' lang='lat' dir='ltr'>nostra</span> <span class='ocrx_word' id='word_1_430' title='bbox 1220 1455 1375 1495; x_wconf 86' lang='lat' dir='ltr'>perpetuo</span> <span class='ocrx_word' id='word_1_431' title='bbox 1395 1450 1527 1482; x_wconf 61' lang='lat' dir='ltr'>valitura</span> <span class='ocrx_word' id='word_1_432' title='bbox 1544 1448 1767 1482; x_wconf 87' lang='lat' dir='ltr'>constitutione</span> 
     </span>
     <span class='ocr_line' id='line_1_78' title="bbox 1025 1502 1763 1545; baseline -0.007 -6"><span class='ocrx_word' id='word_1_433' title='bbox 1025 1505 1210 1545; x_wconf 75' lang='lat' dir='ltr'>statuimus,</span> <span class='ocrx_word' id='word_1_434' title='bbox 1247 1504 1447 1537; x_wconf 81' lang='lat' dir='ltr'>decernimus</span> <span class='ocrx_word' id='word_1_435' title='bbox 1480 1507 1508 1536; x_wconf 89' lang='lat' dir='ltr'>et</span> <span class='ocrx_word' id='word_1_436' title='bbox 1544 1502 1763 1543; x_wconf 80' lang='lat' dir='ltr'>declaramus,</span> 
     </span>
     <span class='ocr_line' id='line_1_79' title="bbox 1026 1555 1767 1602; baseline -0.003 -11"><span class='ocrx_word' id='word_1_437' title='bbox 1026 1560 1126 1601; x_wconf 76' lang='lat' dir='ltr'>legata</span> <span class='ocrx_word' id='word_1_438' title='bbox 1151 1557 1342 1602; x_wconf 88' lang='lat' dir='ltr'>pauperibus</span> <span class='ocrx_word' id='word_1_439' title='bbox 1368 1557 1399 1590; x_wconf 92' lang='lat' dir='ltr'>in</span> <span class='ocrx_word' id='word_1_440' title='bbox 1428 1567 1544 1600; x_wconf 77' lang='lat' dir='ltr'>genere</span> <span class='ocrx_word' id='word_1_441' title='bbox 1577 1555 1767 1600; x_wconf 86' lang='lat' dir='ltr'>ubicumque</span> 
     </span>
     <span class='ocr_line' id='line_1_80' title="bbox 1026 1610 1768 1654; baseline -0.003 -8"><span class='ocrx_word' id='word_1_442' title='bbox 1026 1613 1169 1646; x_wconf 80' lang='lat' dir='ltr'>locorum</span> <span class='ocrx_word' id='word_1_443' title='bbox 1196 1612 1313 1651; x_wconf 86' lang='lat' dir='ltr'>relicta,</span> <span class='ocrx_word' id='word_1_444' title='bbox 1335 1616 1365 1643; x_wconf 90' lang='lat' dir='ltr'>ct</span> <span class='ocrx_word' id='word_1_445' title='bbox 1390 1621 1449 1654; x_wconf 89' lang='lat' dir='ltr'>pro</span> <span class='ocrx_word' id='word_1_446' title='bbox 1467 1615 1609 1654; x_wconf 88' lang='lat' dir='ltr'>tempore</span> <span class='ocrx_word' id='word_1_447' title='bbox 1631 1610 1768 1653; x_wconf 85' lang='lat' dir='ltr'>quando-</span> 
     </span>
     <span class='ocr_line' id='line_1_81' title="bbox 1027 1662 1768 1709; baseline -0.003 -11"><span class='ocrx_word' id='word_1_448' title='bbox 1027 1676 1160 1709; x_wconf 83' lang='lat' dir='ltr'>cumque</span> <span class='ocrx_word' id='word_1_449' title='bbox 1182 1663 1396 1708; x_wconf 75' lang='lat' dir='ltr'>relinspienda,</span> <span class='ocrx_word' id='word_1_450' title='bbox 1414 1673 1476 1696; x_wconf 90' lang='lat' dir='ltr'>non</span> <span class='ocrx_word' id='word_1_451' title='bbox 1491 1663 1627 1707; x_wconf 87' lang='lat' dir='ltr'>amplius</span> <span class='ocrx_word' id='word_1_452' title='bbox 1651 1662 1708 1695; x_wconf 89' lang='lat' dir='ltr'>sub</span> <span class='ocrx_word' id='word_1_453' title='bbox 1728 1663 1768 1696; x_wconf 92' lang='lat' dir='ltr'>lc-</span> 
     </span>
     <span class='ocr_line' id='line_1_82' title="bbox 1027 1715 1766 1761; baseline -0.004 -10"><span class='ocrx_word' id='word_1_454' title='bbox 1027 1725 1170 1761; x_wconf 76' lang='lat' dir='ltr'>gatoruiii</span> <span class='ocrx_word' id='word_1_455' title='bbox 1186 1719 1378 1751; x_wconf 74' lang='lat' dir='ltr'>incertorum</span> <span class='ocrx_word' id='word_1_456' title='bbox 1394 1716 1520 1750; x_wconf 84' lang='lat' dir='ltr'>nomine</span> <span class='ocrx_word' id='word_1_457' title='bbox 1534 1716 1563 1748; x_wconf 89' lang='lat' dir='ltr'>in</span> <span class='ocrx_word' id='word_1_458' title='bbox 1579 1715 1766 1750; x_wconf 82' lang='lat' dir='ltr'>beneficium</span> 
     </span>
     <span class='ocr_line' id='line_1_83' title="bbox 1026 1769 1765 1813; baseline -0.005 -8"><span class='ocrx_word' id='word_1_459' title='bbox 1026 1773 1125 1806; x_wconf 87' lang='lat' dir='ltr'>dictae</span> <span class='ocrx_word' id='word_1_460' title='bbox 1150 1772 1296 1810; x_wconf 82' lang='lat' dir='ltr'>fabricae,</span> <span class='ocrx_word' id='word_1_461' title='bbox 1323 1771 1406 1803; x_wconf 78' lang='lat' dir='ltr'>iuxta</span> <span class='ocrx_word' id='word_1_462' title='bbox 1430 1769 1590 1813; x_wconf 80' lang='lat' dir='ltr'>praedicta</span> <span class='ocrx_word' id='word_1_463' title='bbox 1614 1769 1681 1802; x_wconf 88' lang='lat' dir='ltr'>eius</span> <span class='ocrx_word' id='word_1_464' title='bbox 1699 1769 1765 1812; x_wconf 83' lang='lat' dir='ltr'>pri-</span> 
     </span>
     <span class='ocr_line' id='line_1_84' title="bbox 1028 1822 1768 1868; baseline -0.005 -10"><span class='ocrx_word' id='word_1_465' title='bbox 1028 1825 1150 1868; x_wconf 77' lang='lat' dir='ltr'>rilegia,</span> <span class='ocrx_word' id='word_1_466' title='bbox 1165 1823 1315 1863; x_wconf 78' lang='lat' dir='ltr'>converti,</span> <span class='ocrx_word' id='word_1_467' title='bbox 1340 1834 1443 1866; x_wconf 88' lang='lat' dir='ltr'>neque</span> <span class='ocrx_word' id='word_1_468' title='bbox 1468 1822 1525 1855; x_wconf 86' lang='lat' dir='ltr'>sub</span> <span class='ocrx_word' id='word_1_469' title='bbox 1550 1822 1617 1855; x_wconf 81' lang='lat' dir='ltr'>elus</span> <span class='ocrx_word' id='word_1_470' title='bbox 1643 1823 1768 1855; x_wconf 84' lang='lat' dir='ltr'>faculta-</span> 
     </span>
     <span class='ocr_line' id='line_1_85' title="bbox 1028 1875 1769 1921; baseline -0.004 -9"><span class='ocrx_word' id='word_1_471' title='bbox 1028 1879 1108 1913; x_wconf 86' lang='lat' dir='ltr'>tibus</span> <span class='ocrx_word' id='word_1_472' title='bbox 1134 1876 1372 1921; x_wconf 80' lang='lat' dir='ltr'>comprehendi,</span> <span class='ocrx_word' id='word_1_473' title='bbox 1391 1875 1443 1908; x_wconf 92' lang='lat' dir='ltr'>sed</span> <span class='ocrx_word' id='word_1_474' title='bbox 1470 1876 1520 1908; x_wconf 85' lang='lat' dir='ltr'>illa</span> <span class='ocrx_word' id='word_1_475' title='bbox 1545 1876 1651 1909; x_wconf 85' lang='lat' dir='ltr'>omnia</span> <span class='ocrx_word' id='word_1_476' title='bbox 1672 1876 1769 1909; x_wconf 81' lang='lat' dir='ltr'>veluti</span> 
     </span>
     <span class='ocr_line' id='line_1_86' title="bbox 1027 1929 1769 1975; baseline -0.004 -10"><span class='ocrx_word' id='word_1_477' title='bbox 1027 1933 1085 1965; x_wconf 90' lang='lat' dir='ltr'>alia</span> <span class='ocrx_word' id='word_1_478' title='bbox 1110 1937 1195 1965; x_wconf 85' lang='lat' dir='ltr'>certa</span> <span class='ocrx_word' id='word_1_479' title='bbox 1229 1931 1280 1975; x_wconf 81' lang='lat' dir='ltr'>pia</span> <span class='ocrx_word' id='word_1_480' title='bbox 1312 1931 1412 1972; x_wconf 73' lang='lat' dir='ltr'>legata</span> <span class='ocrx_word' id='word_1_481' title='bbox 1446 1929 1476 1961; x_wconf 89' lang='lat' dir='ltr'>in</span> <span class='ocrx_word' id='word_1_482' title='bbox 1509 1929 1711 1962; x_wconf 87' lang='lat' dir='ltr'>commodum</span> <span class='ocrx_word' id='word_1_483' title='bbox 1738 1933 1769 1962; x_wconf 86' lang='lat' dir='ltr'>et</span> 
     </span>
     <span class='ocr_line' id='line_1_87' title="bbox 1028 1981 1766 2027; baseline -0.007 -8"><span class='ocrx_word' id='word_1_484' title='bbox 1028 1984 1214 2019; x_wconf 83' lang='lat' dir='ltr'>beneficium</span> <span class='ocrx_word' id='word_1_485' title='bbox 1239 1993 1437 2027; x_wconf 85' lang='lat' dir='ltr'>pauperum,</span> <span class='ocrx_word' id='word_1_486' title='bbox 1463 1982 1515 2026; x_wconf 87' lang='lat' dir='ltr'>qui</span> <span class='ocrx_word' id='word_1_487' title='bbox 1547 1982 1605 2014; x_wconf 87' lang='lat' dir='ltr'>sub</span> <span class='ocrx_word' id='word_1_488' title='bbox 1629 1981 1682 2015; x_wconf 87' lang='lat' dir='ltr'>tali</span> <span class='ocrx_word' id='word_1_489' title='bbox 1706 1992 1766 2015; x_wconf 89' lang='lat' dir='ltr'>no-</span> 
     </span>
     <span class='ocr_line' id='line_1_88' title="bbox 1029 2034 1769 2078; baseline -0.007 -6"><span class='ocrx_word' id='word_1_490' title='bbox 1029 2040 1111 2072; x_wconf 87' lang='lat' dir='ltr'>rnine</span> <span class='ocrx_word' id='word_1_491' title='bbox 1147 2037 1320 2070; x_wconf 87' lang='lat' dir='ltr'>secundum</span> <span class='ocrx_word' id='word_1_492' title='bbox 1361 2036 1436 2068; x_wconf 89' lang='lat' dir='ltr'>iuris</span> <span class='ocrx_word' id='word_1_493' title='bbox 1475 2034 1769 2078; x_wconf 86' lang='lat' dir='ltr'>interpretationem</span> 
     </span>
     <span class='ocr_line' id='line_1_89' title="bbox 1029 2087 1771 2136; baseline -0.007 -11"><span class='ocrx_word' id='word_1_494' title='bbox 1029 2090 1349 2136; x_wconf 88' lang='lat' dir='ltr'>comprehenduntur,</span> <span class='ocrx_word' id='word_1_495' title='bbox 1376 2089 1467 2133; x_wconf 88' lang='lat' dir='ltr'>plene</span> <span class='ocrx_word' id='word_1_496' title='bbox 1488 2094 1515 2121; x_wconf 90' lang='lat' dir='ltr'>et</span> <span class='ocrx_word' id='word_1_497' title='bbox 1537 2088 1668 2131; x_wconf 79' lang='lat' dir='ltr'>integre,</span> <span class='ocrx_word' id='word_1_498' title='bbox 1686 2087 1771 2121; x_wconf 82' lang='lat' dir='ltr'>iuxta</span> 
     </span>
     <span class='ocr_line' id='line_1_90' title="bbox 1029 2141 1771 2190; baseline -0.004 -13"><span class='ocrx_word' id='word_1_499' title='bbox 1029 2146 1095 2190; x_wconf 84' lang='lat' dir='ltr'>pias</span> <span class='ocrx_word' id='word_1_500' title='bbox 1120 2143 1290 2187; x_wconf 82' lang='lat' dir='ltr'>legantium</span> <span class='ocrx_word' id='word_1_501' title='bbox 1323 2141 1543 2186; x_wconf 85' lang='lat' dir='ltr'>dispositiones</span> <span class='ocrx_word' id='word_1_502' title='bbox 1573 2141 1705 2182; x_wconf 83' lang='lat' dir='ltr'>cedere,</span> <span class='ocrx_word' id='word_1_503' title='bbox 1735 2151 1771 2174; x_wconf 84' lang='lat' dir='ltr'>ac</span> 
     </span>
     <span class='ocr_line' id='line_1_91' title="bbox 1031 2195 1771 2241; baseline -0.005 -11"><span class='ocrx_word' id='word_1_504' title='bbox 1031 2198 1140 2231; x_wconf 85' lang='lat' dir='ltr'>iisdem</span> <span class='ocrx_word' id='word_1_505' title='bbox 1165 2196 1356 2241; x_wconf 87' lang='lat' dir='ltr'>pauperibus</span> <span class='ocrx_word' id='word_1_506' title='bbox 1377 2196 1415 2228; x_wconf 90' lang='lat' dir='ltr'>ab</span> <span class='ocrx_word' id='word_1_507' title='bbox 1433 2195 1622 2228; x_wconf 86' lang='lat' dir='ltr'>haeredibus</span> <span class='ocrx_word' id='word_1_508' title='bbox 1639 2195 1771 2238; x_wconf 88' lang='lat' dir='ltr'>aliisque</span> 
     </span>
     <span class='ocr_line' id='line_1_92' title="bbox 1030 2249 1770 2294; baseline -0.004 -10"><span class='ocrx_word' id='word_1_509' title='bbox 1030 2251 1176 2294; x_wconf 82' lang='lat' dir='ltr'>obligatis</span> <span class='ocrx_word' id='word_1_510' title='bbox 1200 2262 1254 2283; x_wconf 89' lang='lat' dir='ltr'>seu</span> <span class='ocrx_word' id='word_1_511' title='bbox 1287 2261 1302 2282; x_wconf 93' lang='lat' dir='ltr'>a</span> <span class='ocrx_word' id='word_1_512' title='bbox 1328 2249 1572 2282; x_wconf 86' lang='lat' dir='ltr'>testamentariis</span> <span class='ocrx_word' id='word_1_513' title='bbox 1597 2252 1770 2292; x_wconf 84' lang='lat' dir='ltr'>exequuto-</span> 
     </span>
    </p>
   </div>
   <div class='ocr_carea' id='block_1_15' title="bbox 1013 2301 1773 2348">
    <p class='ocr_par' dir='ltr' id='par_1_17' title="bbox 1013 2301 1773 2348">
     <span class='ocr_line' id='line_1_93' title="bbox 1013 2301 1773 2348; baseline -0.005 -10"><span class='ocrx_word' id='word_1_514' title='bbox 1013 2306 1130 2345; x_wconf 66' lang='lat' dir='ltr'>⁴ribus‚</span> <span class='ocrx_word' id='word_1_515' title='bbox 1156 2305 1202 2338; x_wconf 82' lang='lat' dir='ltr'>vel</span> <span class='ocrx_word' id='word_1_516' title='bbox 1228 2305 1298 2337; x_wconf 91' lang='lat' dir='ltr'>aliis</span> <span class='ocrx_word' id='word_1_517' title='bbox 1322 2304 1436 2348; x_wconf 87' lang='lat' dir='ltr'>quibus</span> <span class='ocrx_word' id='word_1_518' title='bbox 1453 2304 1631 2346; x_wconf 79' lang='lat' dir='ltr'>legatorum</span> <span class='ocrx_word' id='word_1_519' title='bbox 1650 2301 1773 2346; x_wconf 88' lang='lat' dir='ltr'>praedi-</span> 
     </span>
    </p>
   </div>
   <div class='ocr_carea' id='block_1_16' title="bbox 1032 2356 1773 2616">
    <p class='ocr_par' dir='ltr' id='par_1_18' title="bbox 1032 2356 1773 2616">
     <span class='ocr_line' id='line_1_94' title="bbox 1032 2356 1773 2401; baseline -0.007 -8"><span class='ocrx_word' id='word_1_520' title='bbox 1032 2365 1153 2394; x_wconf 83' lang='lat' dir='ltr'>ctorum</span> <span class='ocrx_word' id='word_1_521' title='bbox 1191 2359 1304 2392; x_wconf 90' lang='lat' dir='ltr'>solutio</span> <span class='ocrx_word' id='word_1_522' title='bbox 1330 2368 1384 2390; x_wconf 88' lang='lat' dir='ltr'>seu</span> <span class='ocrx_word' id='word_1_523' title='bbox 1410 2357 1578 2401; x_wconf 78' lang='lat' dir='ltr'>exequutio</span> <span class='ocrx_word' id='word_1_524' title='bbox 1604 2356 1773 2389; x_wconf 88' lang='lat' dir='ltr'>commissa</span> 
     </span>
     <span class='ocr_line' id='line_1_95' title="bbox 1033 2410 1772 2456; baseline -0.007 -9"><span class='ocrx_word' id='word_1_525' title='bbox 1033 2414 1088 2448; x_wconf 86' lang='lat' dir='ltr'>fuit</span> <span class='ocrx_word' id='word_1_526' title='bbox 1112 2417 1142 2447; x_wconf 88' lang='lat' dir='ltr'>et</span> <span class='ocrx_word' id='word_1_527' title='bbox 1166 2413 1225 2446; x_wconf 89' lang='lat' dir='ltr'>erit</span> <span class='ocrx_word' id='word_1_528' title='bbox 1248 2423 1306 2456; x_wconf 91' lang='lat' dir='ltr'>pro</span> <span class='ocrx_word' id='word_1_529' title='bbox 1338 2417 1499 2455; x_wconf 88' lang='lat' dir='ltr'>tempore,</span> <span class='ocrx_word' id='word_1_530' title='bbox 1525 2410 1633 2444; x_wconf 87' lang='lat' dir='ltr'>eadem</span> <span class='ocrx_word' id='word_1_531' title='bbox 1659 2411 1772 2453; x_wconf 82' lang='lat' dir='ltr'>legata,</span> 
     </span>
     <span class='ocr_line' id='line_1_96' title="bbox 1033 2464 1772 2509; baseline -0.005 -9"><span class='ocrx_word' id='word_1_532' title='bbox 1033 2469 1097 2501; x_wconf 79' lang='lat' dir='ltr'>sive</span> <span class='ocrx_word' id='word_1_533' title='bbox 1122 2467 1152 2499; x_wconf 88' lang='lat' dir='ltr'>in</span> <span class='ocrx_word' id='word_1_534' title='bbox 1177 2466 1321 2509; x_wconf 65' lang='lat' dir='ltr'>pecunia,</span> <span class='ocrx_word' id='word_1_535' title='bbox 1348 2465 1411 2497; x_wconf 75' lang='lat' dir='ltr'>sire</span> <span class='ocrx_word' id='word_1_536' title='bbox 1437 2464 1467 2496; x_wconf 91' lang='lat' dir='ltr'>in</span> <span class='ocrx_word' id='word_1_537' title='bbox 1492 2464 1662 2504; x_wconf 87' lang='lat' dir='ltr'>frumento,</span> <span class='ocrx_word' id='word_1_538' title='bbox 1684 2473 1772 2507; x_wconf 87' lang='lat' dir='ltr'>pane,</span> 
     </span>
     <span class='ocr_line' id='line_1_97' title="bbox 1033 2519 1773 2563; baseline -0.005 -9"><span class='ocrx_word' id='word_1_539' title='bbox 1033 2522 1115 2557; x_wconf 58' lang='lat' dir='ltr'>vinc»,</span> <span class='ocrx_word' id='word_1_540' title='bbox 1141 2521 1270 2563; x_wconf 65' lang='lat' dir='ltr'>ahisque</span> <span class='ocrx_word' id='word_1_541' title='bbox 1296 2519 1331 2550; x_wconf 65' lang='lat' dir='ltr'>ait</span> <span class='ocrx_word' id='word_1_542' title='bbox 1359 2519 1530 2550; x_wconf 82' lang='lat' dir='ltr'>humanum</span> <span class='ocrx_word' id='word_1_543' title='bbox 1557 2528 1648 2550; x_wconf 87' lang='lat' dir='ltr'>usum</span> <span class='ocrx_word' id='word_1_544' title='bbox 1665 2527 1773 2550; x_wconf 84' lang='lat' dir='ltr'>neces-</span> 
     </span>
     <span class='ocr_line' id='line_1_98' title="bbox 1032 2571 1773 2616; baseline -0.007 -7"><span class='ocrx_word' id='word_1_545' title='bbox 1032 2576 1122 2610; x_wconf 84' lang='lat' dir='ltr'>sariis</span> <span class='ocrx_word' id='word_1_546' title='bbox 1148 2575 1338 2614; x_wconf 78' lang='lat' dir='ltr'>consistant,</span> <span class='ocrx_word' id='word_1_547' title='bbox 1365 2572 1484 2615; x_wconf 87' lang='lat' dir='ltr'>modis,</span> <span class='ocrx_word' id='word_1_548' title='bbox 1511 2571 1708 2616; x_wconf 89' lang='lat' dir='ltr'>temporibus</span> <span class='ocrx_word' id='word_1_549' title='bbox 1738 2581 1773 2604; x_wconf 84' lang='lat' dir='ltr'>ac</span> 
     </span>
    </p>
   </div>
   <div class='ocr_carea' id='block_1_17' title="bbox 1780 173 1962 201">
    <p class='ocr_par' dir='ltr' id='par_1_19' title="bbox 1780 173 1962 201">
     <span class='ocr_line' id='line_1_99' title="bbox 1780 173 1962 201; baseline 0.011 -2"><span class='ocrx_word' id='word_1_550' title='bbox 1780 174 1828 200; x_wconf 79' lang='lat' dir='ltr'>An.</span> <span class='ocrx_word' id='word_1_551' title='bbox 1847 173 1870 198; x_wconf 71' lang='lat' dir='ltr'>C,</span> <span class='ocrx_word' id='word_1_552' title='bbox 1897 173 1962 201; x_wconf 70' lang='lat' dir='ltr'>ic55</span> 
     </span>
    </p>
   </div>
   <div class='ocr_carea' id='block_1_18' title="bbox 1783 1298 1968 1427">
    <p class='ocr_par' dir='ltr' id='par_1_20' title="bbox 1783 1298 1968 1427">
     <span class='ocr_line' id='line_1_100' title="bbox 1804 1298 1967 1324; baseline 0 -6"><span class='ocrx_word' id='word_1_553' title='bbox 1804 1299 1884 1324; x_wconf 73' lang='lat' dir='ltr'>Legata</span> <span class='ocrx_word' id='word_1_554' title='bbox 1897 1298 1916 1318; x_wconf 88' lang='lat' dir='ltr'>in</span> <span class='ocrx_word' id='word_1_555' title='bbox 1933 1303 1967 1323; x_wconf 69' lang='lat' dir='ltr'>gs·</span> 
     </span>
     <span class='ocr_line' id='line_1_101' title="bbox 1783 1325 1968 1350; baseline -0.005 -5"><span class='ocrx_word' id='word_1_556' title='bbox 1783 1331 1832 1346; x_wconf 73' lang='lat' dir='ltr'>nere</span> <span class='ocrx_word' id='word_1_557' title='bbox 1869 1325 1968 1350; x_wconf 74' lang='lat' dir='ltr'>pauperi-</span> 
     </span>
     <span class='ocr_line' id='line_1_102' title="bbox 1783 1351 1966 1372; baseline -0.005 0"><span class='ocrx_word' id='word_1_558' title='bbox 1783 1353 1821 1372; x_wconf 83' lang='lat' dir='ltr'>hus</span> <span class='ocrx_word' id='word_1_559' title='bbox 1837 1352 1911 1372; x_wconf 79' lang='lat' dir='ltr'>relicta</span> <span class='ocrx_word' id='word_1_560' title='bbox 1926 1351 1966 1371; x_wconf 72' lang='lat' dir='ltr'>eis·</span> 
     </span>
     <span class='ocr_line' id='line_1_103' title="bbox 1783 1377 1966 1399; baseline 0 -1"><span class='ocrx_word' id='word_1_561' title='bbox 1783 1379 1829 1399; x_wconf 64' lang='lat' dir='ltr'>dem</span> <span class='ocrx_word' id='word_1_562' title='bbox 1869 1377 1966 1399; x_wconf 75' lang='lat' dir='ltr'>distribui</span> 
     </span>
     <span class='ocr_line' id='line_1_104' title="bbox 1783 1406 1885 1427; baseline -0.01 -1"><span class='ocrx_word' id='word_1_563' title='bbox 1783 1406 1885 1427; x_wconf 59' lang='lat' dir='ltr'>deceruit.</span> 
     </span>
    </p>
   </div>
  </div>
 </body>
</html>
