2263 3215
291 237 339 264 An.
357 237 386 263 c.
405 237 471 265 1055
517 228 559 260 54

489 284 593 324 bendi,
609 284 661 317 sed
679 293 801 326 semper
814 283 851 315 ab
866 283 926 315 illis
940 288 1076 326 excepta,
1095 288 1134 323 et,
1148 293 1224 325 quo-

490 338 546 371 ties
571 343 711 370 emanata
735 336 859 377 suerint,
885 336 976 368 toties
1001 335 1031 368 in
1056 335 1222 379 pristinum

490 396 519 423 et
535 390 757 422 validissimum
776 394 902 428 statum,
920 392 948 422 et
965 388 1058 421 etiam
1077 388 1134 420 sub
1153 387 1224 420 data

489 443 675 487 posteriori,
700 442 790 475 etiam
820 453 891 475 cum
916 442 1172 485 derogationibus
1196 444 1225 474 el

489 497 634 529 clausulis
665 496 755 528 etiam
785 496 1057 538 derogatoriarum
1086 495 1221 537 deroga-

491 549 586 588 toriis,
602 549 855 592 irritantibusque
874 555 903 581 et
922 549 990 581 aliis
1007 548 1150 587 decretis,
1168 557 1225 590 per

491 612 543 633 vos
566 601 718 643 eligenda,
733 602 925 644 apponendis
945 607 975 634 et
995 601 1142 633 latissime
1159 610 1225 642 spe-

489 654 663 694 cificandis‚
690 655 842 698 reposita,
868 655 1008 687 restituta
1033 659 1062 686 et
1086 652 1224 697 plenarie

489 708 693 750 reintegrata,
721 718 756 740 ac
784 708 822 740 de
850 718 930 740 novo
959 717 1123 746 concessa,
1150 705 1224 738 vali-

488 761 588 804 daque
613 767 642 794 et
666 761 802 794 efficacia
826 761 902 801 sore,
923 771 1044 793 necnon
1070 761 1224 804 perpetua

489 815 633 847 firmitate
655 814 834 854 subsistere,
856 824 993 858 suosque
1016 813 1175 857 plenarios
1195 818 1224 846 et

489 878 596 900 omnes
624 868 769 908 effectus,
794 867 846 911 qui
872 867 909 899 de
934 867 1012 909 iure,
1037 868 1126 911 stylo,
1151 877 1223 899 con-

489 921 660 960 suetudine,
677 925 728 954 aut
744 921 819 952 alias
840 920 1137 963 quomodocumque
1157 929 1223 952 sor—

489 974 538 1006 tiri
564 979 729 1017 poterunt,
754 985 789 1006 ac
813 973 875 1005 vim
901 972 980 1013 veri,
1005 971 1152 1014 legitimi,
1177 971 1223 1003 iu-

488 1028 555 1069 rati,
573 1028 720 1071 stipulati,
739 1027 830 1060 validi
849 1031 878 1060 et
896 1027 1030 1059 efficacis
1045 1030 1223 1059 contractus

488 1081 567 1114 inter
595 1091 648 1114 vos
681 1092 716 1114 ex
746 1083 807 1113 una
842 1091 877 1112 ae
909 1090 966 1112 nos
1003 1084 1033 1111 ct
1066 1089 1222 1111 cameram

487 1134 678 1177 praedictam
696 1145 730 1166 ex
751 1134 847 1166 altera
864 1133 1005 1177 partibus
1022 1132 1149 1172 habere,
1166 1141 1223 1164 nec

487 1187 577 1220 ctiam
599 1198 655 1231 per
675 1187 907 1231 promotionem
928 1187 966 1220 ad
991 1186 1155 1219 ecclesiam
1177 1195 1224 1218 ca-

488 1241 680 1281 thedralem,
712 1241 805 1273 etiam
841 1240 1138 1283 metropolitanam,
1171 1244 1223 1271 aut

488 1294 729 1334 translationem,
755 1295 802 1326 vel
826 1294 918 1325 aliam
944 1297 1041 1327 status
1065 1299 1095 1325 ct
1119 1302 1223 1336 perso-

485 1356 542 1379 nae
571 1353 690 1379 vestrae
711 1347 926 1388 mutationem,
951 1357 1009 1379 nee
1028 1357 1084 1390 per
1105 1346 1222 1378 similes

486 1400 532 1432 vel
557 1399 722 1432 dissimiles
748 1400 863 1442 gratias
888 1399 976 1433 vobis
1005 1410 1168 1432 concessas
1193 1404 1222 1432 et

485 1452 698 1485 concedendas
723 1452 882 1493 confundi,
905 1452 959 1484 sed
983 1452 1058 1495 ipsis
1086 1452 1222 1484 cumula-

486 1505 547 1538 tive
570 1506 600 1538 in
626 1506 771 1539 omnihus
795 1512 825 1539 et
848 1517 904 1550 per
929 1505 1034 1539 omnia
1058 1505 1114 1545 uti,
1139 1511 1179 1545 et,
1197 1505 1220 1537 si

485 1558 560 1602 quid
591 1559 623 1591 in
652 1560 715 1591 una
748 1569 784 1592 ex
814 1559 1013 1591 facultatibus
1041 1558 1220 1591 huiusmodi

485 1612 642 1653 defecerit,
659 1624 715 1656 per
739 1613 830 1645 aliam
856 1612 995 1656 suppleri
1019 1612 1144 1654 debere,
1163 1622 1221 1644 nec

484 1665 654 1706 haeredes,
680 1666 864 1709 legatarios,
889 1676 924 1698 ac
948 1666 1034 1705 loca,
1059 1665 1096 1697 ad
1122 1675 1220 1708 quos,

485 1730 539 1752 seu
556 1730 645 1762 quae,
659 1719 750 1759 bona,
768 1719 836 1752 iura
853 1724 882 1752 ct
898 1719 1033 1752 actiones
1048 1719 1220 1758 devenient,

484 1772 532 1805 rel
557 1772 670 1816 quibus
695 1773 919 1816 relinquentur,
938 1777 991 1805 aut
1014 1776 1221 1815 exequutores

486 1825 678 1868 praedictos,
702 1826 740 1858 ad
765 1827 887 1858 tertiam
913 1837 967 1859 seu
992 1827 1084 1858 aliam
1110 1836 1218 1859 eorum

489 1882 609 1921 partem
635 1880 740 1922 (quam
767 1880 858 1912 etiam
885 1890 920 1912 ex
946 1890 1028 1912 nunc
1053 1880 1161 1919 vobis,
1185 1890 1220 1912 ac

487 1931 574 1971 loeis,
592 1932 787 1972 haeredibus,
804 1933 971 1975 legatariis,
992 1944 1027 1965 ac
1051 1932 1220 1966 donatariis

487 1984 654 2027 praedictis
679 1985 847 2017 liberaliter
868 1986 1066 2018 concedimus
1083 1991 1114 2018 et
1129 1985 1221 2018 dona—

488 2038 570 2081 mus)
589 2049 740 2081 camerae,
760 2040 805 2072 vel
830 2040 974 2081 fabricae,
993 2046 1045 2073 aut
1061 2040 1220 2073 beneficiis

488 2091 774 2134 praedietis,etiain
803 2103 860 2135 pro
889 2093 1083 2136 expeditione
1112 2099 1220 2126 contra

487 2143 626 2176 infideles
655 2150 684 2176 et
711 2145 872 2187 quibusvis
896 2146 963 2178 aliis
991 2147 1220 2189 quantumlibet

486 2196 544 2239 piis
561 2197 676 2237 usibus,
695 2197 887 2237 solvendum,
902 2208 936 2230 ac
949 2209 1018 2231 cum
1037 2199 1073 2231 iis
1086 2199 1220 2243 desuper

487 2251 749 2293 componendum,
767 2252 813 2283 vel
835 2262 887 2284 vos
911 2252 947 2283 ad
973 2253 1063 2284 aliam
1089 2254 1221 2296 particu-

487 2303 583 2335 larem
610 2304 777 2344 licentiam,
802 2304 865 2336 sive
891 2305 1054 2345 indultum,
1071 2311 1122 2340 aut
1147 2318 1219 2339 eon-

487 2357 696 2391 firmationem
723 2360 933 2402 praesentium
952 2370 968 2391 a
986 2360 1074 2391 nobis
1091 2361 1136 2392 vel
1155 2372 1220 2393 suc-

488 2411 663 2444 cessoribus
694 2413 809 2445 nostris
842 2413 988 2445 Romanis
1020 2413 1219 2446 Pontificibus

487 2465 676 2508 petendum,
701 2459 753 2498 aut
777 2466 1028 2509 impetramlum,
1054 2467 1100 2498 vel
1126 2468 1218 2499 etiam

487 2517 518 2550 in
552 2518 612 2550 alia
652 2519 744 2551 simili
773 2520 872 2562 gratia
900 2530 954 2552 seu
982 2520 1219 2553 confirmatione

488 2571 569 2603 illius
594 2572 679 2604 rubis
703 2573 996 2616 quomodecmuque
1021 2573 1219 2606 concedenda

487 2624 525 2657 de
548 2625 701 2667 praesenti
729 2626 916 2659 mentionem
944 2627 1079 2670 aliquam
1104 2627 1219 2660 sacien-

1062 234 1240 259 BULLARIUM
1264 233 1417 258 nomnen

1258 282 1331 314 dum
1357 281 1484 313 minime
1509 279 1628 320 teneri,
1652 289 1709 313 nee
1733 279 1771 313 ad
1794 279 1826 313 id
1848 279 1912 313 ulla
1936 289 1995 312 un-

1259 345 1352 377 quam
1376 333 1560 367 necessitate
1584 333 1655 376 cogi
1679 343 1786 377 posse,

1303 387 1386 430 5116.
1411 387 1448 419 Et
1472 388 1516 420 sie
1540 387 1572 420 in
1596 386 1778 430 praemissis
1800 386 1946 419 omnibus
1966 389 1996 418 et
2010 397 2192 445 1443¹³¹¹⁵¹²¹²’“⁸'
2224 388 2255 426 „33

1259 440 1388 482 singulis
1411 451 1467 484 per
1488 450 1705 484 quoscumque
1728 439 1845 473 iudices
1870 439 1995 473 ordina-

1260 493 1322 526 rios
1342 499 1371 525 et
1390 493 1563 536 delegatos,
1588 494 1682 526 etiam
1702 503 1866 526 causarum
1890 491 1996 536 palatii

1259 546 1421 590 apostolici
1449 547 1628 589 auditores,
1653 551 1683 579 et
1706 545 1846 579 eiusdem
1871 548 1996 578 sanctae

1260 599 1588 634 Romanae‘Eeclesiae
1604 600 1787 639 cardinales,
1800 609 1921 632 necnon
1937 609 1995 643 pro

1260 659 1402 698 tempore
1422 654 1588 688 existentes
1605 654 1704 687 dictae
1729 663 1872 686 camerae
1896 662 1996 685 came-

1259 708 1388 750 rarium,
1406 708 1619 752 praesidentes
1636 713 1665 741 et
1682 707 1824 746 clericos,
1838 706 1868 738 in
1889 705 1996 749 quavis

1259 763 1352 794 causa
1377 766 1406 794 et
1431 761 1591 802 instantia,
1617 760 1739 793 sublata
1764 760 1808 792 eis
1832 763 1862 792 et
1886 769 1996 792 eorum

1259 813 1386 847 cuilibet
1413 814 1521 858 quavis
1549 814 1639 848 aliter
1662 813 1819 846 iudicandi
1847 817 1878 845 et
1901 812 1998 844 inter-

1257 867 1401 911 pretandi
1425 868 1568 901 facultate
1592 873 1622 900 et
1646 867 1840 908 auctoritate,
1865 864 1998 898 iudicari

1259 926 1288 954 et
1311 921 1435 954 definiri
1460 921 1595 961 debere,
1624 932 1659 954 ac
1683 921 1807 953 irritum
1833 924 1863 952 et
1887 919 1997 958 inane,

1258 974 1281 1006 si
1305 985 1394 1007 secus
1419 985 1512 1018 super
1533 975 1580 1007 liis
1597 985 1613 1007 a
1630 984 1806 1017 quoquam,
1822 971 1931 1016 quavis
1946 981 1998 1004 au-

1258 1028 1418 1068 ctoritate,
1443 1028 1578 1061 scienter
1603 1028 1649 1061 rel
1674 1028 1872 1070 ignoranter,
1897 1024 1996 1059 conti-

1258 1081 1339 1124 gerit
1363 1082 1517 1114 attentari.

1302 1135 1316 1178 ἓ
1340 1135 1390 1168 17.
1416 1135 1568 1174 Quocirca
1592 1133 1822 1166 venerabilibus
1846 1132 1995 1165 fratribus

1257 1188 1372 1221 nostris
1393 1187 1525 1221 Ostiensi
1543 1193 1573 1220 et
1598 1187 1760 1221 Portuensi
1785 1186 1995 1220 cardinalibus

1258 1241 1423 1285 episcopis,
1441 1246 1471 1274 et
1487 1240 1601 1274 dilecto
1622 1240 1686 1273 silio
1706 1249 1870 1273 causarum
1889 1238 1995 1272 curiae

1258 1305 1400 1328 camerae
1415 1294 1606 1339 apostolicae
1623 1294 1761 1337 generali
1775 1293 1921 1333 auditori,
1937 1303 1995 1336 per

1257 1349 1427 1392 apostolica
1444 1348 1559 1392 scripta
1575 1347 1759 1380 mandamus
1783 1352 1870 1380 motu
1887 1345 1994 1387 simili,

1257 1407 1408 1444 quatenus
1425 1401 1494 1445 ipsi,
1518 1401 1566 1434 vel
1591 1401 1663 1441 duo,
1688 1406 1741 1433 aut
1765 1410 1847 1433 unus
1871 1410 1993 1440 eorum,

1256 1465 1312 1498 per
1337 1465 1379 1496 se,
1400 1455 1447 1487 vel
1468 1454 1555 1495 alios,
1573 1459 1752 1498 praesentes
1770 1453 1891 1486 litteras
1911 1458 1941 1485 et
1961 1452 1993 1485 in

1256 1508 1300 1540 eis
1325 1513 1469 1540 contenta
1486 1517 1712 1550 quaecumque,
1737 1506 1790 1539 ubi
1816 1511 1846 1539 et
1868 1505 1993 1549 quando

1255 1572 1334 1605 opus
1358 1561 1462 1601 suerit,
1487 1571 1522 1593 ac
1546 1560 1668 1603 quoties
1693 1570 1751 1603 pro
1776 1564 1865 1603 parte
1890 1560 1994 1592 vestra

1255 1615 1389 1658 desuper
1413 1614 1528 1648 suerint
1552 1613 1705 1657 requisiti,
1730 1613 1912 1646 solemniter
1936 1623 1993 1656 pu-

1255 1669 1415 1709 blicantes,
1440 1668 1591 1712 vobisque
1610 1668 1638 1700 in
1658 1668 1838 1711 praemissis
1858 1667 1993 1700 efficacis

1255 1722 1443 1754 defensionis
1471 1721 1627 1765 praesidio
1655 1721 1854 1760 assistentes,
1879 1719 1993 1754 saciant

1255 1775 1439 1808 auctoritate
1464 1777 1570 1806 nostra
1596 1774 1718 1806 easdem
1744 1778 1923 1816 praesentes
1943 1772 1993 1805 lit-

1256 1834 1337 1860 teras
1361 1833 1391 1860 et
1415 1828 1446 1860 in
1470 1825 1625 1860 omnibus¹
1651 1831 1795 1859 contenta
1812 1825 1992 1859 huiusmodi

1255 1882 1388 1914 tirmiter
1412 1881 1593 1921 observari,
1619 1891 1654 1913 ac
1679 1891 1732 1913 vos
1758 1880 1818 1912 illis
1845 1879 1992 1913 omnibus

1254 1935 1384 1979 pacifice
1400 1934 1461 1968 srui
1479 1940 1507 1967 et
1526 1934 1680 1977 gaudere3
1697 1944 1759 1967 non
1776 1934 1991 1977 permittentes

1256 2000 1308 2022 vos
1333 1999 1390 2032 per
1413 1999 1638 2032 quoscumque,
1668 1987 1775 2031 quavis
1807 1987 1992 2020 auctoritate

1254 2043 1429 2086 fungentes,
1446 2048 1555 2076 contra
1571 2042 1752 2074 earumdem
1778 2040 1991 2085 praesentium

1255 2102 1395 2129 tenorem
1410 2096 1648 2140 quomodolibet
1666 2095 1803 2128 indebite
1820 2094 1990 2137 molestari,

1255 2151 1429 2194 inquietari,
1455 2150 1501 2183 vel
1525 2150 1720 2193 perturbari,
1746 2149 1991 2182 contradictores

1253 2205 1409 2248 quoslibet
1433 2209 1463 2236 et
1486 2203 1620 2236 rebelles
1649 2214 1704 2247 per
1725 2203 1902 2244 sententias,
1920 2211 1991 2235 cen-

1253 2270 1341 2291 suras
1359 2263 1388 2291 et
1403 2268 1518 2302 poenas
1536 2257 1770 2298 ecclesiasticas,
1795 2256 1916 2299 aliaque
1932 2266 1990 2298 op-

1253 2317 1387 2355 portuna
1412 2312 1487 2344 iuris
1512 2315 1541 2345 et
1564 2310 1635 2343 sacti
1659 2310 1819 2350 remedia,
1843 2309 1986 2352 appella-

1254 2366 1336 2398 tione
1353 2365 1537 2409 postposita,
1559 2363 1797 2407 compescendo,
1818 2374 1863 2403 ac,
1886 2362 1988 2405 legiti-

1253 2419 1310 2451 mis
1331 2418 1488 2462 superbis
1512 2418 1663 2451 habendis
1681 2417 1810 2450 servatis
1835 2416 1990 2460 processi-

1252 2471 1320 2511 bus,
1341 2482 1488 2504 censuras
1508 2477 1538 2504 et
1561 2481 1678 2515 poenas
1698 2471 1790 2504 etiam
1811 2469 1928 2504 iteratis
1945 2469 1989 2501 vi-

1253 2524 1340 2557 cibus
1368 2525 1588 2568 aggravando‚
1613 2523 1810 2558 interdictum
1836 2522 1990 2556 ecclesia-

1290 2640 1299 2665 l
1323 2639 1416 2667 Potius
1435 2639 1552 2676 legerem
1572 2643 1598 2668 e!
1613 2640 1713 2667 onmia
1733 2639 1762 2668 in
1782 2639 1823 2667 eis
1843 2638 1880 2674 (n.
1897 2639 1946 2674 Τ.).

2013 230 2060 258 An.
2077 230 2105 258 C.
2127 230 2193 259 1655

2048 1140 2193 1167 Exequutores

2011 1168 2114 1194 designat.
