2243 3205
269 178 316 216 gin.
338 178 367 204 c.
385 178 452 206 1660

288 240 361 260 Annuit
372 241 450 267 petitis.

296 1299 406 1320 Clausulas
419 1305 454 1319 ue-

270 1331 374 1355 cessarias
390 1332 454 1352 appo-

269 1355 306 1374 ωῑΔ

271 1618 379 1639 Contraria
394 1620 452 1641 tollit.

497 170 561 202 544

511 228 525 271 ς
549 226 578 261 3.
605 226 699 260 Nobis
723 220 891 270 propterea
921 227 980 271 ipsi
1012 234 1203 272 exponentes

467 280 628 314 humiliter
652 281 819 324 supplicari
840 281 990 323 fecerunt,
1006 287 1039 314 ut
1057 282 1087 314 in
1104 292 1199 326 prae-

468 333 571 365 missis
596 337 772 377 opportune
796 335 962 378 providere
991 340 1020 368 et
1045 339 1077 368 ut
1101 335 1201 375 infra,

467 385 629 429 indulgere
644 386 682 419 de
695 387 886 430 benignitate
904 388 1075 431 apostolica
1096 387 1202 429 digna-

467 450 583 471 remur.
619 439 681 472 Nos
707 439 822 482 igitur,
848 441 973 474 eosdem
1011 446 1202 485 exponentes

466 491 652 535 specialibus
677 492 835 525 favoribus
860 498 888 526 et
913 493 1022 536 gratiis
1053 492 1202 537 prosequi

466 545 614 585 volentes,
639 549 668 578 et
693 555 802 578 eorum
823 546 997 589 singulares
1017 556 1167 590 personas
1186 556 1203 578 a

466 598 627 642 quibusvis
644 600 986 642 excommunicationis,
1005 605 1073 640 etc.‚
1091 599 1201 631 harum

467 651 547 684 serie
571 651 766 685 absolventes
798 657 827 685 et
858 653 1016 685 absolutas
1041 653 1107 685 sore
1132 662 1204 684 cen-

467 710 585 746 sentes,
610 705 789 739 huiusmodi
814 706 1094 750 supplicationibus
1119 705 1203 738 incli-

466 757 547 800 nati,
573 758 680 790 audita
705 758 855 791 relatione
879 758 1102 792 nonnullorum
1129 757 1204 791 dilc-

467 814 590 842 ctorum
615 810 752 844 filiorum
776 812 932 844 Romanae
957 811 1063 844 curiae
1087 811 1204 854 praela-

468 868 581 905 torum,
593 864 706 908 quibus
719 865 780 898 hoc
794 865 954 908 negotium
973 864 1204 898 commissimus

467 917 718 960 examinandum,
733 918 946 962 suprascripta
970 918 1158 951 monasteria
1175 923 1205 950 et

467 980 576 1003 eorum
598 971 762 1013 religiosos
776 971 1029 1014 congregationis
1046 972 1204 1004 Romanae

466 1023 717 1057 Cisterciensium
736 1035 806 1058 curn
831 1024 1075 1068 congregatione
1100 1024 1204 1057 Italiae

466 1076 645 1120 provinciae
669 1077 809 1119 Tusciae,
834 1088 905 1110 cum
927 1077 1155 1110 conditionibus
1175 1083 1205 1110 et

467 1129 566 1172 pactis
590 1140 685 1173 supra
710 1130 855 1171 exaratis,
871 1130 1056 1163 auctoritate
1074 1134 1200 1174 aposto-

467 1182 537 1225 lica,
552 1188 659 1216 tenore
675 1184 897 1227 praesentium,
913 1189 1066 1227 perpetuo
1080 1183 1205 1216 unimus

469 1241 498 1269 et
522 1247 742 1280 aggregamus.
996 1229 999 1231 ⁵

513 1290 527 1333 ἓ
548 1289 578 1323 4.
599 1290 807 1323 Deeernentes
821 1289 945 1323 easdem
963 1295 1143 1334 praesentes
1160 1290 1206 1322 lit-

470 1347 551 1375 teras
576 1353 702 1387 semper
726 1343 847 1386 firmas,
866 1349 935 1385 etc.‚
950 1343 1056 1387 sicque
1074 1344 1103 1376 in
1120 1354 1207 1387 prae-

469 1395 572 1429 missis
601 1407 657 1440 per
687 1407 903 1440 quoscumque
939 1396 1056 1430 iudices
1080 1397 1205 1430 ordina-

469 1448 533 1483 rios
558 1454 587 1481 et
611 1449 791 1492 delegatos,
817 1455 896 1492 etc.‚
921 1450 1045 1482 definiri
1070 1450 1205 1491 debere,

468 1512 504 1535 ac
528 1502 651 1535 irritum
678 1508 707 1536 et
731 1503 832 1544 inane,
854 1504 878 1536 si
899 1514 998 1544 secus,
1023 1509 1091 1547 etc.‚
1113 1504 1207 1537 conti-

469 1556 551 1600 gerit
574 1556 729 1589 attentari.

513 1610 528 1654 ἓ
552 1609 581 1643 5.
607 1611 674 1643 Non
706 1610 900 1644 obstantibus
935 1611 1139 1655 praemissis,
1171 1621 1207 1644 ac

469 1664 744 1697 constitutionibus
766 1669 795 1697 et
815 1664 1064 1698 ordinationibus
1080 1670 1204 1709 aposto-

468 1717 536 1750 licis
551 1744 558 1758 ,
583 1728 723 1760 necnon,
748 1722 900 1761 quatenus
924 1728 1005 1762 opus
1029 1718 1085 1759 sit,
1113 1729 1206 1762 prae-

469 1770 626 1804 dictorum
651 1771 775 1805 Ordinis
801 1777 830 1804 et
855 1772 1136 1815 congregationum
1172 1782 1207 1805 ac

468 1824 648 1868 provinciae
673 1828 703 1858 et
727 1825 990 1858 monasteriorum
1016 1825 1206 1866 huiusmodi,

469 1877 576 1910 aliisve
599 1878 771 1922 quibusvis,
789 1883 856 1919 etc.;
882 1878 996 1922 quibus
1014 1878 1160 1911 omnibus
1179 1884 1208 1911 et

470 1931 612 1974 singulis,
628 1931 755 1964 illorum
769 1932 1127 1976 tenorespraesentibus,
1138 1937 1207 1973 etc.‚

471 1985 647 2029 specialiter
672 1989 701 2019 et
729 1995 875 2029 expresse
900 1985 1105 2028 derogamus;
1131 1992 1208 2020 cete-

471 2038 576 2082 risque
601 2039 766 2072 contrariis
790 2039 1049 2083 quibuscumque.

515 2093 628 2125 Datum
654 2093 781 2134 Romae,
802 2093 883 2137 apud
909 2093 937 2126 S.
962 2094 1089 2126 Mariani
1115 2093 1209 2127 Maio-

472 2156 549 2188 rem,
571 2146 629 2178 sub
649 2147 764 2180 annulo
785 2146 960 2189 Piscatoris‚
987 2147 1036 2180 die
1067 2158 1083 2181 v
1106 2149 1210 2181 martii

471 2209 587 2241 hincm,
604 2200 804 2244 pontificatus
825 2200 925 2233 nostri
950 2211 1031 2234 anno
1051 2211 1081 2234 v.

507 2261 563 2288 Dat.
582 2262 626 2290 die
642 2262 658 2289 5
673 2262 762 2289 martii
779 2263 856 2297 1660,
878 2263 972 2298 pontif.
990 2271 1059 2291 anno
1077 2272 1103 2290 v.

743 2397 941 2431 CCLXXXVI.

475 2469 610 2502 Revocat
641 2479 748 2502 omnes
769 2473 970 2509 contractus,
1003 2469 1062 2513 qui
1086 2473 1212 2502 contra-

519 2522 651 2554 rianlur
671 2523 862 2566 paupertati
893 2526 921 2555 et
953 2522 1032 2556 bono
1056 2522 1213 2566 reyimini

522 2572 656 2609 Ordinis
683 2575 910 2609 Cisterciensis.

1042 180 1219 205 BULLARIUM
1246 181 1396 205 ROMANUM

1430 230 1593 257 Alexander
1612 231 1690 264 Papa
1709 231 1771 265 vu,

1380 274 1415 299 ad
1432 273 1562 300 futuram
1582 274 1626 300 rei
1645 275 1825 302 memoriam.

1280 334 1397 377 Exponi
1425 334 1514 367 nobis
1527 345 1629 378 nuper
1642 335 1713 368 secit
1734 336 1864 369 dilectus
1889 337 1970 370 filius

1235 392 1424 430 procurator
1444 387 1598 429 generalis
1613 387 1736 420 Ordinis
1749 388 1969 432 Cistcrciensis,

1236 439 1319 483 quod
1344 440 1415 474 licet
1439 450 1548 473 omnes
1575 441 1717 474 monachi
1743 440 1816 473 dicti
1848 441 1971 474 Ordinis

1237 498 1298 524 tam
1324 493 1430 526 stricte
1454 493 1491 525 ad
1516 493 1745 526 observantiam
1778 494 1971 538 paupertatis

1237 551 1421 589 teneantur,
1446 553 1480 579 ut
1504 547 1675 590 capitulum
1713 548 1859 590 generale
1892 547 1973 580 eius-

1236 599 1306 632 dem
1320 599 1458 640 Ordinis,
1477 610 1558 633 anno
1572 610 1656 633 mocv
1670 600 1872 642 celebratum,
1886 611 1973 634 revo-

1237 653 1352 685 caverit
1369 663 1476 686 omnes
1499 657 1528 686 et
1552 663 1764 697 quascumque
1784 652 1924 686 licentias
1944 658 1974 686 et

1237 705 1482 749 dispensationes
1500 706 1725 749 cuiuscumque
1740 706 1853 749 privati
1866 716 1973 738 rerum

1237 758 1430 791 othonorum
1447 769 1529 799 usus,
1543 759 1756 802 proprietatis,
1766 758 1974 802 possessionis

1238 816 1267 843 et
1283 811 1413 850 dominii
1430 821 1486 855 per
1504 822 1718 855 quoscumque
1735 811 1914 855 superiores
1932 810 1974 843 di-

1238 865 1277 898 eti
1295 864 1419 898 Ordinis
1444 875 1479 897 ex
1505 865 1756 908 quibuscumque
1776 864 1877 898 causis
1901 874 1974 897 con-

1238 928 1361 959 cessas,
1386 927 1517 961 eamque
1542 916 1771 950 revocationem
1797 916 1895 960 ipsius
1919 916 1975 950 Or-

1238 970 1317 1003 dinis
1342 970 1510 1014 eapitulum
1537 969 1681 1013 generale
1701 979 1782 1002 anno
1806 978 1901 1003 Mncm
1926 980 1974 1002 re-

1238 1023 1407 1063 novaverit,
1430 1033 1500 1055 cum
1529 1022 1723 1055 iniunctione
1747 1021 1974 1055 observationis

1238 1079 1362 1109 exactae
1385 1075 1501 1109 decreti
1528 1074 1656 1109 Concilii
1681 1073 1874 1115 Tridentini,
1899 1084 1972 1108 sess.

1238 1138 1310 1170 xxv,
1336 1139 1402 1172 cap.
1427 1138 1449 1161 11
1473 1128 1519 1162 De
1543 1126 1766 1171 reynlaribus,
1792 1126 1849 1160 sub
1873 1128 1975 1171 poena

1239 1181 1569 1215 excommunicationis
1586 1181 1653 1225 ipso
1670 1180 1750 1214 facto
1768 1180 1975 1214 incurrendae

1239 1235 1469 1279 opponentibus
1495 1245 1562 1267 sese
1580 1234 1659 1267 -huic
1683 1233 1859 1267 executioni
1876 1239 1906 1267 et
1921 1234 1976 1267 ob-

1239 1289 1422 1330 servantiae,
1441 1294 1471 1321 et
1495 1288 1696 1321 inhabilitatis
1721 1288 1759 1321 ad
1784 1288 1910 1332 quaevis
1935 1288 1977 1321 os-

1240 1342 1330 1383 sscia,
1361 1342 1478 1385 gradus
1509 1347 1538 1374 et
1566 1341 1755 1385 dignitates,
1780 1352 1816 1374 ac
1847 1341 1976 1385 insuper

1240 1401 1418 1429 contractus
1442 1406 1459 1428 a
1484 1395 1672 1439 quibusdam
1698 1394 1864 1428 abbatibus
1886 1404 1977 1438 regu-

1240 1448 1358 1482 laribus
1382 1459 1452 1482 cum
1478 1449 1542 1481 suis
1566 1449 1728 1482 monachis
1748 1448 1840 1481 initos
1856 1459 1915 1493 pro
1933 1458 1977 1481 se-

1240 1502 1400 1546 paratione
1425 1512 1551 1536 mensae
1575 1502 1789 1535 conventualis
1812 1502 1851 1535 ab
1882 1502 1976 1535 abha-

1242 1557 1304 1590 tiali
1326 1556 1482 1589 censuerit
1496 1566 1562 1589 esse
1579 1555 1801 1589 rescindendos
1819 1560 1976 1599 tamquam

1241 1610 1417 1655 paupertati
1442 1611 1608 1654 religiosae
1632 1610 1828 1651 contrarios,
1860 1620 1977 1653 eosque

1241 1664 1271 1697 in
1296 1668 1456 1708 posterum
1482 1674 1499 1696 a
1524 1674 1682 1707 quoquam
1706 1663 1849 1697 attentari
1869 1662 1976 1707 prohi-

1241 1717 1365 1757 buerit,
1393 1717 1560 1760 nullusque
1588 1717 1627 1749 sit
1658 1716 1689 1748 in
1724 1726 1822 1759 regno
1859 1715 1975 1749 Galliae

1240 1770 1390 1814 praedicti
1416 1770 1540 1803 Ordinis
1571 1769 1752 1813 professor,
1786 1768 1839 1812 qui
1864 1769 1895 1801 in
1919 1779 1976 1801 suo

1239 1823 1390 1857 novitiatu
1415 1823 1453 1855 ad
1477 1823 1569 1855 vitam
1600 1832 1800 1855 communem
1825 1826 1855 1854 et
1878 1831 1972 1865 prae-

1241 1878 1340 1910 dictae
1365 1876 1559 1920 paupertatis
1583 1875 1812 1909 observantiam
1829 1885 1892 1908 non
1909 1875 1976 1908 fue<

1242 1931 1281 1964 rit
1306 1931 1484 1971 instructus,
1509 1930 1657 1963 educatus
1682 1934 1711 1962 et
1735 1929 1906 1972 obligatus:

1286 1984 1301 2027 ἓ
1318 1984 1347 2016 t.
1362 1983 1571 2016 Nihilominus
1588 1982 1730 2015 nonnulli
1747 1981 1886 2025 religiosi
1901 1981 1978 2014 eius-

1242 2036 1312 2069 dem
1338 2036 1462 2070 Ordinis
1488 2036 1518 2068 in
1542 2035 1650 2076 Gallia,
1679 2034 1753 2068 dicti
1778 2034 1977 2076 abstinentes,

1243 2101 1297 2123 seu
1317 2089 1482 2123 strictioris
1498 2088 1724 2129 observantiae,
1741 2088 1798 2121 sub
1815 2091 1977 2132 praetextu

1244 2143 1460 2178 introducendi
1485 2143 1515 2174 in
1542 2141 1731 2175 monasteria
1759 2140 1977 2174 abstinentiam

1243 2209 1260 2230 a
1285 2197 1440 2238 carnibus,
1464 2206 1596 2240 quarum
1623 2206 1697 2228 usus
1722 2194 1815 2228 certis
1835 2194 1944 2227 diebus
1961 2204 1978 2226 a

1243 2251 1322 2285 Sede
1357 2250 1536 2294 Apostolica
1573 2259 1740 2282 concessus
1775 2253 1842 2289 est,
1876 2253 1978 2281 certos

1244 2306 1352 2338 ineunt
1376 2308 1573 2344 contractus,
1599 2302 1823 2335 transactiones
1848 2307 1877 2335 et
1902 2311 1978 2336 con-

1245 2358 1372 2392 cordata
1396 2367 1466 2390 eum
1491 2356 1626 2400 antiquis
1650 2355 1774 2390 Ordinis
1798 2354 1977 2392 huiusmodi

1245 2411 1421 2454 religiosis,
1457 2410 1571 2454 quibus
1607 2414 1708 2442 certas
1746 2408 1912 2452 pensiones
1947 2408 1978 2455 in

1246 2465 1386 2510 pecuniis
1411 2469 1441 2497 et
1464 2463 1615 2496 fructibus
1641 2462 1829 2506 promittunt
1860 2466 1890 2494 et
1917 2461 1978 2494 dis-

1245 2519 1397 2559 tribuunt,
1422 2527 1537 2561 eosque
1563 2527 1580 2549 a
1605 2516 1715 2549 maiori
1747 2520 1777 2549 et
1807 2513 1977 2561 praecipuo

1245 2583 1340 2607 onere
1361 2571 1448 2605 chori
1466 2571 1596 2616 aliisque
1613 2568 1829 2610 observantiis,
1849 2567 1886 2601 ad
1900 2578 1977 2613 quos

1983 183 2032 209 An.
2053 183 2082 210 C.
2100 183 2166 212 ¹660

2013 350 2130 372 thor-tium.
