2263 3215
302 227 349 252 λιι.
365 226 390 252 (2.
420 226 486 254 11:55

329 842 340 846 u
359 843 362 846 ⁴
379 815 488 836 Contraria

304 846 379 863 reiicit.

347 2346 485 2372 Sum-timna.

531 217 573 250 4²2
1077 228 1260 254 nummatum

499 274 714 317 privilegiatae
739 273 910 316 religionis,
936 280 965 307 et
995 275 1073 316 aliis,
1098 277 1136 309 ad
1161 287 1239 319 quos

501 332 619 370 spectat
644 332 674 359 ct
701 337 759 370 pro
792 331 934 370 tempore
966 329 1127 371 spectabit,
1156 335 1258 372 pun-'

502 381 647 412 ctualitcr
671 385 700 412 et.
726 379 946 413 inviolabiliter
971 381 1147 422 observari,
1181 382 1238 414 sic-

501 433 615 476 quein
647 433 826 475 praemissis
860 444 916 476 per
948 445 1162 477 quoscumque
1192 434 1238 466 iu-

501 485 586 517 dices
614 485 791 519 ordinarios
812 491 841 518 et
857 486 1026 529 delcgatOS,
1052 487 1144 519 etiam
1171 496 1259 523 carr.

501 548 606 570 sarum
626 539 731 581 palatii
746 540 909 582 apostolici
926 540 1095 579 auditores,
1110 539 1238 572 iudicari

501 596 532 623 et
556 591 679 623 deliniri
705 591 836 633 debere,
853 603 888 625 ac
909 592 1033 625 irritum
1052 597 1079 624 et
1098 592 1199 632 inane,
1215 591 1238 623 si

504 653 594 676 secus
613 654 708 687 super
739 644 786 677 liis
813 655 830 676 a
854 655 1028 688 quoquam,
1054 644 1161 688 quavis
1186 654 1259 676 aun

503 697 654 738 ctoritate,
673 697 806 730 scienter
827 698 874 730 vet
892 698 1083 740 ignoranter,
1104 696 1240 739 contige-

505 749 546 782 rit
562 750 716 782 attentari.
1257 784 1258 787 ,

549 801 606 845 ἓῧ.
622 803 688 836 Non
706 802 899 836 obstantibus
918 801 1193 836 constitutionibus
1210 806 1240 834 etv

504 855 755 888 ordinationibus
773 855 962 899 apostolicis,
980 865 1100 888 necnon
1117 855 1240 899 privile·
1257 853 1259 865 ⁴

504 908 574 951 giis,
593 909 854 952 exemptionibus,
874 908 1007 941 licentiis
1032 914 1062 941 et
1088 909 1240 942 facultati-

506 962 565 994 bus
583 962 743 1004 quibusvis
765 962 864 995 forma
889 966 918 994 et
940 961 1032 995 modo
1061 962 1152 994 etiam
1175 972 1242 995 ore-

504 1018 594 1048 tenus
611 1014 700 1053 datis,
725 1025 779 1047 seu
804 1014 835 1046 in
860 1020 1020 1058 posterum
1046 1015 1165 1056 dandis,
1182 1015 1241 1048 nisi

505 1068 586 1101 sacta
620 1067 763 1111 specifica
795 1073 824 1100 et
849 1069 996 1111 expressa
1029 1068 1240 1111 praesentium

505 1122 679 1155 litterarum
705 1122 863 1155 mentione
889 1128 920 1155 et
944 1123 1165 1164 revocatione,
1193 1133 1260 1156 ce-¹

506 1175 643 1218 terisque
674 1175 705 1207 in
738 1175 931 1208 contrarium
957 1175 1143 1209 facientibus
1168 1177 1239 1220 qui·
1260 1187 1261 1192 ¹

507 1228 708 1272 busenmque.

548 1282 658 1314 Datum
676 1282 813 1320 Romae,
839 1280 923 1324 apud
948 1281 976 1315 S.
995 1282 1123 1314 Mariam
1143 1282 1240 1315 Maio-

505 1345 583 1375 rem,
601 1335 658 1367 sub
674 1335 788 1367 annulo
805 1334 983 1377 Piscatoris,
1002 1335 1050 1368 die
1068 1346 1102 1368 111
1122 1336 1245 1379 augusti

506 1397 627 1428 mecm,
650 1388 848 1431 pontificatus
866 1387 964 1421 nostri
981 1398 1062 1421 anno
1083 1399 1101 1421 1.

543 1449 600 1477 Dat.
619 1450 661 1477 die
676 1450 691 1477 3
707 1449 812 1485 augusti
830 1449 908 1484 1655,
924 1450 1018 1485 pontif.
1037 1459 1106 1478 anno
1124 1459 1142 1477 1.

1260 1252 1263 1270 l

826 1592 925 1625 XXVI.

510 1669 719 1712 Confirmatio
741 1671 992 1714 priw'leqiorum
1012 1673 1160 1705 omnium
1177 1683 1248 1705 con-
1265 1665 1266 1670 ¹

553 1733 710 1755 cessorum
737 1728 802 1755 tam
829 1723 1014 1767 qttardz'ano
1038 1725 1124 1757 sacri
1151 1735 1267 1758 φηοη-ι

556 1777 595 1808 tis
612 1777 689 1809 Sion
717 1787 817 1819 quam
842 1777 1001 1819 fratribus
1022 1788 1144 1810 necnon
1173 1778 1248 1811 locis

558 1829 673 1861 Terrae
697 1828 831 1862 Sanctae
844 1828 862 1861 ¹.

1266 1863 1267 1876 l

704 1910 868 1936 Alexander
889 1910 966 1943 Papa
985 1911 1052 1945 vn,

634 1952 670 1979 ad
689 1957 865 1986 perpetuam
885 1954 929 1981 rei
949 1955 1129 1981 memoriam.

558 2022 619 2055 Piis
637 2023 886 2056 christifidelium
907 2025 996 2066 votis,
1018 2035 1054 2057 ex
1074 2025 1188 2069 quibus
1205 2036 1250 2058 sa-

514 2085 639 2107 crorum
666 2076 808 2108 locorum
834 2078 1066 2110 venerationem
1085 2083 1114 2110 et
1131 2078 1249 2110 anima-
1266 2077 1268 2123 ξ

513 2139 583 2160 rum
609 2129 738 2161 salutem
765 2131 931 2172 provenire
955 2131 1184 2174 conspicimus,
1213 2125 1268 2163 tid

513 2180 623 2213 beuter
647 2182 822 2223 annuimus,
847 2188 877 2215 et
901 2183 962 2223 illa,
980 2190 1130 2227 quantum
1157 2185 1249 2217 nobis

515 2244 549 2266 ex
575 2235 637 2267 alto
661 2235 863 2276 conceditur,
888 2236 1046 2269 favoribus
1071 2238 1250 2281 apostolicis

515 2287 726 2321 confovemus.

560 2341 574 2382 ἓ
598 2341 626 2373 ‘l.
651 2341 725 2374 Cum
753 2342 872 2385 itaque,
899 2343 979 2375 sieut
1004 2343 1135 2376 dilectus
1167 2344 1268 2378 fitius<

516 2393 700 2426 Franciscus
732 2396 862 2438 lupelli,
888 2396 1012 2429 Ordinis
1040 2398 1170 2430 fratrum
1202 2381 1268 2430 Mi-⁴

516 2455 628 2478 norum
661 2448 756 2480 sancti
782 2448 938 2481 FrancIsci
975 2449 1013 2482 de
1049 2450 1268 2497 Observantia1

553 2525 562 2550 1
585 2524 618 2550 ile
644 2525 708 2551 loris
732 2526 828 2551 Terrae
849 2528 960 2554 Sanctae
984 2530 1044 2563 lege
1069 2537 1137 2563 quae
1162 2527 1269 2556 notavi'

518 2567 549 2594 ad
567 2568 656 2593 Consti
674 2576 785 2595 comxvi
803 2572 851 2604 (αἱ,
869 2572 941 2605 litt),
959 2577 1021 2599 toni.
1039 2580 1093 2607 xiv,
1111 2582 1172 2608 pag.
1189 2575 1249 2604 ato,

519 2613 687 2645 Salvator-ts,
706 2613 801 2639 Libani
820 2614 885 2642 thl.

1282 230 1433 255 nonAnun

1274 275 1489 320 nuncupatus¹
1514 276 1685 319 professor,
1702 285 1809 309 sacrae
1833 275 2010 320 theologiae

1274 330 1382 369 lector,
1399 339 1434 361 ac
1459 327 1657 371 praedicator
1681 329 1865 371 genei‘alis',
1889 339 2010 362 necnon

1274 380 1507 413 commissarius
1525 385 1555 413 et
1578 386 1766 424 procurator
1793 382 1947 424 generalis
1968 387 2011 416 to-

1275 434 1335 465 tius
1355 433 1489 465 familiae
1506 433 1620 466 Terrae
1646 433 1785 474 Sanctae,
1797 434 1888 468 nobis
1911 445 2011 479 nuper

1275 485 1387 528 exponi
1414 485 1494 525 fecit,
1511 485 1578 529 ipse
1596 486 1632 518 ad
1654 486 1793 519 eiusdem
1810 487 1925 520 Terrae
1938 487 2012 521 San-

1275 544 1340 570 ctae
1371 537 1568 579 subsidium,
1599 538 1845 582 eorumdemque
1879 540 2010 573 fratrum

1275 590 1350 623 inibi
1368 590 1490 623 vineam
1509 591 1633 625 Domini
1650 591 1774 625 assidue
1794 592 2012 634 excolentium,

1275 653 1426 687 sacraque
1443 644 1511 677 loca
1528 645 1744 677 venerantium
1763 644 2012 686 subventionem,

1274 706 1396 729 necnon
1424 697 1462 730 ad
1497 697 1691 741 spiritualem
1729 697 1956 731 catholicorum
1982 698 2013 730 in

1275 750 1335 783 illis
1352 750 1492 794 partibus
1508 750 1700 794 degentium,
1717 761 1820 795 eoque
1836 751 2013 785 devotionis

1275 804 1370 835 causa
1401 803 1670 847 peregrinantium
1709 804 1955 838 consolationem
1984 809 2015 837 et

1276 855 1586 900 p1·osectum,omnia
1610 863 1640 891 et
1663 858 1785 901 singula
1809 858 1935 901 gratias,
1952 857 2015 901 pri-

1275 909 1387 952 vilegia
1422 915 1452 944 et
1486 910 1694 954 indulgentias
1718 911 1882 954 hucusque
1906 921 2014 944 sacrae

1276 962 1415 996 eiusdem
1440 964 1556 997 Terrae
1582 964 1712 997 Sanctae
1734 964 1812 997 locis
1843 963 2015 1008 apostolica

1277 1016 1461 1049 auctoritate
1498 1027 1645 1050 concessa
1670 1023 1700 1050 et
1724 1017 1907 1051 confirmata
1922 1045 1929 1057 ,
1958 1027 2015 1061 per

1276 1080 1333 1103 nos
1359 1070 1466 1103 eadem
1499 1071 1683 1104 auctoritate
1716 1071 1808 1103 etiam
1833 1070 2013 1104 confirmari

1277 1128 1307 1156 et
1330 1123 1498 1167 approbari
1522 1124 1693 1168 plurimum
1718 1123 1873 1157 desideret
1882 1134 1890 1164 ;

1322 1177 1336 1220 ξ
1354 1177 1382 1210 ⁶2.
1401 1178 1474 1217 Nos,
1491 1177 1647 1211 desiderio
1665 1177 1845 1210 huiusmodi
1865 1187 2015 1218 annuere,

1278 1229 1446 1274 ipsumque
1466 1230 1666 1264 Franciseun]
1691 1230 1878 1274 specialibus
1903 1230 2016 1264 favori-

1279 1283 1337 1316 bus
1361 1288 1391 1316 et
1415 1283 1523 1326 gratiis
1540 1284 1688 1328 prosequi
1706 1284 1854 1326 volentes,
1872 1289 1902 1317 et
1918 1294 1935 1316 a
1951 1285 2017 1328 qui-

1280 1337 1385 1369 busvis
1401 1337 1744 1378 excommunicationis,
1759 1337 1970 1382 suspensionis
1987 1342 2017 1370 et

1281 1389 1446 1430 interdicti,
1464 1390 1595 1433 aliisque
1612 1390 1830 1423 ecclesiasticis
1847 1390 2017 1431 sententiis,

1263 1448 1265 1478 ς
1282 1442 1423 1475 censuris
1448 1447 1477 1475 et
1500 1443 1621 1486 poenis,
1638 1453 1654 1475 a
1671 1443 1740 1476 iure
1756 1443 1804 1475 vel
1824 1442 1862 1475 ab
1878 1442 2017 1486 homine,

1282 1495 1390 1538 quavis
1403 1495 1566 1528 occasione
1587 1495 1635 1528 vel
1653 1497 1747 1528 causa
1762 1496 1844 1536 tatis,
1857 1495 1882 1528 si
1906 1495 2019 1538 quibus

1282 1548 1519 1591 quomodolibet
1548 1548 1714 1582 innodatus
1738 1549 1856 1591 existit,
1882 1548 1920 1581 ad
1944 1547 2018 1581 effe-

1282 1605 1365 1634 ctum
1390 1601 1604 1645 praesentium
1636 1601 1795 1634 dumtaxat
1819 1610 2015 1644 consequen-

1265 1649 1367 1694 dum,
1385 1654 1497 1687 barum
1523 1654 1604 1687 serie
1627 1654 1823 1687 absolventes
1847 1658 1876 1687 et
1896 1653 2019 1687 absolu-

1283 1712 1349 1739 tum
1364 1707 1431 1740 sore
1450 1714 1622 1747 censentes,
1640 1707 1919 1751 supplicationibus
1935 1707 2018 1740 illius

1283 1761 1410 1793 nomine
1433 1761 1523 1794 nobis
1540 1771 1635 1804 super
1651 1761 1711 1793 hoc
1735 1760 1897 1793 humiliter
1913 1771 2020 1804 porre-

1284 1814 1340 1846 ctis
1365 1812 1514 1854 inclinati‚
1531 1814 1636 1847 onmia
1654 1818 1684 1846 et
1703 1813 1824 1856 singula
1844 1813 2018 1856 privilegia,

1266 1867 1520 1907 concessiones,
1544 1867 1725 1907 facultates,
1750 1866 1890 1906 indulta,
1915 1866 2018 1899 indul-

1266 1917 1417 1963 'gentiaS‚
1446 1925 1627 1963 ceterasque
1651 1920 1767 1962 gratias
1791 1919 1968 1963 spirituales
1991 1923 2021 1952 et

1285 1973 1471 2016 temporales
1495 1973 1611 2005 eisdem
1635 1973 1712 2006 locis
1741 1978 1770 2006 et
1794 1973 1845 2005 itta
1869 1972 2019 2005 visitanti-

1284 2026 1359 2066 bus,
1388 2036 1508 2059 necnon
1533 2026 1605 2059 dicti
1630 2026 1754 2059 Ordinis
1785 2025 1959 2068 guardiano
1991 2029 2022 2058 et

1283 2080 1434 2112 fratribus
1452 2079 1482 2111 in
1499 2079 1589 2112 dictis
1606 2079 1748 2123 partibus
1765 2079 1950 2121 degentibus
1963 2089 2021 2122 per

1284 2143 1500 2176 quoscumque
1524 2133 1680 2165 Romanos
1705 2133 1870 2165 Pontifices
1890 2132 2020 2176 praede-

1284 2196 1424 2219 cessores
1456 2190 1579 2219 nostros
1610 2190 1641 2218 et
1675 2185 1785 2218 Sedem
1810 2185 2019 2228 Apostolicam

1285 2239 1313 2271 in
1336 2248 1451 2281 genere
1476 2238 1522 2270 vel
1549 2238 1579 2269 in
1600 2238 1704 2281 speeie
1728 2243 1781 2270 aut
1799 2237 1875 2270 alias
1892 2247 2022 2281 quomo-

1284 2292 1401 2324 dolibet
1425 2301 1582 2329 concessa,
1607 2296 1760 2334 quatenus
1777 2291 1838 2323 sint
1861 2290 1892 2323 in
1915 2301 1974 2323 usu
1991 2295 2021 2324 et

1283 2355 1345 2378 non
1371 2345 1430 2378 sint
1464 2350 1609 2377 revocata
1633 2350 1685 2377 aut
1710 2345 1767 2377 sub
1792 2344 1948 2388 aliquibus
1972 2354 2021 2377 re-

1286 2398 1500 2431 vocationibus
1517 2399 1744 2442 eomprcliensa
1758 2398 1897 2440 existant,
1914 2397 2021 2431 sacris-

1284 2461 1344 2495 que
1369 2451 1551 2490 canonibus,
1577 2451 1852 2484 constitutionibus
1876 2451 2022 2495 apostoli-

1267 2502 1269 2519 ”
1285 2505 1328 2537 cis
1345 2514 1380 2536 ac
1396 2504 1524 2537 Concilii
1544 2504 1716 2536 Tridentini
1737 2503 1869 2537 decretis
1886 2513 1949 2537 non
1972 2503 2022 2536 ad-

1322 2576 1331 2600 1
1357 2574 1447 2599 Potius
1468 2574 1525 2609 lege
1546 2578 1778 2608 ηιιηειψαίονιιητ
1798 2574 1836 2607 (n.
1853 2574 1901 2606 T.).

1320 2618 1337 2644 2
1356 2618 1412 2644 Vox
1431 2619 1573 2652 generalis
1592 2617 1744 2646 redundare
1766 2617 1868 2644 videtur
1887 2618 1926 2652 (n.
1942 2617 1991 2653 ²2).

2028 231 2075 256 An.
2090 230 2117 257 Γ..
2141 231 2208 259 1655

2050 1189 2162 1211 Confirmat
2171 1191 2214 1217 pri-

2031 1216 2107 1242 vilegia
2113 1221 2215 1238 concessa

2030 1248 2043 1263 a
2058 1243 2135 1264 ceteris
2152 1248 2215 1270 prae-

2031 1269 2161 1291 cusoribus.
