2263 3215
281 209 332 235 An.
349 209 376 234 c.
401 206 468 234 1656
513 196 577 232 162

279 268 463 322 533035722‘3532·
479 254 634 295 volentes,
665 259 693 285 et
719 263 828 285 eorum
861 251 1036 295 singulares
1069 261 1220 296 personas

322 1322 432 1344 Decretum
450 1322 475 1343 ir·

295 1351 367 1370 ritum.

328 2008 439 2030 Contraria
451 2014 485 2030 re-

302 2034 361 2057 toltit.

480 317 496 339 a
521 306 681 350 quibusvis
709 304 1061 345 excommunicationis,
1093 314 1222 348 suspen-

480 359 576 392 sionis
600 364 630 391 et
654 357 822 398 interdicti,
847 357 980 401 aliisque
1004 357 1222 391 ecelesiasticis

481 410 657 452 sententiis,
683 410 824 443 censuris
849 414 879 443 et
901 410 1022 454 poenis,
1046 420 1063 442 a
1088 410 1156 442 iure
1175 409 1221 442 vel

481 463 520 497 ab
548 463 694 503 homine,
718 463 827 507 quavis
860 463 1026 496 occasione
1054 463 1101 496 vel
1130 462 1222 495 causa

480 516 568 558 latis,
596 516 620 549 si
651 515 764 560 quibus
793 515 1031 560 quomodolibet
1058 514 1224 548 innodatae

482 569 635 610 existunt,
661 568 699 601 ad
724 567 868 602 effectum
902 568 1114 613 praesentium
1139 567 1225 599 dum—

482 626 566 654 taxat
583 621 857 665 consequendum,
881 621 994 654 harum
1016 620 1096 653 serie
1120 619 1223 652 absol·

485 680 590 708 ventes
610 679 640 708 et
657 675 814 708 absolutas
841 675 907 708 sore
931 678 1104 714 censentes,
1120 672 1226 705 huius-

486 728 570 761 modi
595 727 875 772 supplicationibus
899 726 1048 768 inclinati‚
1074 725 1112 758 de
1136 734 1226 757 vene-

486 781 633 815 rabilium
669 781 802 814 fratrum
835 784 1016 814 nostrorum
1054 779 1083 812 S.
1121 778 1155 811 R.
1193 777 1224 810 E.

489 834 695 868 cardinalium
722 834 862 877 negociis
890 838 919 866 et
944 830 1226 866 consultationibus

488 887 710 932 episcoporum
722 893 752 920 et
765 887 958 930 regularium
974 884 1227 930 praepositorum

488 941 630 981 consilio,
647 941 808 974 decretum
831 939 1037 984 praedictum,
1055 936 1228 982 apostolica

488 994 690 1034 auctoritate,
721 999 828 1026 tenore
853 992 1086 1037 praesentium,
1111 989 1228 1023 contir-

490 1057 612 1079 mamus
628 1052 658 1080 et
674 1046 903 1090 approbamus,
929 1046 1036 1089 illique
1060 1048 1229 1088 perpetuae

490 1106 520 1133 et
545 1100 732 1133 inviolabilis
752 1099 942 1143 apostolicae
958 1098 1116 1131 firmitatis
1133 1096 1230 1130 robur

491 1153 665 1192 adiicimus,
691 1163 726 1185 ac
743 1162 852 1185 omnes
875 1157 905 1184 et
921 1151 1062 1194 singulos
1076 1155 1138 1182 tam
1154 1149 1230 1182 iuris

492 1217 585 1251 quam
611 1206 682 1239 sacti
707 1205 857 1245 desectus,
882 1205 906 1237 si
928 1205 981 1248 qui
999 1204 1136 1248 desuper
1153 1213 1230 1247 quo-

492 1259 664 1293 modolibet
689 1257 924 1299 intervenerint,
951 1258 1146 1301 supplemus.

537 1313 551 1356 ‘3‘
567 1311 597 1346 3.
619 1312 828 1345 Decernentes
845 1311 1006 1344 decretum
1037 1309 1231 1354 praedictum

492 1370 737 1410 praesentesque
754 1365 875 1397 litteras
894 1363 1005 1405 valida,
1023 1363 1115 1396 firma
1139 1367 1169 1395 et
1189 1362 1233 1394 es-

493 1419 632 1452 efficacia
653 1419 787 1451 existere
811 1422 841 1451 et
866 1417 942 1459 sore,
967 1426 1103 1460 suosque
1128 1415 1234 1459 plena-

493 1472 558 1505 rios
575 1477 605 1505 et
622 1472 762 1514 integros
779 1470 908 1503 effectus
919 1469 1025 1503 sortiri
1040 1474 1070 1501 et
1082 1468 1234 1508 obtinere,

494 1530 524 1558 et
549 1524 587 1557 ab
613 1524 759 1557 omnibus
779 1529 809 1556 et
834 1522 986 1566 singulis,
1011 1521 1049 1555 ad
1074 1532 1153 1565 quos
1177 1531 1235 1564 pro

495 1584 637 1622 tempore
662 1577 825 1621 spectabit,
851 1576 1075 1609 inviolabiliter
1089 1580 1118 1608 ct
1132 1575 1236 1608 incon-

496 1642 585 1665 cusse
610 1631 770 1664 observari
788 1657 794 1671 ,
819 1630 926 1673 sicque
946 1639 1003 1673 per
1021 1638 1237 1672 quoscumque

497 1684 615 1718 iudices
632 1683 810 1717 ordinarios
824 1688 854 1716 et
870 1683 1041 1726 delegatos,
1059 1682 1150 1714 etiam
1169 1691 1237 1713 cau·

498 1748 603 1771 sarum
629 1737 735 1781 palatii
760 1737 925 1781 apostolici
950 1736 1126 1777 auditoreS,
1152 1734 1235 1767 iudi-

499 1790 563 1823 cari
580 1796 611 1823 et
627 1789 751 1823 definiri
768 1789 893 1829 debere,
907 1799 942 1822 ac
956 1788 1080 1821 irritum
1095 1793 1124 1820 et
1139 1787 1238 1826 inane,

499 1844 523 1876 si
545 1854 634 1876 secus
654 1853 749 1887 super
768 1843 815 1876 his
836 1853 853 1875 a
872 1852 1041 1886 quoquam,
1062 1841 1170 1885 quavis
1189 1850 1240 1872 au-

499 1895 662 1935 ctoritate,
688 1895 821 1929 scienter
846 1896 892 1927 vel
918 1894 1116 1937 ignoranter,
1142 1892 1240 1926 eonti-

500 1949 581 1991 gerit
605 1947 758 1981 attentari.

545 2002 560 2045 5
584 2000 612 2033 4.
644 2001 711 2035 Non
740 2000 938 2035 obstantibus
967 1999 1241 2033 constitutionibus

501 2060 532 2088 et
555 2054 807 2088 ordinationibus
839 2053 1037 2098 apostolicis,
1058 2063 1093 2085 ac
1117 2051 1241 2086 Ordinis

502 2112 531 2142 et
556 2107 810 2151 congregationis
830 2106 1028 2146 huiusmodi,
1048 2106 1140 2139 etiam
1161 2106 1241 2138 iura-

503 2165 619 2202 mento,
637 2161 878 2194 confirmatione
898 2159 1080 2204 apostolica,
1094 2159 1140 2192 vel
1158 2169 1239 2204 qna-

502 2215 547 2248 vis
582 2214 732 2248 firmitate
765 2214 825 2246 alia
861 2213 1034 2254 roboratis,
1066 2212 1189 2247 statutis
1213 2217 1243 2245 et

503 2267 804 2307 consuetudinibus,
835 2266 1009 2311 privilegiis
1035 2276 1175 2310 quoque,
1200 2265 1244 2297 in-

502 2319 596 2352 dultis
613 2323 641 2353 et
658 2319 770 2352 litteris
787 2319 967 2363 apostolicis
992 2319 1022 2351 in
1050 2318 1242 2351 contrarium

502 2373 748 2416 praemissorum
788 2372 1027 2417 quomodolibet
1066 2372 1222 2405 concessis
1237 2399 1244 2412 ‚

503 2427 696 2460 confirmatis
720 2432 750 2460 et
774 2427 943 2467 innovati53
964 2422 1079 2471 q'nibus
1099 2426 1244 2459 omnibus

502 2483 532 2512 et
556 2479 696 2522 singulis,
722 2480 848 2513 illorum
875 2485 998 2513 tenores
1027 2479 1244 2523 praesentibus

504 2543 562 2575 pro
589 2533 678 2575 plene
704 2537 733 2565 et
757 2532 948 2566 sufficienter
972 2532 1126 2576 expressis
1154 2542 1190 2564 ac
1206 2532 1244 2564 de

505 2585 601 2618 verbo
625 2586 661 2617 ad
688 2586 816 2618 verbnm
843 2587 966 2619 insertis
991 2586 1157 2625 habentes,
1183 2584 1244 2618 iltis

1056 202 1233 228 BULLARIUM
1260 202 1413 227 ROMANUM

1253 250 1328 283 alias
1352 250 1383 283 in
1401 261 1457 284 suo
1475 250 1588 283 robore
1605 249 1831 293 permansuris,
1848 249 1907 281 hac
1926 248 1992 281 viee

1254 304 1417 336 dumtaxat
1437 302 1614 347 specialiter
1636 306 1666 335 et
1692 312 1837 346 expresse
1861 301 1993 344 deroga-

1256 367 1338 395 mus;
1357 356 1532 399 ceterisque
1549 354 1715 388 contrariis
1732 354 1992 398 quibuscumque.

1300 408 1409 442 Datum
1431 408 1560 448 Romae,
1585 407 1668 451 apud
1693 407 1722 440 S.
1748 406 1876 439 Mariam
1899 405 1994 439 Maio-

1257 471 1335 501 rem,
1360 460 1418 493 sub
1446 460 1563 493 annulo
1587 459 1769 499 Piscatoris‚
1791 458 1842 491 die
1861 468 1891 491 1v
1922 458 1995 490 maii

1257 523 1384 554 nnctv1,
1399 512 1600 557 pontificatus
1619 511 1718 546 nostri
1735 521 1817 545 anno
1834 521 1865 544 11.

1293 575 1351 603 Dat.
1369 576 1413 602 die
1430 575 1445 602 ά
1460 575 1522 602 maii
1541 575 1617 607 1656,
1638 573 1735 610 pontif.
1753 582 1797 600 an.
1814 580 1843 600 n.

1597 717 1655 750 CII.

1262 796 1473 839 Confirmatio
1510 796 1628 829 decreti
1657 796 1829 839 reqiminis
1859 795 2000 827 civitatis

1305 849 1532 890 Bononiensis,
1547 859 1619 881 cnm
1643 847 1895 892 participatione
1911 850 1940 880 et
1955 856 2003 879 as-

1307 913 1403 935 sensu
1420 902 1519 945 leqati
1534 902 1631 945 facici,
1647 906 1682 934 ut
1700 901 1736 934 in
1748 901 1898 944 futurum
1913 899 2003 933 nulli

1306 959 1466 988 senatores
1490 954 1595 987 dictae
1619 953 1777 993 civitatis,
1801 953 1858 997 qni
1886 952 2002 996 viqesi-

1308 1019 1398 1041 mum
1425 1019 1503 1042 suae
1533 1009 1650 1041 aetatis
1675 1017 1800 1040 annum
1832 1005 2002 1049 compleve-

1308 1062 1388 1103 rint,
1408 1066 1437 1095 et
1455 1063 1498 1095 ad
1515 1061 1702 1105 ponendum
1722 1059 1862 1093 calculos
1879 1058 2004 1092 habites

1308 1116 1441 1158 fuerint,
1455 1126 1492 1148 ac
1509 1115 1556 1148 bis
1581 1115 1618 1147 in
1641 1114 1699 1146 suti
1725 1113 1854 1156 reqione
1871 1122 1932 1155 pro
1948 1110 2006 1145 ele-

1310 1169 1413 1202 ctione
1436 1168 1615 1211 veo-illiseri
1640 1167 1787 1200 iustitiae
1810 1164 2006 1208 suffraqium

1310 1221 1461 1262 viderint,
1478 1222 1507 1254 si
1530 1222 1615 1264 ipsos
1632 1220 1674 1253 ad
1690 1229 1809 1252 munus
1829 1217 2007 1261 vexilliferi

1314 1274 1503 1308 huiusmodi
1527 1274 1607 1317 elz'qi
1628 1273 1807 1316 continyat,
1834 1271 1874 1304 ab
1898 1269 2007 1304 eodem

1311 1337 1445 1361 munere
1468 1337 1532 1360 sese
1560 1327 1700 1359 eximere
1716 1325 1850 1368 possint.

1463 1405 1630 1433 Alexander
1650 1405 1729 1438 Papa
1749 1404 1813 1436 VH.

1407 1451 1443 1477 ad
1462 1450 1596 1477 laturam
1618 1448 1663 1476 rei
1687 1448 1870 1476 memorium.

1315 1522 1329 1565 ξ
1354 1521 1382 1554 1.
1408 1520 1528 1564 Exponi
1554 1519 1644 1553 nobis
1668 1529 1769 1563 nuper
1794 1518 1933 1551 fecerunt
1964 1518 2010 1551 di·

1271 1574 1340 1608 lecti
1367 1573 1421 1606 filii
1447 1573 1610 1616 regiminis
1638 1571 1770 1605 civitatis
1799 1576 1925 1604 nostrae
1950 1570 2009 1605 Bo-

1271 1626 1445 1667 noniensis,
1470 1626 1554 1670 quod
1580 1625 1658 1669 ipsi,
1684 1635 1789 1658 rerum
1816 1624 2011 1668 experientia

1273 1680 1428 1724 variisque
1454 1680 1543 1712 iustis
1567 1679 1727 1712 servitium
1753 1678 1913 1722 publicum
1940 1687 2009 1711 con-

1273 1733 1472 1767 cernentibus
1498 1732 1600 1765 causis
1624 1731 1760 1772 adducti,
1785 1726 1951 1764 accedente
1974 1732 2011 1765 ad

1275 1787 1304 1820 id
1324 1796 1451 1819 assensu
1470 1791 1500 1818 et
1516 1785 1701 1819 auctoritate
1718 1784 1822 1817 dilecti
1842 1783 1897 1816 filii
1912 1785 2013 1817 nostri

1275 1839 1399 1873 loannis
1434 1838 1616 1882 Hieronymi
1654 1838 1735 1870 tituli
1770 1838 1798 1871 S.
1836 1837 2012 1881 Honuphrii

1275 1892 1440 1927 cardinalis
1466 1891 1628 1925 Lomellini
1644 1891 1825 1935 nuncupati,
1843 1895 1967 1924 nostrae
1984 1897 2014 1924 et

1274 1946 1471 1992 Apostolicae
1496 1945 1584 1979 Sedis
1610 1945 1639 1977 in
1664 1945 1773 1978 eadem
1797 1944 1920 1977 civitate
1937 1944 2015 1977 eius-

1275 2011 1335 2044 que
1352 1999 1502 2033 comitatu
1520 1998 1557 2031 de
1570 1999 1667 2031 latere
1681 1998 1784 2041 legati,
1797 1998 2014 2038 decreverunt,

1276 2059 1308 2086 ut
1325 2053 1355 2085 in
1367 2058 1528 2097 posterum
1543 2061 1636 2085 nemo
1649 2062 1686 2085 ex
1697 2050 1895 2085 senatoribus
1913 2050 2013 2083 dictae

1276 2106 1418 2146 civitatis,
1443 2105 1495 2149 qui
1521 2105 1706 2148 vigesimum
1733 2114 1807 2136 suae
1833 2103 1941 2136 aetatis
1965 2113 2016 2136 an-

1276 2170 1350 2192 num
1372 2158 1551 2203 expleverit,
1576 2157 1752 2201 habilisque
1777 2157 1870 2191 fuerit
1891 2156 1929 2189 ad
1952 2167 2013 2201 po-

1277 2213 1414 2246 nendum
1439 2212 1604 2252 calculum,
1630 2222 1665 2244 ac
1687 2211 1735 2243 bis
1755 2210 1786 2243 in
1807 2212 1862 2244 sua
1887 2211 2017 2254 regione

1277 2277 1334 2311 pro
1359 2265 1510 2299 electione
1544 2264 1705 2298 vexilliferi
1739 2264 1873 2298 iustitiae
1904 2263 2016 2297 suffra-

1278 2321 1364 2364 gium
1391 2319 1522 2361 viderit,
1547 2319 1586 2351 ab
1610 2318 1749 2351 eiusdem
1775 2317 1938 2351 vexilliferi
1972 2317 2017 2351 iu-

1278 2373 1378 2408 stitiae
1398 2383 1538 2414 munere,
1556 2372 1819 2416 quandocumque
1840 2372 1956 2405 electus
1974 2381 2018 2404 re-

1281 2426 1440 2466 manserit,
1466 2436 1531 2458 sese
1556 2425 1695 2458 eximere
1722 2425 1820 2458 valeat
1844 2424 1895 2468 (iis
1915 2429 2019 2457 tamen

1280 2478 1426 2521 exceptis,
1451 2478 1481 2510 in
1507 2488 1643 2521 qnorum
1661 2478 1772 2510 litteris
1789 2476 1973 2521 apostolicis
1988 2476 2019 2509 in

1279 2532 1372 2565 simili
1398 2532 1500 2565 soi-ma
1526 2532 1632 2565 Brevis
1649 2542 1744 2575 super
1761 2531 1944 2564 eorumdem
1967 2530 2020 2563 de-

1279 2585 1493 2630 putationibus
1519 2585 1547 2618 in
1574 2589 1733 2619 senatores
1752 2584 1929 2629 praedictae
1949 2584 2020 2617 civi-

2005 201 2053 227 An.
2075 201 2104 227 C.
2123 201 2186 231 ¹656

2051 1528 2191 1558 Supptteano.
