2263 3215
286 212 337 237 An.
356 212 383 237 t),
405 212 469 238 tono

452 1270 456 1271 ⁷
482 1275 547 1302 ctos
565 1269 661 1311 lilios⁷
688 1275 792 1312 patres
817 1268 1049 1312 provinciarum
1076 1268 1104 1300 S.
1131 1268 1239 1308 Fran„

302 2035 308 2044 s

278 2058 321 2071 ιιιιη
338 2052 358 2070 S.
375 2051 461 2072 Franci-

277 2084 315 2101 st-i,
326 2080 365 2099 etc.

519 202 579 235 tat

485 259 645 302 provincia
663 259 811 292 Franciae
829 259 1011 302 priusquam
1030 259 1223 292 divideretur
1239 261 1242 309 t

484 312 655 350 constabat,
680 312 859 355 provinciae
884 312 1060 355 praedictae
1080 312 1108 345 S.
1127 312 1222 344 Fran-

484 365 558 397 eisci
584 364 735 396 tredecim
761 366 904 406 fratrum,
925 365 1004 398 duos
1028 365 1154 408 quidem
1176 375 1224 398 ex-

485 423 531 450 tra
554 428 661 450 muros
682 418 872 450 parisienses
898 424 927 451 et
953 418 1091 462 reliquos
1116 418 1147 450 in
1172 419 1221 450 di-

485 471 582 503 versis
608 471 756 503 Franciae
781 475 811 505 et
835 471 1056 513 Lotliaringiae
1083 471 1224 514 partibus

484 524 651 557 existentes
665 530 847 566 conventus,
862 536 932 558 euni
952 525 1144 558 monasterio
1163 535 1243 575 ino—t

484 577 613 610 nialium
645 578 673 610 S.
700 578 897 611 Elisabetliae
930 578 1038 621 oppidi
1072 577 1224 615 Nancaei;

484 630 664 673 provinciae
690 641 764 664 vero
782 632 810 664 S.
830 631 931 664 lvonis
956 630 1137 663 huiusmodi
1151 630 1225 663 duo·

483 682 584 715 decim
611 683 702 715 etiam
733 684 866 716 fratrum
892 689 1086 725 conventus,
1111 693 1224 725 nempe

483 735 592 769 decem
619 736 885 769 in-tvotmandiae
910 736 1061 780 partibus,
1090 736 1241 768 alterum¹

483 789 514 821 in
539 789 658 833 oppido
683 789 721 822 de
745 789 836 822 ltlovii
854 789 1003 822 territorii
1030 789 1224 821 Bellovacen-

483 842 535 881 sis,
550 847 579 874 et
593 842 726 876 alterum
750 843 875 875 Parisiis
892 844 920 875 S.
939 842 1052 875 Mariae
1065 842 1102 873 de
1127 842 1222 874 Naza-
1239 859 1240 863 =

484 895 553 927 reth
577 895 695 928 dictum
714 895 931 935 consistentes,
948 896 1009 927 una
1023 904 1094 927 cum
1121 894 1222 926 vicino

483 948 673 982 monasterio
701 950 730 982 S.
757 948 953 981 Elisabetliae
981 948 1073 980 etiam
1099 957 1221 979 nuncu-

481 1007 554 1045 pato
572 1002 753 1034 monialium
774 1000 1027 1044 congregationis
1041 1000 1221 1033 huiusmodi
1239 1015 1240 1018 ¹

483 1055 656 1098 respective
680 1055 907 1097 assignaverat,
936 1054 1059 1097 aliaque
1089 1053 1221 1097 praesti-

483 1113 562 1140 terat
580 1111 609 1141 et
625 1107 835 1149 ordinaverat,
852 1113 947 1151 prout
963 1108 992 1139 in
1010 1107 1077 1139 eius
1095 1107 1221 1139 decreto

481 1162 531 1194 die
557 1172 617 1194 xxx
643 1161 718 1194 iunii
744 1172 846 1195 innexi„
864 1161 1006 1194 consecto
1030 1160 1159 1193 uberius
1176 1160 1222 1192 di-

482 1216 564 1248 eitur
598 1216 786 1255 contineri),
816 1215 1025 1259 appellatione
1056 1225 1113 1257 per
1144 1214 1221 1246 dile-

481 1323 555 1357 cisci
590 1333 625 1355 ac
657 1323 702 1355 Ss.
736 1322 883 1355 Ludovici
913 1328 943 1355 et
975 1322 1113 1355 Eleazari
1147 1332 1239 1362 con-t

481 1377 674 1419 gregationis
692 1376 881 1420 praedictae,
901 1375 939 1408 ad
961 1375 1071 1408 Sedem
1090 1376 1222 1418 Aposto-
1238 1396 1239 1413 2

481 1430 573 1463 licam
600 1430 795 1473 interposita,
818 1429 900 1462 idem
927 1428 1070 1462 Urbanus
1094 1428 1222 1472 praede-

481 1494 587 1516 eessor
610 1483 795 1516 divisionem
823 1488 1015 1515 memoratae
1040 1481 1221 1525 provinciae

480 1537 641 1577 Franciae,
667 1537 731 1570 sive
755 1537 784 1569 S.
812 1537 981 1575 Francisci,
1000 1536 1030 1568 in
1050 1536 1127 1568 duas
1152 1546 1221 1580 pro-

482 1589 614 1629 vinctas,
640 1594 673 1622 ut
704 1590 902 1632 praclertur,
927 1590 1039 1621 saetam
1064 1599 1122 1632 per
1145 1589 1221 1620 alias

480 1653 552 1675 suas
568 1642 599 1674 in
621 1642 715 1675 simili
737 1642 830 1675 ctiam
849 1642 950 1675 fornia
965 1641 1072 1674 Brevis
1088 1641 1138 1674 die
1155 1651 1220 1675 xxu

480 1695 611 1728 ianuarii
631 1705 744 1729 tincxm
763 1695 921 1739 expeditas
946 1695 1065 1727 litteras
1082 1695 1140 1727 sul)
1158 1706 1221 1728 cer-

480 1750 518 1781 tis
543 1749 636 1782 modo
670 1754 699 1781 et
730 1750 832 1782 forma
865 1753 937 1782 tunc
962 1748 1119 1792 expressis
1147 1758 1220 1781 con-

480 1802 616 1834 lirinavit
640 1808 671 1835 et
695 1802 891 1845 approbavit.

524 1855 538 1898 ἓ
562 1855 592 1887 2.
617 1855 693 1888 Cum
718 1860 833 1894 autem,
848 1855 928 1887 sicut
944 1854 1053 1887 eadem
1067 1854 1220 1898 expositio

476 2075 559 2102 etum
596 2068 788 2101 distrahendi
831 2068 869 2100 ab
909 2068 1018 2100 eadem
1057 2067 1218 2111 provincia

475 2124 504 2156 S.
532 2121 633 2155 lvonis
658 2122 757 2154 dictos
775 2121 853 2154 duos
872 2125 1045 2154 conventus
1069 2121 1107 2153 de
1127 2120 1218 2153 ttlovii

475 2175 567 2208 etde
601 2175 751 2208 Nazareth
785 2174 828 2206 illi
861 2174 1036 2216 assignatos
1068 2174 1218 2206 haetenus

476 2229 682 2269 turbaverint,
694 2234 723 2260 et
733 2227 901 2261 novissime
914 2227 996 2271 apud
1007 2226 1118 2260 Sedent
1131 2237 1219 2271 prae-

475 2283 570 2316 fatam
596 2292 655 2326 pro
672 2281 829 2314 revisione
853 2280 1150 2314 secundodictarum
1170 2280 1217 2313 lit-

476 2340 613 2368 terarum
633 2334 748 2369 Urbani
770 2334 1023 2378 praedecessoris
1039 2333 1217 2376 institerint,

474 2387 714 2431 praetendentes
741 2387 825 2431 quod
850 2387 924 2420 dicti
950 2392 1122 2420 conventus
1146 2397 1218 2420 eon-

476 2447 523 2474 tra
557 2441 759 2474 fundatorum
795 2439 999 2472 intentionem
1037 2440 1217 2483 provinciae

476 2494 505 2527 S.
532 2494 634 2527 lvonis
666 2493 846 2526 huiusmodi
878 2492 1030 2537 adscripti
1060 2498 1174 2534 essent,
1188 2498 1217 2526 et

476 2547 587 2579 divisio
613 2546 770 2589 praedicta
794 2546 833 2578 ab
857 2546 968 2578 eodem
997 2546 1112 2579 loanne
1136 2556 1218 2579 com-

477 2600 622 2642 missario
654 2603 762 2634 contra
798 2599 949 2633 terminos
985 2599 1216 2633 commissionis

478 1908 703 1951 subiungebat,
727 1909 919 1952 appellantes
951 1907 1102 1951 praedicti
1131 1907 1219 1951 quasi

426 2006 428 2008 q
477 1963 633 1996 continuis
653 1962 762 2004 litigiis
779 1962 910 1995 dilectos
928 1961 1048 2005 pariter
1062 1961 1144 1993 tilios
1161 1962 1220 1993 fra·
1236 1951 1238 1983 3

408 2006 461 2045 liv?
478 2020 539 2049 tres
563 2016 663 2049 dictae
687 2015 867 2059 provinciae
893 2015 920 2047 S.
948 2014 1050 2047 lvonis
1075 2014 1113 2046 ad
1146 2014 1219 2047 effe-

1067 212 1244 235 BULLARIUM
1269 212 1422 235 ROMANUM

1257 269 1330 292 suae
1362 269 1432 291 cuni
1464 258 1648 291 confusione
1679 263 1889 290 conventuum
1915 258 1994 290 sacta

1240 311 1373 353 lsuissct,
1390 311 1538 355 quodque
1555 311 1593 343 de
1617 313 1651 344 ea
1677 310 1721 343 sic
1745 310 1885 343 facienda
1905 320 1997 354 supe-

1240 355 1358 397 ³ri01·es
1382 364 1483 396 dictae
1508 363 1761 406 congregationis
1798 362 1826 395 vi
1857 368 1887 395 et
1911 368 1997 396 metu

1241 422 1329 460 3ante
1361 416 1625 454 concordassent,
1661 422 1690 448 et
1718 415 1844 448 eaedem
1876 415 1997 449 litterae

1241 462 1376 505 {Urbani
1400 468 1653 512 praedecessoris
1678 468 1932 502 confirmatoriae
1955 468 1998 501 di-

1261 522 1386 555 visionis
1416 521 1612 563 huiusmodi‚
1640 521 1715 565 ipsis
1743 521 1872 554 minime
1901 521 1997 554 audi-

1242 575 1297 607 ¹tis
1322 581 1351 607 et
1375 575 1414 607 ab
1437 575 1520 607 alma
1546 575 1629 608 Urbe
1653 574 1809 618 repulsis,
1841 574 1899 607 sub
1928 574 1997 607 l'alsi

1241 634 1288 670 tet
1312 638 1374 660 non
1407 628 1471 660 veri
1507 627 1724 671 procuratoris
1762 627 1919 670 generalis
1951 627 1998 659 di-

1241 678 1326 732 {ctae
1350 680 1605 723 congregationis
1629 680 1757 713 nomine
1781 684 1996 719 emanassent;

1258 743 1395 777 eumque
1419 733 1520 766 dictus
1541 733 1731 778 Hiaeynthus
1754 738 1920 776 propterea
1944 744 1998 776 op-

1240 798 1241 804 *
1258 792 1392 830 portune
1409 797 1426 819 a
1446 786 1537 820 nobis
1561 787 1593 819 in
1617 786 1800 830 praemissis
1819 785 1996 829 provideri¹

1257 850 1459 883 summopere
1477 839 1649 873 desideret:
1668 849 1735 881 nos,
1750 839 1852 882 ipsum
1867 839 1998 883 Hyacin-

1258 893 1345 925 thum
1364 893 1553 936 specialibus
1578 893 1736 926 savoribus
1753 898 1783 925 et
1806 892 1914 935 gratiis
1927 903 1998 936 pro-

1257 946 1345 990 sequi
1364 946 1512 988 volentes,
1530 951 1559 978 et
1586 957 1603 978 a
1630 945 1792 989 quibusvis
1820 956 1998 979 exeommu-

1239 997 1240 1005 ’
1257 998 1431 1040 nicationis,
1449 999 1665 1042 suspensionis
1683 1004 1712 1031 et
1733 998 1901 1040 interdicti,
1916 997 1997 1031 aliis-

1257 1063 1318 1096 que
1353 1052 1571 1085 eeclesiasticis
1596 1051 1777 1093 sententiis,
1802 1051 1945 1084 censuris
1967 1057 1998 1084 et

1256 1106 1375 1149 poenis,
1396 1115 1413 1137 a
1432 1105 1501 1137 iure
1518 1105 1565 1137 vel
1586 1105 1624 1137 ab
1649 1104 1785 1144 homine,
1810 1104 1918 1148 quavis
1948 1114 1997 1137 oe-

1256 1159 1382 1192 casione
1407 1159 1453 1191 vel
1478 1161 1572 1191 eausa
1603 1158 1690 1198 latis,
1720 1158 1744 1190 si
1775 1157 1888 1201 quibus
1918 1168 1996 1201 quo-

1239 1212 1429 1246 'modolibet
1454 1211 1619 1245 innodatus
1640 1211 1764 1251 existit,
1786 1211 1825 1243 ad
1849 1211 1996 1245 effectum

1257 1267 1468 1311 praesentium
1484 1265 1921 1309 dumtaxatconsequendum,
1944 1266 1995 1299 lia-

1238 1312 1325 1352 lrum
1347 1320 1428 1352 serie
1454 1320 1650 1352 absolventes
1671 1324 1701 1352 et
1725 1319 1905 1353 absolutum
1930 1319 1996 1353 sore

1238 1368 1418 1406 'censentes
1436 1400 1443 1413 ‚
1468 1373 1750 1416 supplicationibus
1778 1373 1845 1406 eius
1869 1373 1996 1406 nomine

1256 1427 1346 1460 nobis
1371 1437 1466 1470 super
1491 1427 1550 1459 lioc
1575 1426 1737 1459 humiliter
1761 1427 1918 1470 porrectis
1941 1426 1993 1459 in-

1255 1480 1416 1521 clinati,de
1430 1479 1655 1512 venerabilium
1672 1479 1802 1512 fratrum
1812 1470 1995 1513 nostrorum

1255 1535 1283 1567 S.
1301 1535 1335 1566 It.
1357 1535 1389 1566 Ε.
1408 1533 1613 1566 cardinalium
1634 1532 1769 1576 negotiis
1789 1538 1820 1566 et
1843 1533 1996 1566 consulta-

1238 1591 1239 1600 *
1256 1587 1392 1620 tionibus
1409 1588 1630 1631 episcoporum
1652 1593 1682 1620 et
1699 1587 1893 1630 regularium
1910 1596 1996 1630 prae-

1255 1640 1504 1684 positorum,qui
1523 1640 1553 1672 in
1567 1640 1694 1683 negotio
1706 1640 1845 1683 ipsorum
1862 1640 1994 1672 fratrum

1254 1694 1349 1726 Tertii
1368 1693 1493 1727 Ordinis
1513 1694 1610 1726 sancti
1632 1693 1789 1726 Francisci
1815 1692 1996 1736 provinciae

1255 1747 1405 1780 Franriae
1440 1757 1535 1790 super
1568 1746 1808 1779 confirmatione
1832 1746 1995 1779 divisionis

1254 1799 1493 1843 provinciarum
1520 1804 1624 1842 partes
1648 1799 1845 1840 audiverunt,
1869 1798 1994 1832 omnia-

1254 1864 1314 1896 que
1338 1852 1484 1885 viderunt
1507 1856 1536 1885 et
1561 1857 1682 1885 mature
1708 1852 1925 1886 discusserunt
1950 1858 1996 1885 at-

1254 1916 1314 1948 que
1351 1905 1611 1945 considerarunt,
1637 1905 1789 1945 consilio,
1819 1905 1995 1949 praedictas

1236 1965 1238 1972 ’
1257 1959 1370 1992 Urbani
1392 1959 1645 2003 praedecessoris
1670 1959 1787 1992 litteras
1805 1959 1854 1991 die
1872 1969 1939 1992 xxn
1956 1959 1995 1991 ia-

1253 2013 1355 2045 nuarii
1381 2022 1496 2046 iuncxm
1521 2017 1680 2045 emanatas
1705 2022 1803 2056 super
1826 2012 1996 2045 confirma-

1235 2078 1238 2089 ·
1254 2067 1336 2100 tione
1357 2066 1518 2099 divisionis
1536 2066 1770 2109 provinciarum
1788 2066 1817 2099 S.
1836 2066 1995 2100 Francisci

1235 2114 1283 2152 ¹et
1307 2120 1336 2152 S.
1358 2119 1460 2152 lvonis
1484 2119 1666 2162 provinciae
1691 2119 1841 2152 Franciae
1865 2125 1896 2152 et
1919 2120 1996 2153 Nor-

1235 2173 1396 2219 imandiae
1421 2173 1560 2213 servari,
1591 2173 1764 2216 apostolica
1787 2172 1994 2213 auctoritate,

1254 2233 1362 2260 tenore
1378 2226 1603 2270 praesentium,
1626 2227 1824 2267 mandamus,
1841 2232 1871 2259 et
1887 2237 1996 2270 perpe-

1253 2286 1340 2313 tuum
1366 2280 1524 2312 silentium
1550 2280 1702 2313 fratribus
1721 2279 1869 2313 Parisinis
1893 2279 1995 2312 dictae

1234 2333 1236 2342 ¹
1252 2332 1433 2377 provinciae
1447 2333 1598 2366 Franciae
1617 2333 1750 2376 aliisque
1763 2333 1911 2366 omnibus
1923 2343 1994 2377 pro-

1234 2385 1371 2436 Jvinciae
1394 2388 1423 2420 S.
1450 2386 1608 2420 Francisci
1633 2386 1718 2420 omni
1750 2387 1873 2420 meliori
1899 2386 1994 2421 modo

1233 2442 1235 2479 ξ
1251 2439 1451 2483 imponimus.

1233 2482 1235 2539 ξ
1294 2492 1349 2537 ἓέᾶ.
1364 2493 1571 2526 Decernentes
1588 2497 1769 2537 praesentes
1786 2492 1904 2527 litteras
1914 2502 1993 2526 sem-

1232 2568 1235 2583 t

1233 2587 1234 2597 t

1287 2609 1297 2634 1
1316 2607 1385 2635 Edit.
1403 2608 1482 2636 ltlain.
1499 2608 1563 2643 legit
1574 2608 1728 2644 providere
1743 2610 1779 2643 (tt.
1797 2610 1844 2642 Τ.).

2012 210 2061 235 An.
2079 210 2106 235 G.
2127 210 2190 240 1656

2021 2498 2147 2527 ⁴Decretum
2162 2497 2188 2519 ir·
2222 2496 2224 2523 ζ

2008 2526 2081 2546 vitans.
