2243 3205
286 227 343 263 Ἀη.
365 236 476 263 (3.1657
524 226 587 259 316
1070 237 1249 262 ammaum
1273 237 1426 261 nomnen
2010 235 2060 263 An.
2080 235 2110 264 c.
2126 236 2190 267 ¹⁸57
2220 234 2241 255 ¹·

488 285 551 317 sive
582 283 619 316 ad
651 283 704 316 illa
732 283 770 317 de
794 293 885 326 novo,
910 284 1018 318 eadem
1043 285 1226 319 alternativa
1262 286 1344 318 nisse
1368 285 1439 325 dici,
1466 283 1627 328 praetendi
1653 284 1700 317 vel
1720 284 1851 328 intelligi
1868 294 1997 329 quomo-

311 722 469 747 cunctatum-1-

287 752 307 768 ut
325 756 343 768 nu
360 750 449 768 sul-utra.

488 336 614 369 minime
623 337 797 377 observata,
808 337 947 381 elegerit;
958 348 1040 372 nunc
1054 349 1128 372 vero
1142 338 1224 372 idem

487 390 637 422 Antonius
662 395 850 434 procurator
874 392 1028 434 generalis
1053 402 1110 435 pro
1134 402 1223 424 secu-

487 443 561 476 riori
579 443 852 477 confirmationum
879 449 909 477 et
933 455 1084 478 novarum
1103 445 1225 478 electio-

485 507 558 528 num
585 496 763 530 huiusmodi
789 497 923 542 indeque
951 503 1131 532 secutorum
1153 498 1225 531 vali-

485 549 579 582 ditate
604 554 633 582 et
657 549 857 583 subsistentia
887 557 1064 595 opportune
1090 561 1106 583 a
1131 551 1224 584 nobis

485 603 515 634 in
539 603 720 646 praemissis
747 604 904 647 provideri
922 610 952 637 et
966 610 998 638 ut
1019 605 1097 638 infra
1115 605 1220 638 indul-

485 655 552 699 geri
587 666 787 700 summopere
812 657 986 690 desideret:

529 709 543 751 g
567 707 596 741 3
621 710 705 750 Nos,
735 709 837 753 ipsum
863 710 1030 743 Antonium
1064 721 1223 754 procura-

486 767 584 796 torem
621 763 799 806 generalem
842 764 1029 807 specialibus
1065 764 1222 798 favoribus

485 821 514 848 ct
538 817 647 859 gratiis
675 817 822 860 prosequi
849 817 996 858 volentes,
1024 823 1054 850 et
1086 818 1116 850 in
1147 818 1219 862 qui-

483 870 591 903 busvis
622 871 976 912 excommunicationis,
1008 871 1222 914 suspensionis

484 929 514 956 et
544 924 717 964 interdicti,
743 924 874 967 aliisque
908 924 1125 959 ecclesiasticis
1150 935 1221 958 sen-

485 977 605 1018 tentiis,
638 977 779 1011 censuris
811 983 841 1010 et
872 977 999 1020 poenis,
1031 988 1047 1010 a
1082 978 1149 1011 iure
1174 979 1240 1012 vel¹

483 1030 522 1063 ab
547 1030 695 1071 homine,
721 1030 829 1074 (plavis
857 1030 1022 1064 occasione
1053 1032 1100 1064 vel
1129 1034 1222 1065 causa

482 1083 568 1126 latis,
594 1083 619 1116 si
647 1083 761 1127 quibus
793 1083 1028 1127 quomodolibet
1058 1085 1222 1120 innodatus

483 1136 602 1177 existit,
626 1135 664 1169 ad
691 1136 837 1170 effectum
862 1137 1074 1180 praesentium
1100 1137 1222 1172 dumta-

483 1194 534 1222 xat
563 1189 838 1233 consequendum,
863 1190 974 1223 harum
1011 1191 1092 1224 serie
1117 1191 1220 1225 absol-

484 1247 589 1277 ventes
614 1248 643 1275 et
667 1242 845 1276 absolutum
870 1243 936 1276 sore
960 1250 1131 1286 censentes,
1151 1255 1222 1289 sup-

482 1295 704 1339 plicationibus
738 1295 805 1329 eius
840 1296 967 1329 nomine
1000 1297 1091 1330 nobis
1126 1308 1222 1342 super

482 1349 542 1383 hoc
560 1349 724 1383 humiliter
739 1349 894 1393 porrectis
919 1349 1074 1391 inclinati,
1099 1351 1217 1385 confir-

483 1403 636 1436 mationes
661 1408 691 1436 et
716 1413 811 1436 novas
836 1402 1004 1436 electiones
1030 1410 1220 1438 memorato-

482 1467 551 1489 rum
570 1457 780 1500 praelatorum
795 1457 1028 1491 ordinariorum
1043 1463 1073 1490 et
1085 1458 1219 1491 aliorum

482 1520 683 1554 quocumque
707 1509 835 1543 nomine
859 1517 1113 1554 nuncupatorum
1131 1522 1221 1556 supe-

481 1564 613 1604 riorum,
638 1573 700 1596 non
726 1568 829 1596 tamen
848 1563 1101 1607 provincialium,
1119 1565 1220 1599 dictae

482 1617 735 1660 congregationis
766 1617 912 1660 illiusque
946 1617 1113 1651 domorum
1140 1619 1220 1652 ultra

481 1681 577 1703 unum
599 1671 683 1703 aliud
707 1681 760 1703 seu
781 1671 874 1714 plura
890 1670 1024 1704 triennia
1049 1672 1220 1716 respective

481 1735 498 1757 a
522 1724 700 1758 definitorio
726 1724 887 1768 praedicto
912 1724 994 1758 bona
1025 1725 1106 1768 side,
1139 1726 1221 1760 sicut

481 1777 704 1821 praemittitur,
729 1777 804 1810 alias
829 1783 932 1810 tamen
946 1779 1094 1811 canonice
1114 1779 1219 1820 factas,

481 1841 517 1863 ac
536 1831 607 1863 inde
625 1835 730 1864 secuta
747 1841 982 1874 quaecumque,
1005 1836 1034 1864 et
1057 1842 1113 1875 per
1136 1832 1220 1876 ipsos

480 1885 637 1928 praelatos
661 1883 839 1917 ordinarios
872 1889 901 1917 et
931 1884 1009 1917 alios
1041 1885 1220 1929 superiores

482 1938 512 1969 in
537 1937 598 1969 vim
624 1937 902 1970 confirmationum
927 1942 957 1969 et
982 1947 1134 1970 novarum
1156 1939 1219 1971 ele-

481 1991 619 2023 ctionum
646 1990 826 2023 huiusmodi
851 1995 918 2023 acta
943 1996 971 2023 et
991 1996 1087 2034 gesta,
1105 1991 1220 2025 validas

481 2051 511 2078 et
535 2044 635 2077 valida
659 2044 765 2085 fuisse,
790 2054 825 2077 ac
851 2054 918 2077 esse
935 2049 964 2077 et
984 2045 1050 2078 sore
1068 2045 1098 2077 in
1119 2046 1220 2078 omni-

481 2098 539 2132 bus
563 2104 594 2131 et
616 2108 672 2142 per
697 2097 811 2139 omnia,
829 2097 958 2142 perinde
982 2109 1017 2131 ac
1042 2099 1067 2132 si
1093 2099 1219 2133 eaedem

481 2152 736 2186 confirmationes
760 2156 790 2184 et
821 2161 919 2184 novae
950 2152 1118 2186 electiones
1142 2164 1219 2187 non-

481 2206 540 2238 nisi
564 2205 602 2238 ad
627 2215 723 2238 unum
743 2205 913 2237 triennium
930 2205 1105 2249 respective
1122 2206 1220 2240 factae

482 2259 633 2300 fuissent,
667 2257 852 2291 auctoritate
882 2257 1076 2301 apostolica,
1110 2265 1220 2293 tenore

480 2311 703 2356 praesentium,
728 2311 925 2345 declaramus
950 2316 980 2344 ct
1008 2310 1219 2354 decernimus,

480 2365 613 2409 illasque
637 2370 667 2397 et
691 2363 771 2406 alia¹,
797 2369 949 2408 quatenus
973 2374 1052 2409 opus
1077 2365 1165 2407 soret,
1191 2371 1220 2399 et

481 2419 518 2452 ad
532 2419 790 2452 abundantiorem
801 2418 965 2459 cautelam,
975 2418 1218 2463 convalidamus,

480 2484 515 2506 ac
540 2483 648 2506 omncs
673 2476 702 2505 et
726 2471 867 2515 singulos
892 2471 970 2505 iuris
994 2477 1022 2505 et
1048 2472 1118 2505 sacti
1139 2472 1220 2506 dese-

480 2529 567 2566 ctus,
592 2526 615 2558 si
640 2525 694 2569 qui
724 2525 860 2569 desuper
891 2530 1023 2570 propter
1047 2526 1219 2570 praemissa

480 2579 713 2623 quomodolibet
738 2579 979 2620 intervenerint,
1005 2590 1058 2612 scu
1084 2579 1213 2613 interve-

516 2644 526 2669 1
550 2642 642 2670 Potius
662 2642 780 2679 legerem
802 2642 851 2671 itta
872 2651 921 2678 pro
941 2642 1000 2672 alia
1019 2642 1056 2677 (a.
1078 2643 1125 2677 τ.),
1180 2626 1188 2632 ·

1259 338 1377 370 dolibct
1413 342 1563 381 possent,
1605 337 1789 370 auctoritate
1825 341 1854 372 et
1888 342 1996 373 tenore

1258 390 1427 434 praedictis
1451 400 1597 424 sanamus
1622 396 1651 424 et
1675 391 1845 425 abolemus.

1302 444 1316 486 g
1340 442 1369 475 4.
1395 443 1593 476 Declarantes
1619 443 1649 476 in
1674 444 1815 477 futurum
1840 443 1997 488 praelatos
2029 457 2146 487 ,91-201220·
2159 462 2190 480 or.

1258 495 1432 529 ordinarios
1465 501 1494 529 et
1527 497 1603 530 alios
1637 507 1837 541 quocumque
1870 497 1998 531 nomine
2013 483 2190 540 ll'fflgssnffi’llffll

1257 553 1452 593 nuncupatos
1477 550 1657 594 superiores
1681 550 1844 584 universae
1870 560 1998 594 congre·
2012 537 2190 598 isiumiiffffiiligiiss

1258 602 1392 644 gationis
1417 603 1614 646 praedictae,
1640 603 1785 647 illiusque
1809 604 1996 645 domorum,
2013 589 2114 610 ‘Mam'

1258 666 1336 700 quos
1353 655 1391 688 ad
1409 656 1492 689 aliud
1513 657 1682 690 triennium
1700 657 1731 690 in
1752 667 1862 690 corum
1884 657 1996 690 officiis

1257 709 1463 742 confirmandi
1489 720 1541 743 seu
1563 710 1600 743 de
1623 720 1704 744 novo
1730 711 1781 743 illa
1801 710 1937 754 eligendi
1958 710 1998 743 fa-

1257 763 1354 796 cultas
1379 762 1480 796 eidem
1506 763 1696 805 definitorio,
1721 769 1754 797 ut
1774 763 1995 808 praemittitur,

1257 826 1273 848 a
1303 815 1385 849 dicto
1420 816 1544 850 Urbano
1575 817 1816 860 praedecessore
1848 826 1996 850 concessa

1256 868 1399 909 suit,non
1424 870 1506 902 ultra
1529 880 1626 902 unum
1652 870 1811 903 dumtaxat
1827 869 1997 903 triennium

1257 921 1435 955 immediate
1459 923 1638 966 proximum
1664 923 1695 956 in
1721 933 1831 956 eorum
1848 922 1959 957 officiis
1979 933 1996 956 a

1256 982 1433 1010 memorato
1458 976 1637 1010 definitorio
1670 976 1844 1020 respective
1873 976 1993 1010 confir-

1257 1029 1345 1071 mari7
1365 1040 1419 1063 seu
1439 1029 1476 1062 ad
1493 1030 1545 1063 illa
1556 1030 1593 1063 de
1606 1041 1686 1064 novo
1704 1031 1886 1065 alternative
1900 1030 1996 1063 trium

1255 1092 1409 1115 annorum
1423 1082 1603 1117 huiusmodi
1618 1083 1747 1117 minime
1761 1083 1926 1118 observata
1940 1083 1995 1117 eli-

1255 1135 1285 1178 gi
1307 1146 1420 1179 posse3

1299 1189 1313 1232 §
1334 1189 1362 1222 5.
1389 1191 1431 1222 Ac
1449 1189 1652 1223 decernentes
1672 1190 1796 1223 easdem
1817 1195 1997 1234 praesentes

1255 1242 1373 1275 litteras
1397 1253 1522 1287 semper
1547 1244 1663 1285 firmas,
1682 1244 1799 1278 validas
1812 1249 1841 1278 et
1854 1244 1996 1278 efficaces

1255 1295 1389 1328 existere
1414 1301 1442 1329 et
1467 1297 1544 1337 sore,
1569 1307 1605 1330 ac
1631 1297 1700 1338 illis,
1718 1297 1755 1330 ad
1773 1308 1851 1341 quos
1877 1301 1995 1341 spectat

1255 1354 1283 1381 et
1308 1360 1367 1392 pro
1392 1354 1535 1393 tempore
1554 1350 1715 1394 spectabit,
1734 1350 1916 1394 plenissime
1933 1350 1997 1384 suf-

1254 1403 1382 1446 frag-ari,
1397 1408 1427 1436 et
1440 1403 1478 1436 ab
1497 1404 1555 1436 illis
1581 1403 1755 1448 respective
1772 1404 1996 1438 inviolabiliter

1255 1456 1434 1499 observari,
1457 1457 1564 1500 sicque
1581 1457 1612 1489 in
1629 1457 1813 1501 praemissis
1830 1468 1888 1501 per
1904 1467 1996 1501 quos-

1255 1519 1390 1553 cumque
1415 1509 1535 1543 iudices
1564 1510 1742 1544 ordinarios
1770 1515 1799 1543 et
1827 1510 1996 1554 delegatos,

1255 1562 1346 1596 etiam
1373 1573 1539 1596 causarum
1560 1563 1667 1607 palatii
1688 1563 1853 1607 apostolici
1878 1563 1997 1596 audito-

1255 1626 1314 1659 res,
1330 1616 1460 1649 iudicari
1486 1622 1515 1650 et
1539 1617 1662 1650 definiri
1677 1617 1802 1658 debere,
1820 1627 1856 1650 ac
1870 1617 1995 1650 irritum

1254 1674 1284 1702 et
1308 1670 1398 1703 inane
1423 1670 1448 1703 si
1473 1680 1561 1704 secus
1586 1681 1680 1714 super
1711 1671 1760 1704 his
1783 1681 1800 1704 a
1825 1681 1994 1715 quoquam,

1253 1723 1361 1766 quavis
1374 1723 1569 1767 auctoritate,
1584 1724 1718 1758 scienter
1736 1725 1781 1757 vel
1800 1724 1994 1768 ignoranter,

1254 1777 1422 1820 contigerit
1446 1778 1601 1810 attentari.

1298 1831 1312 1874 ἓ
1336 1831 1365 1864 6.
1397 1831 1466 1864 Non
1495 1830 1691 1864 obstantibus
1725 1830 1930 1875 praemissis,
1958 1842 1994 1865 ac

1254 1883 1527 1918 constitutionibus
1549 1890 1578 1917 et
1602 1884 1851 1918 ordinationibus
1872 1890 1994 1929 aposto-

1253 1937 1330 1978 licis,
1343 1947 1475 1978 necnon,
1486 1943 1638 1981 quatenus
1652 1949 1732 1982 opus
1745 1938 1794 1979 sit,
1808 1937 1909 1971 dictae
1923 1948 1993 1972 con-

1253 1991 1456 2034 gregationis,
1477 1991 1606 2035 eiusque
1630 1991 1865 2035 provinciarum
1883 1997 1912 2025 et
1936 1991 1993 2026 do·

1254 2055 1376 2078 morum
1409 2045 1638 2089 quarumlibet,
1672 2045 1765 2078 etiam
1794 2045 1993 2086 iuramento,

1254 2098 1491 2131 confirmatione
1511 2098 1684 2142 apostolica
1702 2098 1748 2131 vel
1769 2097 1877 2142 quavis
1896 2097 1994 2131 firmi-

1253 2156 1314 2184 tate
1339 2151 1398 2184 alia
1425 2151 1591 2193 roboratis⁷
1618 2151 1740 2185 statutis
1764 2156 1794 2184 et
1818 2156 1990 2185 consuetu-

1253 2205 1398 2246 dinibus,
1423 2205 1596 2249 privilegiis
1620 2215 1768 2249 quoque,
1800 2205 1929 2238 indultis
1962 2210 1993 2238 et

1252 2259 1364 2292 litteris
1385 2258 1566 2303 apostolicis
1582 2258 1612 2291 in
1631 2259 1825 2292 contrarium
1842 2258 1994 2302 praemis-

1253 2322 1363 2345 sorum
1374 2311 1611 2356 quomodolibet
1624 2311 1790 2353 concessis,
1801 2311 1993 2345 confirmatis

1253 2371 1283 2399 et
1306 2365 1477 2406 innovatis3
1502 2366 1617 2410 quibus
1637 2365 1783 2399 omnibus
1804 2370 1833 2399 et
1850 2365 1993 2409 singulis,

1252 2419 1379 2453 illorum
1404 2424 1529 2452 tenores
1560 2419 1779 2463 praesentibus
1810 2429 1869 2463 pro
1901 2418 1993 2462 plene

1252 2477 1282 2507 et
1305 2473 1497 2506 sufficienter
1521 2473 1678 2517 expressis
1703 2484 1739 2507 ac
1768 2473 1806 2506 de
1832 2471 1928 2505 verbo
1953 2470 1992 2504 ad

1253 2525 1383 2559 verbum
1417 2526 1542 2560 insertis
1566 2526 1735 2566 habentes,
1769 2525 1828 2558 illis
1859 2525 1935 2558 alias
1960 2524 1991 2556 in

1251 2589 1307 2612 suo
1322 2579 1436 2612 robore
1449 2579 1674 2623 permansuris,
1690 2579 1727 2612 ad
1743 2578 1990 2623 praemissorum

1250 2632 1407 2675 effectum,
1425 2633 1481 2667 bac
1500 2633 1566 2667 vice
1579 2634 1750 2674 dumtaxat,
1766 2631 1943 2677 specialiter
1959 2636 1990 2664 et

2023 1226 2026 1229 Α
2039 1199 2147 1221 Decretum
2164 1200 2189 1222 ir-

2011 1228 2084 1247 tutans.

2009 1838 2118 1860 Contraria
2128 1837 2184 1860 toltit.

2229 571 2238 705 ,-..--.οο
2231 543 2238 563 -.
2232 527 2237 532 .
2235 487 2237 500 ,Α
