2263 3215
254 204 303 233 An.
324 203 353 232 G.
371 203 438 234 ¹655
481 195 526 230 74

302 373 343 394 nat
372 372 436 393 sacul-

254 402 319 421 tatem
363 400 435 420 abbati

255 426 338 448 S.Galli
350 426 436 447 creandi

255 454 356 475 notai-ius.

720 252 838 281 Dilecto
857 252 912 288 fili,

485 299 615 326 salutem
635 299 665 326 et
685 297 880 332 apostolicam
901 298 1152 326 benedictionem.

496 361 510 404 g
535 360 563 393 t.
589 360 671 392 Tuae
707 359 735 392 in
767 370 823 392 nos
848 365 878 393 et
901 360 1110 405 Apostolicam
1136 360 1189 394 Se-

457 413 528 446 dem
554 413 726 446 devotionis
751 412 870 446 meritis
888 413 1076 455 inducimur,
1093 418 1126 446 ut
1142 424 1191 447 ro-

454 467 491 500 tis
516 465 587 506 tuis,
605 469 755 510 quantum
777 477 848 499 cum
862 466 994 501 Domino
1014 477 1191 511 possumus,

453 519 668 552 favorabiliter
691 529 874 553 annuamus.

499 574 514 617 ς
537 573 567 606 Εζ.
593 573 709 617 Itaque,
727 579 756 607 te
776 573 963 617 specialibus
985 573 1143 607 favoribus
1163 578 1193 605 et

455 626 565 670 gratiis
589 626 739 671 prosequi
765 627 912 667 volentes,
938 632 968 659 et
991 637 1007 659 a
1033 626 1193 670 quibusvis

457 679 796 720 excommunicationis,
814 679 1027 723 suspensionis
1045 684 1075 711 et
1098 679 1194 712 inter-

457 732 542 773 dicti,
555 732 686 776 aliisque
704 732 922 765 ecclesiasticis
940 732 1110 772 sententiis,
1128 742 1196 765 cen-

458 785 540 819 suris
564 791 595 819 et
618 786 750 830 poenis,
779 797 796 819 a
824 786 892 818 iure
923 786 970 818 vel
996 785 1034 817 ab
1058 784 1195 825 homine,

458 839 566 884 quavis
591 840 754 873 occasione
786 840 834 871 vel
859 841 951 872 causa
976 839 1054 880 latis,
1080 838 1104 871 si
1129 838 1193 882 qui-

460 893 519 926 bus
536 892 771 936 quomodolibet
789 891 953 925 innodatus
971 891 1086 932 existis,
1104 890 1141 924 ad
1159 891 1197 924 ef-

461 947 575 980 fectum
600 945 809 990 praesentium
829 945 989 977 dumtaxat
1008 954 1198 988 consequen-

462 1000 548 1041 dum,
573 1000 685 1033 harum
712 999 791 1032 serie
816 999 1012 1032 absolventes
1032 1004 1062 1031 et
1078 998 1199 1031 absolu-

462 1059 527 1087 tum
552 1054 619 1087 sore
643 1057 813 1093 censentes,
842 1048 1120 1095 supplicationibus
1146 1056 1199 1086 tuo

461 1108 587 1141 nomine
604 1107 693 1140 nobis
717 1117 811 1150 super
827 1106 886 1139 boc
909 1106 1070 1140 humiliter
1087 1117 1198 1150 porre-

463 1162 519 1195 ctis
544 1161 692 1203 inclinati,
718 1161 783 1201 tibi,
800 1165 843 1201 ut,
860 1159 901 1192 si¹
921 1165 1076 1193 terrarum
1102 1166 1131 1193 et
1155 1161 1200 1194 lo·

463 1226 572 1249 corum
598 1215 760 1259 temporali
785 1214 925 1248 dominio
943 1219 973 1247 et
990 1214 1200 1248 iurisdictioni

463 1269 644 1303 monasterii
679 1268 820 1301 abbatiae
855 1268 1024 1312 nuncupati
1061 1268 1089 1302 S.
1123 1269 1200 1303 Galli

463 1323 587 1357 Ordinis
611 1322 708 1356 sancti
734 1321 890 1355 Benedicti
915 1322 1031 1355 nullius
1050 1322 1202 1356 dioecesis

464 1377 644 1422 provinciae
669 1376 880 1420 Moguntinae,
910 1377 959 1409 cui
985 1387 1131 1421 praeesse
1155 1378 1200 1410 di-

457 1431 639 1483 gnosceris,
665 1431 877 1463 subiectorum
903 1430 1071 1463 necessitas
1096 1437 1202 1475 postu·

465 1485 584 1523 laverit,
602 1485 685 1517 viros
709 1489 799 1528 aptos
821 1490 851 1517 et
871 1484 1000 1517 idoneos
1017 1484 1048 1517 in
1064 1486 1203 1519 notarios

467 1542 496 1573 et
520 1538 701 1571 tabelliones
726 1538 879 1582 publicos,
904 1539 1031 1582 praevio
1052 1539 1203 1579 examine,

466 1602 502 1625 ac
524 1597 650 1635 recepto
675 1591 761 1635 prius
785 1591 823 1623 ab
848 1591 891 1624 eis
916 1597 1024 1625 nostro
1046 1597 1076 1624 et
1096 1593 1206 1625 Roma-

467 1656 524 1678 nae
548 1645 703 1679 Ecclesiae
736 1645 862 1678 nomine
895 1645 1052 1678 fidelitatis
1084 1645 1205 1679 debitae

468 1699 559 1733 solito
585 1699 769 1741 iuramento,
795 1699 980 1732 auctoritate
1004 1701 1112 1732 nostra
1132 1710 1206 1743 apo-

469 1753 579 1786 stolica
604 1753 704 1785 facere
730 1757 760 1785 et
784 1763 891 1785 creare
916 1752 1016 1796 possis
1036 1758 1066 1785 et
1090 1753 1205 1794 valeas,

469 1806 521 1849 qui
546 1805 670 1849 quidem
696 1805 808 1838 notarii
834 1810 863 1838 ct
889 1806 1082 1849 tabelliones,
1104 1812 1206 1850 perte

470 1860 578 1902 vigore
602 1859 813 1902 praesentium
832 1859 968 1900 creandi,
986 1861 1159 1893 notariatus
1177 1866 1207 1893 ct

471 1913 689 1945 tabellionatus
720 1912 857 1945 osticium
890 1913 920 1944 in
957 1913 1207 1958 quibuscumque

472 1966 579 1998 mundi
604 1965 745 2009 partibus
769 1976 916 1998 exercere
943 1967 1072 2007 valcant,
1098 1967 1206 2000 eadem

472 2019 671 2060 auctoritate,
698 2024 805 2051 tenore
833 2021 1054 2063 praesentium,
1081 2021 1207 2054 faculta-

475 2079 534 2106 tem
561 2073 760 2107 concedimus
785 2079 814 2106 et
839 2074 1046 2117 impertimur.

518 2127 532 2170 ξ
556 2126 585 2159 3.
611 2127 678 2159 Non
710 2126 905 2159 obstantibus
937 2129 1210 2162 constitutionibus

475 2185 503 2213 et
529 2180 778 2213 ordinationilms
810 2182 1006 2224 apostolicis,
1035 2183 1210 2227 ceterisque

475 2234 640 2268 contrariis
664 2234 923 2278 quilmseumwic.

520 2288 628 2320 Datum
652 2289 778 2327 Itomae,
804 2288 886 2331 apud
912 2288 940 2320 S.
966 2289 1093 2321 Mariam
1118 2290 1211 2323 alati.-

477 2351 554 2381 rem,
569 2341 626 2373 sub
655 2341 770 2374 annulo
796 2341 973 2381 piscatoris,
988 2341 1036 2374 die
1058 2353 1101 2375 vu
1130 2349 1212 2377 octo-

478 2394 541 2427 bris
558 2405 672 2435 mncrv,
690 2394 888 2438 pontificatus
908 2395 1007 2427 nostri
1024 2406 1105 2429 anno
1122 2407 1141 2429 1.

514 2456 570 2484 Dat.
589 2457 631 2485 die
648 2457 660 2484 7
678 2457 796 2484 octobris
816 2457 892 2492 ¹655,
908 2458 1005 2493 pontif.
1023 2465 1094 2486 anuo
1111 2467 1129 2485 1.

515 2548 524 2571 l
549 2545 710 2572 particulam
729 2545 754 2572 si
775 2553 823 2572 nos
843 2545 966 2573 addimus
985 2546 1025 2580 (n.
1047 2546 1094 2581 Ti).

1039 206 1217 231 BULLARIUM
1242 207 1396 232 ROMANUM

1546 251 1635 286 XLII.

1266 326 1453 360 Facultates
1477 322 1664 356 absolvendi
1676 323 1716 356 ab
1730 323 1916 358 haeresibus

1322 378 1526 412 Clzrislz‘nam
1542 376 1693 419 reqinam
1709 375 1862 410 Sveciae'.

1436 455 1605 482 Alexander
1623 455 1703 488 Papa
1717 455 1749 482 X.

1439 507 1622 536 Venerabilis
1641 507 1747 542 frater,

1261 553 1390 580 salutem
1410 555 1441 580 et
1460 552 1654 586 apostolicam
1678 551 1927 580 benedictionem.

1271 624 1286 668 ἓ
1310 623 1339 656 1.
1364 623 1452 664 Cum,
1477 623 1557 656 sicut
1580 633 1643 656 non
1667 623 1733 656 sinc
1758 623 1914 667 spirituali
1937 633 1967 657 a·

1228 677 1304 710 nimi
1330 677 1429 711 nostri
1453 677 1570 711 laetitia
1595 677 1785 721 accepimus
1810 676 1967 711 Christina

1229 729 1356 763 Sveciae
1372 730 1481 774 regina
1495 730 1634 772 illustris,
1649 740 1685 763 ex
1699 729 1883 774 parentibus
1898 730 1969 763 hae-

1230 783 1336 816 reticis
1360 788 1546 827 procreata,
1571 793 1607 817 ac
1631 783 1662 816 in
1687 783 1870 816 haeresibus
1894 783 1969 817 edu-

1231 841 1298 869 cata
1311 841 1340 869 et
1361 836 1523 877 instructa,
1540 836 1645 870 divino
1661 837 1789 870 numine
1806 836 1970 878 illustrata,

1232 891 1344 936 viaque
1368 891 1508 925 veritatis
1532 891 1648 934 agnita,
1673 891 1797 924 easdem
1823 891 1971 925 haereses

1232 944 1361 978 omnino
1383 944 1529 978 deserere
1558 950 1587 978 et
1603 944 1642 978 ad
1663 945 1818 988 gremium
1837 944 1866 978 S.
1884 945 1918 978 R.
1936 945 1969 979 E.

1232 999 1435 1032 benedicente
1460 999 1593 1033 Domino
1618 999 1721 1032 redire
1745 999 1918 1032 desideret:

1277 1054 1292 1097 ἓ
1316 1052 1344 1086 ⁶2.
1369 1053 1441 1093 Nos,
1459 1053 1511 1097 qui
1536 1064 1595 1097 pro
1619 1053 1768 1097 pastorali
1793 1063 1924 1087 munere
1941 1053 1972 1087 id

1234 1117 1330 1139 unum
1356 1107 1526 1151 praecipue
1551 1118 1662 1140 curare
1687 1113 1847 1148 tenemur,
1872 1111 1920 1150 ut,
1946 1107 1971 1141 si

1233 1171 1313 1204 quae
1348 1171 1421 1194 oves
1446 1172 1462 1193 a
1488 1160 1626 1193 veritatis
1657 1161 1768 1194 semita
1803 1161 1972 1203 aberrant,

1234 1214 1264 1247 in
1289 1214 1396 1247 salutis
1421 1214 1501 1247 viam
1527 1220 1731 1256 revocentur,
1756 1214 1794 1248 de
1826 1216 1879 1248 tua
1909 1215 1974 1248 sin-

1235 1268 1337 1312 gulari
1362 1269 1496 1312 pietate,
1520 1268 1705 1312 prudentia,
1730 1268 1893 1311 religionis
1916 1279 1971 1302 ca-

1237 1321 1370 1355 tholicae
1394 1326 1424 1354 et
1447 1321 1577 1355 honoris
1603 1322 1715 1355 domus
1738 1322 1793 1355 Dei
1817 1323 1885 1355 zelo
1904 1322 1974 1366 plu-

1237 1377 1351 1409 rimum
1371 1377 1401 1409 in
1422 1376 1555 1409 Domino
1580 1376 1700 1417 confisi,
1725 1382 1812 1410 motu
1833 1377 1974 1421 proprio,

1237 1435 1267 1463 et
1291 1440 1327 1463 ex
1353 1431 1437 1462 certa
1463 1430 1593 1462 scicntia
1618 1435 1649 1462 et
1671 1431 1796 1464 matura
1821 1429 1977 1462 delibera-

1238 1483 1321 1516 tione
1345 1483 1472 1523 nostris,
1490 1482 1590 1526 deque
1607 1483 1798 1527 apostolicae
1814 1482 1977 1526 potestatis

1238 1536 1447 1581 plenitudine,
1472 1536 1526 1569 tibi
1552 1536 1695 1569 eamdem
1719 1536 1906 1570 Christinam
1927 1547 1977 1569 re-

1238 1591 1355 1634 ginam,
1381 1590 1444 1623 sive
1468 1590 1598 1634 praevia
1622 1589 1820 1623 abiuratione
1840 1589 1978 1622 iudiciali

1239 1645 1302 1678 sive
1327 1644 1568 1685 cxtraiudiciali,
1593 1648 1645 1676 aut
1669 1644 1755 1677 nulla
1779 1643 1978 1677 abiuratione

1241 1697 1457 1742 praecedente,
1476 1697 1528 1730 scd
1545 1697 1615 1730 loeo
1632 1697 1837 1730 abiurationis
1851 1698 1979 1741 recepta

1241 1757 1359 1785 tantum
1384 1752 1422 1784 ab
1447 1753 1483 1784 ea
1501 1751 1572 1784 fidei
1591 1751 1762 1784 catholicae
1786 1751 1979 1794 professione

1240 1807 1325 1839 iuxta
1348 1805 1497 1838 articulos
1517 1805 1640 1848 pridem
1665 1815 1682 1837 a
1706 1804 1784 1838 Sede
1801 1805 1981 1848 Apostolica

1241 1860 1427 1904 propositos,
1452 1859 1490 1891 ab
1515 1858 1699 1891 haeresibus
1723 1858 1920 1898 huiusmodi,
1945 1868 1981 1892 ac

1241 1914 1402 1958 quibusvis
1434 1911 1776 1952 excommunicationis,
1802 1912 1981 1956 suspensio·

1241 1968 1288 2001 nis
1306 1972 1335 2000 et
1349 1966 1514 2008 interdicti,
1533 1966 1664 2010 aliisque
1681 1965 1898 1999 ecclesiasticis
1916 1976 1982 2000 sen-

1243 2020 1355 2062 tentiis,
1376 2019 1517 2053 censuris
1534 2024 1564 2052 et
1583 2019 1711 2063 poenis,
1738 2029 1796 2063 per
1816 2029 1884 2052 eam
1911 2030 1983 2063 pro-

1244 2079 1350 2118 pterea
1375 2072 1611 2117 quomodolibet
1635 2072 1780 2112 incursis,
1798 2071 1938 2106 iniuncta
1954 2072 1983 2106 ei

1243 2127 1347 2171 aliqua
1372 2125 1562 2170 poenitentia
1579 2125 1716 2166 salutari,
1730 2125 1861 2170 aliisque
1885 2125 1984 2159 iniun-

1244 2181 1364 2224 gendis,
1382 2186 1476 2224 prout
1497 2179 1636 2213 eiusdem
1662 2179 1837 2213 Christinae
1856 2179 1984 2223 reginae

1244 2236 1367 2268 animae
1392 2235 1482 2267 saluti
1500 2233 1647 2278 expedire
1673 2233 1870 2276 cognoveris,
1894 2233 1925 2266 in
1949 2245 1984 2266 u-

1246 2294 1357 2332 troque
1375 2288 1443 2322 soro
1461 2287 1645 2320 auctoritate
1662 2289 1769 2320 nostra
1792 2286 1985 2328 absolvendi,

1246 2342 1451 2386 eamdemque
1476 2341 1666 2376 Christinam
1691 2340 1832 2383 reginam
1856 2340 1888 2373 in
1913 2350 1986 2384 gre-

1248 2396 1344 2429 mium
1370 2395 1509 2429 ciusdem
1536 2395 1564 2429 S.
1582 2395 1615 2428 R.
1638 2395 1670 2427 E.
1696 2393 1869 2438 recipiendi
1885 2399 1915 2427 et
1937 2404 1986 2428 re-

1247 2449 1444 2490 conciliandi,
1469 2448 1610 2482 adhibito
1631 2448 1736 2491 aliquo
1754 2448 1792 2480 ad
1809 2447 1987 2492 praedictos

1248 2507 1334 2535 actus
1358 2502 1481 2536 notario
1498 2501 1636 2546 publico,
1650 2506 1759 2535 tenore
1775 2499 1986 2544 praesentium

1285 2616 1296 2642 1
1316 2615 1352 2642 Ex
1368 2616 1474 2651 Regcst.
1492 2616 1517 2644 in
1534 2616 1636 2644 Secret.
1654 2615 1731 2644 Brev.

1972 206 2021 232 An.
2043 205 2070 233 C.
2091 206 2160 235 1655

2009 640 2151 662 Prooemium.

2021 1067 2062 1089 Dat
2082 1067 2170 1088 faculta-

1987 1095 2028 1115 tem
2046 1093 2170 1115 absolvendi

1987 1121 2014 1141 ab
2045 1119 2171 1142 haeresibus

1987 1147 2113 1168 christinam
2139 1151 2172 1167 re-

1988 1175 2059 1201 ginam
2074 1173 2173 1196 sveciae.

2217 569 2224 587 Ι
2242 585 2243 591 i

2215 605 2222 618 v

2219 982 2237 1122 uno-³20
2220 918 2235 969 :rx-1
2215 716 2237 905 ..now-ref·
2223 699 2225 703 -
2218 675 2224 684 ·
2217 629 2222 654 Μ
2216 595 2219 599 ·
2216 547 2222 554 ·
2211 506 2214 515 “

2223 1180 2233 1197 .:.
2222 1135 2233 1175 τε.

2224 1302 2235 1311 τ
2220 1203 2233 1287 και-ψη

2222 1361 2235 1399 ὗ

2225 1689 2230 1694 ,
2224 1668 2226 1671 -
2221 1607 2233 1650 ,νὴ
