2263 3215
310 205 356 230 An.
374 204 402 230 C.
427 204 491 231 1655

537 196 556 225 (i
1086 198 1263 223 multitatem
1287 196 1441 221 nomnen

506 252 611 283 titulus
624 251 828 293 Ausluste'nus
843 247 986 283 Cornelii
1003 247 1150 280 Ianscuii
1178 247 1239 289 epi-

505 306 591 348 scopi
608 305 759 347 Iprensis.
780 303 934 342 excitatas,
953 302 982 333 iu
1001 301 1109 333 eadem
1128 299 1238 331 consti-

507 357 623 390 tutione
648 366 829 399 expressas,
854 354 1012 387 damnarit
1041 353 1097 385 sub
1129 352 1238 395 poenis

506 415 535 442 et
560 410 697 442 censuris
723 413 830 440 eontra
860 407 1033 440 haereticos
1066 410 1095 438 et
1128 414 1236 437 eorum

507 463 640 495 fautores
656 462 684 493 in
699 462 765 493 iure
791 461 955 504 expressis7
977 457 1163 491 venerabilis
1183 457 1238 488 fra-

508 521 553 547 ter
578 514 752 547 Ludovicus
774 513 925 546 lleurieus
950 512 987 544 de
1011 510 1164 548 Gondrin,
1190 519 1235 541 ar-

506 567 725 610 chiepiscopus
749 566 951 604 Senoneusis,
975 563 1140 607 quamdam
1167 562 1238 605 epi—

506 620 615 652 stolam
640 619 827 662 pastoralem
853 618 998 650 idiomate
1019 616 1141 658 gallico,
1160 625 1239 658 quae

507 672 628 714 incipit:
661 673 780 715 «Lorys
795 672 898 714 llenry
913 670 950 702 de
964 668 1115 706 Gondrin‚
1134 678 1190 711 par
1212 668 1239 699 la

507 727 599 767 grace
625 725 661 757 dc
686 725 761 757 Dicu
781 725 992 766 arclievesque
1015 722 1051 753 de
1070 722 1155 761 Seus,
1175 720 1239 764 pri-

509 783 570 809 mat
594 778 646 809 des
671 778 782 809 Gaules
796 777 874 809 etde
889 775 1064 814 Germanic,
1084 775 1101 806 ii
1118 779 1240 806 nostres

509 832 605 863 trs-res
629 832 673 863 les
697 831 812 874 doyens
836 839 962 868 ruranx,
980 834 1036 861 etc.
1050 840 1077 866 ¹»,
1095 827 1152 859 sub
1170 827 1239 859 data

507 894 584 917 xxm
605 884 791 927 septembris
804 883 896 915 etiam
912 888 984 914 tunc
998 881 1141 924 proxime
1154 890 1241 923 prae-

509 937 588 969 teriti
605 937 788 980 impressam
802 935 932 969 Senouis
947 934 1030 977 apud
1048 933 1239 965 Ludovieum

510 991 675 1022 l'russurot
707 989 853 1021 edidisset
878 991 906 1021 et
930 987 1011 1030 typis
1036 986 1241 1029 vulgavisset,

509 1054 562 1075 feu
587 1043 636 1075 edi
662 1047 690 1075 ct
715 1043 794 1086 typis
820 1040 940 1083 vulgari
969 1039 1100 1078 fecisset,
1128 1039 1157 1070 in
1182 1049 1242 1082 qua

508 1095 697 1135 scandalosa,
715 1094 890 1134 temeraria,
909 1092 1105 1125 schismatica
1126 1097 1157 1124 et.
1173 1092 1242 1124 liae-

510 1149 602 1181 resim
628 1149 799 1181 redolentia
823 1147 1081 1180 continebantur:
1108 1145 1175 1189 ipse
1198 1145 1242 1177 In-

509 1203 668 1234 nocentius
692 1201 913 1245 praedecessor
937 1205 1119 1243 eapropter,
1144 1199 1181 1231 de
1206 1201 1241 1231 ea

511 1265 543 1287 re
567 1255 745 1297 diligentem
762 1254 1011 1287 informationem
1031 1253 1111 1285 sumi
1126 1253 1241 1293 voleus,

512 1313 595 1341 motu
621 1308 747 1351 proprio
780 1313 809 1339 et
843 1318 876 1339 ex
910 1308 993 1339 certa
1023 1306 1152 1339 scientia
1187 1307 1241 1338 sua

511 1361 753 1393 fraternitatibus
785 1361 912 1398 vestris,
948 1360 1060 1392 fratres
1089 1358 1243 1402 areliiepi-

512 1425 603 1457 scope
629 1414 814 1447 Arelatensis
839 1424 873 1445 ac
899 1413 1042 1456 episcope
1073 1417 1144 1445 tune
1168 1412 1242 1444 Con-

513 1467 686 1499 scranensis
710 1477 792 1498 nune
810 1466 1042 1508 archiepiscope
1058 1465 1242 1505 Tliolosane,

514 1529 633 1552 necnon
663 1519 797 1562 episcopi
832 1518 1001 1551 Anicieusis
1038 1523 1067 1549 et
1100 1517 1243 1550 Matisco-

514 1573 626 1610 nensis,
650 1572 806 1605 commisit
831 1577 859 1603 ct
884 1571 1050 1611 mandavit,
1068 1576 1110 1609 ut,
1135 1580 1244 1613 quam-

514 1626 649 1667 primum
675 1626 740 1658 eius
766 1625 794 1657 iu
820 1625 912 1657 simili
938 1625 1039 1657 forma
1069 1624 1174 1657 Brevis
1199 1624 1244 1656 lit-

515 1684 596 1710 terae
621 1689 713 1721 super
737 1678 956 1711 commissione
981 1683 1010 1709 et
1032 1677 1175 1710 mandato
1192 1677 1245 1709 hu-

515 1731 646 1763 iusmodi
671 1737 830 1763 emanatae
848 1731 935 1764 robis
952 1731 1091 1763 redditae
1106 1731 1244 1770 fuissent,

515 1795 577 1822 ros,
603 1790 654 1817 aut
678 1785 784 1817 saltem
810 1785 871 1817 duo
896 1795 932 1817 ex
958 1784 1061 1823 vobis,
1088 1788 1244 1827 tamquam

515 1838 690 1880 specialiter
709 1838 746 1870 ad
763 1839 823 1870 boc
837 1849 853 1870 a
866 1839 948 1871 dicto
966 1838 1147 1871 Innocentio
1161 1848 1246 1881 prae-

515 1891 679 1923 decessore
703 1892 848 1934 delegati,
869 1902 963 1934 super
987 1892 1118 1935 epistola
1143 1891 1247 1923 liuius-

518 1944 610 1985 modi,
636 1950 663 1976 et
688 1955 725 1976 an
751 1945 801 1976 illa
818 1945 976 1977 abeodem
995 1945 1152 1977 Ludovico
1169 1945 1247 1977 IIen-

517 1996 581 2028 rico
606 1997 840 2039 arebiel‘iiseopo
872 2008 924 2029 seu
952 1997 1018 2029 eius
1049 1997 1134 2029 iussu
1166 1997 1247 2030 edita

518 2053 546 2079 et
570 2049 693 2089 vulgata
717 2049 832 2089 fuisset,
856 2050 1034 2092 diligentem
1059 2050 1248 2082 informatio-

519 2111 588 2131 nem
614 2101 697 2133 omni
731 2102 852 2133 meliori
884 2106 913 2135 ot
944 2103 1162 2145 opportuniori
1195 2103 1247 2145 qui

520 2153 608 2185 iobis
633 2153 789 2186 videretur
814 2155 906 2188 modo
936 2161 965 2187 et
997 2156 1042 2187 vizi
1073 2155 1247 2199 caperetis,

519 2217 554 2238 ue
575 2206 823 2240 informationem
841 2208 975 2250 desuper
990 2214 1110 2251 captam
1130 2209 1158 2240 iu
1177 2208 1248 2241 scri-

521 2264 605 2302 ptum
631 2260 841 2292 authenticum
864 2261 963 2303 redigi
988 2263 1149 2302 curaretis,
1166 2261 1248 2294 etad

522 2314 620 2355 ipsum
634 2314 846 2345 lnnocentium
865 2314 1135 2356 praedecessorem
1156 2320 1250 2347 traus-

523 2365 694 2404 mitteretis,
712 2371 756 2405 ut,
777 2366 859 2409 quod
877 2367 935 2399 boc
955 2367 985 2398 in
1002 2369 1126 2409 negotio
1143 2368 1179 2400 ad
1197 2369 1248 2401 Dei

522 2417 662 2459 gloriam,
688 2418 771 2450 Fidei
787 2419 955 2451 catliolieae
969 2419 1072 2459 decus,
1097 2431 1251 2464 suumque

523 2475 552 2502 ct
571 2471 656 2503 Sedis
673 2472 867 2514 Apostolieae
884 2472 1035 2505 bonorem
1054 2475 1250 2507 statuendum

524 2523 612 2564 foret,
632 2525 753 2556 matura
777 2525 1023 2558 consideratione
1043 2526 1178 2559 adbibita
1203 2527 1253 2560 de-

525 2582 662 2609 cerneret

1314 248 1329 288 g·
1348 245 1378 276 ι).
1400 246 1436 276 Et
1455 242 1598 282 subinde,
1614 241 1773 285 quoniam,
1790 241 1830 275 ob
1848 241 2005 281 locorum,

1272 298 1302 330 iu
1326 297 1441 340 quihus
1466 306 1530 337 vos,
1555 294 1748 327 venerabiles
1765 295 1877 328 fratres
1901 294 2007 327 Arela-

2022 192 2071 218 An.
2087 192 2115 219 C.
2137 191 2205 220 1655

2042 253 2204 284 Praedictisque

2021 280 2206 327 &testinata

1986 347 1992 352 -
2021 332 2165 354 Innocentius,

1273 351 1365 383 tensis
1391 355 1419 382 et
1434 350 1608 382 Tbolosane
1627 348 1867 392 archiepiscopi,
1885 358 1921 381 ac
1936 348 2009 380 Ani-

1272 402 1384 435 ciensis
1399 407 1428 434 et
1440 400 1674 434 Matisconensis
1691 400 1840 444 episcopi,
1854 400 2007 440 residetis,

1272 454 1459 496 distantiam,
1484 464 1547 487 non
1570 453 1709 487 licuisset
1729 453 1816 486 vobis
1834 457 1960 487 eatenus
1976 452 2008 485 in

1273 518 1404 539 numero
1428 517 1484 550 per
1509 507 1612 550 ipsum
1636 506 1851 539 lnnocentium
1881 505 2009 549 praede-

1273 570 1429 594 cessorem
1445 560 1475 592 in
1488 560 1579 593 dietis
1599 561 1665 593 eius
1682 559 1793 592 litteris
1812 559 2008 602 praescripto

1273 613 1440 646 convenire
1463 624 1522 657 pro
1547 613 1729 657 exequenda
1754 612 1894 645 eiusdem
1922 613 2010 645 Inno-

1274 667 1365 699 centii
1391 667 1641 710 praedecessoris
1673 665 1894 699 commissione
1922 675 2011 709 prae-

1274 720 1372 752 dicta:
1399 720 1527 760 idcirco,
1552 731 1614 764 quo
1639 720 1760 753 facilior
1771 719 1967 760 redderetur,
1980 723 2011 751 et

1274 783 1312 805 ne
1336 773 1468 806 ulterius
1492 773 1704 806 retardaretur
1728 772 1906 816 praedictae
1930 781 2012 805 com-

1275 825 1432 858 missionis
1468 826 1629 866 executio,
1670 826 1770 858 dictus
1813 824 2012 858 Innocentius

1274 879 1498 921 praedecessor
1511 879 1648 912 decrevit
1662 879 1768 922 (fu-ma
1786 878 1817 910 in
1837 878 1949 910 ceteris
1965 887 2012 909 re-

1275 937 1418 965 manente
1435 933 1645 976 praefatarum
1671 932 1737 965 eius
1761 932 1936 964 litterarum
1954 930 2013 964 dis-

1275 985 1442 1029 positione)
1463 985 1708 1029 praenominatis
1732 989 1866 1028 quatuor
1890 984 2013 1027 delega-

1277 1039 1313 1072 tis
1331 1044 1393 1071 tres
1407 1039 1493 1080 alios,
1507 1039 1651 1071 videlicet
1664 1049 1729 1078 vos,
1743 1039 1854 1071 fratres
1872 1037 2011 1081 episcopi

1276 1092 1498 1134 Rhedonensis,
1523 1092 1739 1124 Ambianensis
1764 1097 1793 1124 et
1814 1091 2012 1124 Suessionen-

1276 1146 1328 1183 sis,
1345 1150 1398 1178 aut
1414 1145 1445 1177 in
1459 1145 1502 1177 tui
1519 1146 1634 1187 locum⁷
1652 1145 1748 1177 frater
1766 1144 1911 1188 episcope
1924 1144 2014 1177 Sues-

1276 1199 1438 1241 sionensis,
1453 1204 1493 1238 te,
1514 1198 1608 1231 frater
1637 1198 1782 1241 episcope
1803 1197 2012 1231 Caesariensis

1277 1252 1439 1285 coadiutor
1464 1251 1602 1284 eiusdem
1617 1252 1753 1295 episcopi
1771 1251 2013 1292 Stiessionensis,

1276 1305 1457 1348 adiungere.

1321 1359 1335 1401 ξ
1359 1358 1388 1391 3.
1414 1358 1567 1397 Quocirca
1583 1357 1671 1391 vobis
1689 1363 1816 1401 septem,
1835 1357 1946 1390 fratres
1969 1367 2015 1390 ar-

1277 1412 1467 1455 chiepiscopi
1486 1417 1515 1444 et
1532 1411 1682 1454 episcopi,
1700 1411 1799 1445 dictus
1816 1411 2015 1444 Innocentius
2030 1424 2087 1439 mero
2114 1423 2161 1438 uam
2172 1417 2214 1437 duo

1278 1465 1502 1508 praedecessor
1526 1464 1697 1507 apostolica
1721 1463 1906 1496 auctoritate
1930 1473 2016 1496 com-

1279 1518 1361 1550 misit
1385 1522 1414 1550 et
1440 1517 1608 1557 mandavit,
1628 1521 1662 1550 ut
1681 1527 1735 1549 ros
1752 1516 1944 1549 coniunctim
1968 1516 2015 1548 vel

1278 1571 1454 1615 separatim⁷
1476 1581 1538 1604 non
1564 1575 1665 1604 tamen
1691 1571 1721 1603 in
1745 1570 1860 1603 minori
1883 1579 2016 1603 numero

1278 1635 1371 1668 quam
1404 1624 1484 1663 duo,
1509 1624 1547 1656 ad
1580 1623 1826 1657 verificationem
1858 1623 2015 1666 praefatae

1279 1677 1427 1720 epistolae
1451 1677 1524 1709 dieti
1550 1676 1697 1709 Ludovici
1714 1675 1841 1709 Ilenrici
1865 1675 2016 1718 archiepi-

1279 1730 1365 1773 scopi
1389 1730 1577 1763 Senonensis
1593 1734 1623 1761 ct
1644 1729 1778 1762 aliorum
1794 1728 1823 1760 in
1841 1728 1931 1761 dictis
1950 1728 2017 1760 eius

1279 1783 1390 1816 litteris
1413 1788 1633 1816 contentorum
1659 1782 1882 1826 procederetis.
1915 1819 1919 1824 ,

1324 1838 1338 1880 ξ
1362 1837 1392 1869 4.
1410 1837 1446 1869 Et
1463 1837 1534 1879 quia
1554 1841 1624 1879 post
1640 1835 1822 1869 earumdem
1839 1835 2016 1868 litterarum

1281 1943 1416 1977 nocentii
1440 1942 1692 1986 praedecessoris
1722 1941 1866 1974 notitiam
1890 1951 2019 1974 venera-

1281 1997 1359 2029 biles
1383 1996 1495 2029 fratres
1519 1995 1680 2028 Nicolaum
1711 1994 1963 2027 Bellovacensem
1990 1999 2020 2027 et

1282 2050 1466 2083 Gilibertum
1492 2050 1707 2083 Convenarum
1733 2048 1898 2092 episcopos
1921 2047 2022 2092 publi-

1283 2114 1369 2136 casse
1393 2103 1468 2135 alias
1493 2102 1639 2146 epistolas
1659 2102 1831 2145 pastorales
1856 2101 2020 2134 occasione

1282 2157 1438 2200 praefatae
1463 2155 1694 2189 constitutionis
1726 2155 1898 2188 Innocentii
1923 2164 2019 2198 prae-

1283 2210 1456 2243 decessoris
1492 2214 1601 2242 contra
1635 2208 1810 2241 doctrinam
1841 2206 2022 2250 Auyuslim'

1284 2262 1357 2295 dicti
1382 2261 1518 2295 Cornelii
1542 2261 1687 2301 lansenii,
1704 2270 1838 2304 quarum
1862 2260 1925 2300 itta,
1942 2268 2022 2302 quae

1285 2321 1350 2348 erat
1364 2315 1438 2348 dicti
1452 2315 1570 2348 Nicolai
1584 2314 1734 2357 episcopi,
1749 2313 1819 2346 data
1832 2317 1898 2346 erat
1913 2312 1963 2344 die
1976 2321 2023 2346 ΧΠ

1285 2368 1465 2402 novembris
1489 2367 1561 2400 anni
1583 2377 1702 2400 innotui
1718 2369 1779 2399 unsi
1797 2377 1868 2399 cum
1888 2365 2021 2410 quadam

1285 2422 1483 2455 ordinatione
1507 2421 1564 2453 sub
1589 2421 1698 2453 eadem
1722 2420 1804 2460 data,
1828 2419 1925 2452 altera
1947 2428 2022 2451 vero

1285 2475 1438 2519 praedicti
1457 2474 1599 2508 Giliberti
1617 2473 1757 2517 episcopi
1771 2473 1841 2505 data
1863 2476 1929 2505 erat
1942 2471 1991 2504 die
2004 2481 2024 2504 x

1286 2528 1426 2562 octobris
1463 2527 1602 2560 eiusdem
1638 2527 1711 2560 anni
1745 2535 1904 2565 MDCXL1113
1936 2525 2024 2558 vobis

1288 2581 1393 2613 itidem
1409 2581 1473 2624 ipse
1492 2581 1690 2613 lnnocentius
1705 2579 1929 2623 praedecessor
1943 2588 2025 2611 eom-

2065 1364 2214 1395 *Prohibu-erat
2260 1358 2263 1367 ¹

2029 1397 2214 1412 noinmunorinu-
2259 1394 2263 1409 1

2031 1450 2092 1471 proce
2110 1446 2177 1465 erent.

2089 1841 2217 1868 Eisdemque
2258 1855 2263 1866 ,

2032 1869 2087 1890 alins
2119 1869 2218 1889 informa-

1280 1890 1508 1934 ex‘peditionem
1531 1894 1718 1933 pervenerat
1741 1889 1779 1921 ad
1805 1888 1956 1932 praedicti
1973 1889 2019 1921 In·
2033 1896 2218 1943 fflcegmgssgffi

2258 1626 2263 1690 i

2258 1720 2263 1754 ’ᾗ

2258 1767 2263 1800 l

2257 1837 2263 1851 <
