2243 3205
49 120 100 148 An.
115 120 145 147 C.
165 119 231 147 ¹660

241 175 357 210 posse,
382 164 502 199 monito
528 170 631 198 tamen
655 165 742 209 prius
769 168 799 199 et
829 164 981 208 requisito

242 229 279 251 ae
303 223 464 262 expectato
488 219 618 262 proprio
643 218 862 252 defunctorum
888 227 980 261 paro-

242 271 313 312 cho,
327 282 344 304 a
357 282 419 315 quo
439 272 690 306 benedictionem
708 277 738 304 et
753 272 897 304 ultimum
915 271 981 304 vale

241 325 386 368 recipere
399 325 554 369 possent¹3
571 336 633 368 quo
647 325 754 357 venire
772 334 917 368 expresse
933 334 981 356 re-

242 383 380 419 cusante,
403 378 523 421 possint
547 378 642 411 iidem
667 378 779 410 fratres
803 377 895 411 etiam
914 377 981 420 ipso

242 429 339 464 invito
369 430 452 464 dieta
482 429 633 463 cadavera
664 430 703 463 ad
739 440 811 463 suas
835 429 981 463 ccclesias

243 488 480 526 transportare;
506 482 731 526 consanguinei
762 493 836 516 vero
873 483 980 515 talium

241 536 460 569 defunctorum
485 535 545 569 illis
569 542 736 579 parentare
760 536 792 569 in
815 536 981 580 paroehia-

242 588 324 621 libus
343 594 372 621 et
387 588 456 621 aliis
479 588 749 632 presbyterorum,
769 589 862 621 etiam
884 589 915 621 in
935 599 982 622 ca-

241 640 448 681 thedralibus,
466 641 606 674 ecclesiis
626 641 713 674 nullo
734 642 828 675 modo
852 642 980 685 possint.

242 693 273 727 Si
298 692 398 737 quae²
415 703 488 727 vero
505 693 768 727 immemorabilis
789 694 982 728 consuetudo

241 746 274 779 in
298 746 492 780 contrarium
517 757 611 790 super
635 747 816 790 praemissis
848 747 982 780 existere

242 800 478 844 praetendatur,
503 801 640 843 legitime
666 801 831 844 probetur,
856 804 886 834 et
909 801 984 833 inte—

242 852 333 887 terim
351 863 499 897 praesens
521 853 682 886 decretum
700 853 738 885 ad
764 863 901 895 unguem
921 863 983 886 ser-

241 910 342 946 vetur,
358 910 453 949 prout
470 905 577 939 eadem
593 916 681 939 saera
701 906 905 948 congregatio
922 916 983 939 ser-

241 958 307 991 vari
333 958 499 991 mandavit.

286 1011 413 1051 Romae,
438 1010 489 1044 die
513 1020 564 1044 x1v
590 1010 656 1043 iulii
681 1019 856 1044 uncxxxlx.

373 1072 544 1107 Cardinalis
557 1073 720 1106 ANTONIUS
738 1072 938 1106 BARBERINUS

374 1126 545 1160 Cardinalis
564 1126 594 1160 C.
612 1126 870 1160 FAcenENETTrs.

329 1189 413 1222 Loco
437 1192 460 1231 †
484 1189 594 1232 Sigilli.

287 1251 414 1284 Necnon
439 1261 527 1284 sacra
545 1252 749 1294 congregatio
774 1251 983 1284 eminentissi-

242 1313 368 1337 morum
404 1304 609 1337 cardinalium
647 1304 774 1337 Concilii
811 1303 982 1337 Tridentini

242 1357 451 1401 interpretum
469 1358 590 1391 censuit
606 1358 729 1401 quoties
754 1357 906 1390 cadavera
930 1357 980 1389 de-

240 1410 422 1445 functorum
454 1411 492 1443 ad
524 1411 672 1444 ecelesias
702 1411 833 1443 fratrum
864 1411 982 1443 Mendi-

242 1465 380 1497 cantium
401 1464 595 1505 deferuntur,
617 1464 719 1497 officia
737 1469 935 1497 mortuorum
954 1469 984 1496 et

243 1519 374 1563 reliqua,
389 1528 469 1562 quae
488 1519 519 1550 in
537 1518 717 1551 huiusmodi
742 1518 917 1550 ministerio
935 1518 984 1549 ad-

242 1572 345 1605 hiberi
370 1572 488 1612 solent,
513 1581 577 1604 non
601 1582 619 1603 a
643 1571 816 1612 canonicis,
841 1581 942 1614 neque
967 1582 983 1603 a

243 1626 350 1666 clero,
384 1625 439 1658 sed
470 1635 487 1657 a
523 1624 672 1658 fratribus
702 1624 783 1657 obiri
815 1630 845 1657 et
875 1625 983 1668 peragi

243 1680 368 1713 debere.

287 1743 323 1776 H.
344 1742 375 1776 B.
394 1741 561 1775 cardinalis
580 1741 775 1774 rmmscns
796 1741 983 1784 PAULurirs,

464 1795 493 1828 S.
519 1805 628 1838 congr.
652 1794 851 1828 secretarius.

333 1859 415 1892 Loco
439 1860 458 1900 †
485 1857 595 1901 Sigilli.

288 1922 415 1956 Necnon
439 1931 528 1954 sacra
541 1920 659 1953 rituum
683 1919 887 1963 congregatio
901 1919 985 1954 iuxta

244 1975 320 2009 alias
339 1975 478 2008 resoluta
498 1974 660 2018 respondit
677 1973 860 2006 electionem
881 1979 910 2006 et
930 1983 985 2006 nu-

245 2039 367 2063 merum
383 2028 605 2071 religiosorum
619 2037 676 2071 pro
690 2026 880 2060 associandis
898 2026 985 2059 cada-

246 2083 371 2117 veribus
385 2082 422 2115 ad
439 2081 563 2114 libitum
578 2080 748 2114 haeredum
764 2080 984 2114 defunctorum

246 2139 387 2180 spectare
413 2138 442 2169 et
465 2134 635 2178 pertinere,
660 2138 690 2166 et
714 2134 755 2166 ita
779 2133 895 2177 ubique
920 2144 985 2166 ser-

247 2189 312 2223 vari
343 2188 459 2222 debere
489 2187 658 2221 declaravit
689 2187 738 2220 die
770 2198 823 2221 xiv
853 2188 984 2221 ianuarii

248 2252 397 2278 mncxmx.

469 2286 499 2318 Ρ.
527 2283 694 2318 cardinalis
722 2284 952 2325 Cneseenrms,

468 2339 573 2372 lumus
593 2338 728 2379 Cixcuxs,
754 2338 951 2371 secretarius.

336 2404 418 2437 Loco
442 2406 465 2444 †
489 2402 590 2445 Sigilli
605 2412 633 2434 »1

287 2479 294 2502 t
320 2475 413 2510 Aptius
429 2475 489 2508 lege
501 2473 611 2507 possint
628 2479 665 2507 tn.
679 2473 728 2507 T.).

284 2522 300 2547 ⁹2
321 2520 411 2547 Potius
425 2519 483 2554 lege
499 2526 557 2553 qua
571 2522 608 2552 (n.
623 2518 671 2552 r).

351 2572 426 2601 Butt.
441 2572 526 2600 Rom.
539 2587 571 2591 -—
592 2570 650 2600 Vol.
668 2570 744 2599 XVI.
909 2570 941 2597 72

835 116 1018 140 ALEXANDEP.
1045 116 1086 140 vll
1107 117 1154 139 1¹1².

1659 106 1721 139 560
1768 114 1953 143 A11.C.1t·60

1060 164 1075 206 ἓ
1110 163 1140 196 ΕΞ.
1172 163 1343 207 Quodque,
1376 164 1407 196 in
1440 163 1671 197 observantiam
1702 163 1754 196 de-
1796 176 1954 198 raciumenar-

1017 221 1178 250 cretorum
1213 217 1482 260 praeinsertorum
1515 222 1544 250 et
1579 217 1754 249 litterarum
1769 206 1834 225 ‘³¹¹⁸'

1016 270 1260 313 apostolicarum
1285 270 1335 303 die
1360 281 1437 303 xxm
1461 270 1586 313 augusti
1615 270 1755 303 eiusdem

1016 322 1088 355 anni
1113 332 1231 356 itincmx
1261 328 1487 363 emanatarum,
1516 323 1629 355 fratres
1661 323 1756 356 eecle-

1016 375 1079 409 siae
1100 376 1128 409 S.
1147 376 1261 409 Mariae
1286 376 1355 408 lesu
1379 376 1548 409 noluerunt
1571 376 1756 419 permittere

1016 434 1050 462 ut
1074 429 1247 473 capitulum
1275 429 1453 472 praedictae
1482 429 1631 462 ecelesiae
1663 429 1752 463 Cala-

1016 483 1136 516 ritanae
1161 483 1275 515 dictam
1302 483 1465 516 ecclesiam
1490 483 1519 516 S.
1545 483 1658 515 Mariae
1687 483 1756 515 lesu

1016 535 1257 578 ingrederetur,
1283 535 1384 578 ipsum
1418 546 1491 568 vero
1523 535 1693 578 capitulum
1726 540 1757 567 et

1016 588 1191 622 beneficiati
1224 588 1356 621 cadaver
1388 588 1544 631 quoddam
1577 587 1648 620 inde
1671 588 1755 620 abri-

1016 646 1150 685 puerant
1174 646 1203 674 et
1227 641 1266 674 ad
1290 641 1454 674 ecelesiam
1471 640 1500 673 S.
1518 640 1655 672 Eulaliae
1681 640 1756 672 tule-

1016 699 1102 735 rant3
1124 699 1154 727 et
1170 694 1201 727 in
1226 694 1336 727 eadem
1358 694 1553 737 expositione
1578 693 1754 734 subiunct0‚

1016 746 1100 790 quod
1124 747 1262 791 praefata
1279 747 1405 780 decreta
1422 745 1625 790 praeinsertis
1649 745 1756 778 adver-

1017 806 1178 841 sarentur3
1211 801 1344 844 ideoque
1375 799 1581 844 primodictae
1614 799 1755 832 cardina-

1017 853 1093 886 lium
1119 854 1356 897 congregationi
1385 852 1560 897 supplicato
1585 858 1619 885 ut
1642 852 1754 885 decer-

1016 912 1106 940 neret
1130 907 1262 940 cadaver
1292 906 1473 940 huiusmodi
1497 905 1636 947 restitui,
1663 910 1692 938 et
1716 905 1758 937 di-

1018 964 1067 992 cta
1091 959 1216 993 decreta
1241 959 1421 999 ohservari3
1448 962 1488 999 et,
1513 958 1538 991 si
1564 958 1644 991 sorte
1669 968 1758 991 cano-

1017 1012 1078 1045 nici
1097 1013 1200 1056 quoad
1220 1012 1392 1046 secundum
1418 1011 1579 1045 decretum
1598 1011 1758 1043 immemo-

1017 1065 1149 1098 rabilem
1191 1065 1450 1099 consuetudinem
1495 1063 1756 1108 praetenderent,

1017 1119 1077 1152 hoc
1102 1119 1179 1152 nihil
1204 1119 1340 1159 obstare,
1360 1118 1419 1151 nisi
1435 1117 1575 1161 legitime
1595 1117 1756 1160 probetur:

1018 1173 1172 1205 emanavit
1195 1173 1233 1205 ab
1254 1172 1363 1205 eadem
1390 1170 1633 1214 congregatione
1658 1170 1758 1203 cardi-

1017 1225 1135 1258 nalium
1160 1225 1294 1268 negotiis
1319 1230 1349 1257 et
1373 1222 1656 1257 consultationibus
1681 1222 1759 1265 epis-

1018 1289 1173 1322 coporum
1192 1284 1221 1311 et
1238 1278 1432 1321 regularium
1453 1277 1631 1321 praeposita
1654 1276 1759 1308 deere-

1018 1337 1083 1364 tum
1102 1331 1221 1364 tenoris
1248 1331 1301 1375 qui
1319 1331 1471 1374 sequitur⁷
1493 1329 1653 1362 videlicet:

1067 1385 1188 1418 «Sacra
1206 1384 1410 1427 congregatio
1436 1383 1758 1417 eminentissimorum
1800 1393 1957 1414 nuruumq-

1018 1438 1045 1471 S.
1070 1438 1102 1470 R.
1121 1438 1153 1470 E.
1173 1437 1378 1470 cardinalium
1396 1436 1531 1480 negotiis
1556 1441 1586 1468 et
1606 1436 1759 1468 consulla-
1774 1426 1957 1467 [offis-congrega-

1018 1491 1153 1525 tionibus
1171 1491 1392 1535 episcoporum
1413 1495 1443 1523 et
1466 1489 1657 1532 regularium
1672 1499 1759 1532 prae-

1018 1545 1141 1587 posita,
1165 1545 1290 1577 attentis
1315 1544 1460 1584 narratis,
1482 1553 1589 1587 reque,
1615 1542 1758 1585 partibus

1018 1603 1080 1630 tam
1114 1598 1208 1631 verbo
1242 1608 1336 1641 quam
1367 1598 1485 1640 scripto
1517 1596 1758 1629 informantibus

1018 1651 1151 1691 auditffl,
1177 1651 1425 1687 eminentissimo
1443 1649 1647 1683 Santacrueio
1672 1650 1755 1682 rese-

1018 1710 1116 1744 rente‚
1140 1703 1306 1747 diligenter
1331 1714 1366 1736 ac
1390 1708 1512 1735 mature
1537 1702 1712 1735 examinata
1729 1707 1759 1735 et

1018 1758 1167 1799 discussa,
1193 1757 1313 1790 censuit
1338 1756 1480 1797 cadaver,
1499 1756 1536 1788 de
1557 1767 1619 1799 quo
1644 1756 1756 1798 agitur,

1019 1811 1246 1844 restituendum
1272 1820 1350 1851 esse,
1368 1814 1462 1854 prout
1480 1811 1541 1842 una
1567 1820 1638 1842 cum
1663 1810 1755 1842 fune-

1019 1865 1075 1898 rali
1100 1866 1216 1908 pompa
1241 1864 1363 1897 restitui
1389 1863 1515 1896 mandat
1539 1868 1568 1896 et
1593 1863 1758 1906 praecipit,

1019 1918 1168 1952 ecclesiae
1192 1918 1220 1951 S.
1235 1917 1349 1950 Mariae
1367 1917 1435 1950 lesu
1452 1917 1582 1950 fratrum
1604 1916 1759 1949 Minorum

1019 1971 1241 2005 Observantiae
1258 1970 1356 2003 sancti
1370 1969 1538 2011 Francisei‚
1554 1968 1694 2002 necnon2
1710 1980 1759 2002 ca-

1018 2025 1119 2068 pitulo
1151 2030 1181 2057 et
1212 2025 1297 2057 clero
1323 2023 1581 2066 metropolitanae
1610 2023 1760 2057 eeclesiae

1019 2077 1210 2111 Calaritanae
1228 2077 1380 2109 funeralia
1397 2076 1427 2108 in
1445 2076 1527 2109 dicta
1545 2076 1676 2109 ecclesia
1694 2086 1760 2108 san-

1020 2137 1086 2165 ctae
1110 2131 1224 2164 Mariae
1249 2141 1351 2174 neque
1384 2130 1414 2162 in
1445 2130 1473 2163 S.
1507 2130 1605 2162 Mauri
1637 2140 1761 2163 eorum-

1020 2185 1090 2218 dem
1115 2185 1248 2217 fratrum
1275 2193 1422 2216 exercere
1441 2188 1470 2216 et
1488 2183 1649 2216 celebrare
1666 2194 1760 2226 super

1020 2238 1239 2271 defunctorum
1267 2237 1381 2270 ibidem
1407 2236 1584 2280 sepelienda
1610 2236 1761 2269 cadavera

1020 2292 1125 2331 licere,
1150 2295 1309 2323 reservato
1335 2296 1438 2322 tamen
1458 2290 1525 2322 iure
1550 2289 1650 2322 eidem
1676 2289 1761 2333 capi-

1021 2346 1085 2379 tulo
1105 2349 1135 2378 et
1155 2345 1239 2377 clero
1255 2344 1408 2388 probandi
1431 2348 1627 2387 praetensam
1653 2344 1762 2375 imme-

1022 2398 1224 2438 morabilem,
1245 2403 1274 2430 et
1299 2398 1339 2431 ita
1356 2397 1525 2430 declaravit
1548 2401 1578 2429 et
1601 2396 1759 2437 decrevit,

1060 2473 1068 2497 t
1094 2469 1203 2496 Videtur
1217 2468 1360 2504 legendum
1376 2468 1487 2495 auditis
1500 2470 1537 2501 (n.
1554 2469 1602 2501 τ.).

1057 2514 1072 2540 2
1092 2513 1248 2549 Legenduin
1263 2512 1421 2548 simpliciter
1438 2521 1488 2539 nec
1504 2513 1540 2548 (n.
1558 2514 1604 2546 T.j.
