2243 3205
3 2385 17 2466 t

27 2445 33 2563 t

31 2591 33 2657 i

67 191 117 219 An.
137 190 166 219 C.
183 189 251 218 1662

84 1641 146 1662 Talia
168 1643 241 1668 utpote

58 1667 133 1698 illicita
143 1668 183 1698 sub
192 1674 242 1694 poc-

57 1696 241 1748 {ticss‘sslssxiilssssll

58 1748 98 1769 tur.

84 2389 184 2419 Sequitur
205 2396 239 2411 ox-

58 2418 140 2442 pontio.

860 188 1048 213 ALEXANDER
1072 189 1117 212 Vll
1140 188 1188 212 1³1³.

264 247 380 280 eosque
404 247 423 270 a
446 237 560 271 maiori
573 242 603 271 et
615 237 786 282 praecipuo
807 247 902 271 onere
917 237 1006 271 chori

263 290 396 334 aliisque
419 290 637 331 observantiis,
663 291 701 323 ad
726 301 804 334 quas
828 301 864 324 ex
887 291 1025 335 profes-¹¹

263 343 352 377 sione
378 349 532 385 tenentur,
554 344 733 386 liberantes,
760 344 895 378 evidenti
919 345 1005 377 rela-

263 397 397 431 xationis
429 403 459 430 et
489 398 675 441 perditionis
700 398 844 442 periculo
870 408 1006 442 expone-

262 451 346 492 bant,
371 451 544 485 dummodo
569 452 612 484 eis
629 452 714 492 solis,
735 452 888 495 privative
905 452 1007 495 quoad

262 504 350 546 alios,
370 505 636 538 monasteriorum
657 504 959 538 administrationem
978 508 1008 538 et

262 557 426 600 regimen,
451 563 514 590 tarn
539 558 571 590 in
595 558 812 602 spiritualibus
843 568 938 602 quam
975 558 1007 591 in

261 610 512 654 temporalibus,
545 611 741 654 liberamque
772 611 952 644 officialium
978 615 1007 645 et

261 663 462 707 superiorum
481 664 678 704 electionem,
696 669 758 697 tam
774 665 878 707 quoad
897 675 1005 698 vocem

260 716 393 749 activam
418 727 512 760 quam
536 717 703 760 passivam,
730 718 894 758 cederent,

305 769 366 814 53.
380 770 417 803 Et
434 770 465 803 in
483 770 594 803 eadem
613 771 809 814 expositione
828 771 1005 812 subiuncto,

261 823 346 867 quod
378 829 578 864 contractus,
604 824 832 857 transactiones
867 831 897 858 et
929 835 1004 858 con-

261 876 390 910 cordata
407 877 600 919 huiusmodi,
613 888 677 910 non
694 877 725 910 in
742 878 1004 919 aedificationem,

260 930 370 964 sedin
403 930 579 964 evidentem
615 931 841 983 religiosorum
879 932 1002 964 ruinam

260 984 455 1029 spiritualem
480 985 662 1028 vergebant,
687 984 851 1028 dictusque
880 995 1001 1029 procu-

259 1044 347 1072 rator
377 1038 533 1081 generalis
563 1044 734 1082 propterea
757 1038 796 1071 de
820 1044 1003 1082 opportuno

260 1091 292 1124 in
315 1091 498 1135 praemissis
521 1091 663 1125 remedio
688 1102 706 1124 a
729 1092 820 1125 nobis
841 1093 1003 1136 provideri

259 1155 462 1188 summopere
476 1145 681 1178 desiderabat:
693 1156 760 1186 nos,
771 1145 1004 1189 supplicationi-

258 1198 317 1231 bus
341 1198 439 1242 ipsius
463 1199 679 1242 procuratoris
699 1199 855 1242 generalis
875 1199 1003 1232 nomine

258 1252 351 1285 nobis
371 1262 467 1296 super
481 1252 541 1285 hoc
565 1252 727 1286 humiliter
744 1253 900 1296 porrectis
918 1253 1002 1286 incli-

257 1305 332 1346 nati,
353 1305 391 1338 de
409 1305 636 1338 venerabilium
660 1306 794 1338 fratrum
818 1312 1000 1339 nostrorum

257 1358 287 1391 S.
305 1359 340 1392 R.
361 1358 395 1391 E.
412 1358 620 1392 cardinalium
639 1359 774 1402 negotiis
790 1365 820 1392 et
845 1360 1001 1398 consulta-

257 1411 397 1446 tionibus
422 1411 646 1456 episcopornm
661 1417 691 1445 et
704 1413 899 1455 regularium
913 1423 1002 1456 prae-

257 1464 448 1509 positorum,
474 1465 527 1509 qui
551 1476 620 1498 rem
645 1465 812 1508 diligenter
830 1469 859 1499 et
879 1471 1002 1500 mature

257 1518 491 1562 discusserant,
518 1519 666 1561 consilio,
692 1519 818 1552 attentis
842 1520 1000 1562 narratis,

258 1576 457 1615 contractus,
484 1573 711 1607 transactiones
737 1578 766 1606 et
790 1573 1000 1614 concordata,

257 1625 295 1659 de
319 1626 434 1670 quibus
458 1637 554 1671 supra
578 1627 693 1670 agitur,
717 1626 813 1659 fuisse
831 1632 860 1659 et
883 1638 951 1660 esse
969 1627 1002 1659 il-

257 1678 351 1721 licita,
375 1679 512 1723 ideoque
529 1690 566 1713 eo
592 1691 691 1723 nsque
711 1680 786 1712 inita
805 1681 891 1712 nulla
909 1685 939 1713 et
956 1681 999 1713 in-

256 1732 358 1765 valida
380 1732 497 1774 fuisse,
522 1733 708 1766 auctoritate
733 1734 907 1777 apostolica
939 1734 996 1767 de-

257 1785 446 1819 claravimus
470 1791 501 1819 et
524 1786 733 1826 decrevimus,
759 1787 997 1830 prohibuimus-

256 1849 317 1883 que
340 1849 379 1872 ne
399 1839 431 1872 in
450 1839 593 1873 futurum
610 1839 668 1872 sub
689 1840 830 1872 eiusdem
846 1841 998 1875 nullitatis

256 1898 287 1926 et
309 1892 521 1934 invaliditatis,
545 1903 668 1927 necnon
697 1894 997 1928 excommunicatio-

254 1945 314 1986 nis,
339 1956 374 1978 ac
394 1945 580 1990 privationis
600 1946 686 1980 vocis
705 1947 824 1980 activae
844 1953 874 1980 et
891 1948 994 1991 passi>-

255 2009 323 2040 vae,
332 1998 575 2043 officiorumque
589 2000 747 2043 graduum
759 2006 789 2033 et
810 2000 996 2043 dignitatum

255 2063 541 2097 quarumcumque,
555 2059 585 2087 et
601 2057 772 2098 perpetuae
791 2054 997 2088 inhabilitatis

254 2107 294 2140 ad
318 2117 354 2140 ea
378 2112 409 2141 et
432 2108 593 2152 quaelibet
617 2108 677 2140 alia
701 2108 733 2142 in
752 2113 914 2152 posterum
939 2109 996 2142 ob-

255 2161 390 2203 tinenda,
403 2172 460 2206 per
474 2162 652 2196 huiusmodi
670 2163 901 2205 contrahentes,
916 2168 997 2197 tran—

255 2216 392 2260 sigentes
415 2222 446 2250 et
469 2217 696 2251 concordantes
729 2228 766 2251 eo
796 2218 864 2262 ipso
890 2219 991 2252 incur-

254 2271 361 2305 rendis
386 2272 515 2316 poenis,
541 2272 613 2304 talia
637 2272 844 2313 concordata,
870 2278 992 2306 transa-

254 2326 373 2361 ctiones
386 2330 416 2360 et
429 2331 608 2360 contractus
621 2326 775 2359 ullatenus
786 2326 994 2360 celebrentur.

299 2381 314 2425 g
337 2380 368 2413 4.
397 2380 434 2413 Et
458 2379 660 2424 postmodum
684 2391 743 2423 pro
767 2380 995 2424 pai-tcdilecto-

253 2445 325 2468 rum
339 2434 478 2467 filiorum
496 2433 926 2477 ReipublicaeHelvetiorum
944 2445 995 2468 no-

254 2487 305 2521 bis
329 2498 430 2531 nuper
454 2487 572 2531 pariter
597 2487 760 2531 exposito,
786 2487 887 2531 qnod,
922 2499 993 2521 cum

253 2539 360 2575 dilecti
380 2540 436 2574 sitii
458 2540 586 2574 abbates
621 2540 695 2573 dicti
731 2540 855 2574 Ordinis
880 2540 994 2574 Cister-

253 2594 367 2629 ciensis
382 2594 412 2627 in
426 2593 567 2628 eiusdem
580 2593 782 2638 Reipublicae
799 2593 916 2628 ditione
931 2594 994 2627 cxi-

336 2657 415 2686 Buta.
434 2657 520 2686 Rom.
536 2672 570 2678 —
588 2657 646 2685 Vol.
667 2656 743 2687 XVI.
900 2656 935 2685 95

1040 242 1166 278 stentes,
1187 236 1350 270 convocati
1375 236 1413 269 ad
1439 236 1610 280 capitulum
1636 235 1785 279 generale

1040 280 1181 324 Cistercii
1206 290 1237 323 in
1260 291 1358 324 Gallia
1382 290 1617 330 celebrandum,
1643 300 1711 323 sese
1736 300 1785 323 ac-

1041 344 1204 386 cingerent
1217 348 1486 387 etpraepararent
1505 343 1543 375 ad
1565 343 1634 383 iter,
1659 342 1784 376 occulto

1040 407 1170 430 rumore
1195 402 1402 440 perceperant
1427 396 1578 440 quosdam
1618 396 1784 438 religiosos

1041 452 1145 485 Gallos
1162 451 1304 483 eiusdem
1319 450 1443 484 Ordinis
1461 450 1560 483 dictos
1575 450 1783 491 Abstinenics,

1041 508 1150 537 contra
1167 503 1294 547 antiqua
1308 503 1450 546 ipsorum
1466 503 1544 543 iura,
1558 513 1718 545 nunquam
1737 513 1784 535 ea-

1041 563 1130 591 tenus
1145 563 1359 598 controveisa,
1373 568 1390 590 a
1406 557 1555 590 Romanis
1580 556 1783 589 Pontificibus

1041 611 1340 654 praedecessoribus
1365 610 1482 643 nostris
1507 611 1562 643 toti
1584 609 1691 643 Ordini
1713 620 1784 642 con-

1040 676 1148 705 cessa,
1174 665 1251 698 velle
1277 675 1344 697 sese
1380 664 1561 708 praevalere
1594 663 1782 706 quibusdam

1041 719 1203 751 sententiis
1227 729 1244 751 a
1276 718 1377 751 bonae
1409 717 1581 750 memoriae
1614 717 1782 750 Francisco

1041 772 1115 805 dum
1140 772 1215 804 vixit
1240 771 1268 804 S.
1288 772 1321 804 R.
1336 771 1369 804 E.
1388 770 1538 804 cardinali
1556 770 1594 803 de
1620 771 1648 802 la
1666 770 1782 803 Roche-

1041 826 1185 860 soneauld
1210 830 1391 868 nuncupato
1416 824 1578 865 emanatis,
1596 824 1660 867 qni,
1678 835 1748 857 cuni
1764 835 1782 857 a

1039 880 1138 913 seticis
1164 875 1392 912 recordationis
1409 878 1563 921 Gregorio
1584 879 1666 922 Papa
1682 878 1732 911 XV
1751 883 1782 910 et

1039 934 1166 966 Urbano
1185 934 1249 966 t'tll
1275 931 1574 976 praedecessoribus
1596 931 1713 975 pariter
1730 941 1782 964 no-

1039 986 1111 1018 stris
1136 985 1391 1018 commissionem
1410 984 1571 1017 habuisset
1595 984 1633 1016 ad
1658 984 1781 1016 visitan-

1038 1039 1097 1078 da,
1124 1044 1169 1078 et,
1195 1038 1280 1070 iuxta
1305 1043 1420 1071 statuta
1446 1037 1585 1070 eiusdem
1612 1037 1737 1070 Ordinis
1763 1048 1781 1070 a

1038 1092 1187 1125 Ron‘ianis
1224 1091 1427 1125 Pontificibus
1463 1090 1659 1133 confirmata,
1680 1091 1776 1124 resor-

1039 1145 1151 1178 manda
1177 1145 1368 1179 monasteria
1391 1144 1466 1177 dicti
1491 1144 1626 1184 Ordinis,
1644 1155 1723 1188 quae
1748 1144 1780 1177 in

1037 1199 1135 1233 Gallia
1159 1198 1338 1241 indigerent
1362 1197 1595 1237 reformatione,
1621 1203 1650 1230 et
1676 1203 1780 1230 tamen

1036 1263 1072 1285 ea
1096 1253 1272 1285 nullatenus
1298 1251 1469 1291 visitasset,
1498 1251 1703 1284 nibilominus
1732 1251 1779 1283 di-

1037 1305 1077 1338 cti
1094 1305 1293 1338 Abstinentes
1310 1309 1420 1337 contra
1441 1304 1575 1336 sormam
1600 1303 1778 1336 litterarum

1036 1358 1280 1402 apostolicarum
1306 1362 1336 1392 et
1360 1363 1474 1390 statuta
1507 1357 1678 1400 apostolica
1702 1357 1778 1389 duas

1036 1411 1204 1444 sententias
1221 1411 1259 1443 ab
1284 1421 1321 1444 co
1347 1410 1559 1449 obtinuerant,
1577 1409 1691 1452 quibus
1712 1420 1779 1442 om-

1036 1475 1090 1497 nes
1115 1465 1243 1497 abbates
1268 1470 1297 1497 et
1321 1464 1488 1507 religiosos
1518 1463 1694 1496 communis
1727 1463 1779 1496 ob-

1035 1518 1219 1558 servantiae,
1236 1518 1289 1562 qui
1310 1517 1430 1550 scilicet
1458 1522 1588 1550 utuntur
1618 1516 1777 1560 dispensa-

1036 1571 1119 1604 tione
1143 1571 1317 1614 apostoliea
1343 1571 1426 1603 circa
1447 1580 1534 1603 esum
1554 1569 1695 1602 carnium
1711 1569 1777 1603 ubi-

1035 1636 1096 1670 que
1121 1626 1291 1668 acceptata,
1317 1630 1410 1668 atque
1435 1635 1453 1656 a
1476 1623 1566 1656 nobis
1580 1634 1636 1667 per
1654 1627 1777 1657 nostras

1034 1678 1065 1710 in
1089 1678 1185 1710 simili
1209 1677 1311 1710 forma
1337 1677 1444 1710 Brevis
1469 1677 1588 1709 litteras
1613 1676 1662 1709 die
1680 1687 1697 1709 x
1718 1687 1775 1710 no-

1035 1731 1170 1765 vembris
1195 1741 1324 1764 MDeLvn
1342 1730 1500 1774 expeditas
1527 1729 1710 1773 approbata,
1728 1730 1774 1762 in-

1034 1789 1080 1819 ter
1105 1784 1165 1817 alia
1182 1784 1342 1827 signanter
1363 1783 1610 1828 praetendebant
1630 1793 1697 1816 esse
1715 1783 1775 1827 pri-

1032 1845 1118 1873 vatos
1139 1850 1213 1872 voce
1237 1839 1336 1873 activa
1362 1844 1391 1871 et
1414 1838 1538 1882 passiva
1562 1837 1593 1870 in
1618 1837 1774 1870 electioni-

1031 1894 1088 1926 bus
1106 1893 1227 1926 abbatis
1252 1892 1420 1936 generalis,
1444 1897 1473 1925 et
1498 1897 1632 1935 quatuor
1657 1891 1773 1935 primo-

1032 1958 1101 1980 rum
1116 1947 1265 1979 abbatum
1285 1973 1292 1987 ,
1310 1946 1502 1979 vicariorum
1520 1945 1772 1989 provincialium,

1032 2001 1247 2045 procuratoris
1262 2001 1417 2043 generalis
1431 2000 1462 2031 in
1476 1999 1573 2039 curia,
1588 2003 1617 2031 et
1637 1998 1770 2031 aliorum

1031 2055 1233 2099 publicorum
1269 2053 1450 2087 officialium
1466 2080 1473 2093 ,
1499 2052 1772 2085 administratione

1031 2109 1156 2151 collegii
1176 2107 1360 2141 Parisiensis
1381 2106 1559 2140 communis
1580 2105 1672 2138 studii
1698 2105 1771 2138 dicti

1031 2162 1176 2204 Ordinis,
1203 2161 1383 2204 receptione
1404 2159 1595 2193 novitiorum
1622 2159 1660 2191 ad
1685 2170 1770 2192 com-

1031 2226 1158 2249 munem
1195 2213 1450 2254 observantiam,
1481 2213 1613 2256 aliisque
1649 2212 1770 2245 iuribus

1030 2268 1257 2314 pertinentibus
1282 2267 1319 2300 ad
1340 2267 1467 2300 abbates
1488 2272 1518 2299 ct
1535 2266 1705 2310 capitulum
1720 2276 1770 2308 ge-

1030 2323 1145 2365 nerale,
1170 2326 1200 2356 et
1224 2322 1255 2354 in
1280 2321 1341 2353 vim
1363 2320 1517 2353 dictarum
1542 2319 1769 2352 sententiarum

1030 2378 1113 2422 ipsos
1137 2377 1220 2410 solos
1245 2375 1443 2409 Abstinentes
1470 2373 1608 2407 redditos
1638 2384 1768 2417 capaces

1029 2432 1216 2475 dignitatum
1240 2435 1271 2463 ct
1294 2429 1471 2462 officiorum
1485 2428 1558 2461 dieti
1576 2427 1714 2470 Ordinis,
1733 2438 1768 2461 ae

1029 2484 1275 2529 independentes
1289 2494 1305 2516 a
1319 2482 1534 2516 iurisdictione
1547 2481 1707 2515 ordinaria
1721 2493 1769 2515 su-

1028 2538 1190 2582 periorum
1216 2542 1246 2570 et
1270 2536 1397 2581 capituli
1422 2535 1577 2579 generalis
1594 2545 1661 2568 esse
1681 2545 1768 2579 prae-

1028 2590 1210 2632 sumebant,

1691 177 1754 211 753
1799 186 1850 214 An.
1871 185 1899 214 c.
1916 185 1984 214 1662
