2263 3215
315 212 363 237 An.
381 211 408 238 c.
432 211 498 238 1656
543 201 607 236 ⁶218

514 260 694 303 perialibus,
721 260 815 301 regiis
840 263 868 292 et
892 259 1071 299 ducalibus,
1097 271 1132 293 ac
1157 261 1272 293 sacrist

515 313 699 352 canonibus,
724 312 897 356 privilegiis
920 323 1057 356 quoque,
1076 313 1201 346 indultis
1226 304 1272 346 et'

515 365 627 398 litteris
644 365 834 408 apostolicis,
850 365 909 397 illis
926 376 1100 410 eorumque
1112 367 1254 410 superio-

518 419 604 450 ribus
630 422 658 452 et
682 418 827 461 personis
853 424 881 451 et
899 419 975 452 locis
993 420 1255 463 quibuscumque,
1273 429 1274 432 ’

519 472 545 503 in
568 481 684 513 genere
698 471 744 502 xel
771 470 801 502 in
826 471 941 515 specie,
956 482 1076 504 aecum
1096 472 1257 515 quibusvis

517 523 791 567 derogatoriarum
811 524 1032 567 derogatoriis,
1051 525 1181 568 aliisque
1198 525 1259 557 effi-

518 579 694 612 cacioribus
719 583 747 611 et
775 577 1084 624 insolitisssclausulis,
1112 577 1277 610 irritanti-v

519 632 639 675 busque
665 636 695 664 et
720 630 788 662 aliis
813 630 957 671 decretis,
983 630 1074 663 etiam
1102 631 1163 662 vim
1190 624 1277 667 con-J

520 691 636 717 tractus
662 689 691 717 et
714 683 819 716 statuti
847 684 991 727 perpetui
1018 683 1277 724 continentibus,'

520 750 555 771 ac
580 738 672 771 etiam
699 743 795 778 motu,
821 737 949 770 scientia
968 741 996 770 et
1015 737 1176 780 potestatis
1194 737 1259 780 ple·
1276 725 1277 769 l

519 793 659 825 nitudine
685 792 831 836 paribus,
857 792 950 824 etiam
977 791 1258 831 consistorialiter,

520 856 554 879 ac
579 846 654 878 alias
680 846 709 878 in
731 845 924 878 contrarium
953 844 1118 885 concessis,
1145 844 1278 884 conflr-¹

522 900 621 939 matis,
642 899 824 943 approbatis
838 903 865 931 et
887 898 1040 931 innovatis
1057 897 1177 930 iuribus
1195 908 1259 930 om-
1276 889 1278 940 l

521 953 633 993 nibus,
660 953 775 996 quilius
800 952 958 993 omnibus,
983 956 1056 993 etc.,
1083 951 1204 983 etiamsi
1222 948 1278 983 de³

523 1007 592 1048 illis,
619 1012 687 1047 etc„
713 1017 822 1040 eorum
849 1009 990 1047 tenores,
1017 1011 1085 1046 ete,
1112 1005 1170 1037 bac
1194 994 1280 1046 vieel

523 1062 691 1101 dumtaxat,
702 1060 879 1104 specialiter
891 1065 921 1092 et
934 1068 1080 1103 expresse
1095 1063 1180 1091 motu
1193 1058 1261 1101 pari
1279 1053 1281 1112 Ἰ

522 1117 728 1158 derogamus,
755 1113 930 1156 ceterisque
948 1112 1114 1145 contrariis
1135 1111 1261 1155 quibus-

523 1179 668 1212 cumque,
683 1178 753 1200 cum
769 1167 916 1200 clausulis
934 1166 1135 1210 opportunis,
1149 1171 1261 1198 etcum

523 1222 719 1255 absolutionc
744 1232 760 1252 a
786 1219 928 1252 censuris
953 1219 989 1252 ad
1014 1219 1180 1260 effectum,
1206 1223 1262 1252 etc.

568 1276 582 1319 ᾖ
601 1275 645 1308 ta.
667 1274 754 1314 Quod
769 1273 942 1307 obstantiae
959 1273 1051 1305 etiam
1067 1272 1264 1305 beneficiales

501 1323 806 1367 'conclavistarunu
838 1337 873 1359 ac
905 1326 943 1358 ab
978 1325 1022 1358 eis
1047 1325 1208 1368 subrogat.
1237 1330 1266 1357 et

525 1383 704 1426 dispensat„
731 1391 765 1413 ac
791 1379 909 1412 indulta
938 1379 1111 1412 habeantur
1136 1390 1194 1423 pro
1220 1390 1267 1411 ex-

526 1435 663 1480 pressis,
695 1445 748 1467 seu
781 1433 811 1465 in
847 1438 911 1466 toto
940 1432 987 1465 vel
1015 1438 1103 1476 parte
1134 1432 1286 1475 exprimi.

526 1489 648 1533 possint
673 1488 703 1520 in
729 1486 840 1519 litteris
871 1491 900 1519 et
925 1486 956 1518 in
988 1486 1110 1519 casibus
1139 1486 1286 1529 regulae<

527 1543 564 1574 de
582 1540 880 1581 insordescentibus,
893 1550 964 1572 cum
979 1540 1157 1583 opportuna
1177 1538 1268 1579 illius,

528 1605 650 1628 necnon
675 1594 803 1628 alterius
830 1593 957 1636 regulae
982 1593 1019 1625 de
1044 1602 1107 1626 non
1132 1592 1269 1625 tollendo

530 1650 596 1682 iure
626 1647 789 1692 quaesito,
815 1645 1030 1690 derogatione,
1054 1651 1084 1679 et
1113 1656 1266 1690 quarum-

529 1712 664 1745 cumque
688 1701 820 1733 aliarum
854 1700 1111 1733 constitutionum
1137 1704 1267 1743 aposto-
1287 1712 1289 1720 ¹

530 1757 661 1790 licarum
681 1762 710 1788 et
728 1755 935 1788 conciliorum
961 1754 1052 1788 etiam
1075 1753 1270 1797 generalium

531 1818 560 1845 et
585 1815 792 1850 statutorum,
818 1809 1120 1849 stabilimentorum,
1145 1818 1270 1848 usuum,

532 1872 735 1905 naturarum,
761 1863 1020 1897 constitutionum
1053 1861 1271 1906 synodalium,

532 1923 719 1953 statutorum
745 1928 780 1950 ac
806 1916 1046 1961 privilegiorum
1078 1915 1186 1959 populi
1212 1916 1272 1948 Ro-

534 1972 627 2013 mani,
646 1977 675 2004 et
693 1970 915 2010 Cluniacensis,
933 1968 1157 2009 Cisteiciensis,
1175 1968 1203 2001 S.
1223 1968 1274 2001 Be-

534 2025 660 2065 nedicti,
677 2025 706 2058 S.
725 2023 900 2067 Augustini,
920 2029 950 2056 et
967 2022 1100 2056 aliorum
1121 2021 1272 2055 Ordinum

536 2085 562 2112 et
591 2079 784 2118 militiarum,
809 2077 903 2110 etiam
928 2077 956 2110 S.
978 2076 1101 2109 loannis
1127 2076 1274 2109 Hieroso-

536 2133 693 2177 lymitani,
719 2138 748 2165 et
772 2131 933 2172 ecclesiis,
961 2130 1174 2172 monasteriis,
1202 2130 1271 2164 civi·

537 2187 662 2227 tatibus,
688 2192 717 2219 et
741 2185 828 2226 locis,
855 2190 885 2218 et
905 2183 1060 2228 personis,
1086 2190 1115 2217 et
1140 2183 1276 2217 dominis

538 2239 835 2284 temporalibus,sub
844 2238 1096 2283 quibuscumque
1108 2237 1274 2271 verborum

539 2294 663 2335 formis,
688 2304 723 2327 ae
748 2303 819 2326 cum
845 2292 1007 2336 quibusvis
1032 2291 1276 2332 efficacioribus,

539 2346 763 2381 efficacissimis
787 2352 816 2380 et
842 2345 974 2379 insolitis
998 2344 1146 2379 clausulis
1169 2348 1200 2379 et
1223 2344 1276 2378 de-

541 2400 643 2441 cretis,
658 2400 749 2433 etiam
765 2398 1042 2440 consistorialibus,
1061 2398 1154 2431 etiam
1169 2403 1278 2431 contra

541 2454 731 2496 alienigenas
756 2458 785 2486 et
810 2452 884 2485 alias
905 2462 1055 2496 personas
1072 2451 1165 2486 certis
1177 2450 1278 2484 modis

542 2517 603 2539 non
628 2506 831 2550 quatiticatas,
856 2510 908 2539 aut
936 2505 1010 2538 alias
1043 2504 1280 2549 quomodolibet

543 2560 709 2599 concessis,
727 2570 861 2602 quorum
877 2565 1012 2598 tenores,
1029 2563 1102 2597 etc.,
1119 2557 1279 2598 latissime,

543 2623 577 2645 ac
603 2613 639 2645 de
667 2613 760 2645 verbo
777 2613 814 2644 ad
833 2613 976 2653 verbum,
1001 2618 1092 2656 prout
1116 2612 1190 2655 ipsis
1209 2610 1297 2645 con-³

1097 212 1275 236 BULLARIUM
1299 213 1452 237 ROMANUM

1288 261 1424 293 clavistis
1450 260 1549 303 magis
1568 260 1731 304 placuerit,
1749 260 1881 304 exprimi
1895 260 2024 304 possint,

1271 318 1317 354 ¹et
1338 325 1408 347 cum
1435 313 1638 358 suspensione
1664 323 1935 357 quarumcumque
1957 323 2025 355 gra-

1290 368 1402 400 tiarum
1439 367 1631 399 indultorum
1669 366 1831 410 quibusvis
1859 366 2026 399 ordinariis

1290 420 1494 453 collatoribus
1514 419 1694 452 conserendi
1711 419 1862 452 beneficia
1887 419 2027 452 ecclesia-

1274 474 1367 507 ,stica
1394 473 1485 505 etiam
1514 478 1671 505 reservata
1695 472 1733 504 ad
1758 483 1867 505 eorum
1894 472 2028 505 collatio-

1292 537 1374 566 nem,
1400 532 1469 566 etc.,
1494 525 1693 569 pertinentia,
1717 530 1747 558 et
1771 525 1801 557 in
1815 525 1961 558 omnibus
1977 529 2029 557 aut

1293 580 1386 612 certis
1412 579 1567 622 expressis
1587 579 1688 611 causis
1706 578 1944 623 quomodolibet
1959 588 2030 610 eon-

1294 632 1389 664 cessis
1416 632 1564 666 latissime
1595 632 1770 672 extenden.,
1799 632 1841 664 ita
1868 636 1902 664 ut
1925 631 2030 664 omnia

1295 685 1461 726 tollantur,
1487 691 1515 717 et
1534 685 1618 729 quod
1637 686 1700 718 sola
1718 684 1891 728 praesentis
1909 683 2029 717 motus¹

1294 739 1414 783 proprii
1433 739 1592 782 signatura
1610 739 1753 779 sufficiat,
1766 744 1795 771 et
1808 738 1925 782 ubique
1938 737 2030 770 fidem

1295 793 1395 833 saciat,
1422 792 1452 825 in
1478 792 1592 825 iudicio
1606 798 1745 834 dextra,
1771 791 1881 835 regula
1906 796 2031 824 contra-

1295 845 1339 878 ria
1364 856 1427 878 non
1452 845 1603 886 obstante,
1629 851 1659 878 et
1681 844 1765 888 quod
1786 844 2032 888 praemissorum

1295 899 1436 931 omnium
1462 904 1491 931 et
1516 899 1713 941 singulorum
1740 897 1943 939 indultorum,
1964 907 2034 930 con-

1296 953 1482 992 cessionum,
1508 952 1693 995 grafiarum,
1710 951 1952 994 derogationum
1970 960 2034 983 rna-

1297 1005 1343 1038 ior
1357 1010 1384 1037 et
1405 1005 1508 1038 verior
1533 1005 1726 1048 specificatio
1743 1009 1773 1037 et
1793 1003 1953 1047 expressio
1966 1003 2034 1036 fieri

1297 1058 1394 1102 possit
1420 1059 1449 1091 in
1474 1058 1606 1098 litteris,
1640 1059 1670 1091 in
1699 1057 1813 1101 quibus
1838 1057 2034 1100 singulorum

1280 1147 1281 1152 ¹
1298 1112 1558 1145 conclavistaruni
1573 1112 1700 1145 nomina
1711 1117 1739 1144 et
1751 1110 1949 1154 cognomina,
1963 1121 2036 1154 qua-

1298 1165 1408 1208 litates,
1420 1165 1545 1199 ordines
1560 1171 1589 1198 et
1602 1165 1897 1208 gradus,dioecesis‚
1907 1164 2036 1207 patriae,

1281 1225 1326 1267 ⁴et
1353 1225 1455 1252 cetera
1481 1220 1629 1263 requisita
1656 1219 1789 1262 exprimi
1821 1223 1850 1252 et
1880 1217 2036 1258 describi,

1300 1284 1354 1306 seu
1383 1284 1440 1317 pro
1477 1273 1632 1317 expressis
1669 1278 1698 1305 et
1727 1272 1893 1316 descriptis
1929 1271 2037 1304 haberi

1300 1327 1435 1370 possint;
1455 1327 1533 1359 inter
1548 1337 1611 1366 eos,
1626 1326 1755 1359 sacrista
1770 1331 1798 1358 et
1813 1325 1953 1368 magistri
1974 1334 2038 1357 cae-

1284 1380 1514 1419 ,remoniarum
1550 1380 1708 1423 cappellae
1741 1384 1887 1420 nostrae,
1917 1388 2039 1411 necnon

1302 1433 1488 1466 secretarius
1523 1433 1646 1475 collegii
1680 1432 1864 1466 eorumdem
1901 1431 2040 1465 cardina-

1303 1488 1389 1528 lium,
1415 1492 1445 1519 et
1470 1487 1564 1520 ceteri
1598 1486 1648 1518 alii
1682 1486 1713 1518 in
1745 1486 1851 1519 notula
1876 1496 1932 1529 per
1956 1485 2040 1529 ipsos

1286 1574 1287 1578 ,
1304 1541 1471 1583 magistros
1495 1539 1767 1573 caeremoniarum
1785 1539 1865 1571 saeta
1882 1543 1912 1571 et
1928 1538 2042 1571 descri-

1304 1595 1355 1637 pta
1369 1593 1506 1626 annotati
1525 1597 1554 1627 et
1567 1592 1716 1636 descripti
1734 1591 2042 1635 comprehendantur

1305 1653 1336 1679 et
1359 1647 1548 1681 adnotentur
1567 1647 1660 1680 simul
1677 1647 1722 1679 vel
1739 1646 1776 1679 ad
1796 1652 1928 1690 partem,
1949 1644 2042 1678 etiam

1305 1701 1335 1733 in
1361 1702 1422 1734 una
1458 1711 1520 1734 non
1545 1701 1624 1733 facta
1653 1700 1811 1733 mentione
1842 1699 1879 1732 de
1911 1699 1970 1732 alia
1996 1699 2042 1731 vel

1304 1754 1387 1795 aliis,
1412 1759 1506 1798 prout
1531 1753 1684 1787 videbitur
1709 1753 1866 1797 expedire.

1350 1809 1364 1851 ἓ
1394 1808 1438 1840 14.
1467 1808 1616 1841 Volumus
1636 1812 1739 1840 autem
1760 1806 1843 1851 quod
1869 1806 2046 1839 litterarum

1306 1872 1401 1906 super
1425 1861 1644 1906 praesentibus
1676 1861 1942 1894 conficiendarum
1968 1865 2048 1893 tran-

1307 1916 1448 1959 sumptis,
1467 1915 1643 1959 impressis,
1663 1920 1692 1948 et
1710 1914 1813 1958 sigillo
1831 1925 1866 1947 ac
1884 1925 1977 1947 manu
1997 1914 2048 1947 ali-

1308 1970 1396 2003 cuius
1421 1979 1574 2013 personae
1603 1969 1632 2001 in
1662 1968 1813 2011 dignitate
1838 1967 2049 2001 ecclesiastica

1308 2023 1494 2057 constitutae
1521 2022 1647 2055 munitis
1665 2027 1694 2055 et
1721 2021 1915 2066 subscriptis,
1940 2021 2049 2054 eadem

1309 2077 1386 2109 fides
1404 2082 1463 2109 tam
1483 2077 1513 2109 in
1531 2076 1646 2109 iudicio
1660 2086 1752 2120 quam
1770 2080 1856 2109 extra
1875 2075 1951 2108 illud
1967 2075 2052 2108 adhi-

1310 2130 1429 2171 beatur,
1450 2140 1529 2174 quae
1554 2129 1762 2173 originalibus
1785 2129 1896 2162 litteris
1920 2128 2049 2162 adhibe-

1311 2188 1407 2224 retur,
1425 2183 1449 2216 si
1467 2184 1570 2217 forent
1587 2183 1743 2216 exhibitae
1763 2183 1810 2215 vel
1834 2187 1986 2215 ostensae.

1354 2238 1464 2271 Datum
1491 2238 1616 2279 Rornae,
1642 2237 1725 2281 apud
1749 2237 1779 2271 S.
1808 2236 1936 2270 Mariam
1960 2235 2052 2270 Maio-

1312 2302 1389 2332 rem,
1408 2301 1461 2325 x1v
1482 2291 1630 2324 kalendas
1655 2290 1842 2335 septembris
1867 2299 1949 2324 anno
1974 2299 2005 2323 ιι.

1348 2353 1405 2381 Dat.
1428 2353 1471 2381 die
1495 2353 1524 2380 19
1545 2353 1661 2389 augusti,
1684 2352 1778 2388 pontif.
1799 2360 1869 2380 anno
1886 2359 1912 2379 11.

1312 2434 1456 2467 Nomina
1480 2438 1589 2467 autem
1615 2434 1758 2477 ipsorum
1779 2433 2052 2466 conclavistarum

1428 2491 1503 2519 sunt
1529 2487 1605 2519 haec
1629 2496 1711 2529 quae
1735 2490 1934 2530 sequuntur.-

1357 2556 1646 2590 Reverendissimus
1687 2556 1834 2590 dominus
1869 2554 2052 2588 Tbaddaeus

1353 2621 1359 2645 l
1385 2619 1432 2646 Ed.
1451 2619 1528 2646 Maiu.
1547 2619 1611 2654 legit
1628 2621 1705 2646 motu
1718 2618 1756 2654 (R.
1773 2619 1819 2652 T.).

2040 213 2087 240 An.
2104 213 2130 240 C.
2152 216 2212 245 ¹656
2242 238 2243 241 ,

2251 591 2261 680 ι-μ-ψΑ

2062 1803 2229 1865 maetam*
2246 1806 2263 1840 k
