2243 3205
281 195 330 220 An.
349 194 379 244 e.
402 194 465 221 1661
514 185 577 218 680

478 242 594 275 eisdem
614 240 752 284 deputati
778 239 977 279 collectoris,
1002 249 1056 272 seu
1083 238 1212 282 praelati

478 294 682 327 ecclesiarum
716 292 820 325 eiusve
857 292 962 324 curiae
997 291 1099 334 sigillo
1122 290 1214 330 ,obsi-

477 346 588 389 gnatis,
607 346 714 378 eadem
742 355 873 388 prorsus
900 344 977 377 sides
998 344 1028 376 in
1053 343 1168 376 iudicio
1185 348 1215 375 et

477 404 564 431 extra
589 398 663 430 illud
692 397 808 441 ubique
840 397 982 430 locorum
1007 396 1213 436 adhibeatur,

476 461 556 495 quae
581 451 654 494 ipsis
687 450 903 493 praesentibus
934 449 1159 488 adhiberetur,
1189 447 1212 479 si

477 509 580 537 essent
604 503 761 536 exhibitae
785 503 832 535 vel
857 508 1010 536 ostensae.
1047 502 1085 535 Ut
1111 506 1214 533 autem

477 562 659 601 praesentes
687 556 724 588 ad
756 566 865 589 eorum
891 555 1033 588 notitiam
1059 553 1214 586 deducan-

478 615 539 649 tur,
553 620 604 642 eas
624 609 720 642 valvis
740 609 891 643 ecclesiae
909 608 937 641 S.
955 607 1079 641 loannis
1096 607 1216 639 Latera-

478 662 594 705 nensis,
609 673 644 695 ac
660 663 807 695 basilicae
824 661 977 705 Principis
994 660 1214 704 Apostolorum

478 716 516 749 de
536 716 629 756 Urbe,
647 721 677 749 et
696 715 901 749 cancellariae
919 713 1108 758 apostolicae
1132 712 1215 754 affigi

478 780 533 802 seu
557 769 691 812 appendi
709 769 867 811 faciemus,
885 778 965 811 quae
993 778 1025 799 se
1054 776 1111 798 suo
1128 765 1215 809 quasi

478 833 594 855 sonoro
627 822 796 866 praeconio
820 827 849 854 et
879 820 986 864 patulo
1021 818 1135 851 iudicio
1160 829 1215 862 pu-

478 874 650 915 blicabunt,
675 878 708 908 ut
732 875 764 915 ii,
793 884 871 918 quos
896 871 1069 916 praemissa
1094 871 1216 904 contin-

479 932 566 970 gunt,
584 927 668 971 quod
693 927 731 959 ad
756 927 840 970 ipsos
859 935 921 958 non
938 923 1150 968 pervenerint,
1165 927 1218 957 aut

479 991 515 1013 ea
535 980 758 1023 ignoraverint,
771 980 888 1012 nullam
907 977 1027 1021 possint
1046 976 1217 1009 excusatio-

478 1043 550 1065 nem
581 1032 796 1076 praetendere,
823 1042 878 1063 seu
907 1029 1115 1073 ignorantiam
1144 1029 1217 1061 alle-

479 1096 565 1129 gare,
590 1096 661 1118 cum
682 1096 744 1118 non
764 1086 803 1118 sit
820 1084 990 1117 verisimile
1005 1083 1108 1127 quoad
1133 1083 1217 1126 ipsos

479 1149 643 1172 remanere
661 1139 866 1181 incognitum,
887 1137 971 1181 quod
996 1141 1056 1171 tam
1076 1140 1216 1180 patenter

480 1192 625 1225 omnibus
643 1192 831 1235 publicatur.

525 1246 539 1289 ἓ
564 1245 615 1278 17.
641 1244 723 1278 Nulli
744 1254 820 1286 ergo
845 1243 974 1276 omnino
991 1242 1154 1275 hominum
1175 1241 1215 1273 li-

481 1305 549 1332 ceat
572 1299 653 1331 hanc
677 1297 822 1342 paginam
850 1296 1054 1329 indictionum
1075 1300 1105 1328 et
1122 1294 1220 1338 impo—

481 1351 629 1385 sitionum
648 1378 655 1391 ,
693 1343 927 1394 suspensionis,
969 1347 1192 1392 suppositionis
1210 1375 1218 1388 ,

481 1404 710 1446 innodationis,
735 1403 871 1445 decreti,
897 1401 1128 1442 concessionis,
1154 1401 1215 1433 im-

480 1457 673 1501 partitionis,
698 1455 951 1500 prorogationis,
977 1453 1218 1494 constitutionis,

481 1509 708 1553 deputationis,
745 1508 942 1548 tributionis,
977 1506 1217 1547 declarationis,

482 1562 649 1596 voluntatis
674 1567 703 1594 et
729 1561 887 1605 praecepti
912 1565 1094 1593 nostrorum
1112 1560 1218 1592 infrin-

481 1626 566 1658 gere,
593 1616 639 1648 vel
665 1615 691 1647 ei
716 1625 793 1647 ausu
818 1613 987 1647 temerario
1002 1612 1169 1646 contraire.
1187 1613 1217 1646 Si

481 1669 551 1712 quis
575 1674 679 1701 autem
704 1668 765 1701 hoc
788 1672 940 1700 attentare
961 1666 1218 1710 praesumpserit,

481 1721 728 1764 indignationem
754 1720 978 1764 omnipotentis
1003 1720 1055 1752 Dei
1088 1730 1123 1752 ac
1144 1719 1217 1752 hea-

482 1780 586 1808 torum
613 1775 692 1807 Petri
729 1780 759 1807 et
790 1774 874 1806 Pauli
910 1774 1126 1817 apostolorum
1152 1773 1218 1805 eius

482 1838 515 1861 se
538 1828 661 1861 noverit
684 1828 896 1860 incursurum.

526 1882 638 1914 Datum
664 1882 791 1921 Romae,
816 1881 897 1924 apud
922 1880 950 1913 S.
973 1879 1100 1912 Mariam
1126 1878 1219 1912 Maio-

483 1945 560 1976 rem,
570 1944 651 1967 anno
665 1933 888 1968 Inearnationis
901 1932 1080 1965 Dominicae
1094 1941 1218 1973 MDCLxl,

483 1997 515 2020 1x
548 1987 695 2019 kalendas
725 1986 833 2029 aprilis
847 1985 866 2025 ¹,
891 1985 1091 2029 pontificatus
1120 1985 1218 2018 nostri

483 2050 565 2072 anno
583 2050 624 2072 vl.

520 2101 577 2128 Dat.
599 2101 642 2128 die
661 2101 695 2127 24
715 2100 803 2127 martii
822 2101 898 2133 1661,
921 2100 1008 2135 pontif
1032 2108 1102 2127 anno
1117 2106 1153 2127 vt.

621 2206 671 2256 ᾖ
696 2207 782 2243 EGO
814 2206 1082 2242 ALEXANDER

558 2283 754 2308 CATHOLICAE
777 2282 944 2306 ECCLESIAE
968 2282 1147 2306 EPISCOPUS.

485 2365 510 2406 †

486 2419 509 2456 †
533 2417 598 2459 Ego
630 2416 813 2449 Franciscus
845 2416 1011 2459 episeopus
1042 2414 1222 2448 Portuensis

575 2469 741 2502 cardinalis
765 2469 962 2508 Barberinus,
978 2469 1006 2502 S.
1028 2469 1061 2501 R.
1083 2468 1114 2500 E.
1138 2467 1220 2501 vice-

576 2522 788 2554 cancellarius.

526 2585 533 2609 t
553 2582 618 2612 Male
634 2582 696 2609 edit.
713 2582 791 2609 Maio.
808 2582 888 2609 habet
903 2582 1006 2610 martii
1023 2583 1060 2617 (n.
1077 2582 1126 2616 T.).

1062 190 1238 216 BULLARIUM
1264 189 1418 214 ROMANUM

1247 240 1269 278 †
1294 237 1359 279 Ego
1384 235 1595 268 Bernardinus
1615 235 1782 278 episcopus
1805 234 1983 267 Praenesti-

1337 299 1395 321 nus
1418 288 1584 321 cardinalis
1609 287 1719 331 Spada.

1247 345 1270 384 -l-
1295 342 1359 385 Ego
1384 342 1479 374 Iulius
1504 341 1669 384 episcopus
1693 339 1871 372 Sabinensis
1888 339 1985 372 cardi-

1337 395 1416 427 nalis
1440 394 1631 428 Sacchettus.

1248 451 1270 489 η’-
1295 448 1359 490 Ego
1384 447 1511 480 Martius
1529 447 1694 490 episcopus
1715 444 1899 479 Albanensis
1916 455 1985 477 car-

1336 499 1447 532 dinalis
1471 498 1621 533 Ginettus

1248 556 1271 595 †

1249 609 1271 647 ,ι-

1249 662 1271 701 ,ἰ-

1249 714 1274 755 †
1298 712 1364 755 Ego
1388 712 1598 756 Hieronymus
1619 711 1698 744 tituli
1722 710 1751 743 S.
1772 708 1930 742 Laurentii
1957 709 1988 740 in

1339 765 1456 798 Lucina
1480 765 1646 798 cardinalis
1670 764 1830 798 Columna.

1250 822 1273 861 †
1297 820 1362 862 Ego
1387 819 1517 852 Ioannes
1541 818 1676 862 Baptista
1706 817 1786 850 tituli
1815 816 1844 850 S.
1875 815 1988 849 Mariae

1339 871 1574 916 Transtyberim
1597 870 1764 904 cardinalis
1789 869 1948 902 Pallottus.

1250 981 1273 1020 †
1296 978 1362 1021 Ego
1383 977 1544 1011 Uldericus
1565 977 1645 1010 tituli
1663 977 1692 1010 S.
1708 975 1790 1009 Petri
1804 974 1842 1007 ad
1860 974 1989 1008 Vincula

1339 1030 1508 1064 cardinalis
1533 1030 1713 1073 Cat-pineus.
1933 1061 1938 1066 ,

1251 1087 1274 1125 †
1298 1084 1364 1126 Ego
1389 1083 1425 1116 M.
1451 1083 1603 1116 Antonius
1639 1082 1718 1115 tituli
1750 1082 1779 1115 S.
1814 1080 1928 1114 Mariae
1951 1078 1990 1112 de

1340 1137 1418 1170 Pace
1443 1136 1608 1169 cardinalis
1633 1134 1840 1168 Franeiottus.

1252 1194 1274 1232 †
1298 1191 1364 1233 Ego
1388 1189 1563 1233 Stephanus
1595 1189 1675 1221 tituli
1707 1188 1736 1221 S.
1767 1186 1923 1220 Laurentii
1957 1186 1989 1219 in

1341 1244 1422 1276 Pane
1447 1248 1477 1275 et
1501 1243 1600 1275 Perna
1625 1241 1790 1275 cardinalis
1815 1239 1970 1273 Duratius.

1252 1354 1275 1393 †
1299 1351 1364 1393 Ego
1388 1350 1484 1382 frater
1504 1348 1684 1381 Vincentius
1708 1347 1887 1380 Maculanus
1907 1345 1988 1378 tituli

1341 1404 1369 1442 S,
1386 1402 1553 1437 Clementis
1569 1401 1737 1435 cardinalis
1761 1400 1790 1434 S.
1812 1399 1988 1434 Clementis.

1252 1460 1275 1525 ἶ.

1252 1525 1275 1551 T

1252 1566 1275 1604 †
1299 1563 1366 1605 Ego
1385 1561 1594 1605 Hieronymus
1614 1560 1694 1593 tituli
1712 1560 1762 1594 SS.
1780 1559 1939 1593 Trinitatis
1957 1559 1988 1591 in

1340 1616 1442 1649 Monte
1468 1615 1573 1647 Pincio
1598 1613 1764 1647 cardinalis
1788 1613 1976 1647 Grimaldus.

1252 1674 1274 1765 ἶ
1298 1724 1364 1766 Ego
1384 1723 1521 1765 Angelus
1538 1721 1618 1754 tituli
1635 1721 1680 1754 Ss.
1698 1720 1814 1760 Quin-ici
1833 1726 1862 1753 et
1880 1720 1989 1754 Iulitae

1341 1774 1507 1808 cardinalis
1531 1774 1672 1808 Georius.

1252 1830 1276 1872 †
1300 1829 1365 1872 Ego
1390 1827 1535 1862 Nicolaus
1559 1826 1638 1859 tituli
1663 1826 1692 1859 S.
1718 1826 1831 1859 Mariae
1854 1826 1988 1869 Angelo-

1340 1891 1410 1914 rum
1421 1879 1586 1914 cardinalis
1599 1878 1793 1921 Ludovisffls,
1806 1879 1905 1912 maior
1918 1889 1990 1922 poe-

1340 1933 1545 1967 nitentiarius.

1253 1992 1277 2083 1¹1:
1301 2041 1367 2084 Ego
1391 2040 1558 2073 Federicus
1583 2038 1663 2071 tituli
1688 2038 1716 2072 S.
1735 2039 1914 2072 Anastasiae
1926 2048 1990 2072 car-

1342 2093 1453 2126 dinalis
1470 2092 1592 2126 Sfortia.

1255 2149 1279 2190 †
1304 2147 1370 2190 Ego
1394 2145 1578 2178 Benedictus
1603 2144 1684 2177 tituli
1709 2143 1738 2177 S.
1763 2143 1884 2177 Onufrii
1915 2154 1986 2177 car-

1343 2199 1455 2232 dinalis
1474 2197 1671 2231 Odescaleus.
1729 2207 1733 2210 ⁴

1255 2255 1280 2348 li:
1302 2306 1368 2348 Ego
1391 2304 1538 2338 Camillus
1562 2303 1643 2336 tituli
1666 2303 1695 2337 S.
1722 2303 1803 2336 Petri
1829 2303 1860 2335 in
1886 2303 1989 2336 Monte

1344 2360 1446 2392 Aureo
1472 2357 1637 2390 cardinalis
1661 2356 1817 2389 Astallius.

1254 2414 1280 2508 ζ
1302 2466 1367 2508 Ego
1392 2464 1533 2509 Aloysius
1558 2464 1637 2497 tituli
1663 2463 1691 2496 S.
1710 2462 1806 2496 Alexii
1825 2461 1990 2494 cardinalis

1344 2518 1531 2551 llomodcus.

1262 2595 1268 2616 t

1999 187 2050 214 An.
2070 186 2098 214 e.
2112 187 2177 216 ¹661
