2202 3190
457 160 521 191 800
1003 172 1143 196 nrrmnu
1158 174 1176 195 »ι
1203 174 1351 197 ammam

499 233 586 263 zano,
608 222 644 254 de
663 222 863 256 Saxoferrato
880 228 909 256 et
926 224 1095 265 Fanensis·⁷
1113 226 1172 257 sub
1190 236 1252 269 qua
1269 226 1369 259 forma
1387 232 1417 260 et
1434 226 1686 268 conditionibus,
1705 229 1764 262 411
1787 230 1802 262 b
1819 237 1849 264 et
1869 242 1942 276 seqx,

500 276 693 309 contributio
720 276 894 320 imponitur
912 288 968 321 pro
987 278 1161 311 munimine
1179 278 1300 312 insulae
1317 279 1457 313 Gaudisii
1474 280 1616 314 eiusdem
1632 281 1810 325 hospitalis,
1826 283 1884 316 421
1907 295 1942 325 (ι;

502 329 633 361 facultas
660 328 695 362 sit
721 339 836 372 magno
861 331 1014 374 magistro
1039 332 1194 365 condendi
1220 332 1436 366 ordinationes
1461 344 1558 378 super
1582 335 1763 378 receptione
1787 337 1942 379 cappella-

500 392 611 414 norum
638 382 912 424 conventualium,
937 384 999 416 4022>
1018 385 1035 417 b
1060 390 1090 418 et
1114 396 1188 429 seq.;
1207 385 1339 419 facultas
1356 397 1470 430 magno
1496 387 1645 431 magistro
1669 393 1699 420 et
1723 388 1855 421 consilio
1879 390 1940 422 ho-

499 435 620 479 spitalis
645 436 841 469 concedendi
874 437 1035 481 prioribus
1069 438 1196 482 linguae
1228 439 1378 473 Franciae
1408 441 1551 474 eiusdem
1584 441 1750 484 hospitalis
1781 442 1941 476 licentiam

502 488 707 531 permutandi
733 489 981 530 iurisdictiones,
1007 490 1070 523 685
1094 502 1113 523 α
1137 496 1167 524 ct
1189 502 1251 535 seq.

411 542 606 586 Hyacinthus
631 552 648 574 a
673 542 704 575 S.
733 543 899 577 Vincentio
921 545 1016 578 frater
1040 545 1250 580 Discalceatus
1276 545 1401 579 Ordinis
1425 546 1454 580 S.
1476 547 1591 580 Mariae
1610 547 1649 581 de
1666 548 1768 582 Monte
1786 547 1937 589 carmelo,

499 595 556 628 111
587 607 625 636 a,
651 596 690 629 ad
715 597 921 631 Cocinensem
947 599 1110 642 regionem
1128 610 1145 630 a
1163 599 1242 633 Sede
1265 599 1445 644 Apostolica
1470 600 1659 641 destinatur,
1680 607 1710 633 et
1726 602 1766 634 ob
1792 601 1851 635 hoc
1876 601 1939 634 im-

499 650 643 692 ploratur
667 650 854 684 adsistentia
878 652 1029 685 ecclesiae
1055 651 1256 695 Cocinensis‚
1284 652 1383 694 rhed,
1408 653 1584 687 destinatur
1607 654 1658 688 hic
1682 654 1776 688 etiam
1808 655 1847 688 ad
1873 665 1943 700 pro-

499 702 631 736 vinciam
656 703 932 747 Angamalensem,
956 705 1014 738 111
1044 705 1071 738 b.

1170 865 1181 899 1

408 972 514 1005 lacobi
541 972 603 1015 (S.)
630 971 669 1005 de
693 971 810 1015 Spatha
836 971 920 1005 Ordo
945 972 1092 1007 militaris
1117 973 1149 1007 in
1167 974 1331 1019 Hispania,
1353 974 1417 1008 723
1434 975 1467 1013 b;
1492 975 1657 1019 abrogatio
1682 976 1789 1010 statuti
1813 988 1870 1021 per
1893 989 1944 1012 ca-

496 1025 634 1068 pitulum
656 1026 803 1068 generale
828 1025 960 1059 militiae
981 1026 1054 1059 sacti
1075 1038 1170 1071 super
1194 1027 1382 1071 probatione
1407 1028 1582 1062 nobilitatis
1607 1040 1750 1070 avorum,
1775 1029 1839 1062 7⁶24
1864 1041 1894 1063 a.

408 1078 540 1113 Iacobus
565 1079 604 1112 de
629 1079 767 1112 Charton
791 1089 874 1111 unus
899 1090 935 1112 ex
952 1079 1053 1113 tribus
1072 1080 1250 1114 rectoribus
1267 1080 1553 1115 Carmelitanarum
1573 1083 1827 1116 Excalceatarum
1845 1084 1943 1117 Fran-

497 1133 564 1167 ciae
587 1133 739 1173 monitur,
767 1131 830 1165 615
855 1133 882 1165 b.

407 1187 542 1222 Iansenii
568 1187 802 1231 propositiones
827 1187 995 1220 damnatae
1020 1193 1094 1221 sunt
1119 1188 1158 1220 ab
1175 1187 1359 1221 Innocentio
1376 1189 1399 1220 X
1418 1198 1473 1231 per
1494 1188 1628 1228 litteras,
1648 1200 1783 1232 quarum
1801 1189 1942 1224 executio

495 1240 706 1274 committitur
737 1240 939 1273 internuncio
971 1240 1092 1284 Belgii,
1119 1240 1184 1273 ⁶240
1212 1251 1249 1281 a,
1282 1241 1460 1274 declaratur
1493 1242 1682 1275 constitutio
1714 1243 1891 1276 Innocentii
1917 1244 1942 1276 X

495 1295 554 1327 hac
578 1293 616 1327 de
642 1305 673 1327 re
697 1293 794 1333 edita,
819 1293 883 1326 ⁶245
908 1305 946 1334 α;
975 1294 1194 1328 internuncius
1219 1295 1319 1337 Belgii
1341 1295 1514 1338 deputatur
1535 1301 1684 1329 executor
1705 1295 1805 1329 dictae
1825 1297 1944 1330 consti-

496 1347 649 1388 tutionis,
676 1347 740 1381 250
764 1347 792 1379 b.

408 1401 573 1436 Ianuarius
599 1401 660 1445 (S.)
690 1401 926 1446 Neapolitanus,
950 1400 1015 1433 634
1039 1401 1072 1441 b3
1096 1400 1295 1434 confirmatio
1322 1406 1514 1435 statutorum
1541 1408 1571 1435 et
1596 1401 1818 1436 ordinatorum
1848 1413 1866 1436 a
1890 1403 1943 1436 de—

493 1455 612 1500 putatis
636 1455 778 1489 eiusdem
804 1456 977 1499 cappellae,
1001 1454 1077 1487 ibid.

407 1509 596 1543 Iesuitarum
621 1508 716 1549 Ordo,
740 1509 810 1542 ride
835 1507 974 1541 Societas
998 1508 1080 1540 Iesu.

406 1562 556 1596 Ilicetana
581 1562 786 1606 congregatio
811 1562 1024 1595 Eremitarum
1041 1561 1071 1594 S.
1093 1560 1261 1605 Augustini
1279 1560 1343 1594 482
1359 1561 1392 1602 b3
1417 1571 1497 1595 nova
1515 1562 1632 1596 erectio
1649 1569 1823 1596 conventus
1843 1562 1942 1606 ipsius

494 1616 525 1649 in
551 1618 635 1649 terra
661 1615 776 1649 Bonitii
802 1615 846 1648 vel
871 1614 1076 1658 Poggibonzi,
1101 1615 1179 1647 ibid.

407 1669 629 1704 immunitates
656 1670 814 1713 quaedam
839 1679 856 1702 a
880 1667 1089 1711 vectigalibus
1115 1673 1145 1701 et
1169 1667 1241 1700 aliis
1267 1667 1404 1711 publicis
1429 1668 1581 1702 oneribus
1607 1674 1808 1710 revocantur,
1832 1668 1897 1702 223
1923 1679 1943 1702 a

497 1728 528 1756 et
551 1734 612 1767 seq.

407 1776 570 1820 Impositio
595 1776 791 1810 decimarum
818 1785 913 1820 super
937 1775 1030 1809 bonis
1056 1773 1278 1809 ecclesiasticis
1303 1784 1361 1817 pro
1386 1773 1560 1817 Republica
1585 1774 1712 1815 Veneta,
1741 1773 1804 1807 600
1828 1773 1856 1807 b.

406 1829 540 1862 Indictio
565 1840 617 1863 sex
642 1829 838 1863 decimarum
863 1840 959 1873 super
984 1830 1140 1862 fructibus
1164 1827 1309 1862 omniurn
1334 1827 1623 1861 ecclesiasticorum
1654 1828 1887 1862 beneficiorum
1914 1834 1944 1862 et

494 1884 685 1928 pensionum
712 1884 747 1916 in
771 1885 920 1917 universa
943 1883 1031 1917 Italia
1056 1894 1128 1915 cum
1154 1880 1387 1925 subscriptione
1411 1881 1641 1921 cardinalium,
1669 1880 1734 1914 674
1757 1892 1777 1913 (ι
1803 1886 1833 1914 et
1855 1892 1917 1925 seq.

407 1936 607 1979 Indulgentia
629 1937 771 1980 plenaria
793 1947 850 1979 pro
871 1936 920 1977 iis,
945 1936 998 1979 qui
1022 1934 1180 1969 exercitiis
1205 1934 1424 1978 spiritualibus
1440 1940 1553 1967 vacant
1570 1945 1627 1978 per
1651 1934 1815 1968 octiduum
1837 1934 1869 1968 in
1887 1935 1943 1968 do-

495 1989 602 2022 mibus
619 1989 784 2023 Societatis
802 1989 883 2027 Iesu,
901 1988 965 2021 302
989 1998 1027 2028 a;
1053 1987 1127 2021 item
1154 1997 1303 2021 concessa
1328 1987 1481 2020 fratribus
1498 1987 1527 2020 S.
1545 1987 1707 2021 Francisci
1727 1987 1944 2021 cismontanae

495 2042 635 2075 familiae
660 2042 818 2076 exercitiis
843 2042 1059 2086 spiritualibus
1084 2052 1140 2085 per
1164 2041 1329 2074 octiduum
1355 2040 1549 2082 vacantibus,
1577 2040 1641 2074 472
1666 2051 1696 2074 a.

406 2097 510 2140 Ingles
535 2097 649 2130 Paulus
675 2097 762 2141 prior
786 2096 946 2140 prioratus
967 2096 1125 2129 Valentini
1151 2095 1277 2130 Ordinis
1301 2094 1332 2129 S.
1359 2095 1474 2129 Mariae
1499 2095 1538 2127 de
1562 2093 1726 2134 Montesia,
1753 2093 1814 2128 759
1839 2094 1866 2127 b.

407 2149 535 2183 Innicus
561 2149 754 2189 Caracciolo,
779 2150 850 2181 vide
874 2149 1063 2183 Caracciolo.

407 2203 540 2236 Ioannes
565 2203 703 2247 Baptista
727 2202 853 2236 Pallotti
878 2202 907 2236 S.
936 2203 972 2235 R.
1002 2203 1036 2235 E.
1066 2202 1246 2243 cardinalis,
1270 2201 1333 2235 477
1359 2213 1388 2235 α.

408 2258 539 2291 loannes
564 2256 750 2299 Delphinus,
777 2256 894 2290 electus
919 2256 1130 2299 Tagastensis,
1151 2256 1266 2290 nobilis
1291 2256 1438 2296 Venetus,
1462 2256 1494 2289 in
1513 2254 1729 2289 coadiutorem
1754 2260 1943 2299 perpetuum

495 2311 669 2353 deputatur
698 2310 897 2354 patriarchae
929 2310 1126 2353 Aquileiensi
1151 2320 1224 2343 cum
1250 2309 1356 2342 futura
1380 2307 1581 2342 successione
1610 2307 1643 2340 in
1674 2307 1829 2351 regimine
1857 2307 1942 2341 illius

496 2364 657 2404 ecclesiae,
685 2362 743 2396 181
771 2373 800 2396 a.

410 2416 541 2449 Ioannes
573 2416 762 2449 Dorivallius
795 2416 1038 2450 archidiaconus
1069 2415 1271 2450 Luxoviensis
1304 2422 1334 2450 et
1367 2415 1542 2449 canonicus
1575 2413 1728 2448 ecclesiae
1759 2412 1942 2446 Bisuntinae

498 2468 592 2501 huius
617 2469 770 2502 ecclesiae
795 2469 931 2502 vicarius
957 2469 1151 2512 apostolicus
1176 2469 1359 2512 deputatus,
1386 2467 1448 2501 782
1474 2468 1501 2500 b.

410 2520 542 2554 Ioannes
567 2521 698 2554 Iacobus
722 2522 848 2556 Fauchc
874 2524 912 2555 de
937 2523 1095 2567 Dompred
1121 2522 1378 2567 archiepiscopus
1403 2520 1600 2561 Bisuntinus‚
1629 2519 1692 2553 735
1717 2519 1743 2552 b.

410 2572 543 2606 loannes
568 2573 682 2606 Paulus
706 2575 851 2608 Lascaris
877 2575 1040 2617 Castellar,
1069 2587 1204 2620 magnus
1229 2576 1381 2619 magister
1404 2575 1569 2619 hospitalis
1586 2574 1618 2609 S.
1639 2573 1766 2608 Ioannis
1790 2573 1939 2608 Hieroso-
