2243 3205
270 175 320 203 An.
338 176 366 204 C.
386 177 449 205 1661

308 1559 415 1580 Clausulas
428 1563 463 1584 ap·

279 1588 346 1612 pouit.

499 169 562 202 6th

470 227 600 269 paterna
631 225 822 268 benignitate
855 236 993 260 annuere
1026 227 1208 270 cupientes,

471 289 642 321 eorumque
662 279 838 322 singulares
853 290 1002 323 personas
1017 291 1034 313 a
1047 280 1209 324 quibusvis

471 331 813 371 excommunicationis,
840 333 1054 376 suspensionis
1071 338 1099 365 et
1119 333 1210 365 inter-

471 383 555 423 dicti,
574 383 705 426 aliisque
723 385 940 418 ecclesiasticis
957 386 1118 419 sententiis
1142 395 1209 417 cen-

472 436 552 468 suris
578 441 607 468 et
630 437 759 479 poeniS,
791 448 808 470 a
833 437 899 470 iure
920 439 967 471 vel
1000 438 1038 470 ab
1070 438 1207 477 homine,

472 489 580 532 quavis
605 490 769 523 occasione
793 491 840 523 vel
866 492 959 524 causa
985 491 1069 531 latis,
1095 491 1119 523 si
1145 490 1210 533 qui-

472 541 530 573 bus
555 542 794 584 quomodolibet
817 544 981 577 innodatae
1001 544 1146 583 existunt,
1171 543 1208 575 ad

474 594 618 626 effectum
654 597 864 638 praesentium
902 597 1063 630 dumtaxat
1098 607 1208 630 conse-

474 648 654 690 quendum,
689 649 803 682 harum
840 650 919 683 serie
952 650 1147 683 absolventes
1180 654 1210 682 et

474 700 634 733 absolutas
660 701 725 734 fore
750 708 921 744 censentes,
948 708 1036 735 motu
1060 702 1209 745 proprio,

475 763 510 786 ac
535 764 571 786 ex
593 756 677 786 certa
702 755 832 788 scientia
856 767 891 789 ac
917 758 1041 788 matura
1059 755 1210 788 delibera-

474 805 558 840 tione
579 807 704 848 nostris,
725 808 824 852 deque
845 809 1035 852 apostolicae
1047 808 1210 852 potestatis

474 859 678 901 plenitudine,
696 860 796 894 eidem
815 861 1052 904 congregationi
1073 861 1211 903 generali

475 912 625 944 vicarium
651 918 838 957 perpetuum
863 924 934 947 cum
960 914 1064 946 sutura
1085 913 1122 946 ad
1147 914 1212 946 eius

475 966 613 998 favorem
650 966 681 998 in
714 967 817 1000 officio
852 966 1025 1010 praepositi
1058 967 1213 1009 generalis

476 1018 576 1050 dictae
593 1018 765 1059 Societatis,
783 1019 1045 1063 quandocumque
1065 1019 1142 1052 illud
1158 1030 1214 1063 per

476 1071 619 1112 obitum,
644 1072 839 1114 cessionem,
866 1073 1135 1106 renunciationem
1167 1073 1214 1105 vel

476 1124 691 1157 dimissionem
717 1125 882 1158 memorati
908 1125 1046 1159 Goswini
1076 1136 1211 1169 praepo-

477 1178 526 1210 siti
552 1178 707 1220 generalis
732 1189 786 1211 sen
811 1179 886 1212 alias
911 1179 1148 1222 quomodolibet
1180 1189 1215 1211 ex

477 1231 561 1263 illius
585 1233 720 1274 persona
745 1242 854 1265 vacare
871 1232 1066 1275 contigerit,
1092 1243 1216 1265 succes-

478 1285 574 1327 sione,
599 1295 635 1318 ac
660 1296 730 1318 cum
756 1286 923 1318 universali
948 1292 979 1318 et
1003 1286 1104 1319 libero
1128 1296 1215 1319 exer-

479 1339 552 1373 citio
577 1339 758 1382 potcstatis,
782 1340 910 1373 servatis
935 1340 1010 1373 alias
1035 1340 1195 1373 servandis
1210 1368 1217 1381 ,

480 1392 615 1435 eligendi
650 1393 774 1436 plenam
806 1398 836 1427 et
868 1394 1003 1437 amplam
1040 1394 1217 1427 facultatem

481 1452 590 1479 tenore
614 1447 827 1491 praesentium
855 1447 1021 1480 tribuimus
1046 1452 1075 1480 et
1099 1448 1217 1491 imper-

481 1500 586 1533 timur.

524 1552 583 1596 §2
603 1553 812 1586 Decerneutes
832 1554 956 1586 easdem
977 1557 1156 1597 praesentes
1175 1553 1221 1586 lit-

483 1612 564 1639 teras
590 1607 676 1639 nullo
700 1617 838 1650 unquam
868 1613 1009 1651 tempore
1041 1607 1079 1639 de
1112 1606 1220 1640 subre-

480 1660 605 1703 ptionis,
621 1660 666 1691 vel
685 1659 888 1703 obreptionis,
905 1665 957 1692 aut
971 1659 1121 1692 nullitatis
1136 1659 1220 1699 vitio,

481 1724 536 1746 seu
559 1712 738 1746 intentionis
763 1718 899 1753 nostrae,
923 1713 970 1746 vel
992 1713 1141 1759 interesse
1166 1713 1220 1745 lia-

481 1767 623 1799 bentium
649 1777 827 1807 consensus,
851 1767 950 1800 aliove
970 1767 1110 1810 quolibet
1127 1777 1222 1810 quan-

482 1820 596 1852 tumvis
622 1830 738 1862 magno
763 1825 792 1852 et
821 1819 1016 1853 substantiali
1038 1819 1221 1863 specialem-

486 1884 546 1917 que
565 1874 755 1906 mentionem
774 1874 953 1917 requirente
970 1873 1092 1907 desectu
1108 1874 1221 1915 notari,

482 1926 673 1968 impugnari,
700 1926 838 1969 infringi,
860 1926 1034 1968 retractari,
1055 1926 1085 1958 in
1101 1932 1222 1959 contro-

482 1980 616 2011 versiam
654 1979 777 2019 vocari,
809 1984 862 2012 aut
893 1979 931 2011 ad
964 1979 1115 2012 terminos
1145 1979 1222 2012 iuris

482 2032 600 2072 reduci,
619 2043 672 2065 seu
693 2033 842 2065 adversus
862 2033 929 2065 illas
942 2032 1124 2076 aperitionis
1148 2032 1221 2075 oris,

482 2085 687 2118 restitutionis
712 2086 742 2118 in
767 2086 943 2129 integrum,
969 2085 1091 2119 aliudve
1123 2086 1221 2129 quod-

483 2149 617 2182 cumque
642 2139 728 2179 iuris,
754 2139 826 2171 facti
844 2140 890 2171 vel
909 2140 1026 2182 gratiae
1047 2139 1220 2173 remedium

484 2192 658 2235 impetrari,
680 2193 840 2224 autetiam
867 2193 1043 2236 impetrato,
1059 2193 1104 2225 vel
1130 2193 1221 2226 etiam

484 2250 594 2285 motu,
625 2246 754 2278 scientia
778 2250 809 2279 et
833 2246 994 2289 potestatis
1029 2246 1222 2289 plenitudine

484 2298 613 2341 paribus
631 2303 773 2330 emanato
795 2298 976 2341 quempiam
996 2298 1027 2330 in
1046 2298 1161 2331 iudicio
1176 2299 1223 2330 vel

485 2356 573 2383 extra
605 2351 680 2383 illud
706 2351 749 2383 uti
779 2361 832 2383 seu
866 2362 897 2383 se
930 2351 1037 2383 iuvare
1069 2351 1223 2383 ullatenus

486 2414 596 2446 posse;
622 2404 675 2436 sed
701 2404 783 2447 ipsas
807 2409 986 2447 praesentes
1011 2404 1129 2437 litteras
1163 2404 1219 2436 sir-

487 2466 561 2497 mas,
587 2457 702 2489 validas
728 2463 758 2489 et
782 2457 923 2490 efficaces
938 2457 1069 2491 existere
1094 2461 1123 2491 et
1146 2458 1223 2498 fore,

487 2518 621 2551 suosque
642 2509 798 2551 plenarios
812 2514 841 2542 et
859 2510 998 2552 integros
1019 2510 1147 2542 effectus
1162 2521 1225 2542 sor-

487 2561 539 2593 tiri
566 2567 595 2594 et
620 2562 783 2603 obtinere,
811 2562 935 2606 sicque,
967 2568 996 2595 et
1026 2573 1089 2596 non
1118 2563 1223 2606 aliter,

1047 179 1225 204 BULLARIUM
1250 179 1403 204 ROMANUM

1241 237 1297 270 per
1332 237 1548 271 quoscumque
1586 227 1704 261 iudices
1740 228 1915 262 ordinarios
1950 234 1980 262 et

1242 280 1412 323 delegatos,
1437 281 1530 314 etiam
1553 292 1716 314 causarum
1737 281 1841 325 palatii
1861 287 1981 325 aposto·

1242 333 1291 365 lici
1325 333 1483 367 auditores
1499 362 1506 375 ,
1539 345 1575 368 ac
1607 335 1635 367 S.
1662 336 1695 368 R.
1721 335 1753 367 E.
1780 335 1980 376 cardinales,

1242 385 1334 418 etiam
1360 385 1397 418 de
1418 386 1514 419 latere
1531 387 1660 430 legatos,
1680 392 1710 419 et
1730 387 1807 420 alios
1824 387 1982 430 quoslibet

1242 438 1350 480 quavis
1376 439 1560 473 auctoritate
1584 444 1613 473 et
1637 443 1790 483 potestate
1817 439 1982 481 fungentes

1242 496 1272 523 et
1296 491 1468 532 functuros,
1493 492 1615 525 sublata
1639 493 1684 525 eis
1708 497 1738 524 et
1762 502 1871 525 eorum
1897 491 1982 524 cuili-

1243 543 1296 575 bet
1327 544 1436 587 quavis
1460 545 1550 577 aliter
1580 545 1736 578 iudicandi
1766 550 1796 577 et
1826 544 1982 588 interpre-

1243 596 1326 628 tandi
1352 597 1494 630 facultate
1519 603 1549 630 et
1573 597 1774 638 auctoritate,
1800 597 1930 630 iudicari
1952 603 1983 631 et

1243 649 1366 682 definiri
1395 649 1529 692 debere,
1555 661 1590 683 ac
1615 651 1738 683 irritum
1764 655 1794 683 et
1818 650 1927 691 inane,
1958 650 1983 683 si

1241 712 1330 735 secus
1354 712 1448 746 super
1472 703 1520 735 his
1544 713 1561 735 a
1584 713 1758 746 quoquam,
1787 702 1896 746 quavis
1924 713 1981 735 au-

1243 754 1405 795 ctoritate,
1437 755 1570 789 scienter
1595 756 1642 788 vel
1667 755 1858 798 ignoranter,
1883 755 1982 788 conti-

1245 808 1326 850 gerit
1351 808 1504 841 attentari.

1288 860 1302 902 §
1319 859 1348 891 3.
1362 860 1430 893 Non
1444 860 1649 902 obstantibus,
1663 866 1816 905 quatenus
1837 870 1915 904 opus
1933 860 1981 902 sit,

1245 914 1354 945 nostra
1379 916 1409 946 et
1433 914 1637 947 cancellariae
1658 913 1846 958 apostolicae
1871 913 1982 957 regula

1247 966 1285 999 de
1310 976 1371 1000 non
1398 967 1536 1001 tollendo
1567 967 1635 1000 iure
1665 968 1827 1010 quaesito,
1855 967 1986 1011 aliisque

1247 1019 1439 1063 apostolicis,
1465 1031 1500 1053 ac
1525 1020 1556 1053 in
1580 1021 1722 1054 conciliis
1746 1020 1839 1053 etiam
1865 1020 1986 1053 univer-

1248 1073 1366 1106 salibus
1381 1073 1481 1114 editis,
1499 1074 1699 1117 generalibus
1719 1074 1767 1107 vel
1788 1073 1987 1117 specialibus,

1249 1126 1523 1160 constitutionibus
1536 1132 1566 1160 et
1583 1126 1841 1168 ordinationibus,
1866 1136 1988 1160 necnon

1249 1180 1349 1213 dictae
1372 1180 1534 1213 Societatis
1559 1185 1589 1213 et
1612 1180 1680 1213 aliis
1705 1179 1877 1224 quibusvis,
1895 1179 1987 1213 etiam

1249 1233 1446 1275 iuramento,
1472 1233 1710 1266 confirmatione
1734 1232 1918 1276 apostolica,
1940 1232 1988 1265 vel

1250 1287 1358 1330 quavis
1380 1286 1528 1319 firmitate
1549 1287 1610 1319 alia
1627 1286 1794 1326 roboratis,
1815 1286 1937 1319 statutis
1961 1291 1990 1318 et

1251 1340 1540 1380 consuetudinibus,
1555 1339 1727 1383 privilegiis
1741 1350 1875 1383 quoque,
1893 1339 1991 1372 indul-

1252 1393 1290 1424 tis
1311 1397 1341 1425 et
1360 1392 1472 1425 litteris
1501 1392 1681 1436 apostolicis
1705 1392 1806 1425 eidem
1834 1392 1990 1434 Societati,

1253 1446 1382 1489 eiusque
1406 1446 1586 1490 praeposito
1610 1445 1766 1488 generali,
1790 1449 1820 1480 et
1844 1445 1913 1479 aliis
1937 1456 1989 1479 su-

1252 1499 1431 1543 perioribus
1465 1505 1495 1532 et
1523 1499 1666 1543 personis
1690 1499 1902 1543 quibuslibet,
1933 1499 1991 1532 sub

1253 1553 1504 1597 quibuscumque
1521 1553 1691 1586 verborum
1710 1553 1870 1586 tenoribus
1886 1556 1916 1587 et
1931 1553 1992 1586 for-

1255 1607 1323 1647 mis,
1347 1617 1383 1640 ac
1407 1617 1477 1640 cum
1495 1607 1657 1650 quibusvis
1671 1607 1764 1639 etiam
1782 1606 1993 1650 derogatoria-

1254 1670 1323 1692 rum
1350 1659 1569 1702 derogatoriis‚
1593 1660 1724 1703 aliisque
1753 1660 1992 1701 efficacioribus,

1255 1713 1477 1747 efficacissimis
1490 1718 1520 1746 et
1536 1713 1667 1747 insolitis
1693 1713 1849 1754 clausulis,
1868 1714 1991 1746 irritan-

1256 1766 1400 1810 tibusque
1424 1772 1454 1799 et
1478 1767 1546 1799 aliis
1573 1766 1724 1807 decretis,
1749 1767 1780 1799 in
1805 1777 1920 1810 genere
1944 1767 1992 1799 vel

1256 1819 1285 1851 in
1311 1820 1434 1863 specie,
1468 1820 1560 1852 etiam
1593 1824 1680 1853 motu
1705 1819 1794 1863 pari,
1830 1829 1866 1852 ac
1899 1819 1991 1852 etiam

1256 1873 1535 1914 consistorialiter,
1567 1880 1619 1906 aut
1650 1874 1725 1906 alias
1757 1873 1994 1917 quomodolibet

1255 1927 1347 1959 etiam
1373 1927 1491 1960 iteratis
1511 1927 1631 1960 vicibus
1649 1926 1680 1959 in
1697 1926 1891 1960 contrarium
1907 1937 1994 1970 prae-

1256 1979 1424 2012 missorum
1450 1980 1623 2020 concessis,
1647 1979 1829 2023 approbatis
1854 1984 1884 2012 et
1905 1979 1991 2013 inno-

1255 2033 1348 2072 vati53
1367 2033 1481 2076 quibus
1495 2033 1641 2066 omnibus
1655 2038 1685 2065 et
1701 2032 1848 2075 singulis,
1873 2032 1993 2066 etiamsi

1256 2097 1312 2130 pro
1338 2086 1463 2119 illorum
1478 2086 1642 2119 sufficienti
1660 2085 1864 2128 derogatione
1877 2085 1915 2119 de
1932 2086 1993 2119 illis

1256 2150 1429 2182 eorumque
1454 2139 1525 2173 totis
1551 2139 1711 2172 tenoribus
1735 2139 1894 2183 specialis,
1923 2136 1993 2183 sp'e-

1256 2192 1355 2233 cifica,
1380 2203 1526 2236 expressa
1551 2198 1580 2225 et
1601 2192 1758 2224 individua
1778 2203 1813 2225 ac
1830 2192 1868 2225 de
1897 2192 1992 2226 verbo

1256 2245 1293 2277 ad
1319 2245 1460 2286 verbum,
1485 2256 1548 2279 non
1565 2250 1667 2278 autem
1692 2256 1747 2289 per
1770 2245 1924 2278 clausulas
1943 2256 1994 2288 ge—

1256 2299 1378 2331 nerales
1414 2299 1495 2331 idem
1532 2299 1759 2342 importantes‚
1792 2299 1910 2332 mentio
1939 2309 1994 2332 seu

1256 2352 1382 2395 quaevis
1406 2352 1466 2384 alia
1491 2352 1651 2395 expressio
1677 2352 1820 2385 habenda
1836 2358 1889 2387 aut
1904 2363 1994 2396 quae-

1257 2415 1392 2448 cumque
1417 2405 1477 2437 alia
1501 2405 1655 2448 exquisita
1672 2405 1771 2438 forma
1796 2404 1834 2437 ad
1854 2405 1914 2438 hoc
1933 2415 1995 2438 ser-

1258 2457 1356 2490 vanda
1380 2458 1468 2499 foret,
1497 2463 1622 2490 tenores
1646 2457 1838 2499 huiusmodi,
1862 2468 1898 2490 ac
1914 2457 1939 2490 si
1955 2457 1994 2490 de

1258 2511 1354 2543 verbo
1378 2510 1416 2542 ad
1451 2510 1604 2549 verbum,
1629 2510 1706 2542 nihil
1730 2510 1853 2553 penitus
1877 2510 1994 2543 omisso

1258 2569 1287 2596 et
1313 2564 1413 2597 forma
1430 2563 1461 2596 in
1482 2564 1542 2596 illis
1568 2563 1679 2596 tradita
1701 2563 1876 2604 observata,
1894 2563 1994 2608 expri-

1996 181 2044 208 An.
2061 181 2088 208 c.
2110 182 2172 210 ποθι
2196 178 2201 228 t
2226 172 2243 208 n*

2203 784 2206 835 ἕ
2218 782 2221 847 t

2000 874 2109 896 Contraria
2121 875 2178 896 toltit.
2217 850 2233 916 ξπ

2218 931 2224 983 l

2205 955 2224 1047 t

2206 1047 2226 1128 l

2208 1178 2238 1270 ῑὲἰ

2207 1277 2240 1404 t

2207 1399 2239 1492 5'?

2206 1522 2209 1556 i
2222 1547 2226 1567 t
