2185 3188
15 196 65 224 Αιι.
84 194 113 220 C.
134 191 201 220 1656

185 875 341 909 'lationes
372 880 402 908 et
431 885 527 908 novas
557 875 803 915 reservationes‚
829 875 947 908 consti—

798 188 982 211 ALExANDEft
1009 189 1050 211 ΠΙ
1076 189 1122 211 FP.

208 238 324 271 vandos
342 246 514 278 reservare,
532 236 723 270 constituere
741 241 770 269 et
786 235 948 278 assignare

208 291 338 331 valeant,
364 289 539 333 ipsiusque¹
559 288 747 322 translatarii
774 288 802 320 in
828 298 948 332 posses-

208 343 326 377 sionem
351 342 449 375 dictas
474 341 642 386 pensiones
666 340 821 384 exigendi,
840 341 870 373 in
888 351 948 384 qua

208 397 266 441 ipsi
299 395 429 440 dapiferi
467 401 608 438 tempore
644 394 856 427 translationis
892 405 948 438 per

209 460 262 483 eos
286 449 394 492 vigore
413 448 625 492 praesentium
651 446 810 479 faciendae
835 447 948 480 existe-

208 503 291 544 bant,
316 501 347 534 in
373 501 519 535 omnihus
537 506 566 533 et
583 511 639 544 per
663 500 768 532 omnia
785 500 948 543 subrogati

209 566 276 590 esse
301 559 497 595 censeantur,
514 555 608 587 etiam
631 553 833 587 concedimus
858 559 888 587 et
906 554 948 586 in-

209 610 398 654 dulgemus3
436 608 556 642 etiamsi
593 608 727 640 similem
763 609 896 651 gratiam
932 619 948 640 a

210 662 506 708 praedecessoribus
531 662 647 694 nostris
671 661 747 693 alias
773 661 877 694 forsan
898 661 949 694 ob-

210 716 369 758 tinuerint,
391 726 444 749 seu
465 715 598 759 quilibet
614 725 726 748 eorum
747 714 950 756 obtinuerit,²

210 769 293 803 illius
318 768 430 802 effectu
463 768 653 801 cumulative
679 778 732 801 eos
757 767 895 810 gaudere
920 773 950 801 ct

209 821 304 866 potiri
329 822 473 855 volumus
482 832 490 862 3
516 821 722 854 decernentes
747 821 829 864 ipsas
850 827 949 854 trans-

212 928 346 964 tutiones
370 934 400 962 et
424 928 652 971 assignationes
677 930 875 972 pensionum,
897 940 951 962 seu

211 983 385 1022 fructuum,
411 982 592 1015 reddituum
611 988 641 1015 et
664 988 874 1026 proventuum
894 983 952 1015 hu-

212 1036 345 1082 iusmodi
371 1036 495 1080 plenam
523 1036 649 1069 roboris
674 1035 853 1069 firmitatem
875 1036 970 1069 obii-¹

211 1100 296 1131 nere,
322 1091 468 1134 ipsosque
492 1089 645 1122 beneficia
660 1117 667 1130 ,
692 1100 786 1133 super
816 1100 952 1133 quorum

211 1144 385 1186 fructibus,
411 1143 585 1176 redditibus
617 1148 645 1176 et
680 1143 883 1187 proventibus
907 1154 954 1176 re-

213 1202 352 1230 servatae
376 1197 502 1235 suerint‚
528 1196 703 1230 obtinentes
728 1196 766 1228 ad
791 1196 859 1228 illas
884 1206 954 1239 per-

213 1249 376 1284 solvendas
412 1249 580 1282 efficaciter
614 1249 771 1292 obligatos
808 1250 882 1283 sore.
913 1251 972 1282 Ac>

214 1303 330 1337 eisdem
356 1303 514 1347 dapiferis,
533 1308 575 1345 ut,
597 1303 716 1336 ratione
734 1314 956 1347 quarumcum-

214 1368 274 1401 que
310 1356 497 1401 pensionum
534 1357 578 1389 eis
615 1362 644 1389 et
680 1367 790 1390 eorum
826 1357 956 1390 cuilibet

214 1421 308 1455 super
333 1409 584 1454 quibuscumque
618 1409 778 1443 beneficiis
810 1410 956 1443 ecclesia·

214 1463 308 1505 sticis,
334 1469 368 1496 ut
392 1464 579 1507 praefertur,
599 1464 646 1496 vel
663 1463 738 1496 alias
762 1464 957 1507 quomodoli-

214 1517 266 1550 bet
283 1517 480 1561 qualificatis‚
492 1527 555 1550 non
571 1522 674 1550 tamen
695 1518 777 1550 ultra
801 1529 955 1551 summam

215 1570 422 1604 ducentorum
447 1571 634 1603 ducatorum
661 1572 729 1604 auri
762 1572 800 1605 de
832 1574 957 1605 camera

215 1635 273 1669 pro
297 1624 448 1668 quolibet,
466 1630 540 1657 tunc
561 1630 590 1656 et
614 1635 672 1668 pro
695 1630 836 1669 tempore
858 1636 958 1658 reser-

217 1683 357 1711 vatarum
383 1688 418 1711 ac
454 1678 736 1718 reservandarum‚
762 1679 903 1711 habitum
930 1685 959 1712 et

218 1737 379 1765 tonsuram
406 1731 568 1764 clericales
595 1737 737 1774 gestare,
770 1737 799 1766 ct
831 1733 860 1765 in
887 1732 976 1772 illis,'

217 1786 389 1820 dummodo
415 1786 473 1830 ipsi
500 1786 641 1819 habitum
667 1786 830 1819 decentem
854 1792 883 1819 et
908 1787 960 1819 bo-

217 1846 340 1874 nestum
373 1840 536 1880 deserant,
562 1840 707 1873 incedere
744 1840 873 1873 minime
906 1841 959 1873 dc-

218 1894 331 1936 beant,
357 1903 414 1927 nec
438 1894 477 1926 ad
506 1893 535 1926 id
560 1905 577 1926 a
602 1905 762 1938 quoquam
799 1895 868 1936 cogi
906 1905 960 1927 scu

220 1948 388 1992 compelli,
421 1947 586 1991 minusque
618 1947 738 1991 aliquas
770 1948 979 1989 sententias,=

220 2007 272 2035 aut
297 2012 456 2041 censuras,
479 2001 572 2034 etiam
599 2001 784 2045 privationis
809 2013 864 2034 scu
894 2013 961 2035 cas-

221 2055 348 2088 sationis
374 2055 512 2098 ipsarum
538 2054 723 2097 pensionum
739 2054 749 2070 ³
774 2055 812 2087 ad
838 2056 963 2099 praedi-

222 2114 303 2141 ctam
341 2118 495 2141 summam
530 2107 738 2141 ducentorum
775 2109 962 2142 ducatorum

257 2199 268 2224 1
285 2198 395 2225 Videtur
408 2197 513 2232 legend.
527 2198 641 2233 ipsique
658 2207 704 2233 pro
716 2199 962 2233 ipsittsquetnm).
980 2209 982 2213 ·

257 2243 273 2269 2
293 2242 393 2278 Supple
408 2250 437 2269 ex
454 2242 513 2269 loco
528 2243 623 2277 parati.
641 2242 709 2269 infra
726 2251 786 2278 pag.
803 2243 855 2269 215
874 2244 888 2269 b
906 2246 965 2270 tam

222 2288 318 2322 vigore
338 2288 466 2315 aliorum
483 2287 719 2322 ywrivilesjiorum,
741 2296 829 2322 quam
846 2296 882 2314 ea:
897 2297 952 2323 quo

223 2339 342 2366 cumque
357 2331 414 2359 alio
430 2332 542 2358 indulto
559 2334 585 2359 cl
602 2332 767 2366 privilegio,
784 2341 910 2366 quorum
925 2333 966 2366 ef-

224 2377 329 2409 sectum
345 2384 399 2411 per
419 2377 493 2402 hanc
508 2383 608 2402 novam
628 2376 758 2410 qratiam
773 2380 799 2404 et
814 2378 966 2404 concessio-
982 2381 983 2386 ¹

225 2427 290 2446 nem
311 2420 450 2455 impediri
470 2419 614 2453 nolumus,
635 2421 691 2453 sed,
713 2424 764 2447 etc.
782 2424 819 2452 (a.
836 2421 884 2455 r),

261 2463 276 2489 3
297 2463 385 2490 Lectio
401 2463 532 2490 defectiva
549 2472 578 2489 ex
596 2463 646 2490 loc.
669 2464 762 2499 parali.
784 2464 854 2491 infra
869 2464 967 2500 pagiua

225 2507 278 2535 216
301 2516 317 2534 a
342 2507 380 2535 sic
405 2507 569 2543 adimpletur
593 2508 766 2542 pensionum
787 2516 897 2543 poenas
922 2516 984 2544 oc-¹

227 2552 340 2579 casiam
357 2553 587 2588 praemissorum
607 2553 758 2580 incurrere
778 2553 898 2587 possint,
919 2554 967 2580 sed

228 2596 340 2625 candem
358 2597 507 2633 pensiones
531 2597 568 2624 ad
584 2605 649 2632 piw
662 2597 778 2632 dictam,
796 2602 847 2625 etc.
866 2598 904 2633 (n.
917 2597 965 2633 r).
982 2621 984 2630 Α

1618 182 1681 215 207

981 236 1183 269 ascendentes
1209 244 1236 269 et
1262 244 1447 280 reservatas,
1473 245 1504 272 ut
1530 240 1722 284 praefertur,

982 289 1101 321 etiamsi
1136 291 1373 324 matrimonium
1407 294 1620 326 contraxerint
1652 303 1722 326 cum

982 342 1075 375 unica
1101 343 1235 376 tantum¹
1254 349 1283 376 et
1301 345 1432 387 virgine,
1457 347 1600 391 recipere
1625 353 1655 380 et
1680 358 1725 381 re-

983 395 1096 436 tinere,
1123 402 1285 440 postremo
1306 399 1390 442 quod
1408 400 1488 433 bona
1506 412 1726 445 quaecumque

982 448 1019 481 ad
1045 449 1145 482 dictos
1170 449 1327 493 dapiferos
1353 457 1382 484 et
1406 462 1516 485 eorum
1551 454 1724 498 quemlibet

983 503 1164 546 spectantia,
1180 508 1209 536 et
1233 514 1290 548 per
1314 515 1367 538 eos
1392 506 1484 538 etiam
1512 507 1632 540 ratione
1652 518 1726 551 quo-

984 567 1192 601 rumcumque
1227 559 1455 593 beneficiorum
1498 561 1726 595 ceclesiastico-

984 621 1064 651 rum,
1090 611 1182 644 etiam
1208 613 1450 646 canonicatuum
1478 619 1508 647 ct
1533 616 1727 658 praebenda-

985 674 1053 696 rum
1085 675 1120 697 ac
1156 664 1344 707 dignitatum
1371 677 1645 711 quarumcumque
1671 680 1728 712 per

984 726 1037 749 eos
1063 717 1137 750 alias
1162 718 1366 752 obtentorum
1393 724 1423 752 et
1455 720 1701 754 obtinendorum
1720 749 1727 763 ‚

984 775 1037 802 aut
1062 770 1136 803 alias
1162 771 1412 815 quomodolibet,
1438 777 1467 807 et
1491 773 1602 817 quovis
1635 785 1726 818 quae-

966 821 1043 871 ‚sito
1069 823 1192 863 colore,
1218 824 1265 856 vel
1292 823 1440 866 ingenio,
1465 835 1519 858 seu
1545 835 1655 858 eorum
1682 826 1728 858 in-

985 875 1116 915 dustria,
1136 876 1275 919 legitime
1294 882 1396 910 tamen
1418 883 1448 911 et
1464 878 1559 920 licite,
1577 879 1729 923 acquisita

986 933 1015 960 et
1039 928 1253 972 acquirenda,
1286 930 1379 963 ctiam
1411 932 1442 963 in
1479 931 1562 964 Urbe
1599 931 1729 975 eiusque

986 981 1140 1022 districtu,
1166 992 1201 1015 ac
1228 983 1419 1027 ubicumque
1444 984 1631 1025 existentia,
1657 996 1730 1029 spo-

989 1034 1035 1067 liis
1061 1035 1190 1068 minime
1215 1036 1413 1077 subiaceant,
1432 1037 1485 1070 sed
1504 1038 1561 1081 ipsi
1580 1038 1730 1082 dapiferi,

987 1087 1108 1120 etiamsi
1134 1089 1279 1131 religioni
1304 1090 1437 1123 alicuius
1462 1091 1609 1133 militiae,
1635 1091 1728 1124 etiam

969 1141 1016 1180 S.
1036 1141 1160 1174 Ioannis
1185 1143 1471 1188 llierosolymitani,
1492 1144 1641 1188 adscripti
1668 1145 1731 1178 sue-

989 1195 1060 1235 rint,
1086 1196 1123 1228 de
1149 1196 1209 1228 illis
1234 1197 1265 1229 in
1291 1197 1429 1230 savorem
1455 1209 1731 1242 quarumcumque

989 1259 1216 1292 personarum,
1251 1250 1289 1282 de
1324 1250 1391 1283 iure
1417 1256 1520 1283 tamen
1545 1251 1730 1295 capacium,

990 1303 1108 1336 etiamsi
1131 1304 1264 1336 curiales
1290 1314 1357 1337 esse
1381 1304 1542 1346 desierint,
1561 1310 1591 1338 et
1609 1305 1640 1338 in
1657 1316 1732 1349 quo-

990 1367 1126 1400 cumque
1151 1357 1221 1391 loco
1246 1358 1448 1402 quantumvis
1469 1362 1592 1392 remoto
1612 1369 1665 1392 cos
1684 1359 1733 1392 de-

972 1411 1103 1450 ¹cedere
1127 1412 1310 1455 contigerit,
1337 1412 1457 1453 testari,
1483 1418 1512 1445 et
1537 1413 1612 1445 alias
1629 1413 1733 1457 dispo-

992 1475 1089 1506 nere,
1115 1465 1223 1509 eisquc
1255 1465 1293 1497 ab
1326 1466 1471 1499 intestato
1507 1466 1734 1500 decedentibus

991 1530 1101 1553 corum
1127 1519 1279 1552 haeredes
1304 1519 1495 1563 quicumque
1512 1520 1682 1553 succedere
1703 1521 1734 1553 li-

992 1573 1068 1605 bere
1092 1578 1122 1605 et
1146 1573 1229 1606 licite
1255 1573 1394 1614 valeant,
1421 1573 1514 1606 simili
1542 1573 1636 1607 modo
1661 1584 1733 1607 con-

974 1626 1134 1662 ,redimus
1158 1631 1187 1659 et
1213 1626 1422 1669 indulgemus.

1038 1681 1052 1723 ξ
1076 1679 1105 1712 3.
1132 1679 1365 1723 Praecipicntes
1391 1685 1419 1712 ct
1446 1679 1629 1713 mandantes
1661 1680 1735 1713 dile-

994 1733 1050 1766 etis
1076 1734 1148 1765 tiliis
1181 1743 1265 1766 nunc
1297 1738 1326 1765 ct
1351 1744 1408 1777 pro
1434 1739 1577 1777 tempore
1602 1734 1735 1767 existen-

995 1787 1077 1819 tibus
1109 1787 1138 1819 S
1164 1787 1197 1819 R.
1234 1787 1266 1818 Ε.
1292 1787 1490 1828 camerario,
1523 1787 1737 1828 thesaurario,

976 1840 1266 1884 praesidentibus,
1292 1840 1415 1873 clericis
1445 1851 1588 1873 camerae
1613 1846 1739 1874 nostrae

996 1894 1185 1938 apostolieae
1204 1899 1233 1926 et
1254 1893 1505 1937 quibuscumque
1532 1894 1600 1926 aliis
1625 1895 1740 1938 spolio-

997 1958 1066 1980 rum
1094 1947 1272 1980 buiusmodi
1299 1947 1532 1987 collectoribus,
1558 1959 1594 1981 ac
1620 1948 1741 1981 militia-

998 2012 1067 2034 rum
1094 2002 1305 2044 praesatarum
1332 2001 1518 2033 officialibus
1551 2007 1601 2034 aut
1631 2013 1742 2045 procu-

999 2054 1169 2096 ratoribus,
1189 2065 1227 2086 ne
1249 2054 1277 2086 in
1304 2054 1485 2087 huiusmodi
1511 2054 1601 2087 bonis
1632 2066 1741 2088 manus

998 2114 1167 2152 apponant,
1192 2118 1293 2151 neque
1324 2108 1475 2140 baercdes
1506 2108 1662 2141 dictorum
1688 2109 1741 2141 da-

999 2161 1172 2205 pil'eroium
1198 2161 1334 2205 desuper
1350 2162 1519 2194 molestare
1534 2162 1669 2195 audeant
1686 2173 1740 2195 seu

981 2220 1220 2258 ipraesumantg
1246 2225 1281 2247 ae
1302 2215 1394 2248 etiam
1421 2215 1624 2248 decernentes
1649 2215 1742 2248 dona-

980 2269 1101 2301 <tiones
1125 2269 1217 2301 etiam
1244 2279 1301 2312 pcr
1327 2269 1406 2301 viam
1434 2269 1609 2301 testamenti
1636 2276 1663 2301 et
1689 2280 1740 2302 co-

1000 2321 1180 2354 dicillorum
1202 2332 1260 2366 per
1285 2322 1370 2366 ipsos
1396 2322 1553 2366 dapiferos
1573 2322 1610 2354 de
1631 2333 1741 2355 eorum

1001 2375 1091 2408 bonis
1123 2376 1326 2415 huiusmodi,
1352 2376 1483 2409 servatis
1508 2376 1545 2408 de
1578 2377 1645 2408 iure
1670 2387 1739 2409 ser-

1002 2429 1130 2470 vandis,
1158 2429 1334 2469 faciendas,
1366 2440 1491 2473 semper
1526 2435 1556 2462 ct
1590 2434 1742 2473 perpetuo

1001 2482 1118 2515 validas
1143 2488 1173 2515 et
1197 2482 1338 2515 efficaces
1365 2483 1440 2525 fore,
1461 2493 1518 2515 nec
1543 2483 1667 2517 eosdem
1693 2483 1743 2516 da-

1041 2599 1047 2624 t
1063 2598 1157 2633 Aptius
1169 2597 1236 2625 infra
1251 2597 1348 2633 tegitur
1359 2600 1453 2625 tamen
1467 2606 1514 2634 pro
1527 2601 1641 2627 lantum
1653 2599 1740 2635 tam).

1731 193 1777 218 An⁴
1801 193 1829 218 C.
1854 193 1922 219 1655

1790 1692 1936 1717 Exeqnutnres

1751 1719 1813 1739 huius
1831 1718 1936 1739 Con->tnu-

1753 1748 1814 1766 tiums
1834 1745 1936 1771 designat.
