2243 3205
48 194 218 233 An.c.1661

829 189 1015 216 ALEXANDER
1040 189 1085 213 vit
1108 189 1156 212 PP-

237 241 377 275 kalendis
418 242 567 275 februarii
587 269 593 282 ,
634 240 835 285 pontificatus
879 238 978 272 nostri

235 306 319 329 anno
339 306 381 329 vt.

272 358 329 385 Dat.
351 357 394 385 die
417 360 426 385 1
450 357 578 385 februarii
602 358 688 392 1661,
717 356 809 392 pontif.
830 364 898 383 anno
919 363 954 381 w.

380 469 429 519 ᾖ
446 470 531 506 EGO
559 469 829 505 ALEXANDER

312 551 509 575 cunonem
534 551 703 575 ECCLEsm:
727 550 897 574 EPISCOPUS

415 613 552 648 promitto,
574 620 657 639 voveo
679 616 705 638 et
725 612 792 638 iuro.

235 675 428 702 Providebam
446 675 607 701 Dominum
625 675 653 700 in
670 676 815 708 conspectu
834 681 894 700 meo
909 681 979 700 sem-

270 727 332 754 per,
349 719 489 754 quoniam
504 727 519 746 α
536 719 647 746 dextris
663 722 703 746 est
718 718 792 745 vzihi
807 726 843 744 rie
857 726 979 745 commo-

270 771 348 791 vear.

235 881 258 920 †
282 878 348 921 Ego
373 877 557 911 Franciscus
593 877 761 921 episcopus
798 877 978 910 Portuensis

326 931 492 964 cardinalis
521 930 732 970 Bwberinus,
757 930 977 962 vicecancella-

325 985 401 1026 rius,
427 984 588 1028 promitto,
607 995 704 1017 voveo
729 989 758 1016 et
783 984 862 1016 iuro.

235 1041 258 1079 †
283 1038 349 1080 Ego
373 1037 585 1070 Bernardinus
610 1037 777 1080 episcopus
804 1036 977 1068 Praenesti-

323 1100 382 1123 nus
404 1090 571 1123 cardinaIIs
587 1089 688 1133 Spada
705 1089 865 1133 promitto,
881 1099 978 1121 voveo

326 1149 355 1176 et
381 1143 460 1176 iuro.

235 1201 258 1238 †
282 1197 349 1240 Ego
385 1197 553 1240 episcopus
593 1196 772 1229 Sabinensis
813 1195 978 1228 cardinalis

325 1250 508 1283 Sacchettus
532 1249 694 1293 promitto,
721 1259 818 1282 voveo
843 1254 871 1281 et
898 1249 977 1281 iuro.

236 1307 259 1346 †
283 1304 349 1347 Ego
365 1304 492 1337 Martius
520 1304 686 1347 episcopus
708 1303 892 1336 Albancnsis
916 1313 980 1335 car-

325 1357 437 1390 dinalis
463 1357 604 1390 Ginettus
628 1356 800 1400 promitto,
824 1366 922 1389 voveo
950 1361 979 1388 et

326 1410 405 1443 iuro.

236 1466 260 1505 †
285 1463 350 1506 Ego
380 1463 533 1496 Antonius
568 1463 734 1506 episcopus
767 1457 978 1503 Tusculanus,

327 1516 494 1550 cardinalis
524 1516 735 1556 Barberinus,
769 1516 978 1553 camerarius,

325 1571 489 1615 promitto,
506 1581 604 1603 voveo
622 1575 651 1603 et
667 1570 746 1603 iuro.

237 1681 261 1719 †
286 1677 351 1721 Ego
377 1678 589 1721 Hieronymus
612 1677 692 1710 tituli
719 1676 747 1710 S.
766 1676 923 1709 Laurentii
950 1676 979 1708 in

327 1731 443 1764 Lucina
461 1730 630 1763 cardinalis
646 1731 799 1764 Columna
818 1730 980 1773 promitto,

326 1794 424 1817 voveo
449 1789 479 1816 et
503 1784 582 1817 iuro.

237 1841 261 1880 †
285 1837 351 1879 Ego
375 1837 506 1870 Ioannes
532 1837 668 1880 Baptista
698 1837 778 1869 tituli
813 1836 841 1869 S.
868 1836 981 1869 Mariae

326 1890 561 1935 Transtyberim
574 1889 743 1923 cardinalis
753 1890 850 1922 Pollot
858 1895 904 1922 tus
913 1899 982 1933 pro-

327 1944 430 1984 mitto,
455 1954 554 1976 voveo
579 1948 609 1976 et
634 1943 714 1976 iuro.

239 1999 264 2042 †

239 2055 262 2094 †
286 2053 353 2096 Ego
377 2051 541 2086 Uldericus
556 2050 634 2084 tituli
653 2050 681 2083 S.
698 2049 779 2082 Petri
797 2049 834 2081 ad
852 2049 981 2082 Vincula

329 2105 496 2139 cardinalis
510 2103 681 2147 Carpineus
706 2103 868 2146 promitto,
884 2113 981 2136 voveo

330 2164 360 2191 et
384 2158 464 2191 iuro.

240 2216 264 2255 †
287 2212 354 2255 Ego
386 2212 422 2245 M.
448 2211 601 2244 Antonius
634 2209 714 2242 tituli
747 2209 776 2242 S.
807 2209 920 2241 Mariae
945 2209 982 2241 dc

329 2266 407 2299 Pace
424 2264 591 2298 cardinalis
608 2263 805 2296 Franciottus
823 2263 982 2306 promitto,

330 2329 428 2352 voveo
450 2324 479 2351 ct
505 2318 584 2350 iuro.

242 2375 265 2414 †
289 2372 354 2415 Ego
388 2371 565 2414 Stephanus
597 2369 678 2402 tituli
713 2368 741 2401 S.
768 2368 926 2401 Laurentii
953 2368 983 2400 in

331 2425 413 2457 Pane
446 2428 476 2456 et
506 2423 607 2455 Perna
641 2422 807 2455 cardinalis
837 2421 983 2453 Duratius

331 2477 492 2521 promitto,
518 2486 616 2509 voveo
641 2481 671 2507 et
697 2475 776 2508 iuro.

243 2534 268 2626 l

292 2586 358 2629 Ego
398 2585 429 2617 F.
471 2582 652 2617 Vincentius
688 2582 867 2616 Maculanus
903 2580 982 2614 tituli

1102 237 1130 269 S.
1156 236 1322 270 Clementis
1343 235 1510 269 cardinalis
1533 235 1565 269 S.
1585 233 1753 268 Clementis

1101 294 1263 334 promitto,
1288 300 1386 323 voveo
1412 294 1441 321 et
1466 289 1546 322 iuro.

1013 449 1038 491 ἦ·
1063 448 1128 491 Ego
1154 448 1365 492 Hieronymus
1379 448 1458 480 tituli
1477 447 1527 480 SS.
1543 446 1702 479 Trinitatis
1722 445 1753 477 in

1103 502 1205 534 Monte
1243 501 1349 534 Pincio
1381 501 1546 533 cardinalis
1575 498 1753 533 Grimaldus

1101 554 1262 598 promitto,
1281 565 1378 587 voveo
1396 560 1426 587 et
1444 555 1522 587 iuro.

1013 664 1036 702 †
1061 661 1126 704 Ego
1142 661 1280 703 Angelus
1298 661 1375 694 tituli
1396 661 1442 694 Ss.
1461 660 1577 699 Ouirici
1596 665 1625 692 et
1645 659 1754 692 Iulitae

1102 713 1268 747 cardinalis
1286 714 1411 747 Giorius
1432 714 1592 758 promitto,
1610 723 1707 746 voveo
1725 717 1755 745 et

1102 768 1182 800 iuro.

1012 824 1035 862 †
1059 821 1124 864 Ego
1148 821 1294 854 Nicolaus
1319 820 1398 854 tituli
1425 820 1454 853 S.
1481 819 1596 852 Mariae
1624 819 1756 862 Angelo-

1103 885 1174 907 rum
1210 873 1377 907 cardinalis
1413 873 1619 913 Ludovisius,
1655 873 1756 905 maior

1101 927 1383 970 poenitentiarius,
1408 926 1579 970 promitto,
1604 936 1701 959 voveo
1727 930 1756 957 et

1104 981 1183 1014 iuro.

1013 1090 1035 1128 ἦ·
1059 1087 1125 1130 Ego
1143 1087 1330 1120 Fredericus
1353 1087 1431 1119 tituli
1450 1087 1478 1119 S.
1493 1086 1673 1119 Anastasiae
1691 1096 1756 1118 car-

1101 1140 1212 1173 dinalis
1245 1141 1359 1174 Ssortia
1395 1140 1568 1184 promitto,
1596 1150 1693 1172 voveo
1726 1144 1756 1172 et

1102 1193 1182 1226 iuro.

1012 1248 1037 1290 ἦ
1061 1247 1127 1289 Ego
1149 1247 1335 1279 Benedictus
1360 1247 1438 1280 tituli
1465 1248 1493 1279 S.
1512 1246 1632 1279 Onufrii
1658 1245 1757 1279 cardi-

1101 1301 1180 1333 nalis
1205 1300 1414 1334 Odeschalcus
1438 1300 1599 1344 promitto,
1613 1310 1710 1332 voveo
1727 1304 1757 1332 et

1102 1354 1182 1386 iuro.

1013 1410 1036 1448 †
1060 1407 1126 1450 Ego
1150 1406 1297 1440 Camillus
1322 1406 1403 1438 tituli
1436 1406 1465 1439 S.
1493 1406 1573 1438 Petri
1600 1406 1630 1438 in
1655 1406 1756 1438 Monte

1102 1462 1205 1492 Aureo
1231 1459 1398 1492 cardinalis
1423 1459 1570 1493 Astallius
1595 1459 1756 1502 promitto,

1103 1523 1201 1546 voveo
1222 1518 1252 1545 et
1276 1513 1355 1545 iuro.

1013 1622 1036 1660 †
1061 1620 1126 1662 Ego
1150 1620 1294 1663 Aloysius
1319 1619 1399 1651 tituli
1432 1619 1460 1651 S.
1488 1618 1585 1651 Alexi}
1613 1618 1756 1651 cardina-

1103 1674 1140 1706 lis
1173 1673 1354 1707 Homodeus
1388 1673 1560 1716 promitto,
1597 1682 1694 1705 voveo
1726 1677 1756 1704 et

1104 1727 1184 1759 iuro.

1015 1780 1037 1823 †

1015 1836 1037 1874 †
1062 1833 1128 1876 Ego
1153 1833 1284 1866 lacobus
1310 1832 1389 1865 tituli
1405 1832 1434 1865 S.
1454 1832 1567 1865 Mariae
1583 1832 1757 1875 Transpon—

1105 1887 1186 1920 tinae
1211 1886 1378 1919 cardinalis
1403 1886 1558 1919 Corradus
1583 1886 1755 1929 promitto,

1104 1951 1201 1973 voveo
1227 1946 1256 1972 et
1280 1940 1359 1972 iuro.

1015 1997 1038 2036 †
1062 1994 1329 2037 EgoLaurentius
1347 1993 1428 2026 tituli
1445 1993 1474 2026 S.
1489 1993 1674 2035 Cl1risogoni
1692 2003 1756 2025 car-

1104 2046 1215 2079 dinalis
1235 2046 1410 2090 imperialis
1428 2046 1588 2090 promitto,
1611 2055 1709 2078 voveo
1726 2050 1756 2077 ct

1105 2100 1183 2132 iuro.

1015 2156 1038 2195 †
1063 2153 1128 2196 Ego
1152 2152 1298 2185 Gibertus
1323 2152 1403 2184 tituli
1424 2153 1468 2185 Ss.
1486 2151 1608 2184 loannis
1622 2156 1651 2183 ct
1668 2150 1754 2183 Pauli

1105 2206 1271 2240 cardinalis
1296 2206 1487 2239 Borromeus
1507 2205 1669 2249 promitto,
1695 2215 1752 2238 vo-

1106 2270 1162 2292 veo
1187 2263 1216 2293 et
1241 2259 1320 2292 iuro.

1016 2316 1038 2354 †
1062 2313 1127 2356 Ego
1139 2311 1393 2345 lllarcellustituli
1407 2312 1435 2344 S.
1447 2311 1594 2354 Stephani
1611 2310 1641 2343 in
1655 2310 1756 2343 Monte

1104 2366 1206 2399 Caelio
1237 2364 1403 2397 cardinalis
1432 2363 1652 2397 Santacrucius
1682 2374 1757 2406 pro·

1105 2419 1204 2458 mitto,
1222 2428 1320 2451 voveo
1338 2423 1367 2450 et
1386 2418 1465 2450 iuro.

1016 2475 1038 2513 ψ
1063 2472 1129 2515 Ego
1155 2471 1282 2504 Raecius
1307 2471 1386 2503 tituli
1412 2471 1459 2503 Ss.
1486 2470 1577 2503 Nerei
1603 2475 1632 2503 et
1657 2469 1758 2502 Achil-

1104 2527 1143 2558 lei
1169 2525 1335 2558 cardinalis
1356 2524 1608 2557 Aldobrandinus
1625 2524 1756 2568 promit-

1107 2585 1148 2616 to,
1174 2589 1271 2612 voveo
1297 2584 1326 2611 et
1351 2578 1430 2611 iuro.

1658 175 1716 209 661
1768 184 1948 211 An.c.¹661
