2243 3205
58 174 104 201 An.
125 172 153 198 G.
175 170 242 198 1660

72 1135 230 1158 constitutiones

11 1175 13 1185 v
58 1162 223 1189 eougrogauonis

54 1189 194 1213 caunensis,
210 1191 230 1209 et

10 1227 14 1238 ι
53 1216 135 1237 decreta
168 1216 229 1237 Sedis

11 1259 13 1263 .
52 1243 178 1269 Apostoticae
188 1248 229 1263 ser-

11 1266 14 1275 '
53 1270 193 1291 varimandat.

78 1881 163 1905 Decreta
177 1884 230 1906 Pan·

52 1908 66 1930 li
76 1910 92 1931 V
103 1914 122 1932 et
131 1911 228 1933 Innocen-

51 1937 74 1957 tit
84 1936 101 1958 Χ
114 1939 228 1960 confirmat.

840 164 1024 189 ALExANDER
1049 163 1092 186 vn
1116 164 1164 187 1³1³.

247 216 362 251 nedicti
387 216 425 250 de
450 221 555 250 cetero
591 214 750 248 faciendae
775 213 813 246 ad
839 212 987 257 omnipo-

248 271 340 304 tentis
364 270 418 303 Dei
443 269 577 313 gloriam
612 269 794 312 dictaequae
815 268 990 310 Congrega-

248 324 340 357 tionis
364 324 528 357 utilitatem
554 323 638 363 fiant,
659 327 810 366 quantum
836 320 928 354 nobis
953 331 988 362 ex

247 377 309 410 alto
323 377 515 417 conceditur,
530 376 696 420 providere
711 374 887 418 cupientes,
902 378 989 406 motu

246 430 400 474 proprio,
425 441 460 463 ac
485 440 519 462 ex
546 430 630 462 certa
658 428 786 461 scientia
812 432 841 460 et
866 428 988 459 matura

247 483 474 516 deliberatione
502 482 637 523 nostris,
666 481 767 525 deque
798 480 987 524 apostolicae

247 535 409 580 potestatis
427 534 632 579 plenitudine,
650 539 683 567 ut
701 534 730 566 in
752 533 898 567 omnibus
916 533 987 573 illis,

246 599 325 632 quae
350 594 412 621 tam
438 589 469 621 in
494 588 651 631 proximo,
669 587 752 631 quod
779 598 884 620 mense
904 587 987 620 maio

246 642 389 686 proxime
414 647 546 674 venturo
567 641 791 681 celebrabitur,
821 646 850 673 et
875 640 987 674 ceteris

246 694 390 738 capitulis
415 694 637 737 generalibus,
662 704 719 738 per
745 694 874 727 dilectos
906 693 986 726 tilios

245 748 476 792 praesidentem
502 753 531 780 et
548 747 740 787 definitores,
758 758 850 791 quam
870 747 899 779 in
919 746 987 779 sub-

245 801 448 845 sequentibus
481 801 571 834 dietis
603 801 702 834 dictae
727 801 986 844 Congregationis

244 854 435 888 Cassinensis
481 853 743 898 quandocumque
788 854 985 887 celebrandis

244 919 300 952 per
325 909 470 942 eumdem
496 908 725 952 praesidentem
755 913 785 941 et
810 908 985 942 visitatores

244 962 384 996 eiusdem
410 962 668 1005 Congregationis
686 973 743 1006 pro
762 966 904 1006 tempore
922 962 985 995 exi-

245 1022 370 1058 stentes,
396 1016 571 1060 respective
596 1010 663 1049 sieri
689 1016 850 1048 debebunt
874 1016 985 1049 consti-

247 1069 380 1104 tutiones
397 1069 494 1113 ipsius
511 1068 769 1112 Congregationis
782 1069 984 1109 Cassinensis‚
1001 1099 1002 1104 ,

244 1133 367 1156 necnon
392 1123 583 1166 apostolicae
608 1122 638 1154 in
664 1122 758 1155 simili
784 1122 884 1154 forma
909 1122 983 1155 Bre-

246 1177 290 1210 vis
318 1177 440 1210 litterae
464 1188 499 1210 ac
527 1177 651 1210 decreta
680 1176 820 1209 eamdem
851 1176 985 1219 Congre-

244 1230 402 1274 gationem
424 1230 645 1263 concernentia
674 1240 731 1273 per
756 1230 866 1263 Sedem
893 1230 979 1273 Apo-

243 1284 385 1318 stolicam
411 1284 595 1329 approbata,
624 1289 731 1317 exacte
756 1283 983 1324 observentur,

244 1347 301 1371 nec
317 1338 399 1371 ullae
419 1338 667 1382 dispensationes
687 1347 745 1381 per
770 1337 904 1380 capitula
929 1347 983 1369 seu

243 1390 342 1424 dietas
373 1391 555 1424 huiusmodi
590 1391 636 1424 vel
669 1390 866 1434 praedictum
895 1401 983 1434 prae-

244 1444 396 1478 sidentem
423 1450 453 1478 et
477 1444 659 1478 definitores
683 1455 718 1477 ac
744 1444 918 1477 visitatores
946 1444 983 1477 de

244 1504 349 1532 cetero
370 1498 498 1533 concedi
516 1499 672 1531 ullatenus
690 1498 821 1542 possint,
842 1498 896 1531 sed
913 1498 983 1530 illae

244 1552 405 1585 dumtaxat
439 1552 705 1596 dispensationes,
740 1562 819 1595 quae
848 1562 865 1584 a
894 1551 983 1584 nobis

244 1616 299 1639 seu
324 1605 509 1639 auctoritate
526 1606 634 1639 nostra
660 1615 826 1638 concessae
843 1610 914 1637 sunt
931 1605 983 1637 ha-

243 1665 362 1700 ctenus,
388 1665 417 1692 et
434 1659 465 1692 in
486 1659 626 1692 futurum
651 1664 711 1691 tam
734 1669 750 1691 a
774 1659 864 1692 nobis
889 1670 982 1702 quam

243 1723 260 1745 a
284 1712 520 1746 successoribus
544 1712 661 1745 nostris
688 1712 836 1744 Romanis
861 1712 985 1745 Pontifi-

243 1766 331 1799 cibus
355 1777 409 1800 seu
434 1768 542 1800 nostra
574 1766 621 1798 vel
647 1766 773 1798 illorum
799 1766 984 1800 auctoritate

243 1820 465 1862 concedentur,
482 1821 581 1854 robur
597 1826 627 1853 et
644 1820 787 1854 effectum
813 1820 982 1853 obtineant.

288 1873 303 1917 ἓ
326 1873 356 1907 2.
382 1874 537 1915 Praetera,
556 1879 590 1907 ut
613 1884 764 1907 numerus
790 1873 982 1907 decanorum

243 1928 422 1971 praedictae
441 1928 700 1971 Congregationis
721 1938 737 1960 a
758 1927 856 1960 felicis
881 1938 984 1961 recor-

243 1981 378 2015 dationis
403 1982 498 2016 Paulo
520 1982 600 2026 Papa
621 1982 643 2014 V
665 1981 908 2025 praedecessore
932 1992 984 2014 no-

243 2040 308 2068 stro
336 2046 394 2079 per
425 2046 496 2069 suas
524 2035 573 2068 die
598 2045 652 2068 xxt
677 2035 780 2067 martii
806 2045 927 2068 moerin
952 2035 983 2067 in

243 2088 343 2121 forma
368 2088 474 2121 Brevis
499 2088 658 2132 expeditas
682 2089 801 2122 litteras
825 2089 982 2132 praescri-

241 2146 324 2186 ptuS,
344 2147 378 2175 ut
398 2143 517 2175 scilicet
534 2153 615 2175 unus
638 2147 758 2174 tantum
784 2142 823 2174 sit
847 2143 983 2176 decanus

241 2206 299 2239 pro
325 2196 487 2229 monachis
505 2206 650 2240 expresse
668 2195 817 2240 professis
843 2196 981 2229 eiusdem

241 2248 509 2292 Congregationis,
527 2254 631 2281 exacte
649 2249 767 2292 pariter
788 2248 981 2282 observetur.

241 2302 448 2336 Promovendi
475 2308 579 2336 autem
605 2303 643 2335 ad
669 2303 852 2336 decanatum
878 2303 983 2335 onmia

240 2366 297 2400 per
320 2357 477 2401 praefatas
501 2356 738 2390 constitutiones
763 2367 798 2389 ac
823 2356 983 2388 decretum

241 2420 259 2442 a
275 2410 461 2443 recolendae
480 2411 651 2443 memoriae
668 2410 850 2443 Innocentio
864 2410 947 2453 Papa
960 2410 982 2442 X

241 2463 485 2507 praedecessore
510 2463 628 2507 pariter
651 2468 760 2496 nostro
785 2462 834 2495 die
863 2472 906 2495 v11
931 2473 983 2496 no-

243 2516 380 2550 vembris
412 2526 537 2550 uncxw
575 2516 796 2549 confirmatum
834 2516 982 2560 requisita

242 2570 359 2604 habere
384 2571 528 2612 debeant,
550 2581 607 2605 nec
625 2571 687 2603 ulla
712 2570 901 2604 decanorum
929 2570 983 2603 liu-

1660 155 1723 188 565

1024 211 1159 244 iusmodi
1186 212 1297 245 electio
1315 223 1384 245 cum
1410 213 1548 246 clausula
1574 213 1603 246 si
1619 213 1763 247 Romano

1023 263 1180 307 Pontifici
1196 264 1362 308 placuerit
1382 265 1450 298 fieri
1471 265 1509 298 de
1530 271 1634 299 cetero
1655 265 1763 310 possit,

1024 324 1130 351 tenore
1152 319 1363 362 praesentium
1382 325 1535 363 perpetuo
1553 319 1717 353 statuimus
1734 324 1764 352 et

1022 371 1222 413 ordinamus;
1244 372 1337 405 firmo
1354 378 1535 406 remanente
1553 373 1679 407 decreto
1697 383 1765 417 par-

1023 424 1163 458 ticularis
1187 425 1441 468 congregationis
1463 426 1687 459 venerabilium
1706 427 1764 459 fra·

1023 484 1104 512 trum
1131 483 1313 512 nostrorum
1332 479 1361 512 S.
1380 480 1412 512 R.
1432 480 1464 512 E.
1482 480 1689 513 cardinalium
1707 491 1763 524 per

1021 543 1077 566 nos
1102 533 1269 577 deputatae
1294 544 1388 577 super
1404 533 1675 568 administratione
1701 545 1764 567 mo-

1021 587 1231 620 nasteriorum
1243 587 1473 621 Cassinensium
1489 587 1693 621 restauranda
1706 598 1764 632 per

1020 646 1144 674 nostras
1159 641 1189 674 in
1203 641 1297 674 simili
1313 641 1414 675 forma
1429 641 1535 674 Brevis
1551 642 1671 675 litteras
1687 652 1762 675 eon-

1022 695 1156 728 firmato.

1065 748 1079 792 §
1099 748 1128 781 3.
1149 748 1359 782 Decernentes
1377 749 1501 782 easdem
1519 754 1700 793 praesentes
1716 749 1762 782 lit-

1021 806 1102 834 teras
1131 812 1256 846 semper
1281 801 1400 842 firmas,
1421 807 1490 843 etc.,
1515 803 1632 846 sicque,
1650 808 1680 835 et
1699 813 1762 835 non

1020 855 1120 896 aliter,
1146 856 1178 888 in
1198 856 1378 900 praemissis
1395 867 1452 900 per
1471 867 1689 900 quoscumque
1715 856 1761 889 iu-

1020 909 1113 950 dices,
1140 915 1209 952 etc,
1227 910 1359 943 iudicari
1385 915 1415 943 et
1439 910 1563 943 definiri
1585 910 1710 950 debere,
1728 921 1762 943 ac

1021 963 1142 995 irritum
1161 968 1190 997 et
1208 964 1309 1003 inane,
1331 963 1355 996 si
1375 974 1464 996 secus
1481 974 1576 1007 super
1592 963 1640 996 his
1657 974 1673 996 a
1689 974 1763 1007 quo-

1019 1027 1123 1060 quam,
1138 1016 1246 1060 quavis
1260 1017 1457 1057 auctoritate,
1468 1017 1601 1050 scienter
1616 1017 1661 1050 vel
1678 1017 1763 1060 igno-

1020 1075 1134 1112 ranter,
1161 1070 1328 1113 contigerit
1351 1070 1506 1103 attentari.

1063 1124 1077 1167 ξ
1101 1124 1130 1156 4.
1163 1125 1230 1157 Non
1263 1125 1459 1158 obstantibus
1490 1124 1559 1168 piae
1591 1125 1762 1158 memoriae
1799 1132 1961 1154 Contraria-1⁰·

1018 1177 1184 1211 Clementis
1206 1178 1306 1222 Papae
1324 1179 1388 1211 vttt
1404 1178 1496 1211 etiam
1511 1178 1762 1222 praedecessoris
1778 1162 1845 1185 ‘⁰⁸³¹'

1018 1231 1117 1264 nostri
1143 1231 1173 1263 in
1192 1232 1293 1264 forma
1312 1232 1418 1264 Brevis
1437 1231 1548 1264 litteris
1566 1232 1615 1265 die
1634 1242 1664 1265 vi
1682 1243 1763 1265 mar-

1019 1283 1050 1317 tii
1068 1284 1209 1317 nncxcn'l
1234 1284 1396 1324 emanatis,
1415 1294 1472 1327 per
1489 1295 1565 1327 quas
1583 1284 1762 1318 definitorio

1018 1337 1119 1371 dictae
1151 1338 1410 1382 Congregationis
1443 1338 1635 1372 Cassinensis
1667 1349 1762 1382 super

1018 1391 1140 1424 defectu
1162 1392 1315 1436 temporis
1331 1392 1368 1424 ad
1386 1391 1507 1425 abbatis
1524 1392 1708 1435 dignitatem
1726 1403 1762 1425 ac

1018 1445 1056 1478 ad
1082 1445 1258 1489 prioratum
1285 1445 1458 1489 respective
1483 1445 1636 1489 requisiti,
1662 1445 1762 1478 omni-

1018 1499 1076 1531 bus
1091 1498 1169 1532 votis
1186 1498 1441 1541 suffragantibus,
1454 1498 1654 1542 dispensandi
1670 1499 1763 1532 sacul-

1019 1557 1064 1585 tas
1085 1563 1234 1585 concessa
1251 1552 1318 1593 suit,
1333 1552 1466 1596 aliisque
1487 1553 1761 1586 constitutionibus

1019 1611 1048 1638 et
1069 1605 1321 1639 ordinationibus
1336 1632 1343 1646 ‚
1362 1606 1671 1649 congregationibus,
1690 1612 1760 1648 etc.y

1020 1659 1141 1692 statutis
1155 1665 1184 1692 et
1199 1659 1487 1701 consuetudinibus,
1501 1659 1675 1703 privilegiis
1686 1671 1762 1704 quo-

1019 1723 1089 1756 que,
1111 1712 1239 1745 indultis
1265 1718 1294 1745 et
1318 1712 1430 1746 litteris
1454 1713 1634 1757 apostolicis
1660 1713 1760 1747 dictae

1018 1766 1272 1809 Congregationi,
1298 1766 1428 1810 eiusque
1447 1766 1583 1810 capitulo
1609 1767 1759 1810 generali,

1018 1820 1128 1862 dietae,
1148 1820 1339 1863 definitorio,
1357 1831 1392 1853 ac
1409 1820 1625 1864 superioribus
1643 1826 1672 1853 et
1694 1831 1759 1854 mo-

1018 1873 1127 1907 nachis
1141 1873 1341 1918 quibuslibet,
1357 1874 1415 1907 sub
1430 1874 1682 1918 quibuscumque
1695 1885 1761 1907 ver-

1018 1927 1132 1960 borum
1158 1927 1321 1960 tenoribus
1346 1931 1375 1961 et
1400 1928 1519 1968 formis,
1540 1938 1575 1961 ac
1600 1939 1671 1961 cum
1692 1928 1760 1972 qui-

1018 1981 1124 2014 busvis
1142 1982 1234 2015 etiam
1253 1981 1526 2025 derogatoriarum
1551 1981 1759 2025 derogatoriis

1018 2035 1150 2079 aliisque
1171 2035 1412 2077 efficacioribus,
1434 2040 1503 2075 etc.,
1521 2034 1760 2079 quomodolibet

1018 2088 1184 2129 concessis,
1202 2088 1383 2132 approbatis
1402 2094 1432 2121 et
1453 2088 1623 2128 innovatis;
1645 2083 1759 2132 quibus

1018 2142 1166 2175 omnibus
1192 2148 1222 2175 et
1246 2141 1387 2184 singulis,
1406 2142 1527 2174 etiamsi
1551 2152 1609 2185 pro
1632 2141 1759 2174 illorum

1018 2195 1183 2228 sufficienti
1208 2195 1412 2238 derogatione
1437 2195 1475 2228 de
1500 2195 1560 2228 illis
1585 2205 1759 2238 eorumque

1018 2249 1090 2282 totis
1116 2249 1277 2281 tenoribus
1309 2249 1464 2292 specialis,
1497 2254 1577 2290 etc.‚
1610 2248 1668 2281 bac
1692 2248 1759 2281 vice

1018 2302 1179 2335 dumtaxat
1203 2302 1380 2345 specialiter
1405 2307 1434 2334 et
1460 2312 1605 2345 expresse
1630 2301 1759 2345 deroga-

1019 2367 1102 2396 mus·⁷
1123 2356 1296 2399 ceterisque
1315 2356 1481 2389 contrariis
1496 2355 1756 2399 quibuscumque.

1062 2409 1118 2453 §5
1136 2410 1288 2443 Volumus
1301 2415 1403 2442 autem
1423 2415 1456 2442 ut
1473 2409 1653 2442 earumdem
1672 2420 1758 2453 prae-

1017 2463 1150 2495 sentium
1170 2463 1344 2495 litterarum
1363 2463 1578 2506 transumptis,
1592 2463 1684 2495 etiam
1704 2463 1758 2496 im-

1017 2516 1143 2559 pressis,
1170 2527 1273 2557 manu,
1302 2522 1371 2557 etc„
1392 2516 1499 2549 eadem
1524 2527 1655 2560 prorsus
1679 2516 1756 2550 fides

1018 2570 1047 2602 in
1074 2570 1188 2604 iudicio
1206 2575 1235 2603 et
1253 2575 1338 2603 extra
1364 2570 1557 2611 adhibeatur,
1578 2581 1656 2614 quae
1671 2581 1757 2614 prae·

1770 164 1818 190 An.
1841 164 1870 190 C.
1891 163 1961 191 1660

1788 786 1792 789 ι
1804 759 1916 780 Decretum
1933 759 1961 780 it-

1777 788 1849 806 ritans.

1813 2415 1959 2441 Transumptts

1773 2444 1832 2464 credi
1848 2443 1939 2464 ina-ittet.
