<?xml version="1.0" encoding="UTF-8"?>
<!DOCTYPE html PUBLIC "-//W3C//DTD XHTML 1.0 Transitional//EN"
    "http://www.w3.org/TR/xhtml1/DTD/xhtml1-transitional.dtd">
<html xmlns="http://www.w3.org/1999/xhtml" xml:lang="en" lang="en">
 <head>
  <title>
</title>
<meta http-equiv="Content-Type" content="text/html;charset=utf-8" />
  <meta name='ocr-system' content='tesseract 3.04.00' />
  <meta name='ocr-capabilities' content='ocr_page ocr_carea ocr_par ocr_line ocrx_word'/>
</head>
<body>
  <div class='ocr_page' id='page_1' title='image "./bullarumdiplomat16cath_0856.png"; bbox 0 0 2202 3190; ppageno 0'>
   <div class='ocr_carea' id='block_1_1' title="bbox 425 178 1325 212">
    <p class='ocr_par' dir='ltr' id='par_1_1' title="bbox 425 178 1325 212">
     <span class='ocr_line' id='line_1_1' title="bbox 425 178 1325 212; baseline -0.002 -1"><span class='ocrx_word' id='word_1_1' title='bbox 425 178 490 212; x_wconf 65' lang='lat'>&#39;82⁶2</span> <span class='ocrx_word' id='word_1_2' title='bbox 975 185 1069 209; x_wconf 63' lang='lat' dir='ltr'>mmm</span> <span class='ocrx_word' id='word_1_3' title='bbox 1076 184 1151 210; x_wconf 73' lang='lat' dir='ltr'>airu</span> <span class='ocrx_word' id='word_1_4' title='bbox 1175 183 1325 209; x_wconf 67' lang='lat' dir='ltr'>nomnen</span> 
     </span>
    </p>
   </div>
   <div class='ocr_carea' id='block_1_2' title="bbox 380 237 1124 2630">
    <p class='ocr_par' dir='ltr' id='par_1_2' title="bbox 384 237 1124 439">
     <span class='ocr_line' id='line_1_2' title="bbox 384 237 1123 282; baseline -0.004 -9"><span class='ocrx_word' id='word_1_5' title='bbox 384 240 494 273; x_wconf 77' lang='lat' dir='ltr'><strong>XXXV.</strong></span> <span class='ocrx_word' id='word_1_6' title='bbox 521 238 725 272; x_wconf 74' lang='lat' dir='ltr'>Confirmatio</span> <span class='ocrx_word' id='word_1_7' title='bbox 750 237 988 282; x_wconf 83' lang='lat' dir='ltr'>privilegiorum</span> <span class='ocrx_word' id='word_1_8' title='bbox 1014 248 1123 271; x_wconf 59' lang='lat' dir='ltr'>mona&lt;</span> 
     </span>
     <span class='ocr_line' id='line_1_3' title="bbox 471 290 1124 334; baseline -0.003 -9"><span class='ocrx_word' id='word_1_9' title='bbox 471 291 558 325; x_wconf 84' lang='lat' dir='ltr'>sterii</span> <span class='ocrx_word' id='word_1_10' title='bbox 585 291 619 323; x_wconf 89' lang='lat' dir='ltr'>B.</span> <span class='ocrx_word' id='word_1_11' title='bbox 640 291 757 324; x_wconf 79' lang='lat' dir='ltr'>Mariae</span> <span class='ocrx_word' id='word_1_12' title='bbox 777 290 913 334; x_wconf 76' lang='lat' dir='ltr'>Virginis</span> <span class='ocrx_word' id='word_1_13' title='bbox 934 291 973 323; x_wconf 87' lang='lat' dir='ltr'>de</span> <span class='ocrx_word' id='word_1_14' title='bbox 993 292 1124 324; x_wconf 72' lang='lat' dir='ltr'>Monter-</span> 
     </span>
     <span class='ocr_line' id='line_1_4' title="bbox 471 343 1122 378; baseline -0.002 -1"><span class='ocrx_word' id='word_1_15' title='bbox 471 351 540 378; x_wconf 86' lang='lat' dir='ltr'>rato</span> <span class='ocrx_word' id='word_1_16' title='bbox 564 344 691 377; x_wconf 76' lang='lat' dir='ltr'>Ordinis</span> <span class='ocrx_word' id='word_1_17' title='bbox 709 343 807 377; x_wconf 79' lang='lat' dir='ltr'>sancti</span> <span class='ocrx_word' id='word_1_18' title='bbox 826 344 986 378; x_wconf 79' lang='lat' dir='ltr'>Benedicti</span> <span class='ocrx_word' id='word_1_19' title='bbox 1003 344 1122 377; x_wconf 86' lang='lat' dir='ltr'>nullius</span> 
     </span>
     <span class='ocr_line' id='line_1_5' title="bbox 473 396 968 439; baseline 0.008 -12"><span class='ocrx_word' id='word_1_20' title='bbox 473 397 630 431; x_wconf 84' lang='lat' dir='ltr'>dioecesis</span> <span class='ocrx_word' id='word_1_21' title='bbox 654 407 709 431; x_wconf 89' lang='lat' dir='ltr'>scu</span> <span class='ocrx_word' id='word_1_22' title='bbox 735 397 889 439; x_wconf 68' lang='lat' dir='ltr'>vicensis,</span> <span class='ocrx_word' id='word_1_23' title='bbox 917 396 968 431; x_wconf 79' lang='lat'>65.</span> 
     </span>
    </p>

    <p class='ocr_par' dir='ltr' id='par_1_3' title="bbox 385 450 1124 1186">
     <span class='ocr_line' id='line_1_6' title="bbox 385 450 1124 494; baseline -0.001 -10"><span class='ocrx_word' id='word_1_24' title='bbox 385 451 508 484; x_wconf 74' lang='lat' dir='ltr'>xxxvl.</span> <span class='ocrx_word' id='word_1_25' title='bbox 535 451 621 484; x_wconf 87' lang='lat' dir='ltr'>Circa</span> <span class='ocrx_word' id='word_1_26' title='bbox 646 450 812 494; x_wconf 73' lang='lat' dir='ltr'>paritatem</span> <span class='ocrx_word' id='word_1_27' title='bbox 838 456 983 484; x_wconf 83' lang='lat' dir='ltr'>votorum</span> <span class='ocrx_word' id='word_1_28' title='bbox 1002 451 1031 484; x_wconf 93' lang='lat' dir='ltr'>in</span> <span class='ocrx_word' id='word_1_29' title='bbox 1049 450 1124 485; x_wconf 82' lang='lat' dir='ltr'>‹lefl-</span> 
     </span>
     <span class='ocr_line' id='line_1_7' title="bbox 471 504 1121 548; baseline -0.002 -11"><span class='ocrx_word' id='word_1_30' title='bbox 471 504 587 538; x_wconf 90' lang='lat' dir='ltr'>nitorio</span> <span class='ocrx_word' id='word_1_31' title='bbox 612 504 870 548; x_wconf 84' lang='lat' dir='ltr'>congregationis</span> <span class='ocrx_word' id='word_1_32' title='bbox 901 504 1121 548; x_wconf 78' lang='lat' dir='ltr'>Hispaniarum</span> 
     </span>
     <span class='ocr_line' id='line_1_8' title="bbox 472 558 1122 591; baseline 0 -1"><span class='ocrx_word' id='word_1_33' title='bbox 472 558 604 591; x_wconf 79' lang='lat' dir='ltr'>fratrum</span> <span class='ocrx_word' id='word_1_34' title='bbox 618 558 884 591; x_wconf 86' lang='lat' dir='ltr'>Discalceatorum</span> <span class='ocrx_word' id='word_1_35' title='bbox 900 558 1122 591; x_wconf 65' lang='lat' dir='ltr'>Sanctissimae</span> 
     </span>
     <span class='ocr_line' id='line_1_9' title="bbox 470 611 1122 655; baseline -0.002 -12"><span class='ocrx_word' id='word_1_36' title='bbox 470 611 638 644; x_wconf 76' lang='lat' dir='ltr'>Trinitatis</span> <span class='ocrx_word' id='word_1_37' title='bbox 651 611 889 653; x_wconf 85' lang='lat' dir='ltr'>Redemptionis</span> <span class='ocrx_word' id='word_1_38' title='bbox 908 611 1122 655; x_wconf 76' lang='lat' dir='ltr'>Captivorum,</span> 
     </span>
     <span class='ocr_line' id='line_1_10' title="bbox 469 664 1122 708; baseline -0.002 -11"><span class='ocrx_word' id='word_1_39' title='bbox 469 670 514 705; x_wconf 83' lang='lat' dir='ltr'>ut,</span> <span class='ocrx_word' id='word_1_40' title='bbox 539 664 563 698; x_wconf 92' lang='lat' dir='ltr'>si</span> <span class='ocrx_word' id='word_1_41' title='bbox 588 671 658 708; x_wconf 85' lang='lat' dir='ltr'>post</span> <span class='ocrx_word' id='word_1_42' title='bbox 685 670 747 698; x_wconf 91' lang='lat' dir='ltr'>tres</span> <span class='ocrx_word' id='word_1_43' title='bbox 764 665 920 698; x_wconf 79' lang='lat' dir='ltr'>sessiones</span> <span class='ocrx_word' id='word_1_44' title='bbox 941 675 1012 699; x_wconf 89' lang='lat' dir='ltr'>cum</span> <span class='ocrx_word' id='word_1_45' title='bbox 1039 664 1122 697; x_wconf 92' lang='lat' dir='ltr'>trino</span> 
     </span>
     <span class='ocr_line' id='line_1_11' title="bbox 473 717 1122 761; baseline 0.002 -12"><span class='ocrx_word' id='word_1_46' title='bbox 473 718 506 750; x_wconf 92' lang='lat' dir='ltr'>in</span> <span class='ocrx_word' id='word_1_47' title='bbox 538 717 674 761; x_wconf 82' lang='lat' dir='ltr'>singuiis</span> <span class='ocrx_word' id='word_1_48' title='bbox 698 718 853 751; x_wconf 80' lang='lat' dir='ltr'>scrutinio</span> <span class='ocrx_word' id='word_1_49' title='bbox 887 717 1037 752; x_wconf 84' lang='lat' dir='ltr'>resolutio</span> <span class='ocrx_word' id='word_1_50' title='bbox 1072 728 1122 751; x_wconf 89' lang='lat' dir='ltr'>ca-</span> 
     </span>
     <span class='ocr_line' id='line_1_12' title="bbox 468 771 1121 812; baseline -0.002 -8"><span class='ocrx_word' id='word_1_51' title='bbox 468 771 583 804; x_wconf 86' lang='lat' dir='ltr'>noniea</span> <span class='ocrx_word' id='word_1_52' title='bbox 606 782 670 804; x_wconf 88' lang='lat' dir='ltr'>non</span> <span class='ocrx_word' id='word_1_53' title='bbox 696 772 912 812; x_wconf 66' lang='lat' dir='ltr'>emanarerit,</span> <span class='ocrx_word' id='word_1_54' title='bbox 940 777 1015 805; x_wconf 88' lang='lat' dir='ltr'>tunc</span> <span class='ocrx_word' id='word_1_55' title='bbox 1039 781 1121 804; x_wconf 87' lang='lat' dir='ltr'>unus</span> 
     </span>
     <span class='ocr_line' id='line_1_13' title="bbox 470 823 1123 869; baseline -0.003 -11"><span class='ocrx_word' id='word_1_56' title='bbox 470 836 506 858; x_wconf 85' lang='lat' dir='ltr'>ex</span> <span class='ocrx_word' id='word_1_57' title='bbox 530 824 781 869; x_wconf 87' lang='lat' dir='ltr'>provincialibus</span> <span class='ocrx_word' id='word_1_58' title='bbox 811 823 997 865; x_wconf 71' lang='lat' dir='ltr'>successive,</span> <span class='ocrx_word' id='word_1_59' title='bbox 1021 830 1051 857; x_wconf 89' lang='lat' dir='ltr'>et</span> <span class='ocrx_word' id='word_1_60' title='bbox 1078 824 1123 857; x_wconf 89' lang='lat' dir='ltr'>al-</span> 
     </span>
     <span class='ocr_line' id='line_1_14' title="bbox 470 877 1123 922; baseline -0.003 -10"><span class='ocrx_word' id='word_1_61' title='bbox 470 878 615 912; x_wconf 85' lang='lat' dir='ltr'>ternatim</span> <span class='ocrx_word' id='word_1_62' title='bbox 641 889 695 922; x_wconf 84' lang='lat' dir='ltr'>per</span> <span class='ocrx_word' id='word_1_63' title='bbox 720 884 862 918; x_wconf 79' lang='lat' dir='ltr'>turnum,</span> <span class='ocrx_word' id='word_1_64' title='bbox 881 879 967 911; x_wconf 85' lang='lat' dir='ltr'>iuxta</span> <span class='ocrx_word' id='word_1_65' title='bbox 987 877 1123 921; x_wconf 89' lang='lat' dir='ltr'>antiqui-</span> 
     </span>
     <span class='ocr_line' id='line_1_15' title="bbox 472 930 1121 975; baseline 0 -11"><span class='ocrx_word' id='word_1_66' title='bbox 472 936 567 965; x_wconf 84' lang='lat' dir='ltr'>tatem</span> <span class='ocrx_word' id='word_1_67' title='bbox 587 942 716 965; x_wconf 84' lang='lat' dir='ltr'>suarum</span> <span class='ocrx_word' id='word_1_68' title='bbox 737 930 988 975; x_wconf 84' lang='lat' dir='ltr'>provinciarum,</span> <span class='ocrx_word' id='word_1_69' title='bbox 1014 936 1121 965; x_wconf 90' lang='lat' dir='ltr'>votum</span> 
     </span>
     <span class='ocr_line' id='line_1_16' title="bbox 469 975 1123 1028; baseline -0.002 -10"><span class='ocrx_word' id='word_1_70' title='bbox 469 985 590 1019; x_wconf 86' lang='lat' dir='ltr'>habere</span> <span class='ocrx_word' id='word_1_71' title='bbox 607 985 721 1019; x_wconf 88' lang='lat' dir='ltr'>debeat</span> <span class='ocrx_word' id='word_1_72' title='bbox 739 984 770 1018; x_wconf 94' lang='lat' dir='ltr'>in</span> <span class='ocrx_word' id='word_1_73' title='bbox 789 985 973 1018; x_wconf 84' lang='lat' dir='ltr'>definitorio</span> <span class='ocrx_word' id='word_1_74' title='bbox 989 995 1047 1028; x_wconf 91' lang='lat' dir='ltr'>pro</span> <span class='ocrx_word' id='word_1_75' title='bbox 1067 975 1123 1018; x_wconf 59' lang='lat' dir='ltr'>inti</span> 
     </span>
     <span class='ocr_line' id='line_1_17' title="bbox 469 1039 1121 1082; baseline -0.002 -10"><span class='ocrx_word' id='word_1_76' title='bbox 469 1039 536 1073; x_wconf 87' lang='lat' dir='ltr'>vice</span> <span class='ocrx_word' id='word_1_77' title='bbox 551 1067 558 1080; x_wconf 86' lang='lat'>,</span> <span class='ocrx_word' id='word_1_78' title='bbox 600 1039 718 1082; x_wconf 80' lang='lat' dir='ltr'>absque</span> <span class='ocrx_word' id='word_1_79' title='bbox 756 1044 861 1072; x_wconf 88' lang='lat' dir='ltr'>tamen</span> <span class='ocrx_word' id='word_1_80' title='bbox 899 1039 1121 1082; x_wconf 69' lang='lat' dir='ltr'>praerogativa</span> 
     </span>
     <span class='ocr_line' id='line_1_18' title="bbox 469 1091 1120 1136; baseline 0 -11"><span class='ocrx_word' id='word_1_81' title='bbox 469 1097 522 1126; x_wconf 89' lang='lat' dir='ltr'>aut</span> <span class='ocrx_word' id='word_1_82' title='bbox 546 1091 722 1126; x_wconf 80' lang='lat' dir='ltr'>definitoris</span> <span class='ocrx_word' id='word_1_83' title='bbox 746 1092 905 1136; x_wconf 83' lang='lat' dir='ltr'>generalis</span> <span class='ocrx_word' id='word_1_84' title='bbox 930 1091 1120 1126; x_wconf 89' lang='lat' dir='ltr'>denomina-</span> 
     </span>
     <span class='ocr_line' id='line_1_19' title="bbox 470 1145 643 1186; baseline 0 -8"><span class='ocrx_word' id='word_1_85' title='bbox 470 1145 566 1186; x_wconf 82' lang='lat' dir='ltr'>tione,</span> <span class='ocrx_word' id='word_1_86' title='bbox 591 1145 643 1178; x_wconf 85' lang='grc'>66.</span> 
     </span>
    </p>

    <p class='ocr_par' dir='ltr' id='par_1_4' title="bbox 380 1198 1120 1348">
     <span class='ocr_line' id='line_1_20' title="bbox 380 1198 1120 1244; baseline 0.001 -13"><span class='ocrx_word' id='word_1_87' title='bbox 380 1198 516 1231; x_wconf 79' lang='lat' dir='ltr'><strong>XXXVII</strong></span> <span class='ocrx_word' id='word_1_88' title='bbox 541 1198 746 1232; x_wconf 86' lang='lat' dir='ltr'>Confirmatio</span> <span class='ocrx_word' id='word_1_89' title='bbox 770 1198 1032 1244; x_wconf 81' lang='lat' dir='ltr'>Congregationis</span> <span class='ocrx_word' id='word_1_90' title='bbox 1049 1199 1120 1232; x_wconf 88' lang='lat' dir='ltr'>Mis-</span> 
     </span>
     <span class='ocr_line' id='line_1_21' title="bbox 468 1251 1117 1289; baseline 0.002 -4"><span class='ocrx_word' id='word_1_91' title='bbox 468 1251 566 1285; x_wconf 85' lang='lat' dir='ltr'>sionis</span> <span class='ocrx_word' id='word_1_92' title='bbox 592 1252 623 1284; x_wconf 91' lang='lat' dir='ltr'>in</span> <span class='ocrx_word' id='word_1_93' title='bbox 648 1251 760 1289; x_wconf 78' lang='lat' dir='ltr'>Gallia,</span> <span class='ocrx_word' id='word_1_94' title='bbox 786 1263 858 1285; x_wconf 90' lang='lat' dir='ltr'>cum</span> <span class='ocrx_word' id='word_1_95' title='bbox 883 1254 1117 1287; x_wconf 89' lang='lat' dir='ltr'>nonnullorum</span> 
     </span>
     <span class='ocr_line' id='line_1_22' title="bbox 469 1305 953 1348; baseline 0.004 -11"><span class='ocrx_word' id='word_1_96' title='bbox 469 1305 640 1338; x_wconf 79' lang='lat' dir='ltr'>dubiorum</span> <span class='ocrx_word' id='word_1_97' title='bbox 666 1306 873 1348; x_wconf 80' lang='lat' dir='ltr'>resolutione,</span> <span class='ocrx_word' id='word_1_98' title='bbox 901 1306 953 1340; x_wconf 76' lang='lat'>67.</span> 
     </span>
    </p>

    <p class='ocr_par' dir='ltr' id='par_1_5' title="bbox 382 1358 1120 1721">
     <span class='ocr_line' id='line_1_23' title="bbox 382 1358 1119 1402; baseline 0 -9"><span class='ocrx_word' id='word_1_99' title='bbox 382 1358 539 1393; x_wconf 80' lang='lat' dir='ltr'><strong>XXXVIII.</strong></span> <span class='ocrx_word' id='word_1_100' title='bbox 577 1358 680 1402; x_wconf 82' lang='lat' dir='ltr'>Super</span> <span class='ocrx_word' id='word_1_101' title='bbox 715 1359 858 1393; x_wconf 87' lang='lat' dir='ltr'>dominio</span> <span class='ocrx_word' id='word_1_102' title='bbox 889 1366 1063 1394; x_wconf 83' lang='lat' dir='ltr'>conventus</span> <span class='ocrx_word' id='word_1_103' title='bbox 1089 1360 1119 1393; x_wconf 78' lang='lat' dir='ltr'><strong>S.</strong></span> 
     </span>
     <span class='ocr_line' id='line_1_24' title="bbox 468 1412 1119 1447; baseline 0.003 -2"><span class='ocrx_word' id='word_1_104' title='bbox 468 1412 583 1445; x_wconf 89' lang='lat' dir='ltr'>Mariae</span> <span class='ocrx_word' id='word_1_105' title='bbox 605 1412 645 1445; x_wconf 91' lang='lat' dir='ltr'>de</span> <span class='ocrx_word' id='word_1_106' title='bbox 669 1413 808 1446; x_wconf 71' lang='lat' dir='ltr'>Victoria</span> <span class='ocrx_word' id='word_1_107' title='bbox 828 1413 962 1447; x_wconf 80' lang='lat' dir='ltr'>fratrum</span> <span class='ocrx_word' id='word_1_108' title='bbox 988 1414 1119 1447; x_wconf 84' lang='lat' dir='ltr'>Carme—</span> 
     </span>
     <span class='ocr_line' id='line_1_25' title="bbox 468 1459 1119 1510; baseline 0.006 -13"><span class='ocrx_word' id='word_1_109' title='bbox 468 1465 598 1498; x_wconf 89' lang='lat' dir='ltr'>litarum</span> <span class='ocrx_word' id='word_1_110' title='bbox 635 1465 903 1499; x_wconf 81' lang='lat' dir='ltr'>Discalceatorum</span> <span class='ocrx_word' id='word_1_111' title='bbox 936 1459 1119 1510; x_wconf 77' lang='lat' dir='ltr'>provinciae</span> 
     </span>
     <span class='ocr_line' id='line_1_26' title="bbox 469 1517 1119 1562; baseline 0.005 -12"><span class='ocrx_word' id='word_1_112' title='bbox 469 1517 630 1551; x_wconf 85' lang='lat' dir='ltr'>Romanae</span> <span class='ocrx_word' id='word_1_113' title='bbox 655 1523 683 1551; x_wconf 93' lang='lat' dir='ltr'>et</span> <span class='ocrx_word' id='word_1_114' title='bbox 708 1519 938 1562; x_wconf 78' lang='lat' dir='ltr'>gubernatione</span> <span class='ocrx_word' id='word_1_115' title='bbox 959 1520 1119 1553; x_wconf 86' lang='lat' dir='ltr'>seminarii</span> 
     </span>
     <span class='ocr_line' id='line_1_27' title="bbox 468 1570 1120 1607; baseline 0.005 -4"><span class='ocrx_word' id='word_1_116' title='bbox 468 1570 499 1603; x_wconf 84' lang='lat' dir='ltr'><strong>S.</strong></span> <span class='ocrx_word' id='word_1_117' title='bbox 520 1571 608 1604; x_wconf 80' lang='lat' dir='ltr'>Pauli</span> <span class='ocrx_word' id='word_1_118' title='bbox 625 1571 656 1604; x_wconf 93' lang='lat' dir='ltr'>in</span> <span class='ocrx_word' id='word_1_119' title='bbox 675 1572 786 1605; x_wconf 90' lang='lat' dir='ltr'>eodem</span> <span class='ocrx_word' id='word_1_120' title='bbox 810 1579 968 1607; x_wconf 87' lang='lat' dir='ltr'>conventu</span> <span class='ocrx_word' id='word_1_121' title='bbox 987 1573 1120 1607; x_wconf 85' lang='lat' dir='ltr'>existen-</span> 
     </span>
     <span class='ocr_line' id='line_1_28' title="bbox 469 1624 1120 1669; baseline 0.005 -12"><span class='ocrx_word' id='word_1_122' title='bbox 469 1624 527 1665; x_wconf 88' lang='lat' dir='ltr'>tis,</span> <span class='ocrx_word' id='word_1_123' title='bbox 551 1636 676 1659; x_wconf 88' lang='lat' dir='ltr'>necnon</span> <span class='ocrx_word' id='word_1_124' title='bbox 707 1636 803 1669; x_wconf 81' lang='lat' dir='ltr'>super</span> <span class='ocrx_word' id='word_1_125' title='bbox 837 1627 1120 1662; x_wconf 83' lang='lat' dir='ltr'>administratione</span> 
     </span>
     <span class='ocr_line' id='line_1_29' title="bbox 467 1678 1005 1721; baseline 0.007 -11"><span class='ocrx_word' id='word_1_126' title='bbox 467 1678 625 1711; x_wconf 84' lang='lat' dir='ltr'>honorum</span> <span class='ocrx_word' id='word_1_127' title='bbox 650 1678 725 1711; x_wconf 83' lang='lat' dir='ltr'>dicti</span> <span class='ocrx_word' id='word_1_128' title='bbox 751 1680 926 1721; x_wconf 81' lang='lat' dir='ltr'>seminarii,</span> <span class='ocrx_word' id='word_1_129' title='bbox 953 1680 1005 1714; x_wconf 78' lang='lat'>69.</span> 
     </span>
    </p>

    <p class='ocr_par' dir='ltr' id='par_1_6' title="bbox 381 1730 1121 1831">
     <span class='ocr_line' id='line_1_30' title="bbox 381 1730 1120 1768; baseline 0.008 -6"><span class='ocrx_word' id='word_1_130' title='bbox 381 1730 507 1764; x_wconf 87' lang='lat' dir='ltr'><strong>XXXIX.</strong></span> <span class='ocrx_word' id='word_1_131' title='bbox 542 1730 689 1765; x_wconf 84' lang='lat' dir='ltr'>Facultas</span> <span class='ocrx_word' id='word_1_132' title='bbox 723 1733 840 1766; x_wconf 86' lang='lat' dir='ltr'>nuncio</span> <span class='ocrx_word' id='word_1_133' title='bbox 872 1733 1020 1768; x_wconf 82' lang='lat' dir='ltr'>Coloniae</span> <span class='ocrx_word' id='word_1_134' title='bbox 1059 1735 1120 1767; x_wconf 85' lang='lat' dir='ltr'>ab—</span> 
     </span>
     <span class='ocr_line' id='line_1_31' title="bbox 467 1784 1121 1831; baseline 0.006 -15"><span class='ocrx_word' id='word_1_135' title='bbox 467 1784 608 1818; x_wconf 88' lang='lat' dir='ltr'>solvendi</span> <span class='ocrx_word' id='word_1_136' title='bbox 633 1795 650 1817; x_wconf 90' lang='lat' dir='ltr'>a</span> <span class='ocrx_word' id='word_1_137' title='bbox 675 1786 817 1818; x_wconf 85' lang='lat' dir='ltr'>censuris</span> <span class='ocrx_word' id='word_1_138' title='bbox 841 1787 925 1828; x_wconf 86' lang='lat' dir='ltr'>illos,</span> <span class='ocrx_word' id='word_1_139' title='bbox 943 1788 1010 1831; x_wconf 84' lang='lat' dir='ltr'>qui,</span> <span class='ocrx_word' id='word_1_140' title='bbox 1030 1799 1121 1822; x_wconf 88' lang='lat' dir='ltr'>occa-</span> 
     </span>
    </p>

    <p class='ocr_par' dir='ltr' id='par_1_7' title="bbox 444 1838 1122 2252">
     <span class='ocr_line' id='line_1_32' title="bbox 444 1838 1122 1883; baseline 0.007 -13"><span class='ocrx_word' id='word_1_141' title='bbox 444 1875 449 1880; x_wconf 23' lang='lat'>*</span> <span class='ocrx_word' id='word_1_142' title='bbox 468 1839 557 1871; x_wconf 90' lang='lat' dir='ltr'>sione</span> <span class='ocrx_word' id='word_1_143' title='bbox 571 1838 743 1872; x_wconf 86' lang='lat' dir='ltr'>invasionis</span> <span class='ocrx_word' id='word_1_144' title='bbox 763 1840 852 1883; x_wconf 83' lang='lat' dir='ltr'>regni</span> <span class='ocrx_word' id='word_1_145' title='bbox 875 1841 1026 1874; x_wconf 81' lang='lat' dir='ltr'>Poloniae</span> <span class='ocrx_word' id='word_1_146' title='bbox 1046 1842 1122 1875; x_wconf 85' lang='lat' dir='ltr'>Mos-</span> 
     </span>
     <span class='ocr_line' id='line_1_33' title="bbox 469 1892 1118 1937; baseline 0.006 -13"><span class='ocrx_word' id='word_1_147' title='bbox 469 1902 580 1925; x_wconf 84' lang='lat' dir='ltr'>eorum</span> <span class='ocrx_word' id='word_1_148' title='bbox 605 1898 634 1926; x_wconf 90' lang='lat' dir='ltr'>et</span> <span class='ocrx_word' id='word_1_149' title='bbox 667 1892 840 1927; x_wconf 86' lang='lat' dir='ltr'>Svccorum</span> <span class='ocrx_word' id='word_1_150' title='bbox 872 1895 970 1927; x_wconf 87' lang='lat' dir='ltr'>armis</span> <span class='ocrx_word' id='word_1_151' title='bbox 995 1896 1118 1937; x_wconf 85' lang='lat' dir='ltr'>sactae,</span> 
     </span>
     <span class='ocr_line' id='line_1_34' title="bbox 469 1946 1122 1988; baseline 0.003 -9"><span class='ocrx_word' id='word_1_152' title='bbox 469 1956 542 1979; x_wconf 89' lang='lat' dir='ltr'>vasa</span> <span class='ocrx_word' id='word_1_153' title='bbox 567 1951 596 1979; x_wconf 86' lang='lat' dir='ltr'>et</span> <span class='ocrx_word' id='word_1_154' title='bbox 622 1946 680 1979; x_wconf 85' lang='lat' dir='ltr'>alia</span> <span class='ocrx_word' id='word_1_155' title='bbox 710 1947 858 1980; x_wconf 86' lang='lat' dir='ltr'>utensilia</span> <span class='ocrx_word' id='word_1_156' title='bbox 884 1959 973 1982; x_wconf 84' lang='lat' dir='ltr'>sacra</span> <span class='ocrx_word' id='word_1_157' title='bbox 991 1976 998 1988; x_wconf 92' lang='lat'>,</span> <span class='ocrx_word' id='word_1_158' title='bbox 1025 1959 1122 1982; x_wconf 82' lang='lat' dir='ltr'>aurea</span> 
     </span>
     <span class='ocr_line' id='line_1_35' title="bbox 468 2001 1121 2043; baseline 0.005 -11"><span class='ocrx_word' id='word_1_159' title='bbox 468 2004 497 2032; x_wconf 86' lang='lat' dir='ltr'>et</span> <span class='ocrx_word' id='word_1_160' title='bbox 521 2004 687 2043; x_wconf 81' lang='lat' dir='ltr'>argentea,</span> <span class='ocrx_word' id='word_1_161' title='bbox 712 2011 748 2033; x_wconf 92' lang='lat' dir='ltr'>ac</span> <span class='ocrx_word' id='word_1_162' title='bbox 772 2001 885 2035; x_wconf 86' lang='lat' dir='ltr'>iocalia</span> <span class='ocrx_word' id='word_1_163' title='bbox 916 2002 1121 2035; x_wconf 85' lang='lat' dir='ltr'>ecclesiarum</span> 
     </span>
     <span class='ocr_line' id='line_1_36' title="bbox 468 2052 1121 2097; baseline 0.005 -12"><span class='ocrx_word' id='word_1_164' title='bbox 468 2058 499 2086; x_wconf 87' lang='lat' dir='ltr'>et</span> <span class='ocrx_word' id='word_1_165' title='bbox 524 2052 668 2086; x_wconf 89' lang='lat' dir='ltr'>locorum</span> <span class='ocrx_word' id='word_1_166' title='bbox 692 2053 820 2097; x_wconf 89' lang='lat' dir='ltr'>piorum</span> <span class='ocrx_word' id='word_1_167' title='bbox 856 2054 1057 2089; x_wconf 89' lang='lat' dir='ltr'>tradiderunt</span> <span class='ocrx_word' id='word_1_168' title='bbox 1083 2055 1121 2088; x_wconf 88' lang='lat' dir='ltr'>ad</span> 
     </span>
     <span class='ocr_line' id='line_1_37' title="bbox 469 2105 1119 2150; baseline 0.008 -12"><span class='ocrx_word' id='word_1_169' title='bbox 469 2105 673 2139; x_wconf 76' lang='lat' dir='ltr'>conflandum</span> <span class='ocrx_word' id='word_1_170' title='bbox 700 2112 730 2140; x_wconf 91' lang='lat' dir='ltr'>et</span> <span class='ocrx_word' id='word_1_171' title='bbox 755 2108 938 2141; x_wconf 89' lang='lat' dir='ltr'>cudendum</span> <span class='ocrx_word' id='word_1_172' title='bbox 956 2119 1119 2150; x_wconf 80' lang='lat' dir='ltr'>nummos,</span> 
     </span>
     <span class='ocr_line' id='line_1_38' title="bbox 471 2158 1120 2206; baseline 0.008 -14"><span class='ocrx_word' id='word_1_173' title='bbox 471 2165 502 2192; x_wconf 85' lang='lat' dir='ltr'>ct</span> <span class='ocrx_word' id='word_1_174' title='bbox 525 2169 578 2192; x_wconf 87' lang='lat' dir='ltr'>cos</span> <span class='ocrx_word' id='word_1_175' title='bbox 605 2158 659 2203; x_wconf 84' lang='lat' dir='ltr'>qui</span> <span class='ocrx_word' id='word_1_176' title='bbox 692 2160 745 2192; x_wconf 90' lang='lat' dir='ltr'>illa</span> <span class='ocrx_word' id='word_1_177' title='bbox 776 2168 966 2206; x_wconf 87' lang='lat' dir='ltr'>acceperunt</span> <span class='ocrx_word' id='word_1_178' title='bbox 991 2168 1022 2196; x_wconf 90' lang='lat' dir='ltr'>et</span> <span class='ocrx_word' id='word_1_179' title='bbox 1047 2174 1120 2197; x_wconf 86' lang='lat' dir='ltr'>con-</span> 
     </span>
     <span class='ocr_line' id='line_1_39' title="bbox 470 2211 679 2252; baseline 0.005 -8"><span class='ocrx_word' id='word_1_180' title='bbox 470 2211 599 2252; x_wconf 88' lang='lat' dir='ltr'>ssarunt,</span> <span class='ocrx_word' id='word_1_181' title='bbox 627 2211 679 2245; x_wconf 63' lang='lat'>72.</span> 
     </span>
    </p>

    <p class='ocr_par' dir='ltr' id='par_1_8' title="bbox 383 2263 1120 2630">
     <span class='ocr_line' id='line_1_40' title="bbox 383 2263 1120 2312; baseline 0.011 -16"><span class='ocrx_word' id='word_1_182' title='bbox 383 2263 443 2296; x_wconf 82' lang='lat' dir='ltr'><strong>XL.</strong></span> <span class='ocrx_word' id='word_1_183' title='bbox 477 2264 618 2298; x_wconf 86' lang='lat' dir='ltr'>Declarat</span> <span class='ocrx_word' id='word_1_184' title='bbox 651 2266 875 2301; x_wconf 87' lang='lat' dir='ltr'>admissionem</span> <span class='ocrx_word' id='word_1_185' title='bbox 905 2270 1120 2312; x_wconf 81' lang='lat' dir='ltr'>professorum</span> 
     </span>
     <span class='ocr_line' id='line_1_41' title="bbox 470 2319 1117 2368; baseline 0.012 -18"><span class='ocrx_word' id='word_1_186' title='bbox 470 2319 509 2351; x_wconf 89' lang='lat' dir='ltr'>ad</span> <span class='ocrx_word' id='word_1_187' title='bbox 534 2319 792 2363; x_wconf 86' lang='lat' dir='ltr'>respondendum</span> <span class='ocrx_word' id='word_1_188' title='bbox 814 2332 871 2365; x_wconf 89' lang='lat' dir='ltr'>pro</span> <span class='ocrx_word' id='word_1_189' title='bbox 897 2323 968 2356; x_wconf 90' lang='lat' dir='ltr'>loco</span> <span class='ocrx_word' id='word_1_190' title='bbox 989 2325 1027 2357; x_wconf 86' lang='lat' dir='ltr'>ab</span> <span class='ocrx_word' id='word_1_191' title='bbox 1049 2325 1117 2368; x_wconf 90' lang='lat' dir='ltr'>epi-</span> 
     </span>
     <span class='ocr_line' id='line_1_42' title="bbox 471 2372 1119 2415; baseline 0.011 -11"><span class='ocrx_word' id='word_1_192' title='bbox 471 2382 568 2415; x_wconf 89' lang='lat' dir='ltr'>scopo</span> <span class='ocrx_word' id='word_1_193' title='bbox 592 2372 790 2407; x_wconf 86' lang='lat' dir='ltr'>Cracoviensi</span> <span class='ocrx_word' id='word_1_194' title='bbox 825 2387 888 2410; x_wconf 91' lang='lat' dir='ltr'>non</span> <span class='ocrx_word' id='word_1_195' title='bbox 917 2377 1020 2410; x_wconf 85' lang='lat' dir='ltr'>solum</span> <span class='ocrx_word' id='word_1_196' title='bbox 1047 2389 1119 2411; x_wconf 90' lang='lat' dir='ltr'>cum</span> 
     </span>
     <span class='ocr_line' id='line_1_43' title="bbox 472 2428 1117 2464; baseline 0.014 -8"><span class='ocrx_word' id='word_1_197' title='bbox 472 2431 594 2458; x_wconf 84' lang='lat' dir='ltr'>rectore</span> <span class='ocrx_word' id='word_1_198' title='bbox 618 2430 648 2459; x_wconf 90' lang='lat' dir='ltr'>et</span> <span class='ocrx_word' id='word_1_199' title='bbox 672 2428 799 2461; x_wconf 82' lang='lat' dir='ltr'>decanis</span> <span class='ocrx_word' id='word_1_200' title='bbox 831 2430 1017 2463; x_wconf 79' lang='lat' dir='ltr'>facultatum</span> <span class='ocrx_word' id='word_1_201' title='bbox 1042 2442 1117 2464; x_wconf 90' lang='lat' dir='ltr'>aca-</span> 
     </span>
     <span class='ocr_line' id='line_1_44' title="bbox 472 2476 1119 2523; baseline 0.012 -15"><span class='ocrx_word' id='word_1_202' title='bbox 472 2476 593 2511; x_wconf 87' lang='lat' dir='ltr'>demiae</span> <span class='ocrx_word' id='word_1_203' title='bbox 634 2480 849 2515; x_wconf 84' lang='lat' dir='ltr'>Cracoviensis</span> <span class='ocrx_word' id='word_1_204' title='bbox 870 2510 877 2523; x_wconf 86' lang='lat'><strong><em>,</em></strong></span> <span class='ocrx_word' id='word_1_205' title='bbox 920 2483 976 2515; x_wconf 81' lang='lat' dir='ltr'>scd</span> <span class='ocrx_word' id='word_1_206' title='bbox 1024 2483 1119 2517; x_wconf 85' lang='lat' dir='ltr'>etiam</span> 
     </span>
     <span class='ocr_line' id='line_1_45' title="bbox 472 2532 1120 2579; baseline 0.012 -17"><span class='ocrx_word' id='word_1_207' title='bbox 472 2540 543 2563; x_wconf 82' lang='lat' dir='ltr'>cum</span> <span class='ocrx_word' id='word_1_208' title='bbox 570 2532 682 2565; x_wconf 83' lang='lat' dir='ltr'>ceteris</span> <span class='ocrx_word' id='word_1_209' title='bbox 699 2561 706 2574; x_wconf 83' lang='lat'>‚</span> <span class='ocrx_word' id='word_1_210' title='bbox 742 2535 781 2567; x_wconf 87' lang='lat' dir='ltr'>ad</span> <span class='ocrx_word' id='word_1_211' title='bbox 811 2546 891 2579; x_wconf 83' lang='lat' dir='ltr'>quos</span> <span class='ocrx_word' id='word_1_212' title='bbox 926 2536 1067 2579; x_wconf 80' lang='lat' dir='ltr'>legitime</span> <span class='ocrx_word' id='word_1_213' title='bbox 1093 2539 1120 2571; x_wconf 90' lang='lat' dir='ltr'>ei</span> 
     </span>
     <span class='ocr_line' id='line_1_46' title="bbox 473 2583 1105 2630; baseline 0.013 -15"><span class='ocrx_word' id='word_1_214' title='bbox 473 2583 623 2617; x_wconf 85' lang='lat' dir='ltr'>interesse</span> <span class='ocrx_word' id='word_1_215' title='bbox 648 2592 778 2628; x_wconf 77' lang='lat' dir='ltr'>spectat,</span> <span class='ocrx_word' id='word_1_216' title='bbox 808 2588 874 2620; x_wconf 83' lang='lat' dir='ltr'>lieri</span> <span class='ocrx_word' id='word_1_217' title='bbox 900 2589 1026 2630; x_wconf 88' lang='lat' dir='ltr'>debere,</span> <span class='ocrx_word' id='word_1_218' title='bbox 1053 2589 1105 2623; x_wconf 76' lang='lat'>73.</span> 
     </span>
    </p>
   </div>
   <div class='ocr_carea' id='block_1_3' title="bbox 1143 1485 1148 2290">
    <p class='ocr_par' dir='ltr' id='par_1_9' title="bbox 1143 1485 1148 2290">
     <span class='ocr_line' id='line_1_47' title="bbox 1143 1485 1148 2290; baseline 0 0"><span class='ocrx_word' id='word_1_219' title='bbox 1143 1485 1148 2290; x_wconf 95' lang='lat' dir='ltr'> </span> 
     </span>
    </p>
   </div>
   <div class='ocr_carea' id='block_1_4' title="bbox 1170 235 1913 1619">
    <p class='ocr_par' dir='ltr' id='par_1_10' title="bbox 1174 235 1911 438">
     <span class='ocr_line' id='line_1_48' title="bbox 1174 235 1910 271; baseline 0 -2"><span class='ocrx_word' id='word_1_220' title='bbox 1174 238 1247 270; x_wconf 81' lang='lat' dir='ltr'><strong>XLI.</strong></span> <span class='ocrx_word' id='word_1_221' title='bbox 1283 237 1428 271; x_wconf 89' lang='lat' dir='ltr'>Facultas</span> <span class='ocrx_word' id='word_1_222' title='bbox 1464 236 1586 271; x_wconf 86' lang='lat' dir='ltr'>abbatis</span> <span class='ocrx_word' id='word_1_223' title='bbox 1619 236 1649 270; x_wconf 83' lang='lat' dir='ltr'>S.</span> <span class='ocrx_word' id='word_1_224' title='bbox 1680 235 1757 271; x_wconf 91' lang='lat' dir='ltr'>Galli</span> <span class='ocrx_word' id='word_1_225' title='bbox 1783 235 1910 271; x_wconf 86' lang='lat' dir='ltr'>Ordinis</span> 
     </span>
     <span class='ocr_line' id='line_1_49' title="bbox 1262 289 1906 331; baseline 0 -8"><span class='ocrx_word' id='word_1_226' title='bbox 1262 290 1362 325; x_wconf 87' lang='lat' dir='ltr'>sancti</span> <span class='ocrx_word' id='word_1_227' title='bbox 1387 290 1561 331; x_wconf 85' lang='lat' dir='ltr'>Benedicti,</span> <span class='ocrx_word' id='word_1_228' title='bbox 1587 291 1705 324; x_wconf 87' lang='lat' dir='ltr'>nullius</span> <span class='ocrx_word' id='word_1_229' title='bbox 1734 289 1906 331; x_wconf 86' lang='lat' dir='ltr'>dioecesis,</span> 
     </span>
     <span class='ocr_line' id='line_1_50' title="bbox 1262 342 1911 388; baseline 0 -12"><span class='ocrx_word' id='word_1_230' title='bbox 1262 344 1444 388; x_wconf 86' lang='lat' dir='ltr'>provinciae</span> <span class='ocrx_word' id='word_1_231' title='bbox 1469 343 1684 387; x_wconf 82' lang='lat' dir='ltr'>Moguntinae‚</span> <span class='ocrx_word' id='word_1_232' title='bbox 1709 342 1836 377; x_wconf 89' lang='lat' dir='ltr'>creandi</span> <span class='ocrx_word' id='word_1_233' title='bbox 1853 353 1911 376; x_wconf 89' lang='lat' dir='ltr'>no-</span> 
     </span>
     <span class='ocr_line' id='line_1_51' title="bbox 1263 397 1559 438; baseline 0 -8"><span class='ocrx_word' id='word_1_234' title='bbox 1263 398 1378 438; x_wconf 89' lang='lat' dir='ltr'>tarios,</span> <span class='ocrx_word' id='word_1_235' title='bbox 1405 404 1480 438; x_wconf 60' lang='lat' dir='ltr'>etc„</span> <span class='ocrx_word' id='word_1_236' title='bbox 1507 397 1559 430; x_wconf 82' lang='lat'><strong>73.</strong></span> 
     </span>
    </p>

    <p class='ocr_par' dir='ltr' id='par_1_11' title="bbox 1174 449 1913 548">
     <span class='ocr_line' id='line_1_52' title="bbox 1174 449 1913 485; baseline 0 -3"><span class='ocrx_word' id='word_1_237' title='bbox 1174 450 1262 483; x_wconf 86' lang='lat' dir='ltr'><strong>XLII.</strong></span> <span class='ocrx_word' id='word_1_238' title='bbox 1292 450 1471 485; x_wconf 80' lang='lat' dir='ltr'>Facultates</span> <span class='ocrx_word' id='word_1_239' title='bbox 1497 450 1679 485; x_wconf 88' lang='lat' dir='ltr'>absolvendi</span> <span class='ocrx_word' id='word_1_240' title='bbox 1707 449 1745 484; x_wconf 86' lang='lat' dir='ltr'>ab</span> <span class='ocrx_word' id='word_1_241' title='bbox 1777 449 1913 484; x_wconf 86' lang='lat' dir='ltr'>haeresi-</span> 
     </span>
     <span class='ocr_line' id='line_1_53' title="bbox 1262 502 1910 548; baseline -0.002 -11"><span class='ocrx_word' id='word_1_242' title='bbox 1262 504 1320 537; x_wconf 87' lang='lat' dir='ltr'>bus</span> <span class='ocrx_word' id='word_1_243' title='bbox 1333 504 1523 538; x_wconf 85' lang='lat' dir='ltr'>Christinam</span> <span class='ocrx_word' id='word_1_244' title='bbox 1541 505 1685 548; x_wconf 83' lang='lat' dir='ltr'>reginam</span> <span class='ocrx_word' id='word_1_245' title='bbox 1703 503 1842 545; x_wconf 85' lang='lat' dir='ltr'>Sveciae‚</span> <span class='ocrx_word' id='word_1_246' title='bbox 1859 502 1910 536; x_wconf 72' lang='lat'><strong>74.</strong></span> 
     </span>
    </p>

    <p class='ocr_par' dir='ltr' id='par_1_12' title="bbox 1173 556 1913 764">
     <span class='ocr_line' id='line_1_54' title="bbox 1173 556 1913 603; baseline 0 -13"><span class='ocrx_word' id='word_1_247' title='bbox 1173 557 1273 590; x_wconf 82' lang='lat' dir='ltr'><strong>XLIII.</strong></span> <span class='ocrx_word' id='word_1_248' title='bbox 1291 556 1506 592; x_wconf 85' lang='lat' dir='ltr'>Hortatorium</span> <span class='ocrx_word' id='word_1_249' title='bbox 1521 558 1759 603; x_wconf 85' lang='lat' dir='ltr'>archiepiscopo</span> <span class='ocrx_word' id='word_1_250' title='bbox 1768 557 1913 592; x_wconf 86' lang='lat' dir='ltr'>Caesara-</span> 
     </span>
     <span class='ocr_line' id='line_1_55' title="bbox 1261 611 1912 653; baseline 0.002 -10"><span class='ocrx_word' id='word_1_251' title='bbox 1261 617 1396 653; x_wconf 84' lang='lat' dir='ltr'>gustano</span> <span class='ocrx_word' id='word_1_252' title='bbox 1427 622 1466 645; x_wconf 90' lang='lat' dir='ltr'>ne</span> <span class='ocrx_word' id='word_1_253' title='bbox 1498 611 1728 645; x_wconf 84' lang='lat' dir='ltr'>ecclesiasticos</span> <span class='ocrx_word' id='word_1_254' title='bbox 1754 611 1794 644; x_wconf 90' lang='lat' dir='ltr'>ad</span> <span class='ocrx_word' id='word_1_255' title='bbox 1825 611 1912 644; x_wconf 86' lang='lat' dir='ltr'>solu-</span> 
     </span>
     <span class='ocr_line' id='line_1_56' title="bbox 1262 664 1909 710; baseline 0 -12"><span class='ocrx_word' id='word_1_256' title='bbox 1262 665 1383 698; x_wconf 84' lang='lat' dir='ltr'>tionem</span> <span class='ocrx_word' id='word_1_257' title='bbox 1408 665 1606 710; x_wconf 85' lang='lat' dir='ltr'>gabellarum</span> <span class='ocrx_word' id='word_1_258' title='bbox 1632 665 1730 699; x_wconf 88' lang='lat' dir='ltr'>teneri</span> <span class='ocrx_word' id='word_1_259' title='bbox 1749 664 1909 706; x_wconf 86' lang='lat' dir='ltr'>decernat,</span> 
     </span>
     <span class='ocr_line' id='line_1_57' title="bbox 1261 717 1868 764; baseline 0 -12"><span class='ocrx_word' id='word_1_260' title='bbox 1261 719 1324 752; x_wconf 88' lang='lat' dir='ltr'>nisi</span> <span class='ocrx_word' id='word_1_261' title='bbox 1349 719 1449 764; x_wconf 90' lang='lat' dir='ltr'>petito</span> <span class='ocrx_word' id='word_1_262' title='bbox 1474 719 1603 763; x_wconf 87' lang='lat' dir='ltr'>capituli</span> <span class='ocrx_word' id='word_1_263' title='bbox 1629 729 1796 760; x_wconf 90' lang='lat' dir='ltr'>consensu,</span> <span class='ocrx_word' id='word_1_264' title='bbox 1815 717 1868 752; x_wconf 88' lang='lat'>75.</span> 
     </span>
    </p>

    <p class='ocr_par' dir='ltr' id='par_1_13' title="bbox 1174 770 1912 922">
     <span class='ocr_line' id='line_1_58' title="bbox 1174 770 1912 817; baseline -0.001 -13"><span class='ocrx_word' id='word_1_265' title='bbox 1174 771 1276 805; x_wconf 75' lang='lat' dir='ltr'><strong>XLIV.</strong></span> <span class='ocrx_word' id='word_1_266' title='bbox 1302 772 1506 806; x_wconf 84' lang='lat' dir='ltr'>Confirmatio</span> <span class='ocrx_word' id='word_1_267' title='bbox 1523 772 1761 817; x_wconf 86' lang='lat' dir='ltr'>privilegiorum</span> <span class='ocrx_word' id='word_1_268' title='bbox 1786 770 1912 805; x_wconf 89' lang='lat' dir='ltr'>Ordinis</span> 
     </span>
     <span class='ocr_line' id='line_1_59' title="bbox 1261 824 1911 861; baseline -0.003 -2"><span class='ocrx_word' id='word_1_269' title='bbox 1261 826 1396 860; x_wconf 78' lang='lat' dir='ltr'>fratrum</span> <span class='ocrx_word' id='word_1_270' title='bbox 1413 826 1620 861; x_wconf 88' lang='lat' dir='ltr'>Minimorum</span> <span class='ocrx_word' id='word_1_271' title='bbox 1633 825 1734 860; x_wconf 81' lang='lat' dir='ltr'>sancti</span> <span class='ocrx_word' id='word_1_272' title='bbox 1750 824 1911 860; x_wconf 86' lang='lat' dir='ltr'>Francisci</span> 
     </span>
     <span class='ocr_line' id='line_1_60' title="bbox 1262 879 1511 922; baseline -0.004 -8"><span class='ocrx_word' id='word_1_273' title='bbox 1262 881 1301 914; x_wconf 88' lang='lat' dir='ltr'>de</span> <span class='ocrx_word' id='word_1_274' title='bbox 1325 880 1434 922; x_wconf 84' lang='lat' dir='ltr'>Paula,</span> <span class='ocrx_word' id='word_1_275' title='bbox 1459 879 1511 913; x_wconf 81' lang='lat'>76.</span> 
     </span>
    </p>

    <p class='ocr_par' dir='ltr' id='par_1_14' title="bbox 1173 931 1906 1031">
     <span class='ocr_line' id='line_1_61' title="bbox 1173 931 1906 978; baseline 0.001 -13"><span class='ocrx_word' id='word_1_276' title='bbox 1173 932 1258 965; x_wconf 85' lang='lat' dir='ltr'><strong>XLV.</strong></span> <span class='ocrx_word' id='word_1_277' title='bbox 1298 934 1467 968; x_wconf 81' lang='lat' dir='ltr'>Concessio</span> <span class='ocrx_word' id='word_1_278' title='bbox 1492 933 1732 978; x_wconf 85' lang='lat' dir='ltr'>privilegiorum</span> <span class='ocrx_word' id='word_1_279' title='bbox 1757 943 1816 978; x_wconf 92' lang='lat' dir='ltr'>pro</span> <span class='ocrx_word' id='word_1_280' title='bbox 1839 931 1906 966; x_wconf 83' lang='lat' dir='ltr'>suis</span> 
     </span>
     <span class='ocr_line' id='line_1_62' title="bbox 1260 986 1780 1031; baseline -0.002 -11"><span class='ocrx_word' id='word_1_281' title='bbox 1260 987 1454 1031; x_wconf 86' lang='lat' dir='ltr'>cappellanis</span> <span class='ocrx_word' id='word_1_282' title='bbox 1475 986 1709 1028; x_wconf 88' lang='lat' dir='ltr'>communibus,</span> <span class='ocrx_word' id='word_1_283' title='bbox 1728 986 1780 1020; x_wconf 87' lang='lat'><strong>77.</strong></span> 
     </span>
    </p>

    <p class='ocr_par' dir='ltr' id='par_1_15' title="bbox 1173 1040 1913 1242">
     <span class='ocr_line' id='line_1_63' title="bbox 1173 1040 1913 1086; baseline 0.001 -14"><span class='ocrx_word' id='word_1_284' title='bbox 1173 1040 1273 1075; x_wconf 80' lang='lat' dir='ltr'><strong>XLVI.</strong></span> <span class='ocrx_word' id='word_1_285' title='bbox 1298 1040 1504 1075; x_wconf 85' lang='lat' dir='ltr'>Confirmatio</span> <span class='ocrx_word' id='word_1_286' title='bbox 1524 1040 1762 1086; x_wconf 84' lang='lat' dir='ltr'>privilegiorum</span> <span class='ocrx_word' id='word_1_287' title='bbox 1778 1049 1913 1084; x_wconf 87' lang='lat' dir='ltr'>congre-</span> 
     </span>
     <span class='ocr_line' id='line_1_64' title="bbox 1260 1094 1911 1138; baseline 0 -11"><span class='ocrx_word' id='word_1_288' title='bbox 1260 1095 1395 1138; x_wconf 84' lang='lat' dir='ltr'>gationis</span> <span class='ocrx_word' id='word_1_289' title='bbox 1418 1094 1552 1129; x_wconf 84' lang='lat' dir='ltr'>fratrum</span> <span class='ocrx_word' id='word_1_290' title='bbox 1578 1094 1792 1129; x_wconf 88' lang='lat' dir='ltr'>Eremitarum</span> <span class='ocrx_word' id='word_1_291' title='bbox 1812 1094 1911 1128; x_wconf 87' lang='lat' dir='ltr'>sancti</span> 
     </span>
     <span class='ocr_line' id='line_1_65' title="bbox 1259 1148 1909 1192; baseline -0.002 -11"><span class='ocrx_word' id='word_1_292' title='bbox 1259 1148 1425 1191; x_wconf 84' lang='lat' dir='ltr'>Augustini</span> <span class='ocrx_word' id='word_1_293' title='bbox 1451 1149 1709 1182; x_wconf 77' lang='lat' dir='ltr'>Reformatorum</span> <span class='ocrx_word' id='word_1_294' title='bbox 1733 1157 1909 1192; x_wconf 84' lang='lat' dir='ltr'>congrega-</span> 
     </span>
     <span class='ocr_line' id='line_1_66' title="bbox 1259 1201 1657 1242; baseline -0.003 -7"><span class='ocrx_word' id='word_1_295' title='bbox 1259 1202 1357 1235; x_wconf 86' lang='lat' dir='ltr'>tionis</span> <span class='ocrx_word' id='word_1_296' title='bbox 1382 1201 1576 1242; x_wconf 85' lang='lat' dir='ltr'>Gallicanae,</span> <span class='ocrx_word' id='word_1_297' title='bbox 1604 1201 1657 1235; x_wconf 72' lang='lat'>84.</span> 
     </span>
    </p>

    <p class='ocr_par' dir='ltr' id='par_1_16' title="bbox 1171 1254 1912 1401">
     <span class='ocr_line' id='line_1_67' title="bbox 1171 1254 1911 1301; baseline 0.003 -14"><span class='ocrx_word' id='word_1_298' title='bbox 1171 1254 1285 1288; x_wconf 80' lang='lat' dir='ltr'><strong>XLVII.</strong></span> <span class='ocrx_word' id='word_1_299' title='bbox 1297 1255 1465 1289; x_wconf 83' lang='lat' dir='ltr'>Concessio</span> <span class='ocrx_word' id='word_1_300' title='bbox 1484 1255 1720 1299; x_wconf 84' lang='lat' dir='ltr'>privilegiorum</span> <span class='ocrx_word' id='word_1_301' title='bbox 1734 1256 1911 1301; x_wconf 84' lang='lat' dir='ltr'>Congrega-</span> 
     </span>
     <span class='ocr_line' id='line_1_68' title="bbox 1258 1308 1912 1342; baseline 0.003 -2"><span class='ocrx_word' id='word_1_302' title='bbox 1258 1308 1336 1341; x_wconf 88' lang='lat' dir='ltr'>tioni</span> <span class='ocrx_word' id='word_1_303' title='bbox 1370 1308 1511 1342; x_wconf 86' lang='lat' dir='ltr'>Oratorii</span> <span class='ocrx_word' id='word_1_304' title='bbox 1547 1309 1672 1342; x_wconf 91' lang='lat' dir='ltr'>Domini</span> <span class='ocrx_word' id='word_1_305' title='bbox 1705 1309 1804 1342; x_wconf 89' lang='lat' dir='ltr'>nostri</span> <span class='ocrx_word' id='word_1_306' title='bbox 1841 1309 1912 1342; x_wconf 88' lang='lat' dir='ltr'>Iesu</span> 
     </span>
     <span class='ocr_line' id='line_1_69' title="bbox 1257 1361 1645 1401; baseline 0 -7"><span class='ocrx_word' id='word_1_307' title='bbox 1257 1362 1373 1395; x_wconf 85' lang='lat' dir='ltr'>Christi</span> <span class='ocrx_word' id='word_1_308' title='bbox 1399 1362 1430 1395; x_wconf 91' lang='lat' dir='ltr'>in</span> <span class='ocrx_word' id='word_1_309' title='bbox 1456 1362 1566 1401; x_wconf 85' lang='lat' dir='ltr'>Gallia,</span> <span class='ocrx_word' id='word_1_310' title='bbox 1593 1361 1645 1395; x_wconf 84' lang='lat'><strong>85.</strong></span> 
     </span>
    </p>

    <p class='ocr_par' dir='ltr' id='par_1_17' title="bbox 1170 1414 1911 1619">
     <span class='ocr_line' id='line_1_70' title="bbox 1170 1414 1911 1450; baseline 0.001 -3"><span class='ocrx_word' id='word_1_311' title='bbox 1170 1415 1298 1447; x_wconf 81' lang='lat' dir='ltr'><strong>XLVIII.</strong></span> <span class='ocrx_word' id='word_1_312' title='bbox 1327 1414 1448 1449; x_wconf 82' lang='lat' dir='ltr'>Creatio</span> <span class='ocrx_word' id='word_1_313' title='bbox 1472 1416 1656 1450; x_wconf 91' lang='lat' dir='ltr'>auditorum</span> <span class='ocrx_word' id='word_1_314' title='bbox 1685 1426 1793 1449; x_wconf 90' lang='lat' dir='ltr'>sacrae</span> <span class='ocrx_word' id='word_1_315' title='bbox 1813 1415 1911 1448; x_wconf 84' lang='lat' dir='ltr'>Rotae</span> 
     </span>
     <span class='ocr_line' id='line_1_71' title="bbox 1257 1468 1911 1514; baseline 0 -13"><span class='ocrx_word' id='word_1_316' title='bbox 1257 1469 1289 1502; x_wconf 86' lang='lat' dir='ltr'>in</span> <span class='ocrx_word' id='word_1_317' title='bbox 1307 1468 1523 1503; x_wconf 85' lang='lat' dir='ltr'>subdiaconos</span> <span class='ocrx_word' id='word_1_318' title='bbox 1540 1469 1742 1514; x_wconf 84' lang='lat' dir='ltr'>apostolicos,</span> <span class='ocrx_word' id='word_1_319' title='bbox 1756 1475 1786 1503; x_wconf 85' lang='lat' dir='ltr'>et</span> <span class='ocrx_word' id='word_1_320' title='bbox 1802 1474 1911 1502; x_wconf 88' lang='lat' dir='ltr'>votan-</span> 
     </span>
     <span class='ocr_line' id='line_1_72' title="bbox 1258 1521 1909 1566; baseline -0.002 -11"><span class='ocrx_word' id='word_1_321' title='bbox 1258 1522 1336 1555; x_wconf 88' lang='lat' dir='ltr'>tium</span> <span class='ocrx_word' id='word_1_322' title='bbox 1369 1522 1552 1566; x_wconf 74' lang='lat' dir='ltr'>signatur-ae</span> <span class='ocrx_word' id='word_1_323' title='bbox 1577 1521 1720 1556; x_wconf 85' lang='lat' dir='ltr'>iustitiae</span> <span class='ocrx_word' id='word_1_324' title='bbox 1744 1522 1777 1555; x_wconf 91' lang='lat' dir='ltr'>in</span> <span class='ocrx_word' id='word_1_325' title='bbox 1802 1522 1909 1566; x_wconf 79' lang='lat' dir='ltr'>acoly-</span> 
     </span>
     <span class='ocr_line' id='line_1_73' title="bbox 1258 1574 1633 1619; baseline 0 -11"><span class='ocrx_word' id='word_1_326' title='bbox 1258 1575 1328 1609; x_wconf 88' lang='lat' dir='ltr'>thos</span> <span class='ocrx_word' id='word_1_327' title='bbox 1353 1575 1555 1619; x_wconf 84' lang='lat' dir='ltr'>apostolicos,</span> <span class='ocrx_word' id='word_1_328' title='bbox 1581 1574 1633 1608; x_wconf 80' lang='lat'><strong>86.</strong></span> 
     </span>
    </p>
   </div>
   <div class='ocr_carea' id='block_1_5' title="bbox 1170 1616 1919 1673">
    <p class='ocr_par' dir='ltr' id='par_1_18' title="bbox 1170 1616 1919 1673">
     <span class='ocr_line' id='line_1_74' title="bbox 1170 1616 1919 1673; baseline 0 -13"><span class='ocrx_word' id='word_1_329' title='bbox 1170 1627 1271 1661; x_wconf 85' lang='lat' dir='ltr'><strong>XLIX.</strong></span> <span class='ocrx_word' id='word_1_330' title='bbox 1303 1628 1474 1672; x_wconf 88' lang='lat' dir='ltr'>Deputatio</span> <span class='ocrx_word' id='word_1_331' title='bbox 1517 1633 1655 1673; x_wconf 88' lang='lat' dir='ltr'>quatuor</span> <span class='ocrx_word' id='word_1_332' title='bbox 1696 1616 1919 1671; x_wconf 70' lang='lat' dir='ltr'>praelatorum&#39;</span> 
     </span>
    </p>
   </div>
   <div class='ocr_carea' id='block_1_6' title="bbox 1171 1680 1913 2635">
    <p class='ocr_par' dir='ltr' id='par_1_19' title="bbox 1259 1680 1912 1828">
     <span class='ocr_line' id='line_1_75' title="bbox 1259 1680 1911 1725; baseline -0.002 -11"><span class='ocrx_word' id='word_1_333' title='bbox 1259 1681 1297 1714; x_wconf 88' lang='lat' dir='ltr'>ad</span> <span class='ocrx_word' id='word_1_334' title='bbox 1333 1681 1554 1725; x_wconf 87' lang='lat' dir='ltr'>excipiendum</span> <span class='ocrx_word' id='word_1_335' title='bbox 1598 1682 1741 1725; x_wconf 82' lang='lat' dir='ltr'>reginam</span> <span class='ocrx_word' id='word_1_336' title='bbox 1782 1680 1911 1715; x_wconf 86' lang='lat' dir='ltr'>Sveciae</span> 
     </span>
     <span class='ocr_line' id='line_1_76' title="bbox 1260 1734 1912 1769; baseline 0.002 -3"><span class='ocrx_word' id='word_1_337' title='bbox 1260 1735 1432 1769; x_wconf 87' lang='lat' dir='ltr'>missorum</span> <span class='ocrx_word' id='word_1_338' title='bbox 1464 1736 1495 1768; x_wconf 94' lang='lat' dir='ltr'>in</span> <span class='ocrx_word' id='word_1_339' title='bbox 1527 1734 1662 1769; x_wconf 86' lang='lat' dir='ltr'>nuncios</span> <span class='ocrx_word' id='word_1_340' title='bbox 1687 1734 1912 1768; x_wconf 86' lang='lat' dir='ltr'>extraordina-</span> 
     </span>
     <span class='ocr_line' id='line_1_77' title="bbox 1260 1788 1422 1828; baseline 0.006 -7"><span class='ocrx_word' id='word_1_341' title='bbox 1260 1788 1344 1828; x_wconf 80' lang='lat' dir='ltr'>rios,</span> <span class='ocrx_word' id='word_1_342' title='bbox 1370 1788 1422 1822; x_wconf 88' lang='lat'>88.</span> 
     </span>
    </p>

    <p class='ocr_par' dir='ltr' id='par_1_20' title="bbox 1173 1841 1912 2095">
     <span class='ocr_line' id='line_1_78' title="bbox 1173 1841 1911 1886; baseline 0 -12"><span class='ocrx_word' id='word_1_343' title='bbox 1173 1841 1205 1875; x_wconf 90' lang='lat' dir='ltr'>L.</span> <span class='ocrx_word' id='word_1_344' title='bbox 1233 1841 1421 1875; x_wconf 81' lang='lat' dir='ltr'>Commissio</span> <span class='ocrx_word' id='word_1_345' title='bbox 1452 1843 1568 1876; x_wconf 87' lang='lat' dir='ltr'>nuncio</span> <span class='ocrx_word' id='word_1_346' title='bbox 1603 1842 1781 1876; x_wconf 86' lang='lat' dir='ltr'>Sabaudiae</span> <span class='ocrx_word' id='word_1_347' title='bbox 1814 1851 1911 1886; x_wconf 88' lang='lat' dir='ltr'>super</span> 
     </span>
     <span class='ocr_line' id='line_1_79' title="bbox 1260 1895 1910 1940; baseline 0.002 -13"><span class='ocrx_word' id='word_1_348' title='bbox 1260 1895 1465 1939; x_wconf 88' lang='lat' dir='ltr'>impositione</span> <span class='ocrx_word' id='word_1_349' title='bbox 1482 1895 1619 1929; x_wconf 89' lang='lat' dir='ltr'>subsidii</span> <span class='ocrx_word' id='word_1_350' title='bbox 1638 1907 1696 1939; x_wconf 92' lang='lat' dir='ltr'>pro</span> <span class='ocrx_word' id='word_1_351' title='bbox 1714 1895 1910 1940; x_wconf 87' lang='lat' dir='ltr'>pauperibus</span> 
     </span>
     <span class='ocr_line' id='line_1_80' title="bbox 1261 1948 1912 1983; baseline 0 -2"><span class='ocrx_word' id='word_1_352' title='bbox 1261 1949 1424 1982; x_wconf 75' lang='lat' dir='ltr'>catholicis</span> <span class='ocrx_word' id='word_1_353' title='bbox 1448 1949 1586 1983; x_wconf 87' lang='lat' dir='ltr'>Vallium</span> <span class='ocrx_word' id='word_1_354' title='bbox 1604 1948 1737 1983; x_wconf 90' lang='lat' dir='ltr'>dominii</span> <span class='ocrx_word' id='word_1_355' title='bbox 1754 1948 1845 1982; x_wconf 90' lang='lat' dir='ltr'>ducis</span> <span class='ocrx_word' id='word_1_356' title='bbox 1862 1948 1912 1982; x_wconf 84' lang='lat' dir='ltr'>Sa-</span> 
     </span>
     <span class='ocr_line' id='line_1_81' title="bbox 1260 2001 1912 2046; baseline 0 -13"><span class='ocrx_word' id='word_1_357' title='bbox 1260 2001 1397 2035; x_wconf 87' lang='lat' dir='ltr'>baudiae</span> <span class='ocrx_word' id='word_1_358' title='bbox 1422 2013 1519 2046; x_wconf 87' lang='lat' dir='ltr'>super</span> <span class='ocrx_word' id='word_1_359' title='bbox 1544 2002 1697 2036; x_wconf 75' lang='lat' dir='ltr'>fructibus</span> <span class='ocrx_word' id='word_1_360' title='bbox 1722 2001 1912 2037; x_wconf 87' lang='lat' dir='ltr'>ecclesiasti-</span> 
     </span>
     <span class='ocr_line' id='line_1_82' title="bbox 1261 2054 1394 2095; baseline 0 -7"><span class='ocrx_word' id='word_1_361' title='bbox 1261 2056 1315 2095; x_wconf 90' lang='lat' dir='ltr'>cis,</span> <span class='ocrx_word' id='word_1_362' title='bbox 1341 2054 1394 2088; x_wconf 87' lang='lat'>88.</span> 
     </span>
    </p>

    <p class='ocr_par' dir='ltr' id='par_1_21' title="bbox 1173 2107 1913 2258">
     <span class='ocr_line' id='line_1_83' title="bbox 1173 2107 1913 2154; baseline 0.003 -14"><span class='ocrx_word' id='word_1_363' title='bbox 1173 2107 1219 2142; x_wconf 88' lang='lat' dir='ltr'><strong>LI.</strong></span> <span class='ocrx_word' id='word_1_364' title='bbox 1236 2108 1399 2143; x_wconf 91' lang='lat' dir='ltr'>Indultum</span> <span class='ocrx_word' id='word_1_365' title='bbox 1417 2110 1605 2144; x_wconf 86' lang='lat' dir='ltr'>clericorum</span> <span class='ocrx_word' id='word_1_366' title='bbox 1627 2121 1771 2144; x_wconf 86' lang='lat' dir='ltr'>camerae</span> <span class='ocrx_word' id='word_1_367' title='bbox 1787 2115 1913 2154; x_wconf 86' lang='lat' dir='ltr'>aposto-</span> 
     </span>
     <span class='ocr_line' id='line_1_84' title="bbox 1261 2163 1910 2208; baseline 0.002 -13"><span class='ocrx_word' id='word_1_368' title='bbox 1261 2163 1340 2197; x_wconf 90' lang='lat' dir='ltr'>licae</span> <span class='ocrx_word' id='word_1_369' title='bbox 1362 2164 1523 2198; x_wconf 82' lang='lat' dir='ltr'>deferendi</span> <span class='ocrx_word' id='word_1_370' title='bbox 1544 2164 1664 2208; x_wconf 90' lang='lat' dir='ltr'>ubique</span> <span class='ocrx_word' id='word_1_371' title='bbox 1683 2165 1862 2198; x_wconf 88' lang='lat' dir='ltr'>rochettum</span> <span class='ocrx_word' id='word_1_372' title='bbox 1878 2169 1910 2197; x_wconf 92' lang='lat' dir='ltr'>et</span> 
     </span>
     <span class='ocr_line' id='line_1_85' title="bbox 1260 2215 1909 2258; baseline 0.002 -9"><span class='ocrx_word' id='word_1_373' title='bbox 1260 2217 1388 2250; x_wconf 88' lang='lat' dir='ltr'>licentia</span> <span class='ocrx_word' id='word_1_374' title='bbox 1408 2217 1561 2252; x_wconf 87' lang='lat' dir='ltr'>celebrari</span> <span class='ocrx_word' id='word_1_375' title='bbox 1588 2217 1723 2251; x_wconf 79' lang='lat' dir='ltr'>faciendi</span> <span class='ocrx_word' id='word_1_376' title='bbox 1741 2216 1840 2258; x_wconf 90' lang='lat' dir='ltr'>domi,</span> <span class='ocrx_word' id='word_1_377' title='bbox 1857 2215 1909 2250; x_wconf 85' lang='lat'>91.</span> 
     </span>
    </p>

    <p class='ocr_par' dir='ltr' id='par_1_22' title="bbox 1172 2270 1912 2418">
     <span class='ocr_line' id='line_1_86' title="bbox 1172 2270 1912 2315; baseline 0.001 -13"><span class='ocrx_word' id='word_1_378' title='bbox 1172 2270 1233 2303; x_wconf 89' lang='lat' dir='ltr'><strong>LII.</strong></span> <span class='ocrx_word' id='word_1_379' title='bbox 1259 2270 1377 2305; x_wconf 88' lang='lat' dir='ltr'>Divisio</span> <span class='ocrx_word' id='word_1_380' title='bbox 1402 2277 1432 2305; x_wconf 89' lang='lat' dir='ltr'>et</span> <span class='ocrx_word' id='word_1_381' title='bbox 1449 2271 1593 2306; x_wconf 88' lang='lat' dir='ltr'>reductio</span> <span class='ocrx_word' id='word_1_382' title='bbox 1612 2271 1848 2315; x_wconf 84' lang='lat' dir='ltr'>provinciarum</span> <span class='ocrx_word' id='word_1_383' title='bbox 1865 2280 1912 2303; x_wconf 91' lang='lat' dir='ltr'>re-</span> 
     </span>
     <span class='ocr_line' id='line_1_87' title="bbox 1260 2323 1911 2369; baseline 0 -13"><span class='ocrx_word' id='word_1_384' title='bbox 1260 2324 1389 2367; x_wconf 83' lang='lat' dir='ltr'>ligionis</span> <span class='ocrx_word' id='word_1_385' title='bbox 1419 2325 1607 2359; x_wconf 90' lang='lat' dir='ltr'>clericorum</span> <span class='ocrx_word' id='word_1_386' title='bbox 1631 2325 1829 2369; x_wconf 81' lang='lat' dir='ltr'>regularium</span> <span class='ocrx_word' id='word_1_387' title='bbox 1855 2323 1911 2357; x_wconf 92' lang='lat' dir='ltr'>Mi-</span> 
     </span>
     <span class='ocr_line' id='line_1_88' title="bbox 1260 2377 1726 2418; baseline 0.004 -8"><span class='ocrx_word' id='word_1_388' title='bbox 1260 2377 1466 2411; x_wconf 86' lang='lat' dir='ltr'>nistrantium</span> <span class='ocrx_word' id='word_1_389' title='bbox 1498 2378 1648 2418; x_wconf 77' lang='lat' dir='ltr'>infirmis,</span> <span class='ocrx_word' id='word_1_390' title='bbox 1674 2377 1726 2412; x_wconf 71' lang='lat'>92.</span> 
     </span>
    </p>

    <p class='ocr_par' dir='ltr' id='par_1_23' title="bbox 1171 2429 1909 2635">
     <span class='ocr_line' id='line_1_89' title="bbox 1171 2429 1909 2476; baseline 0 -13"><span class='ocrx_word' id='word_1_391' title='bbox 1171 2430 1244 2464; x_wconf 92' lang='lat' dir='ltr'><strong>LIII.</strong></span> <span class='ocrx_word' id='word_1_392' title='bbox 1270 2431 1394 2465; x_wconf 83' lang='lat' dir='ltr'>Reunio</span> <span class='ocrx_word' id='word_1_393' title='bbox 1418 2432 1600 2476; x_wconf 87' lang='lat' dir='ltr'>provinciae</span> <span class='ocrx_word' id='word_1_394' title='bbox 1619 2431 1765 2475; x_wconf 85' lang='lat' dir='ltr'>Belgicae</span> <span class='ocrx_word' id='word_1_395' title='bbox 1783 2429 1909 2464; x_wconf 91' lang='lat' dir='ltr'>Ordinis</span> 
     </span>
     <span class='ocr_line' id='line_1_90' title="bbox 1260 2483 1909 2518; baseline 0 -2"><span class='ocrx_word' id='word_1_396' title='bbox 1260 2485 1394 2518; x_wconf 86' lang='lat' dir='ltr'>fratrum</span> <span class='ocrx_word' id='word_1_397' title='bbox 1426 2485 1525 2518; x_wconf 90' lang='lat' dir='ltr'>sancti</span> <span class='ocrx_word' id='word_1_398' title='bbox 1558 2484 1719 2518; x_wconf 86' lang='lat' dir='ltr'>Francisci</span> <span class='ocrx_word' id='word_1_399' title='bbox 1743 2483 1782 2517; x_wconf 86' lang='lat' dir='ltr'>de</span> <span class='ocrx_word' id='word_1_400' title='bbox 1811 2483 1909 2516; x_wconf 88' lang='lat' dir='ltr'>Paula</span> 
     </span>
     <span class='ocr_line' id='line_1_91' title="bbox 1260 2536 1909 2582; baseline -0.002 -13"><span class='ocrx_word' id='word_1_401' title='bbox 1260 2537 1745 2582; x_wconf 80' lang='lat' dir='ltr'>Minimorumnuncupatorum</span> <span class='ocrx_word' id='word_1_402' title='bbox 1764 2536 1823 2570; x_wconf 86' lang='lat' dir='ltr'>sub</span> <span class='ocrx_word' id='word_1_403' title='bbox 1843 2545 1909 2570; x_wconf 89' lang='lat' dir='ltr'>uno</span> 
     </span>
     <span class='ocr_line' id='line_1_92' title="bbox 1262 2591 1539 2635; baseline 0.004 -12"><span class='ocrx_word' id='word_1_404' title='bbox 1262 2591 1460 2635; x_wconf 42' lang='lat' dir='ltr'>provinciali!</span> <span class='ocrx_word' id='word_1_405' title='bbox 1486 2591 1539 2625; x_wconf 76' lang='lat'>94.</span> 
     </span>
    </p>
   </div>
   <div class='ocr_carea' id='block_1_7' title="bbox 2086 0 2202 2749">
    <p class='ocr_par' dir='ltr' id='par_1_24' title="bbox 2086 0 2202 2749">
     <span class='ocr_line' id='line_1_93' title="bbox 2086 0 2202 2749; baseline 0 0"><span class='ocrx_word' id='word_1_406' title='bbox 2086 0 2202 2749; x_wconf 95' lang='lat' dir='ltr'> </span> 
     </span>
    </p>
   </div>
  </div>
 </body>
</html>
