2185 3188
52 210 100 237 An.
122 208 150 235 C.
173 207 240 234 1655

83 1337 214 1358 Prooemium

839 198 1025 222 :xLExANnnn
1049 197 1094 220 vn
1118 197 1166 220 Pr.

250 251 484 298 permansuris,
509 251 568 283 hac
593 249 659 282 vice
684 248 842 281 dumtaxat
870 247 988 290 specia-

249 307 319 340 liter
348 310 376 339 et
403 314 549 348 expresse
573 303 783 345 derogamus3
813 299 990 343 ceterisque

250 359 414 393 contrariis
439 357 700 401 quibuscumque.

293 414 401 446 Datum
414 412 542 451 Romae,
554 409 636 454 apud
649 409 677 442 S.
688 408 815 441 Mariam
828 407 988 447 Maiorem,

250 467 306 500 sub
331 466 446 498 annulo
473 464 658 503 Piscatori&
685 462 734 495 die
760 471 825 495 xxn
851 466 988 505 septem-

249 520 313 552 bris
339 529 454 560 nocer,
476 517 675 562 pontificatus
696 515 795 548 nostri
817 524 898 547 anno
924 524 942 546 1.

285 582 346 608 Dat.
363 581 405 607 die
421 580 454 606 ⁶22
471 578 632 615 septembris
652 577 727 610 2055,
746 576 839 612 pontif.
858 584 926 603 anno
944 583 962 602 1.

544 722 699 756 xxxvlil.

250 808 353 851 Super
383 806 526 839 dominio
551 809 723 838 conventus
747 804 778 837 S.
804 803 930 836 Mariae
954 801 991 834 de

299 860 439 893 Victoria
468 860 610 903 fratrum
642 857 898 892 Carmeliturnm
922 856 991 888 Dis-

294 914 509 947 catceatornm
538 912 727 956 provinciae
762 911 929 944 Romanae
963 913 991 942 et

294 967 523 1010 qubernatione
553 966 724 999 seminarii
754 965 786 998 S.
820 964 924 998 Pauli
955 964 990 996 in

295 1021 401 1054 eodem
422 1024 577 1054 conventu
597 1018 774 1058 existentia,
794 1028 914 1051 necnon
939 1028 990 1049 sn-

292 1085 350 1117 per
370 1073 654 1107 administratione
674 1072 827 1106 bonorum
851 1071 931 1104 dicti
949 1081 991 1104 se-

295 1128 434 1160 minarii
444 1126 462 1160 ¹.

445 1208 609 1235 Alexander
628 1207 706 1241 Papa
726 1206 794 1238 vn,

373 1255 408 1280 ad
431 1255 607 1286 perpetuam
625 1252 670 1279 rei
690 1251 870 1279 memoriam.

296 1324 389 1356 Decet
413 1324 586 1357 Romanum
612 1323 816 1363 Pontificem,
842 1321 989 1355 dominici

254 1377 359 1420 gregis
384 1377 567 1410 utilitatibus
593 1388 627 1409 ex
654 1376 817 1420 impositae
838 1376 896 1408 sibi
918 1375 992 1408 divi-

255 1429 337 1462 nitus
361 1430 550 1473 apostolieae
575 1430 732 1462 servitutis
757 1429 860 1462 officio
878 1429 991 1472 iugiter

257 1482 478 1526 invigilantem,
493 1483 575 1516 circa
594 1494 639 1523 ea,
657 1493 735 1526 quae
752 1483 789 1515 ad
805 1483 874 1515 fidei
890 1483 992 1515 callio-

257 1536 332 1569 licae
349 1540 550 1579 augmentum
568 1541 597 1568 et
615 1537 833 1579 religiosorum
850 1536 990 1569 virorum

254 1589 312 1621 sub
337 1590 422 1622 suavi
448 1590 609 1633 religionis
638 1590 711 1633 ingo
729 1590 876 1623 Altissimi
902 1590 991 1622 obse—

253 1642 334 1685 quiis
354 1643 603 1686 mancipatorum
626 1644 880 1687 tranquillitatem
903 1649 931 1676 et
953 1644 993 1676 fe-

252 1695 342 1728 licem
361 1695 565 1729 directionem
584 1697 760 1737 conferunt,
774 1696 915 1729 sollicitis
933 1701 992 1729 stu-

253 1749 310 1781 diis
342 1749 524 1790 intendere,
555 1760 589 1782 ac
623 1750 759 1794 desuper
792 1760 885 1783 curae
917 1761 991 1783 suae

251 1794 415 1846 pastoralis
440 1809 544 1846 partes
574 1803 796 1846 interponere,
820 1808 915 1847 prout
941 1814 989 1835 ra-

251 1856 325 1890 tioni
352 1857 467 1889 iudicat
492 1868 558 1890 esse
584 1862 837 1890 consentaneum.

295 1910 308 1953 ξ
342 1910 370 1942 i.
403 1910 478 1944 Cum
504 1910 622 1955 itaque,
648 1911 720 1943 licet
751 1911 826 1943 alias
857 1910 989 1943 diversis

251 1964 446 2007 temporibus
470 1975 566 2008 super
594 1964 749 2007 gubernio
778 1970 806 1997 et
835 1964 989 2007 regimine

250 2023 419 2050 conventus
455 2029 507 2051 seu
547 2018 706 2051 seminarii
740 2018 768 2051 S.
802 2019 886 2051 Pauli
924 2019 988 2052 sire

249 2071 278 2104 S.
296 2071 409 2104 Mariae
427 2071 464 2104 de
482 2071 618 2104 Victoria
634 2077 832 2116 nuncupatae
850 2072 887 2105 de
905 2072 987 2105 Urbe

250 2124 373 2158 Ordinis
397 2125 528 2159 fratrum
554 2126 817 2159 Discalceatorum
847 2126 985 2159 eiusdem

250 2178 278 2211 S
305 2179 417 2212 Mariae
441 2179 479 2212 de
499 2180 601 2213 Monte
618 2180 760 2214 Carmelo
781 2180 922 2213 diversae
939 2191 987 2213 or-

250 2232 423 2266 dinationes
444 2234 665 2274 emanaverint,
681 2245 738 2267 nee
759 2239 862 2267 tamen
887 2235 988 2268 hacte-

251 2297 307 2319 nus
344 2292 404 2319 tam
434 2298 528 2331 super
555 2288 735 2332 praemissis
771 2299 863 2332 quani
893 2299 988 2332 super

287 2396 295 2421 t
317 2393 416 2421 llorum
437 2394 550 2421 fratrum
571 2396 808 2430 congregationem
829 2396 990 2432 approbavit

250 2439 361 2473 Gregor.
379 2439 433 2466 thl
454 2440 479 2466 in
501 2440 639 2466 Constitut.
656 2446 728 2473 cxxi,
750 2441 803 2468 Pia
822 2441 987 2469 considera-

251 2484 337 2518 tione,
359 2488 424 2510 tom.
445 2490 507 2517 vui,
529 2492 589 2519 pag.
611 2484 672 2511 350.
694 2484 726 2511 Et
744 2485 934 2518 seminarium,
956 2485 988 2511 de

251 2536 303 2563 quo
328 2528 415 2563 agitur
441 2529 473 2555 ad
498 2528 560 2555 tidei
580 2528 741 2556 christianae
767 2530 988 2566 propagationem

251 2573 276 2599 in
293 2573 362 2600 Urbe
378 2573 462 2600 erexit
477 2574 577 2600 Paulus
588 2573 607 2600 V
625 2574 713 2601 Const.
730 2581 834 2601 ccxxvii
851 2575 896 2610 (nt⁴
914 2576 987 2602 2111.

252 2619 385 2652 Romani,
409 2623 471 2646 tom.
489 2626 535 2653 xil,
553 2628 611 2655 pag.
630 2619 691 2653 iffi),

1683 187 1724 220 (29

1024 245 1145 278 iuribus
1171 249 1200 278 et
1223 245 1496 289 praetensionibus
1521 245 1710 282 dilectorum
1736 246 1768 278 ss-

1024 299 1138 332 liorum
1157 299 1288 333 fratrum
1307 300 1489 344 provinciae
1510 301 1668 334 Romanae
1688 300 1768 333 eius-

1024 352 1093 385 dem
1128 352 1252 385 Ordinis
1286 354 1322 385 ea
1355 353 1384 385 in
1416 364 1449 386 re
1481 353 1571 398 plene
1605 354 1765 398 provisum

1024 407 1127 440 suerit:

1068 460 1083 504 g
1101 460 1130 492 2.
1146 460 1224 493 Hine
1242 460 1384 504 estquod
1402 471 1470 501 nos,
1487 461 1587 494 dictae
1606 461 1767 505 religionis

1024 513 1132 546 unioni
1152 518 1178 545 et
1197 514 1278 557 paci,
1294 524 1415 547 necnon
1430 514 1614 547 eorumdem
1633 515 1767 547 fratrum

1025 567 1204 610 provinciae
1230 568 1388 600 Romanae
1414 567 1620 609 indemnitati,
1642 568 1768 612 praedi-

1025 620 1128 664 ctique
1147 626 1318 653 conventus
1335 631 1388 653 seu
1408 621 1567 653 seminarii
1597 632 1767 665 prosperae

1025 673 1201 713 directioni,
1233 673 1270 706 ad
1296 674 1519 717 omnipotentis
1549 674 1600 706 Dei
1633 674 1768 716 gloriam

1025 732 1203 771 opportune
1221 727 1388 771 providere
1406 728 1555 768 volentes,
1569 738 1605 760 ac
1622 738 1769 771 quarum-

1025 781 1070 813 vis
1099 781 1275 813 litterarum
1309 781 1563 825 apostolicarum,
1581 782 1768 825 praesertim

1026 834 1123 867 felicis
1147 835 1375 867 reeordationis
1397 835 1481 867 Pauli
1500 834 1533 875 V,
1555 834 1673 867 Urbani
1693 834 1768 875 VIlI,

1025 888 1196 921 Innocentii
1211 888 1233 920 X
1249 888 1462 921 Romanorum
1479 887 1664 921 Pontificum
1683 898 1769 932 prae-

1025 941 1225 974 deeessorum
1239 947 1432 981 nostrorum,
1447 941 1539 974 etiam
1559 942 1589 973 in
1603 941 1695 973 simili
1711 942 1769 975 for-

1026 996 1074 1027 ma
1101 994 1206 1028 Brevis
1235 995 1462 1038 expeditarum,
1487 1005 1609 1028 necnon
1630 993 1768 1028 decreto-

1025 1059 1094 1081 rum
1114 1049 1367 1092 congregationis
1384 1049 1610 1083 venerabilium
1633 1050 1767 1082 fratrum

1025 1108 1207 1136 nostrorum
1234 1103 1262 1136 S.
1289 1104 1322 1136 R.
1349 1103 1381 1136 E.
1407 1103 1613 1136 cardinalium
1639 1103 1767 1146 negotio

1026 1157 1245 1201 propagandae
1270 1157 1341 1190 fidei
1368 1158 1631 1202 praepositorum,
1661 1168 1696 1190 ac
1722 1168 1768 1190 ea-

1025 1211 1113 1254 pituli
1144 1211 1299 1254 generalis
1329 1210 1453 1245 Ordinis
1481 1211 1662 1244 huiusmodi
1692 1221 1767 1244 eon-

1026 1264 1165 1298 cordiam
1180 1264 1198 1305 ¹,
1228 1269 1487 1299 testamentorum
1504 1292 1511 1305 ‚
1538 1265 1766 1307 codicillorum,

1026 1319 1200 1362 legatorum
1223 1323 1252 1353 et
1271 1319 1402 1351 aliarum
1429 1319 1670 1362 dispositionum
1696 1329 1768 1362 qua-

1026 1383 1234 1416 rumcumque
1261 1372 1392 1406 tenoris⁹
1408 1373 1500 1406 etiam
1519 1372 1644 1405 unionis
1669 1372 1766 1413 datas,

1025 1436 1060 1458 ac
1085 1425 1144 1458 alia
1168 1425 1260 1459 etiam
1286 1426 1413 1469 speciali
1433 1426 1635 1470 expressione
1661 1426 1766 1469 digna,

1026 1480 1242 1523 praesentibus
1266 1491 1325 1524 pro
1350 1480 1440 1524 plene
1458 1485 1487 1513 et
1504 1480 1695 1513 sufficienter
1715 1491 1767 1513 ex-

1026 1534 1140 1577 pressis
1164 1539 1194 1567 et
1218 1533 1342 1567 insertis
1366 1534 1536 1576 babentes,
1562 1533 1766 1578 supplicatio-

1026 1588 1116 1620 nibus
1133 1588 1237 1621 dilecti
1254 1588 1346 1621 etiam
1373 1588 1428 1620 filii
1452 1588 1654 1632 provincialis
1672 1594 1701 1621 et
1718 1598 1767 1621 eo-

1027 1641 1170 1674 rumdem
1189 1641 1320 1673 fratrum
1339 1641 1518 1685 provinciae
1537 1642 1693 1674 Romanae
1709 1651 1766 1673 no<

1026 1693 1072 1727 bis
1087 1705 1180 1738 super
1194 1694 1252 1728 boe
1266 1694 1427 1727 humiliter
1444 1695 1598 1738 porrectis
1616 1693 1765 1734 inclinati,

1026 1747 1063 1780 de
1079 1753 1149 1781 voto
1162 1748 1389 1781 nonnullorum
1404 1759 1439 1781 ex
1456 1747 1666 1781 cardinalibus
1680 1757 1767 1791 prae-

1025 1802 1126 1843 dictis,
1152 1803 1214 1845 qui,
1238 1803 1267 1835 in
1293 1802 1509 1835 executionem
1535 1800 1766 1834 commissionis

1024 1862 1053 1889 et
1078 1856 1214 1889 mandati
1239 1856 1355 1898 nostri,
1382 1855 1460 1897 iura,
1486 1855 1633 1896 rationes,
1660 1855 1766 1888 titulos

1024 1915 1053 1942 et
1077 1909 1289 1950 fundamenta,
1315 1915 1377 1942 tam
1403 1921 1438 1943 ex
1464 1914 1553 1953 parte
1577 1909 1764 1942 dilectorum

1023 1963 1142 2007 pariter
1174 1963 1311 1997 filiorum
1344 1963 1516 2007 praepositi
1549 1963 1705 2006 generalis
1736 1967 1766 1995 et

1022 2017 1239 2061 procuratoris
1276 2028 1311 2050 ae
1340 2017 1510 2050 definitorii
1546 2016 1763 2060 generalium,

1022 2082 1115 2115 quam
1142 2082 1176 2104 ex
1204 2076 1293 2115 parte
1326 2071 1482 2104 dictorum
1509 2070 1709 2115 provincialis
1735 2075 1764 2103 et

1023 2126 1153 2159 fratrum
1187 2125 1364 2169 praedictae
1396 2124 1576 2168 provinciae
1605 2125 1764 2158 Romanae

1021 2178 1148 2212 Ordinis
1174 2178 1345 2222 supradicti
1372 2178 1453 2219 data,
1478 2178 1617 2211 exhibita
1641 2183 1671 2211 et
1695 2188 1764 2222 pro-

1021 2232 1123 2272 ducta,
1149 2232 1305 2272 viderunt,
1330 2232 1548 2265 examinarunt
1573 2236 1602 2264 et
1625 2231 1764 2264 conside-

1023 2291 1142 2327 rarunt,
1157 2286 1341 2320 auctoritate
1355 2286 1538 2330 apostoliea,
1557 2291 1664 2318 tenore
1676 2295 1764 2329 prae-

1004 2364 1006 2369 .
1022 2341 1167 2380 sentium,
1182 2340 1358 2381 statuimus,
1376 2340 1576 2373 decernimus
1593 2344 1622 2372 et
1642 2339 1765 2372 ordina·

1023 2405 1091 2427 mus
1118 2394 1235 2427 dictum
1265 2399 1453 2427 conventum
1479 2404 1532 2426 seu
1558 2393 1763 2426 seminarium

1022 2448 1050 2482 S.
1085 2448 1170 2480 Pauli
1202 2458 1256 2481 seu
1290 2448 1318 2481 S.
1344 2448 1457 2481 Mariae
1493 2447 1531 2480 de
1564 2447 1700 2482 Victoria
1725 2447 1764 2480 de

1061 2530 1067 2554 t
1093 2528 1194 2555 Forsan
1214 2528 1382 2556 concordiae
1409 2527 1575 2563 legendum3
1605 2528 1653 2555 sed
1683 2527 1762 2555 lectio

1021 2573 1177 2600 defectuosa
1195 2577 1233 2607 (R.
1251 2580 1266 2598 Τ
1281 2572 1299 2607 )

1004 2647 1006 2652 ι
1056 2620 1071 2645 :2
1085 2619 1174 2645 Potius
1187 2619 1243 2653 lege
1257 2622 1374 2652 tenores,
1389 2617 1436 2645 <ed
1451 2618 1529 2645 lertio
1542 2619 1757 2652 corruptamss').

1774 197 1821 223 An.
1845 197 1873 223 C.
1895 197 1964 224 1655

1809 473 1894 493 Motiva.

1803 2185 1862 2208 Quod
1874 2192 1964 2206 emireu-

1781 2215 1812 2232 tus
1839 2213 1965 2234 subju-taini·

1780 2240 1903 2265 provinciae
1919 2240 1965 2259 Ro-

1780 2272 1862 2286 manae.
