2202 3190
420 159 484 192 8-24

462 222 542 255 ciam
567 221 852 265 Angmnalensem,
886 228 921 256 ut
947 233 1041 267 super
1066 236 1112 258 re-

463 285 553 308 cessu
568 275 707 308 Thomae
720 275 937 310 archidiaconi
961 278 1112 312 ecclesiae

461 328 700 371 Angamalensis
719 328 851 373 eiusque
869 330 1055 374 sequacium
1074 332 1111 363 ab

463 380 641 414 obedientia
658 381 898 426 archiepiscopi,
910 383 1047 427 aliisque
1062 395 1112 418 ex-

463 433 616 474 cessibus,
629 433 869 468 informationes
883 436 986 479 capiat
1000 442 1030 470 et
1040 447 1113 480 pro-

462 497 568 520 cessus
592 487 751 528 conficiat,
768 500 840 522 cum
858 489 1007 523 facultate
1027 500 1112 523 com-

462 541 646 575 municandi
673 552 746 575 cum
772 542 846 583 illis,
873 549 901 576 et
925 554 978 576 eos
1010 544 1112 577 ahsol-

463 594 554 628 vendi
569 600 599 628 et
621 595 659 627 ad
685 595 842 638 gremium
859 596 889 629 S.
910 597 947 629 M.
968 597 1003 629 E.
1031 597 1111 630 rcci-

462 648 582 691 piendi,
602 647 678 681 111.

372 701 472 734 LXXI.
499 702 716 735 Ilortatorium
741 702 894 735 universis
918 702 1112 736 christifide-

461 754 544 788 libus
568 766 626 799 pro
660 755 793 799 Iosepho
823 767 839 788 a
864 756 893 789 S.
922 756 1019 789 Maria
1044 756 1113 790 Car-

459 808 567 841 melita
590 809 787 843 Discalceato
801 809 839 842 ad
851 814 956 853 partes
976 809 1112 843 Orientis

460 862 655 906 profecturo,
682 862 756 895 112.

372 914 486 948 LXXII.
511 916 690 949 Facultates
715 915 746 948 S.
774 915 812 948 R.
840 915 874 948 E.
900 915 1110 949 cardinalium

460 979 517 1012 pro
553 968 736 1002 visitatione
767 969 973 1003 ecclesiarum
1005 974 1035 1002 et
1058 970 1107 1002 lo-

459 1033 572 1056 corum
596 1022 724 1066 piorum
739 1022 831 1056 Urbis
857 1028 1108 1065 assumptorum,

371 1130 503 1164 LXXIII.
531 1129 701 1175 Deputatio
726 1129 887 1164 secretarii
902 1130 1046 1164 eiusdem
1062 1140 1110 1162 sa-

459 1194 531 1217 crae
555 1183 746 1218 visitationis
770 1183 973 1226 apostolicae,
1008 1183 1084 1216 116.

371 1237 497 1270 LXXIV.
518 1237 687 1280 Deputatio
706 1236 885 1271 cancellarii
905 1247 960 1270 seu
976 1236 1109 1270 actuarii

459 1301 627 1324 causarum
652 1301 761 1324 sacrae
785 1290 971 1324 visitationis
986 1296 1110 1334 aposto-

459 1344 551 1385 licae,
578 1343 655 1377 117.

369 1397 484 1432 LXXV.
520 1397 712 1431 Constitutio
746 1407 842 1441 super
866 1401 950 1430 statu
979 1406 1109 1440 congre-

459 1452 597 1495 gationis
621 1452 773 1485 secularis
804 1451 994 1484 clericorum
1028 1451 1107 1483 Pau-

459 1516 573 1549 perum
605 1504 713 1539 Matris
745 1504 799 1539 Dei
825 1504 1015 1538 Scholarum
1039 1504 1109 1537 Pia-

459 1570 539 1600 rum,
567 1558 639 1592 118.

370 1613 498 1647 LXXVI.
523 1611 713 1646 Commissio
738 1611 876 1645 auditori
900 1611 1041 1655 generali
1060 1621 1109 1643 ea-

459 1676 564 1700 merae
592 1666 785 1709 apostolicae
809 1671 921 1698 contra
944 1666 1110 1708 guberna—

460 1725 562 1753 torem
586 1720 700 1753 Portus
724 1718 878 1759 Herculis,
899 1719 1030 1761 eiusque
1054 1718 1111 1750 mi-

458 1773 587 1814 nistros,
615 1778 645 1806 et
669 1772 759 1812 alios,
786 1772 842 1815 qui
861 1771 943 1815 eripi
966 1772 1110 1805 fecerunt

459 1827 675 1866 frumentum,
705 1825 792 1871 quod
818 1837 835 1858 a
859 1825 949 1859 Statu
978 1825 1110 1858 Senensi

459 1880 632 1913 vehebatur
656 1879 693 1912 ad
712 1885 841 1924 portum
867 1878 1003 1913 Civitatis
1023 1878 1110 1910 Vete-

459 1934 501 1967 ris
525 1944 582 1978 pro
607 1944 667 1966 usu
692 1933 808 1967 Curiae
833 1933 1007 1972 Romanae,
1031 1931 1106 1964 122.

372 1988 511 2021 LXXVII.
552 1987 643 2021 Mittit
683 1987 854 2030 losephum
894 1997 911 2018 a
943 1985 975 2019 S.
1014 1985 1110 2018 Maria

460 2041 660 2075 Carmelitam
681 2040 913 2074 Disealceatum
931 2040 970 2073 ad
988 2038 1110 2082 provin-

459 2095 541 2128 ciam
566 2093 851 2137 Angamalensem,
880 2098 915 2126 ut
941 2102 1039 2136 super
1062 2102 1109 2124 re-

460 2158 552 2181 cessu
566 2147 707 2180 Thomae
724 2146 940 2181 archidiaconi
955 2145 1110 2180 ecelesiae

458 2200 701 2244 Angamalensis
719 2200 851 2243 eiusque
869 2200 1054 2243 sequacium
1072 2200 1110 2232 ab

460 2253 640 2287 ohedientia
658 2253 900 2297 archiepiscopi,
917 2252 1051 2297 aliisque
1064 2262 1111 2286 ex-

459 2307 611 2348 cessibus,
623 2307 865 2341 informationes
879 2307 982 2351 capiat
998 2313 1029 2340 et
1041 2317 1111 2350 pro-

461 2370 564 2394 cessus
589 2361 749 2400 conficiat,
776 2371 849 2394 cum
867 2360 996 2394 diversis
1012 2361 1110 2395 facul-

461 2413 592 2454 tatibus,
622 2413 695 2447 125.

374 2465 529 2498 LXXVIII.
554 2467 719 2510 Deputatio
741 2467 858 2500 iudicis
876 2477 985 2500 sacrae
1010 2466 1111 2500 visita-

463 2516 559 2550 tionis
583 2518 789 2560 apostolicae,
818 2517 892 2551 125.

374 2568 502 2603 LXXIX.
528 2569 588 2602 Pro
613 2570 870 2604 eminentissimis
890 2570 1027 2605 dominis
1045 2581 1111 2604 car-

962 172 1137 196 MLLARIUM
1170 173 1320 196 ltoMANt'M

1253 225 1411 259 dinalibus
1436 227 1605 270 assumptis
1629 237 1687 271 pro
1718 230 1809 261 sacra
1834 229 1902 262 visi-

1254 279 1372 312 tatione
1390 279 1572 322 apostolica‚
1590 280 1722 312 facultas
1738 281 1901 315 exercendi

1254 331 1467 374 pontificalia,
1494 331 1570 365 127.

1165 384 1278 417 LXXX.
1314 385 1374 418 Pro
1406 385 1665 419 eminentissimis
1697 392 1727 419 et
1760 397 1902 420 reveren-

1253 437 1395 470 dissimis
1428 438 1566 471 dominis
1601 438 1817 472 cardinalibus
1853 450 1902 472 as-

1253 492 1387 534 sumptis
1405 500 1462 534 pro
1479 494 1569 525 sacra
1585 492 1763 526 visitatione
1780 498 1903 536 aposto—

1252 543 1323 584 lica,
1346 544 1480 578 facultas
1505 545 1658 578 avocandi
1679 556 1788 579 causas
1812 556 1902 579 occa-

1253 597 1342 630 sione
1361 597 1549 631 visitationis
1574 600 1759 642 pendentes,
1786 598 1863 632 129.

1165 650 1293 682 LXXXI.
1318 650 1485 694 Deputatio
1510 652 1720 684 commissarii
1738 658 1768 685 et
1787 652 1902 686 fiscalis

1252 713 1361 737 sacrae
1379 704 1570 738 visitationis
1594 705 1800 748 apostolicae,
1823 704 1898 738 130.

1163 756 1309 790 LXXXII.
1333 757 1508 790 Committit
1523 758 1640 791 nuncio
1659 759 1744 802 apud
1768 758 1903 801 impera·

1253 814 1368 851 torem,
1394 816 1430 844 ut
1449 811 1680 845 ecclesiasticos
1700 811 1789 855 regni
1814 811 1903 845 Polo-

1252 864 1324 897 niae
1349 870 1441 908 cogat
1470 865 1507 898 ad
1543 865 1731 898 tradendum
1756 865 1903 898 utensilia

1252 928 1346 950 aurea
1371 924 1401 951 et
1426 924 1575 961 argentea
1600 918 1803 951 ecclesiarum
1823 918 1904 951 eius-

1251 970 1323 1003 dem
1342 971 1441 1014 regni,
1455 971 1538 1004 intra
1557 971 1672 1004 limites
1690 976 1830 1004 statuum
1846 983 1902 1016 pa-

1252 1024 1481 1058 trimonialium
1498 1024 1698 1068 imperatoris
1723 1025 1900 1066 existentia,

1251 1077 1377 1111 duobus
1410 1078 1522 1111 saltem
1552 1087 1589 1110 ex
1618 1078 1718 1111 tribus
1743 1077 1901 1122 episcopis

1251 1131 1284 1163 in
1303 1131 1402 1175 priori
1421 1131 1649 1165 commissione
1663 1142 1680 1164 a
1696 1131 1901 1165 Sanctissimo

1251 1194 1346 1228 super
1363 1186 1399 1218 ea
1415 1194 1449 1217 re
1466 1185 1587 1218 directa
1610 1184 1729 1219 nuncio
1751 1185 1901 1218 Poloniae

1249 1238 1432 1280 nominatis,
1460 1237 1534 1271 130.

1161 1292 1318 1325 LXXXIII.
1330 1292 1413 1324 Nova
1425 1291 1608 1325 commissio
1621 1292 1739 1325 nuncio
1753 1291 1902 1326 Poloniae

1249 1355 1346 1387 super
1370 1345 1587 1388 compulsione
1613 1344 1902 1377 ecclesiasticorum

1250 1398 1289 1430 ad
1315 1398 1507 1431 tradendum
1530 1398 1677 1432 utensilia
1695 1397 1901 1432 ecclesiarum

1250 1451 1375 1484 duobus
1407 1451 1517 1483 saltem
1549 1462 1586 1484 ex
1618 1451 1718 1484 trihus
1743 1451 1900 1495 episcopis

1249 1503 1281 1536 in
1313 1503 1410 1547 priori
1445 1503 1669 1537 commissione
1700 1504 1898 1545 nominatis,

1249 1556 1324 1590 131.

1162 1611 1312 1645 LXXXIV.
1341 1610 1558 1644 Hortatorium
1583 1610 1722 1644 Thomae
1747 1610 1902 1644 archidia-

1250 1675 1331 1698 cono
1351 1663 1574 1708 Angamalensi
1594 1663 1761 1697 occasione
1776 1663 1901 1697 missio-

1250 1718 1298 1751 nis
1320 1716 1445 1760 Iosephi
1478 1728 1495 1750 a
1527 1717 1557 1750 S.
1586 1716 1682 1749 Maria
1714 1716 1901 1750 Gai-melitae

1248 1770 1433 1805 Discaleeati
1457 1770 1497 1803 ad
1520 1770 1717 1814 provinciam
1741 1770 1900 1813 Angama-

1249 1825 1381 1865 lensem,
1407 1823 1483 1856 132.

1160 1878 1302 1913 LXXXV.
1315 1876 1503 1911 Commissio
1519 1875 1639 1909 nuncio
1657 1875 1808 1909 Poloniae
1826 1886 1902 1910 con-

1250 1938 1296 1965 tra
1321 1941 1386 1971 cos,
1406 1930 1461 1974 qui
1474 1930 1559 1963 bona
1583 1929 1796 1963 ecclesiastica
1814 1940 1830 1962 a
1848 1929 1903 1962 mi-

1248 1983 1354 2018 nistris
1393 1982 1474 2026 regis
1511 1982 1640 2016 Sveciae
1679 1982 1899 2026 impetrarunt,

1161 2090 1318 2125 LXXXVI.
1347 2088 1533 2123 Commissio
1558 2088 1675 2122 nuncio
1692 2088 1844 2122 Poloniae
1862 2090 1902 2122 ad

1249 2142 1470 2176 fabricandum
1495 2151 1678 2185 processum
1704 2147 1814 2175 contra
1840 2141 1903 2185 epi-

1250 2207 1384 2240 scopum
1410 2195 1686 2239 Samogitiensem,
1714 2196 1768 2239 qui
1790 2206 1807 2227 a
1823 2206 1904 2239 par-

1250 2250 1334 2284 tibus
1358 2248 1529 2283 Svecorum
1553 2248 1791 2283 haereticorum
1817 2254 1902 2282 stare

1249 2315 1282 2338 se
1306 2304 1458 2337 asseritur
1478 2302 1668 2343 declarasse,
1687 2313 1723 2335 ac
1740 2303 1903 2346 episcopa-

1250 2364 1319 2392 tum
1352 2357 1536 2390 Vilnensem
1573 2366 1590 2388 a
1626 2361 1794 2399 praetenso
1827 2366 1902 2399 rege

1250 2410 1379 2457 Sveciae
1404 2410 1603 2454 impetrasse,
1630 2408 1705 2442 134.

1162 2464 1332 2498 LXXXVII.
1348 2463 1564 2497 Hortatorium
1581 2461 1773 2502 christianis,
1791 2461 1844 2505 qui
1863 2462 1901 2494 ab

1250 2516 1431 2551 obedientia
1447 2515 1679 2560 archiepiscopi
1695 2514 1901 2558 Angamalen-

1249 2569 1291 2603 sis
1315 2573 1525 2611 recesserunt,
1550 2569 1720 2605 occasione
1740 2565 1900 2601 missionis
