2243 3205
0 1538 2 1659 l

0 2022 5 2107 t

0 2114 5 2180 ι

38 189 87 219 An.
105 188 134 217 G.
151 188 216 216 166¹

61 2170 172 2194 Confirmat
188 2176 210 2196 ut

29 2198 50 2220 in
66 2198 156 2221 rubrica.

827 185 1012 211 ALEXANDER
1038 186 1083 210 vu
1108 187 1156 211 ΡΡ.

277 235 314 269 Et
326 235 491 269 occasione
504 235 681 269 litterarum
698 235 870 269 Innocentii
887 246 976 279 prae-

233 288 408 322 decessoris
424 289 576 332 praedicti
595 289 786 332 quaestionis
812 289 973 322 materiam

233 340 315 374 inter
339 342 510 375 Antonium
544 342 734 375 cardinalem
760 347 789 375 et
813 346 974 386 protecto-

234 405 303 427 rem
328 404 365 427 ex
389 396 471 436 una,
496 400 525 428 et
555 395 685 428 dilectos
717 395 799 428 filios
830 395 974 429 custodes

233 448 462 491 gubernatores
475 449 653 492 praedictos
666 459 701 482 ex
712 449 808 481 altera
822 448 973 493 partibus,

233 511 328 545 super
363 502 579 536 iurisdictione
622 502 819 545 gubernandi
855 502 973 535 dictum

232 555 401 597 collegium
419 555 655 598 Capranicense,
674 561 704 588 et
714 556 798 588 illius
815 556 974 589 scholares

232 612 262 640 et
285 618 438 651 personas
462 608 653 651 corrigendi,
677 609 849 642 mulctandi
869 614 899 642 et
920 621 974 653 pu-

230 660 346 703 niendi,
371 666 402 694 et
429 662 614 694 eorumdem
640 672 748 695 causas
773 662 918 695 audiendi
945 668 974 696 et

230 714 394 747 decidendi
410 720 478 748 orta
491 715 594 757 fuerit,
609 725 737 759 nosque,
752 716 878 759 quibus,
892 716 973 750 inter

230 767 420 811 multiplices
445 778 537 801 curas
563 779 642 812 quae
670 768 811 801 animum
828 775 971 802 nostrum

229 821 353 854 assidue
376 822 518 865 pulsant,
539 823 591 854 illa
615 822 707 855 etiam
733 823 821 856 cordi
847 830 901 865 est,
928 830 972 865 ut,

229 875 357 908 semotis
382 876 669 909 controversiarum
696 881 725 908 et
750 877 970 920 quaestionum

229 929 421 962 anfractibus
446 929 527 962 inter
551 929 772 962 christifideles
797 932 971 975 quoslibet,

229 987 260 1015 et
282 982 467 1026 praesertim
499 983 669 1016 Antonium
700 983 889 1017 cardinalem
904 1012 912 1025 ,
937 995 972 1018 ac

229 1035 374 1069 custodes
387 1036 616 1079 gubernatores
633 1036 801 1080 praefatos,
819 1037 866 1069 ius
880 1048 970 1070 suum

228 1088 399 1132 unicuique
415 1094 450 1121 ut
473 1089 562 1122 decet
591 1089 759 1130 tribuatur,
777 1089 970 1124 differentias

229 1152 324 1186 super
347 1142 502 1185 gubernio
527 1148 557 1175 et
583 1143 811 1185 iurisdictione,
840 1144 971 1188 aliisque

227 1196 406 1240 praedictis,
431 1196 589 1240 aliquibus
613 1198 772 1230 Romanae
796 1198 902 1231 curiae
926 1198 970 1231 in-

228 1250 370 1292 signibus
393 1250 551 1294 praelatis,
577 1250 702 1291 virtute,
727 1251 847 1284 meritis
873 1257 902 1284 et
926 1252 970 1284 in-

228 1304 372 1346 tegritate
395 1304 596 1348 pollentibus,
614 1310 735 1338 mature
754 1310 783 1338 et
802 1305 969 1348 diligenter

227 1357 459 1400 examinandas,
480 1358 517 1390 ad
542 1358 619 1398 hoe,
637 1364 671 1390 ut
686 1358 777 1391 nobis
801 1358 880 1400 iura,
906 1364 968 1392 tam

227 1410 353 1443 Antonii
385 1411 552 1444 cardinalis
582 1417 612 1444 et
635 1412 846 1455 protectoris,
874 1423 968 1456 quam

227 1464 392 1497 custodum
410 1465 660 1507 gubernatorum
678 1466 923 1509 praedictorum,
940 1473 970 1500 et

227 1527 337 1550 eorum
355 1521 426 1551 vota
447 1518 610 1558 referrent,
635 1519 896 1561 commiserimus,
919 1520 970 1552 ha-

226 1570 356 1614 bitaque
372 1571 524 1605 relatione
542 1572 658 1605 iurium
677 1577 706 1606 et
720 1578 864 1606 votorum
882 1584 970 1617 prae-

226 1623 383 1657 dictorum
412 1635 507 1668 super
526 1625 711 1658 differentiis
732 1626 911 1659 huiusmodi
930 1627 968 1659 de

226 1676 310 1710 bono
335 1677 404 1711 iure
429 1679 595 1711 custodum
616 1679 866 1722 gubernatorum
884 1681 967 1714 clare

226 1735 379 1772 constare,
398 1737 427 1764 et
448 1733 696 1766 iurisdictionem
722 1739 752 1766 et
776 1735 966 1776 gubernium

225 1784 407 1818 huiusmodi
428 1796 492 1819 non
518 1787 556 1819 ad
580 1787 750 1820 Antonium
775 1788 966 1822 cardinalem

226 1843 256 1872 et
279 1843 509 1883 protectorem,
542 1840 652 1882 vigore
687 1841 842 1874 dictarum
879 1843 963 1876 litte-

225 1903 335 1926 rarum
359 1893 533 1927 Innocentii
557 1893 732 1937 praedicti,
758 1895 822 1935 sed,
848 1895 879 1928 in
904 1897 965 1929 vim

225 1946 497 1987 constitutionum,
521 1952 709 1980 statutorum
735 1953 765 1980 et
790 1949 965 1982 litterarum

225 2000 312 2033 Pauli
333 2000 383 2040 ΙΙΙ,
402 2000 487 2033 Pauli
508 2000 544 2033 lv
563 2005 592 2034 et
609 2001 653 2033 Pii
671 2002 692 2034 V
718 2002 964 2047 praedictorum,

225 2053 264 2086 ad
289 2053 432 2087 custodes
457 2053 685 2097 gubernatores
709 2056 865 2098 praefatos
883 2068 964 2098 vere,

225 2108 352 2142 realiter
364 2109 456 2152 plene
472 2114 503 2141 et
519 2108 661 2142 effective
689 2116 832 2153 spectare
850 2116 879 2143 et
897 2122 964 2154 per-

224 2161 324 2196 tinere
340 2162 608 2206 compererimus:
632 2173 690 2196 nos
715 2170 895 2207 propterea,
916 2166 964 2198 his

224 2221 255 2249 et
278 2217 346 2250 aliis
382 2217 587 2250 rationalibus
611 2216 648 2249 de
682 2218 783 2250 causis
817 2218 964 2259 adducti,

223 2281 260 2304 ac
285 2271 376 2304 etiam
394 2271 464 2315 piae
482 2271 577 2304 menti
596 2276 626 2303 et
642 2271 792 2304 voluntati
811 2272 964 2306 Dominiei

223 2330 254 2359 et
267 2325 416 2369 Stephani
430 2325 636 2358 cardinalium
657 2325 857 2359 fundatorum
878 2338 965 2370 prae-

224 2379 380 2413 dictorum
407 2379 582 2420 consulere,
596 2384 626 2412 et
651 2379 699 2412 ius
724 2390 816 2412 suum
842 2381 963 2413 unicui-

223 2445 302 2479 que,
327 2438 422 2478 prout
445 2444 581 2477 aequum
608 2438 670 2474 est,
697 2433 846 2476 tribucre,
872 2440 902 2467 et
926 2446 964 2469 ne

223 2487 256 2520 in
280 2492 443 2531 posterum
468 2486 586 2519 similes
603 2486 797 2521 differentiae
811 2487 962 2532 oriantur⁷

223 2550 442 2585 quaecumque
462 2540 623 2573 obstacula
641 2540 678 2573 dc
696 2540 799 2574 medio
814 2541 845 2573 in
864 2547 961 2575 totum

223 2594 345 2635 tollere,
369 2594 507 2638 aliasque
531 2593 562 2626 in
579 2594 762 2638 praemissis
786 2600 963 2639 opportune

308 2657 387 2687 Butt.
407 2657 492 2686 Rom.
512 2672 545 2677 —
570 2657 627 2687 Vol.
648 2656 724 2686 XVI.
869 2657 900 2686 91

1657 179 1715 214 721

1007 235 1175 279 providere
1198 235 1355 278 volentes,
1380 240 1469 270 motu
1493 236 1635 281 proprio,
1661 242 1692 270 et
1716 247 1753 270 ex

1009 291 1094 322 certa
1133 289 1263 322 scientia
1299 291 1487 333 maturaque
1526 290 1752 324 deliberatione

1008 342 1134 382 nostris,
1159 353 1194 375 ac
1219 343 1257 375 de
1282 343 1472 386 apostolicae
1496 343 1660 387 potestatis
1685 344 1751 387 ple-

1008 395 1159 436 nitudine,
1186 395 1271 428 Pauli
1297 396 1334 428 lv
1358 401 1388 428 et
1413 396 1458 428 Pii
1484 396 1507 429 V
1530 396 1752 440 praedecesso-

1008 459 1078 481 rum
1104 448 1350 492 praedictorum‚
1368 460 1491 483 necnon
1511 450 1750 483 constitutiones

1008 507 1038 535 et
1061 507 1176 535 statuta
1200 502 1355 535 Dominici
1381 508 1410 535 et
1433 503 1582 547 Stephani
1608 503 1750 536 cardina-

1008 556 1084 589 lium
1109 561 1376 597 memoratorum,
1409 556 1511 599 quoad
1545 557 1612 589 illas
1645 563 1749 600 partes

1008 620 1087 653 quae
1125 620 1189 642 non
1228 609 1434 642 adversantur
1472 610 1750 644 reformationibus

1008 663 1267 696 constitutionum
1293 668 1323 695 et
1347 668 1536 696 statutorum
1567 664 1749 697 huiusmodi

1007 717 1045 749 de
1070 716 1216 750 mandato
1242 722 1350 750 nostro
1374 717 1475 757 editis,
1500 727 1535 749 ac
1559 717 1684 750 easdem
1703 728 1749 750 re-

1007 770 1228 810 formationes,
1253 770 1423 813 omniaque
1447 775 1477 803 et
1501 771 1625 813 singula
1650 771 1680 803 in
1705 771 1749 804 eis

1007 834 1154 866 expressa
1191 829 1219 856 et
1252 829 1398 857 contenta
1433 834 1652 868 quaecumque
1677 836 1748 868 spe-

1007 876 1076 909 ciali
1091 878 1163 910 nota
1184 877 1279 919 digna
1296 882 1325 909 et
1338 877 1517 910 necessario
1535 878 1747 921 exprimenda,

1007 935 1036 961 et
1059 931 1245 973 praesertim
1278 930 1381 974 quoad
1415 930 1664 964 iurisdietionem
1690 943 1748 975 gu-

1006 983 1157 1016 bernandi
1182 983 1409 1027 Capi-anicense
1433 988 1463 1018 et
1487 985 1659 1017 Nardinum
1689 987 1749 1019 eol-

1006 1036 1086 1079 lcgia
1111 1037 1302 1078 huiusmodi,
1316 1047 1352 1069 ac
1366 1037 1556 1080 corrigendi,
1576 1039 1747 1072 mulctandi

1005 1094 1035 1121 et
1069 1090 1220 1132 puniendi
1251 1090 1413 1123 scholares
1442 1095 1472 1123 et
1504 1091 1686 1133 studentes,
1711 1104 1747 1127 ac

1004 1153 1154 1186 personas
1179 1143 1210 1176 in
1227 1143 1272 1176 eis
1288 1143 1446 1186 degentes,
1461 1149 1491 1176 et
1512 1154 1621 1177 eorum
1636 1156 1746 1179 causas

1004 1206 1219 1240 quascumque
1243 1202 1304 1229 tam
1331 1197 1436 1230 civiles
1454 1208 1548 1241 quam
1567 1199 1746 1233 criminales

1003 1249 1160 1291 audiendi,
1186 1250 1408 1293 cognoscendi,
1422 1251 1597 1292 decidendi,
1618 1253 1745 1296 [ineque

1003 1303 1109 1337 debito
1134 1304 1342 1344 terminandi,
1367 1304 1450 1338 iuxta
1473 1305 1608 1338 formam
1633 1307 1746 1339 consti-

1004 1354 1160 1387 tutionum
1195 1354 1402 1387 cardinalium
1438 1355 1651 1397 fundatorum,
1673 1368 1745 1390 cum

1003 1407 1149 1440 omnibus
1174 1411 1204 1441 et
1228 1408 1360 1450 singulis
1385 1407 1457 1441 inde
1481 1410 1622 1452 sequutis
1647 1416 1676 1443 et
1696 1421 1743 1444 se-

1003 1462 1172 1505 quentibus
1184 1463 1445 1506 quibuscumque,
1458 1464 1629 1507 apostolica
1642 1470 1745 1498 aucto-

1004 1515 1093 1549 ritate
1111 1516 1289 1559 specialiter
1309 1522 1339 1549 et
1355 1527 1502 1560 expresse
1526 1519 1744 1562 approbamus

1003 1574 1032 1601 et
1056 1569 1292 1609 confirmamus,
1318 1570 1440 1614 illisque
1465 1571 1653 1604 inviolabilis
1673 1583 1744 1616 apo-

1002 1622 1129 1655 stolieae
1147 1623 1305 1656 firmitatis
1318 1624 1418 1657 robur
1430 1624 1604 1667 adiicimus,
1619 1636 1744 1659 omnes-

1001 1686 1061 1720 que
1086 1681 1116 1708 et
1141 1677 1283 1719 singulos
1307 1683 1369 1710 tam
1395 1677 1472 1710 iuris
1497 1689 1590 1721 quam
1621 1679 1691 1711 facti
1713 1686 1744 1713 et

1001 1730 1232 1763 solemnitatum
1257 1742 1542 1775 quarumcumque,
1562 1738 1624 1765 tam
1642 1744 1678 1765 ex
1701 1733 1743 1767 iu-

1000 1783 1043 1815 ris
1068 1784 1245 1817 communis
1276 1788 1306 1818 et
1330 1785 1589 1818 constitutionum
1621 1792 1743 1830 aposto-

1000 1837 1211 1880 licarum,seu
1236 1839 1398 1882 stylorum,
1424 1849 1534 1872 usuum
1561 1845 1590 1872 et
1615 1851 1743 1873 consue-

1001 1892 1166 1932 tudinum,
1192 1892 1284 1924 etiam
1320 1892 1622 1926 immemorabilium
1650 1905 1742 1938 prae-

1000 1945 1134 1988 scripto,
1160 1956 1255 1988 quam
1283 1946 1357 1978 alias
1389 1947 1688 1991 quomodocumque
1713 1952 1743 1982 et

1000 1999 1272 2042 qualitercumque
1308 1999 1339 2031 in
1375 1999 1534 2032 similibus
1569 2000 1662 2032 ctiam
1703 2001 1741 2033 de

999 2053 1183 2086 necessitate
1207 2053 1486 2095 observandarum,
1508 2059 1537 2086 et
1554 2055 1631 2088 alios
1651 2065 1742 2098 quos-

1000 2117 1135 2149 cumque
1159 2109 1360 2149 quantumvis
1386 2118 1515 2150 magnos
1529 2113 1559 2140 et
1581 2108 1739 2148 formales,

999 2170 1034 2192 ac
1060 2160 1277 2192 substantiales
1301 2160 1449 2202 defectus,
1468 2161 1492 2193 si
1513 2161 1566 2204 qui
1587 2161 1740 2205 print-ipa-

1000 2214 1070 2247 liter
1094 2215 1142 2247 vel
1177 2215 1352 2248 accessorie
1384 2220 1437 2247 aut
1467 2215 1542 2247 alias
1568 2215 1740 2258 quomodo-

1000 2268 1074 2300 libet
1097 2268 1332 2308 intervenerint,
1357 2279 1413 2301 seu
1438 2269 1641 2301 intervenisse
1666 2269 1737 2312 (lici,

1000 2323 1129 2363 censeri,
1147 2323 1319 2367 praetendi,
1338 2324 1383 2355 vel
1411 2323 1539 2365 intelligi
1561 2323 1737 2367 nunquam¹

1000 2382 1137 2421 possent,⁷
1147 2377 1329 2420 plenissime
1343 2377 1525 2420 supplemus
1539 2382 1568 2409 ct
1581 2388 1737 2419 sanamus,

999 2442 1034 2464 ac
1047 2431 1171 2474 penitus
1185 2435 1215 2462 et
1228 2430 1356 2463 omnino
1372 2431 1508 2464 tollimus
1522 2436 1551 2463 ct
1565 2431 1736 2473 abolemus;

998 2488 1028 2519 et
1050 2483 1254 2517 nihilominus
1278 2484 1413 2525 titulum,
1438 2484 1736 2527 denominationem,

1033 2601 1044 2628 1
1066 2599 1224 2636 Legendum
1243 2607 1375 2635 unquam
1394 2600 1432 2634 (a.
1447 2600 1495 2634 τ.).

1768 188 1818 216 An.
1835 188 1863 216 C.
1885 188 1950 216 1661
