2243 3205
13 183 60 211 An.
80 182 107 210 C.
130 182 194 209 1660

38 1834 191 1863 Exemptiones.

794 182 978 206 ALEXANDER
1004 182 1047 205 VII
1072 182 1118 204 1‘1‘.

206 229 342 262 tionibus
367 233 396 264 et
420 230 487 263 aliis
520 230 663 274 personis
695 229 861 274 praedictis
895 229 942 262 vel

205 283 367 327 quibusvis
377 284 454 325 aliis,
470 284 679 317 communiter
694 284 738 317 vel
754 283 887 323 divisim,
904 282 942 316 ab

205 336 386 380 Apostolica
410 337 449 369 sit
474 337 552 370 Sede
579 337 755 378 indultum,
788 337 872 381 quod
897 337 942 369 in-

205 390 325 432 terdici,
350 391 497 435 suspendi
526 391 570 423 vel
598 391 861 424 excommunicari
880 400 943 423 non

206 443 325 486 possint
349 454 404 487 per
430 444 548 477 litteras
582 444 770 487 apostolicas
804 454 867 476 non
900 444 943 475 sa-

205 496 322 529 cientes
346 497 469 540 plenam
492 502 521 529 et
538 507 715 540 expressam
734 507 769 529 ac
786 497 823 529 de
849 496 944 530 verbo

204 548 242 580 ad
267 548 398 581 verbum
432 549 469 581 de
501 549 621 582 indulto
652 549 831 583 huiusmodi
857 560 944 582 men-

202 601 337 642 tionem,
363 601 422 634 'ad
440 602 626 635 solutionem
648 602 780 635 alicuius
805 602 945 635 decimae

204 664 267 688 non
292 660 474 695 teneantur,
509 660 539 688 et
570 655 606 687 ad
640 655 670 688 id
701 656 868 700 compelli,
893 661 945 689 aut

204 708 290 752 quod
314 708 470 748 interdici,
495 709 641 752 suspendi
664 709 709 742 vel
732 709 946 742 excommuni-

205 761 289 801 cari,
314 771 367 794 seu
394 766 481 794 extra
514 761 559 794 vel
594 762 674 794 ultra
705 768 789 795 certa
814 762 882 795 loca
907 762 945 795 ad

206 814 354 848 iudicium
382 815 504 848 evocari
531 826 593 848 non
618 816 738 859 possint
755 827 810 859 per
828 816 945 850 litteras

205 868 392 911 apostolicas
403 878 466 902 non
481 869 626 901 facientes
641 869 763 912 plenam
778 874 808 902 et
823 880 946 913 expres-

205 931 270 953 sam
296 921 333 954 de
351 921 472 954 indulto
500 922 679 955 huiusmodi
709 923 900 955 mentionem
913 923 963 966 ‚¹,l

206 979 236 1007 et
259 974 451 1018 quibuslibet
483 975 550 1007 aliis
574 975 747 1018 privilegiis
777 981 806 1008 et
839 987 944 1009 exem-

206 1028 366 1072 ptionibus
390 1033 420 1062 ct
445 1029 475 1061 in
500 1040 635 1073 corpore
661 1029 738 1062 iuris
764 1030 888 1070 clausis,
910 1041 945 1063 ac

206 1081 317 1114 litteris
342 1082 523 1125 apostolicis
547 1082 798 1126 quibuscumque
816 1083 946 1125 dignita-

207 1134 289 1168 tibus
313 1146 367 1168 seu
393 1135 569 1177 ordinibus,
587 1136 765 1180 specialiter
788 1137 833 1169 vel
856 1147 946 1179 gene-

207 1188 323 1228 raliter,
349 1189 406 1221 sub
431 1200 630 1233 quacumque
651 1190 819 1223 verborum
845 1186 964 1222 soi-ma?

207 1242 362 1285 expressis
375 1242 395 1283 ²,
416 1243 536 1274 etiamsi
562 1246 649 1276 motu
673 1243 820 1286 proprio,
848 1253 883 1275 ac
908 1243 964 1275 de¹

207 1295 397 1338 apostolicae
422 1296 584 1340 potestatis
601 1296 805 1340 plenitudine,
825 1301 854 1329 et
871 1307 944 1329 con-

207 1347 415 1390 sistorialiter,
445 1359 480 1381 ae
512 1349 603 1381 etiam
627 1349 658 1381 in
680 1350 739 1382 vim
767 1353 946 1382 contractus

208 1402 441 1445 emanaverint,
467 1403 587 1436 etiamsi
620 1414 679 1447 pro
712 1404 837 1436 illorum
864 1403 947 1436 suffi-

209 1454 301 1488 cienti
326 1455 530 1499 derogatione
547 1457 585 1489 de
603 1457 664 1489 illis
681 1467 855 1500 eorumque
875 1457 946 1489 totis

210 1509 376 1543 tenoribus
408 1510 568 1554 specialis,
602 1510 765 1554 specifica,
799 1521 947 1554 expressa

209 1567 239 1594 et
270 1562 450 1604 individua,
475 1574 510 1597 ac
535 1564 572 1596 de
597 1564 692 1597 verbo
725 1564 763 1596 ad
795 1565 923 1597 verbum
939 1592 946 1606 ,

209 1626 271 1649 non
292 1621 396 1649 autem
417 1627 474 1661 per
498 1618 651 1651 clausulas
677 1618 839 1660 generales
866 1618 946 1650 idem

209 1669 425 1713 importantes,
447 1671 564 1704 mentio
583 1671 725 1704 habenda
751 1677 843 1712 esset,
869 1682 948 1715 quae

209 1722 263 1765 eis,
289 1723 392 1767 quoad
414 1724 595 1768 praemissa,
614 1725 762 1758 nolumus
787 1725 817 1757 in
842 1725 948 1769 aliquo

209 1775 385 1819 suffragari.

253 1829 268 1872 ἓ
292 1829 321 1862 4.
354 1830 504 1864 Volumus
528 1835 630 1865 autem
662 1831 763 1875 quod,
789 1832 874 1865 iuxta
898 1842 950 1865 or-

209 1882 400 1917 dinationem
418 1895 434 1917 a
450 1886 583 1919 concilio
597 1886 764 1919 Viennensi
780 1897 875 1930 super
888 1886 949 1919 hoc

210 1936 335 1978 editam,
361 1938 483 1979 calices,
503 1939 575 1971 libri
593 1945 623 1972 et
639 1940 744 1973 omnia
765 1945 950 1973 ornamenta

210 1990 432 2032 ecclesiarum,
465 1993 746 2034 monasteriorum,
779 1993 950 2026 beneficio-

210 2054 280 2076 rum
304 2047 333 2078 et
359 2044 493 2078 aliorum
523 2045 648 2089 piorum
676 2047 817 2080 locorum
844 2046 949 2080 divino

210 2097 306 2129 cultui
328 2097 469 2130 dedicata
486 2109 521 2131 ex
540 2101 632 2132 causa
651 2100 792 2143 pignoris
809 2100 856 2132 vel
878 2100 950 2141 alia,

210 2150 374 2183 occasione
412 2151 576 2185 solutionis
611 2152 804 2186 decimarum
841 2153 950 2187 huius-

211 2204 306 2246 modi,
331 2205 507 2239 nullatenus
533 2206 711 2250 capiantur,
736 2207 950 2240 distrabantur

211 2258 258 2290 vel
294 2265 514 2303 occupentur,
551 2261 697 2305 quodque
736 2262 947 2305 praesentium

210 2311 385 2346 litterarum
412 2314 616 2358 transumptis
642 2319 712 2356 tuo,
750 2315 795 2347 vel
821 2315 949 2347 alterius

211 2365 340 2409 praelati
379 2367 579 2400 ecclesiastici
619 2368 723 2410 sigillo
760 2378 795 2400 ac
832 2367 949 2411 publici

209 2419 324 2452 notarii
346 2419 576 2464 subscriptione
591 2420 728 2461 munitis,
743 2420 850 2453 eadem
863 2431 951 2464 pror-

248 2501 259 2526 1
284 2500 426 2536 l‘ericopes
441 2502 510 2528 inter
525 2500 591 2528 duos
606 2503 614 2511 ·
633 2527 640 2535 ,
656 2500 771 2536 positum
791 2508 844 2528 non
864 2500 951 2527 habe-

212 2547 255 2571 tur
269 2545 296 2572 in
312 2546 362 2573 loe.
379 2546 508 2582 parallelo
524 2550 588 2573 tom.
606 2552 650 2580 κν,
668 2554 727 2581 pag.
746 2545 795 2572 727
812 2554 829 2571 α
847 2545 882 2580 (a.
899 2546 949 2578 r.).

247 2592 264 2618 2
284 2591 438 2628 Legeudum
456 2592 495 2619 vel
511 2591 663 2619 addendum
680 2591 817 2619 concessis
832 2591 870 2625 (n.
889 2589 937 2624 T.).

977 240 1029 262 sus
1053 229 1130 262 fides
1155 229 1185 261 in
1208 229 1322 262 iudicio
1343 228 1389 261 vel
1415 232 1501 260 extra
1522 225 1717 267 adhibeatur,

977 293 1057 327 quae
1086 282 1301 326 praesentibus
1326 281 1540 322 adhiberetur,
1566 280 1590 313 si
1616 279 1718 313 forent

977 336 1134 370 exhibitae
1153 336 1199 369 vel
1218 341 1370 369 ostensae.

1022 389 1131 421 Datum
1153 389 1285 429 Romae,
1310 387 1392 432 apud
1420 387 1448 420 S.
1475 386 1603 420 Mariam
1622 385 1717 419 Maio-

978 453 1056 483 rem,
1072 442 1129 475 sub
1148 441 1263 474 annulo
1284 441 1460 481 piscatoris,
1474 440 1523 473 die
1538 450 1568 473 1v
1588 443 1719 483 septem-

977 496 1043 529 bris
1060 505 1177 536 Mnch,
1198 495 1398 539 pontificatus
1415 494 1514 528 nostri
1532 504 1613 527 anno
1631 503 1671 526 V1.

1013 559 1073 585 Dat.
1094 557 1136 585 die
1156 558 1171 584 4
1191 556 1355 593 septembris
1378 555 1692 590 1660,p0ntitann0v1.

1289 700 1407 735 CCCXI.

980 781 1103 815 Statuit
1119 791 1158 815 ne
1182 781 1219 814 de
1238 785 1338 814 cetero
1359 781 1395 813 in
1420 780 1598 824 provinciis
1619 779 1721 812 Tertii

1025 834 1160 868 Ordinis
1170 835 1276 868 sancti
1285 834 1455 868 Francisci
1466 833 1721 876 conffl·e9atz'oizis

1027 889 1157 923 Galliae
1181 888 1282 921 oblati
1295 898 1350 920 scu
1367 888 1537 920 servientes
1554 886 1721 919 ullatenus

1023 942 1229 985 recipiantur
1248 945 1276 974 et
1297 941 1339 974 ad
1361 941 1590 984 professionem,
1605 939 1723 972 admit-

1026 1000 1156 1036 tantur,
1183 995 1250 1028 nisi
1282 1005 1354 1028 curn
1387 994 1536 1027 biennali
1559 994 1722 1026 novitiatu

1024 1055 1052 1082 et
1077 1053 1194 1092 quarto
1218 1053 1287 1081 voto
1301 1048 1338 1080 de
1351 1058 1417 1080 non
1431 1046 1642 1090 procuranda
1654 1046 1721 1079 alia

1024 1104 1064 1136 ab
1091 1102 1282 1135 huiusmodi
1313 1101 1497 1135 oblatorum
1526 1104 1554 1133 et
1582 1100 1722 1132 servien-

1026 1157 1108 1189 tium
1117 1156 1300 1189 conditione
1309 1155 1352 1187 ad
1360 1154 1598 1198 praescriptum
1609 1153 1723 1185 consti-

1026 1210 1199 1249 tutionum,
1217 1209 1275 1240 sub
1289 1208 1401 1252 poenis
1425 1207 1621 1250 privationis
1639 1206 1723 1238 vocis

1024 1263 1147 1295 activae
1171 1266 1198 1294 et
1214 1262 1373 1304 passivae,
1397 1270 1519 1292 necnon
1539 1259 1723 1302 officiorum

1023 1321 1051 1349 et
1064 1315 1232 1349 nullitatis
1244 1319 1418 1358 qestorum‚
1430 1323 1533 1356 neque
1544 1312 1721 1355 quicquam

1025 1369 1111 1401 circa
1134 1372 1257 1401 statum
1281 1367 1443 1400 dictorum
1468 1365 1647 1398 oblatorum
1667 1374 1722 1396 seu

1026 1422 1182 1455 laicorum
1212 1422 1249 1454 in
1279 1419 1435 1464 capitulis
1462 1416 1723 1462 provincialibus

1024 1486 1080 1508 seu
1111 1479 1205 1508 extra
1236 1473 1419 1507 earumdem
1452 1470 1722 1504 constitutionum

1025 1529 1105 1561 dicti
1130 1527 1264 1561 Ordinis
1289 1531 1316 1559 et
1344 1525 1564 1569 praesentium
1590 1523 1719 1556 littera-

1024 1593 1100 1615 rum
1123 1582 1261 1626 sormam
1285 1583 1459 1614 innovetur
1473 1578 1491 1611 ¹.

1177 1659 1346 1688 Alexander
1365 1659 1443 1693 Papa
1462 1659 1526 1691 VII,

1132 1706 1168 1733 ad
1188 1706 1321 1733 futuram
1336 1704 1380 1731 rei
1396 1704 1574 1730 memoriam.

1028 1778 1042 1822 ἓ
1063 1777 1091 1810 1.
1118 1777 1236 1821 Exponi
1262 1775 1353 1809 nobis
1371 1785 1471 1818 nuper
1490 1774 1632 1807 fecerunt
1652 1772 1724 1807 dile-

984 1831 1024 1864 cti
1050 1831 1104 1863 filii
1126 1831 1262 1863 Renatus
1277 1828 1460 1862 Parisiensis
1475 1832 1504 1860 ct
1521 1827 1629 1860 Simon
1646 1826 1725 1869 Lug-

984 1884 1142 1924 dunensis,
1169 1887 1390 1927 procuratores
1411 1881 1544 1913 fratrum
1571 1879 1724 1913 laicorum

985 1938 1066 1972 tertii
1092 1937 1217 1971 Ordinis
1247 1936 1344 1969 sancti
1363 1934 1522 1968 Francisci
1543 1944 1721 1977 congrega·

984 1992 1077 2025 tionis
1094 1991 1280 2032 Gallicanae,
1294 1989 1377 2034 quod
1392 1989 1476 2031 alias,
1490 1999 1547 2032 per
1563 1986 1662 2020 felicis
1675 1996 1725 2019 re·

984 2045 1176 2079 cordationis
1190 2044 1350 2077 Urbanum
1366 2042 1430 2075 Vlll
1446 2041 1723 2086 praedecessorem

983 2105 1126 2132 nostrum
1152 2103 1293 2141 accepto,
1317 2096 1401 2140 quod
1422 2096 1534 2128 fratres
1555 2094 1649 2128 oblati
1671 2104 1726 2126 seu

984 2152 1155 2186 servientes
1185 2150 1310 2185 Ordinis
1335 2154 1364 2183 et
1389 2148 1644 2192 congregationis
1672 2147 1727 2179 liu—

985 2205 1117 2239 iusmodi
1133 2210 1258 2249 praeter
1280 2203 1339 2236 tria
1357 2209 1426 2236 vota
1443 2201 1596 2235 solemnia
1614 2199 1727 2233 abillis

985 2259 1123 2293 eiusdem
1149 2257 1274 2291 Ordinis
1299 2256 1447 2289 fratribus
1479 2255 1577 2288 emitti
1612 2254 1726 2294 solita,

984 2313 1045 2346 alio
1070 2317 1182 2356 quarto
1208 2316 1279 2344 voto
1305 2310 1343 2343 de
1367 2320 1430 2343 non
1448 2307 1649 2353 procuranda
1667 2306 1727 2339 alia

986 2367 1115 2399 fratrum
1133 2365 1310 2399 oblatorum
1331 2363 1509 2397 conditione
1530 2372 1597 2395 sese
1615 2359 1728 2394 obstri-

986 2424 1105 2460 xerant„
1120 2418 1200 2451 idem
1213 2418 1356 2450 Urbanus
1370 2416 1596 2460 praedecessor
1609 2419 1726 2455 noster,

985 2473 1022 2505 ad
1040 2471 1301 2516 supplicationem
1322 2470 1426 2504 dilecti
1448 2469 1502 2503 filii
1522 2467 1647 2501 Antonii
1664 2467 1722 2500 Sa-

1022 2590 1030 2615 1
1057 2588 1091 2615 Ex
1113 2588 1222 2623 Regest.
1245 2587 1272 2613 in
1293 2587 1395 2612 Sec-ret.
1418 2585 1493 2613 BreV.

1616 168 1680 201 {305
1727 177 1778 203 An.
1802 177 1830 205 c.
1851 178 1917 205 ¹660

1766 1781 1881 1808 Expositiu,
