2243 3205
471 167 534 185 01¹5)

471 184 534 201 db..

239 177 286 202 Αη.
308 175 334 201 C.
361 175 425 202 ¹658

482 225 565 256 tium
591 223 764 267 hospitalis
785 224 815 257 S.
837 224 971 257 Ioannis
992 224 1177 269 Hierosoly—

482 276 629 310 milani&

631 340 801 367 Alexander
821 340 900 374 Papa
919 341 982 374 vn,

562 386 597 411 ad
618 386 858 417 perpetuam-rei
878 385 1056 413 memoriam.

272 451 382 470 Constituit
403 452 421 469 ct

483 438 497 480 ᾖ
527 438 551 470 1.
578 438 665 478 Cum,
691 438 770 470 sicut
794 438 987 481 accepimus,
1013 439 1043 470 in
1067 448 1180 471 renun-

240 478 422 530 ssZ‡⁹‘r¹'2¹‚-'igii.iiifll
439 491 628 524 ciationibus
649 496 679 524 et
704 491 897 524 cessionibus
922 491 1097 532 titulorum,
1114 502 1179 532 scu,

240 530 300 551 nibus
333 530 423 554 ‹tignita-

240 558 423 603 '1¹¹1'.¹}(11³‡{'1‘'31¹¹.‡3}¹'
439 546 472 577 ut
496 543 626 585 dicitur,
653 544 769 577 iuriuiu
794 543 990 588 prioratuum
1025 555 1061 577 ac
1090 544 1180 576 baiu-

249 590 255 603 Ι’
282 598 283 601 κ
332 589 337 596 ³
356 589 361 602 ἑ
414 593 423 597 “

240 609 378 629 „simmaa
395 609 423 629 ιι..
439 596 589 629 livatuum
615 597 778 640 hospitalis
804 597 832 630 S.
859 597 982 631 loannis
1007 597 1181 640 Hierosoly-

242 642 311 656 Vut‘t'nl
331 641 423 659 T?Slssll=l·

240 663 423 694 tmnuinnsspua-
440 649 570 690 mitani,
595 660 675 693 quae
706 650 787 683 inter
820 650 932 684 fratres
964 650 1103 683 eiusdem
1128 649 1183 682 lio-

240 689 561 746 25015301321323spitalts
597 713 667 736 cum
705 704 918 737 reservatione
950 704 1111 736 fructuum
1147 712 1182 735 ac

442 756 584 789 omnium
602 756 782 790 reddituum
808 761 838 791 et
857 757 969 801 plenae
989 755 1183 789 administra-

443 809 538 842 tionis
570 809 697 842 illorum
731 811 794 843 uua
827 820 898 843 cum
931 810 999 842 aliis
1031 808 1184 853 praeemi-

442 862 557 895 nentiis
581 862 651 895 fieri
676 868 918 905 consueverunt,
940 862 1083 896 nonnulli
1107 862 1184 894 abu-

443 926 495 948 sus
512 915 724 959 obrepserint,
743 916 856 959 quibus
876 916 1017 959 ipsorum
1041 914 1183 959 priorum

443 980 479 1002 ac
499 969 710 1002 baiulivorum
728 969 822 1003 decus
840 975 870 1003 et
886 969 1074 1003 existimatio
1096 968 1185 1001 valde

443 1022 641 1064 diminuitur,
659 1022 847 1065 dignitatum
864 1022 1005 1055 eiusdem
1023 1020 1185 1065 hospitalis

444 1076 514 1109 iura
530 1082 560 1109 et
576 1077 816 1120 praerogativae
833 1076 1080 1117 confunduntur,
1094 1081 1123 1109 et
1137 1086 1186 1108 re-

445 1135 513 1163 ctus
539 1130 616 1163 ordo
641 1130 788 1173 iustitiae,
806 1130 860 1174 qui
878 1130 909 1162 in
926 1129 1132 1163 electionibus
1149 1129 1186 1162 ad

444 1184 601 1228 praefatas
623 1183 803 1226 dignitates,
821 1184 905 1216 iuxta
925 1183 999 1216 dicti
1023 1183 1187 1227 hospitalis

445 1242 560 1271 statuta
578 1248 633 1270 seu
654 1237 863 1270 stabilimenta
881 1242 910 1270 et
927 1237 1100 1270 laudabiles
1118 1247 1188 1270 con-

446 1291 627 1325 suetudines
656 1292 828 1335 apostolica
854 1291 1041 1324 auctoritate
1072 1292 1187 1324 contir-

447 1345 560 1386 mata‘2‚
587 1346 706 1378 servari
731 1345 833 1388 debet,
860 1345 948 1378 valde
972 1344 1188 1389 perturbatur,

447 1400 523 1433 dum
549 1411 605 1443 per
629 1400 792 1434 reiteratas
821 1399 1002 1433 huiusmodi
1027 1399 1189 1433 titulorum

448 1454 702 1487 renunciationes
726 1453 843 1487 nedum
868 1453 946 1493 duo,
972 1453 1025 1486 sed
1049 1453 1190 1497 quando-

449 1518 510 1552 que
536 1513 598 1540 tres
623 1508 735 1540 fratres
759 1507 853 1540 unius
876 1507 1034 1551 prioratus
1060 1507 1105 1540 vel
1130 1506 1188 1539 ba-

448 1561 595 1594 iulivatus
631 1561 865 1605 nuncupatione
898 1560 1009 1593 eodem
1047 1565 1191 1604 tempore

449 1619 626 1657 censentur,
645 1620 675 1647 et
696 1624 829 1657 magnae
854 1613 956 1647 crucis
981 1614 1113 1654 bonore,
1131 1624 1192 1657 qua

449 1669 481 1701 in
501 1679 558 1701 suo
576 1669 765 1702 antianitatis
779 1674 873 1701 turno
893 1668 1019 1701 nonnisi
1036 1671 1105 1711 post
1122 1668 1192 1711 plu-

449 1733 500 1755 res
525 1732 621 1755 annos
646 1722 739 1766 potiri
764 1722 956 1766 potuissent,
981 1722 1066 1754 illico
1099 1721 1192 1754 deco-

449 1780 576 1816 rantur,
601 1775 769 1819 aliquando
799 1775 893 1808 etiam
924 1775 1107 1808 cessionarii
1137 1785 1192 1807 seu

450 1829 649 1872 resignatarii
663 1829 721 1872 ipsi
732 1830 808 1872 (uon
822 1830 982 1872 expectata
994 1828 1192 1862 successione

452 1883 482 1914 in
500 1882 641 1915 redditus
661 1888 691 1915 et
708 1882 1011 1915 administrationem
1033 1882 1193 1925 prioratus

453 1937 500 1968 vel
525 1936 724 1977 batum-aius,
748 1946 829 1980 quae
853 1936 914 1968 illis
930 1936 961 1968 in
986 1936 1066 1969 tituli
1091 1936 1195 1980 acqui-

453 1989 531 2030 siti-³,
551 2000 622 2022 cum
641 1990 780 2033 primum
801 2000 858 2033 per
875 2000 997 2023 cessum
1020 1990 1067 2023 vel
1085 1990 1193 2023 deces-

454 2053 522 2075 sum
559 2043 641 2075 illius
678 2043 731 2087 qui
768 2043 938 2086 resignarit
973 2054 1045 2076 eum
1084 2054 1194 2077 vacare

455 2096 632 2139 contigerit,
648 2096 776 2129 omnino
794 2096 950 2140 debetur),
970 2097 1066 2130 titulis
1084 2097 1194 2130 iisdem

454 2160 533 2193 quos
558 2155 648 2182 autea
673 2150 894 2184 affectaverant
918 2154 1029 2194 sponte
1049 2151 1195 2191 dimissis,

455 2203 493 2235 ad
525 2203 601 2235 alias
637 2203 803 2236 convolent
835 2203 1019 2246 dIgnitatcsj,
1052 2204 1133 2236 uude
1166 2204 1196 2236 in

457 2255 553 2289 titulis
579 2255 623 2288 sic
648 2255 784 2288 dimissis
813 2256 864 2288 alii
890 2256 1002 2289 fratres
1027 2257 1197 2300 subrogan-

457 2314 517 2349 tur,
532 2314 561 2341 et
585 2318 622 2341 eo
647 2308 773 2341 nomine
798 2309 917 2352 pariter
943 2320 1073 2352 maguae
1094 2310 1197 2343 crucis

458 2363 641 2405 dignitatem
667 2368 890 2406 assequuntur,
912 2368 941 2396 et
960 2364 1097 2407 insuper,
1122 2364 1195 2397 dum

458 2416 656 2449 cessionariis
677 2426 731 2449 seu
748 2416 962 2459 resignatariis
976 2417 1122 2460 praefatis
1136 2420 1197 2451 uua

498 2497 506 2522 1
531 2495 565 2521 Ex
587 2495 692 2530 Regest.
714 2496 739 2522 in
759 2497 860 2523 Secret.
884 2496 959 2524 Brev.

494 2539 510 2565 2
526 2539 591 2565 Male
607 2539 670 2566 edit.
687 2539 767 2567 Maiu.
784 2540 849 2574 legit
865 2541 1053 2576 confirmatae
1068 2544 1108 2574 (n.
1124 2543 1171 2576 T.).

496 2584 511 2612 3
530 2583 643 2613 Videtur
659 2585 802 2620 legendum
819 2586 901 2614 titulo
918 2587 1044 2623 aquist'lo
1060 2589 1100 2622 (R.
1117 2593 1153 2621 T).

1012 178 1189 202 BULLARIUM
1215 178 1368 202 ROMANUM

1211 236 1283 259 cum
1310 225 1399 259 titulo
1424 225 1516 259 datur
1540 226 1731 269 expectativa
1751 237 1806 260 seu
1829 227 1878 261 ius
1901 228 1950 262 fu-

1213 284 1300 311 turae
1325 278 1532 312 successionis
1549 278 1587 311 ad
1608 279 1731 322 plenam
1756 280 1950 314 administra-

1213 331 1328 364 tionem
1366 331 1505 364 eiusdem
1538 332 1696 375 prioratus
1722 332 1769 365 vel
1793 332 1948 366 baiuliva-

1214 389 1282 425 tus,
1318 383 1519 427 privilegium
1555 384 1767 428 expectativae
1807 390 1836 418 et
1874 385 1952 419 iuris

1214 435 1395 469 huiusmodi
1410 436 1507 480 (quod
1525 437 1703 481 specialiter
1721 437 1865 470 baiulivis
1882 447 1953 471 con-

1214 489 1411 522 ventualibus
1436 489 1597 522 dumtaxat
1613 500 1670 533 per
1685 489 1859 534 praefatae¹
1876 490 1954 523 eius-

1215 542 1285 574 dem
1300 542 1464 586 hospitalis
1477 543 1687 576 stabilimenta
1711 553 1895 577 concessum
1908 548 1956 577 est

1216 596 1247 628 in
1283 596 1493 629 remotionem
1531 596 1636 629 oneris
1673 601 1702 631 et
1737 597 1954 641 impensarum

1216 659 1293 691 quas
1309 648 1415 682 subire
1437 653 1581 683 tenentur
1598 660 1657 693 pro
1670 650 1789 683 alendis
1806 650 1956 684 fratribus

1217 712 1291 734 suae
1322 702 1449 745 linguae
1484 703 1515 735 in
1551 709 1707 736 conventu
1736 703 1956 745 residentibus,

1217 764 1283 795 seu,
1308 759 1342 789 ut
1366 756 1459 798 vulgo
1484 756 1609 798 dicitur,
1628 756 1753 789 tenendi
1770 756 1956 800 albergiam)

1217 818 1273 851 per
1287 808 1467 842 huiusmodi
1486 809 1701 853 praeventivas
1718 809 1882 842 titulorum
1895 820 1958 843 ces—

1219 862 1344 903 sioneS‚
1373 862 1602 906 resignationes
1628 868 1657 896 et
1683 863 1900 897 translationes
1923 863 1959 896 fit

1219 916 1313 948 etiam
1328 926 1495 949 commune
1509 916 1578 949 aliis
1594 916 1745 950 fratribus
1759 927 1856 950 onera
1871 927 1959 961 prae-

1219 969 1302 1003 dicta
1333 970 1462 1003 minime
1498 970 1744 1013 sustinentibus,
1776 970 1829 1014 qui
1865 971 1958 1003 etiam

1219 1023 1419 1068 quandoque,
1444 1023 1503 1056 hac
1520 1024 1569 1056 via
1587 1023 1749 1066 indirecta,
1770 1023 1881 1057 iisdem
1905 1024 1958 1057 ba-

1221 1077 1324 1111 iulivis
1345 1077 1606 1112 conventualibus
1623 1078 1655 1110 in
1670 1077 1839 1122 praedictis
1862 1077 1960 1121 digni-

1222 1131 1335 1165 tatibus
1366 1142 1437 1164 cum
1463 1141 1578 1174 magno
1603 1131 1729 1164 illorum
1754 1131 1960 1175 praeiudiciio

1221 1185 1443 1229 praeferuntur
1450 1196 1458 1225 3
1477 1185 1638 1228 multaque
1655 1184 1715 1217 alia
1739 1184 1853 1218 damna
1872 1190 1903 1218 et
1919 1185 1962 1218 in-

1222 1238 1389 1272 commoda
1413 1249 1449 1271 ex
1473 1238 1566 1271 nimis
1590 1238 1746 1282 frequenti
1777 1249 1836 1271 usu
1863 1248 1959 1282 prae-

1222 1293 1377 1326 dictarum
1410 1293 1588 1326 cessionum
1617 1297 1647 1326 et
1677 1292 1962 1335 renunciationum,

1223 1353 1285 1380 tam
1310 1347 1454 1391 publicae
1479 1346 1577 1390 ipsius
1601 1346 1764 1390 hospitalis
1788 1347 1964 1391 tranquilli-

1224 1401 1299 1443 tati⁷
1324 1411 1418 1444 quam
1451 1400 1651 1443 singulorum
1677 1400 1811 1434 fratrum
1835 1401 1965 1445 privatis

1223 1454 1345 1488 iuribus
1376 1453 1612 1498 praeiudicialia
1644 1454 1677 1486 in
1708 1454 1774 1487 dies
1803 1454 1963 1489 oriuntur:

1224 1507 1297 1541 liiuc
1319 1512 1365 1540 est
1381 1507 1465 1551 quod
1482 1517 1549 1548 nos,
1567 1507 1718 1548 volentes,
1742 1518 1801 1551 pro
1816 1518 1853 1542 eo
1871 1518 1965 1552 quem

1224 1561 1366 1604 gerimus
1391 1571 1467 1603 erga
1492 1560 1611 1594 dictum
1636 1561 1791 1605 hospitale
1816 1565 1966 1605 paternae

1226 1614 1387 1648 charitatis
1411 1614 1535 1655 affeetu,
1559 1614 1729 1659 praedictis
1750 1615 1850 1658 malis,
1871 1626 1967 1660 quan-

1227 1672 1291 1702 tum
1317 1679 1389 1701 cum
1415 1668 1548 1702 Domino
1573 1679 1751 1712 possumuS,
1776 1679 1966 1711 occurrere,

1226 1733 1261 1755 ao
1278 1722 1433 1766 praefatos
1446 1722 1561 1755 abusus
1574 1723 1712 1763 abolere,
1726 1727 1813 1757 motu
1826 1724 1967 1768 proprio,

1226 1786 1289 1809 non
1309 1776 1348 1808 ad
1373 1776 1505 1809 alicuius
1529 1786 1624 1819 super
1654 1776 1715 1810 hoc
1738 1777 1831 1810 nobis
1854 1787 1967 1821 porre-

1227 1834 1294 1864 ctae
1319 1830 1479 1874 petitionis
1503 1830 1705 1871 instantiam,
1730 1831 1784 1864 sed
1816 1842 1852 1864 ex
1883 1832 1969 1866 certa

1228 1883 1357 1916 scientia
1384 1893 1419 1915 ac
1444 1885 1566 1917 matura
1591 1883 1818 1917 deliberatione
1842 1884 1968 1926 nostris,

1227 1937 1286 1970 hac
1307 1937 1415 1970 nostra
1435 1942 1587 1980 perpetuo
1613 1937 1745 1970 valitura
1771 1937 1968 1972 constitutio-

1228 2000 1287 2031 ne,
1319 1990 1504 2023 auctoritate
1540 1991 1711 2034 apostoliea
1743 1991 1908 2024 statuimus
1940 1995 1971 2026 et

1229 2043 1439 2084 decernimus,
1464 2054 1499 2076 ac
1525 2043 1664 2077 districte
1688 2043 1905 2088 p1·0hibemuS‚
1930 2055 1970 2078 ne

1230 2097 1493 2137 renunciationes,
1511 2096 1749 2140 resignationes,
1763 2108 1798 2131 ac
1812 2098 1970 2132 cessiones

1231 2151 1405 2192 titulorum,
1430 2162 1495 2191 seu,
1514 2155 1548 2185 ut
1563 2151 1688 2192 dicitur,
1707 2151 1822 2184 iurium
1847 2152 1968 2196 priora-

1232 2210 1319 2238 tuum
1339 2210 1369 2237 ct
1392 2204 1630 2245 baiulivatuum‚
1648 2215 1683 2238 ac
1700 2215 1971 2249 quarumcumque

1231 2258 1419 2301 dignitatum
1445 2258 1517 2291 dicti
1543 2258 1704 2302 hospitalis
1735 2269 1806 2292 cum
1832 2268 1972 2293 reserva-

1232 2312 1316 2345 tione
1332 2312 1502 2354 sructuum,
1518 2311 1757 2352 reddittuim‚·ac
1774 2312 1970 2346 administra-

1232 2366 1324 2399 tionis
1350 2366 1476 2399 illorum
1495 2366 1533 2398 ad
1550 2366 1689 2399 savorem
1715 2366 1892 2400 cedentium
1917 2377 1973 2400 seu

1231 2419 1460 2462 resignantium
1485 2419 1523 2452 de
1548 2425 1652 2453 cetero
1672 2419 1752 2461 fieri,
1769 2430 1827 2453 nec
1851 2430 1907 2464 per
1926 2420 1973 2453 di·

1231 2473 1346 2506 lectum
1371 2473 1470 2506 tilium
1493 2473 1679 2506 modernum
1699 2478 1728 2506 et
1748 2484 1805 2517 pro
1831 2478 1972 2518 tempore

1231 2526 1412 2560 existentem
1446 2526 1610 2570 hospitalis
1643 2526 1795 2570 praedicti
1822 2537 1971 2570 magnum

1271 2589 1278 2614 t
1303 2588 1414 2615 Videtur
1434 2588 1576 2624 legendum
1592 2590 1731 2624 praefata
1744 2590 1781 2622 (n.
1799 2590 1847 2624 r.).

1962 181 2011 208 An.
2027 181 2057 210 C.
2078 181 2144 211 165⁸
