2243 3205
11 231 57 256 An.
73 228 103 255 C.
124 227 189 255 1661

43 1512 153 1533 Decretum
171 1511 198 1532 ir·

15 1542 87 1560 tutans.

802 224 986 249 ALEXANDER
1012 225 1055 247 vn
1080 225 1128 247 ΓΡ.

206 273 412 315 dinationum,
438 275 485 307 vel
510 274 646 307 maxime
671 273 857 315 salubrium,
883 283 949 306 sen-

206 327 265 359 sim
282 327 433 360 lentescat
453 327 553 370 vigor,
572 327 646 370 quin
668 327 760 359 etiam
779 337 814 359 ex
836 325 948 359 animis

205 380 370 413 hominum
385 381 533 425 paulatim
549 382 692 414 elabatur
712 380 876 420 memoria,
889 379 948 412 nisi

206 434 339 477 provida
356 434 571 477 legislatorum
594 434 752 476 vigilantia
777 433 947 466 subveniat:

207 487 280 520 hinc
305 492 351 520 est
374 487 457 531 quod
482 497 549 530 nos,
575 487 746 520 inviolabili
772 487 950 531 praeinser-

208 543 310 574 tarum
332 540 590 573 constitutionum
612 540 835 581 observationi,
856 550 950 583 quan-

207 598 273 626 tum
299 604 370 626 cum
393 593 526 627 Domino
544 604 722 637 possumus,
737 594 901 627 consulere
922 598 951 626 et

207 645 389 680 ambitionis
413 647 530 679 malum
545 657 562 678 a
579 646 740 690 praedicto
761 646 876 680 Ordine
893 647 950 678 fra<

208 703 291 732 trum
305 699 515 732 Eremitarum
530 699 628 732 saneti
646 699 823 742 Augustini,
842 700 871 731 in
889 709 950 742 quo

207 752 362 796 plurimos
376 753 460 785 viros
473 752 623 795 singulari
641 752 755 796 pietate
780 758 810 785 et
834 752 950 785 doctri—

207 807 248 838 na
269 805 407 848 insignes
430 806 493 839 Deo
518 806 662 838 famulari
688 806 844 847 novimus,
868 806 951 849 peni-

209 864 259 892 tus
283 859 449 892 excludere
468 859 638 903 cupientes,
658 865 756 899 motu,
777 851 906 892 scientia
922 865 952 892 et

209 912 372 956 potestatis
383 912 577 956 plenitudine
589 913 728 956 paribus,
742 913 951 956 praeinsertas

209 965 376 1000 Clementis
401 971 430 998 et
451 966 537 999 Pauli
564 966 843 1010 praedeeessorum
871 976 947 998 con-

210 1019 397 1061 stitutiones,
415 1030 485 1052 cum
504 1019 650 1052 omnibus
671 1024 699 1051 et
724 1019 855 1062 singulis
880 1029 954 1062 quo-

210 1072 383 1106 modolibet
400 1073 595 1106 contentisin
606 1073 677 1112 illis,
687 1078 795 1106 tenore
809 1083 953 1116 praesen-

211 1126 299 1169 tium,
320 1132 473 1170 perpetuo
500 1126 726 1160 confirmamus
744 1131 774 1158 et
797 1126 954 1169 approba-

211 1190 291 1221 mus,
317 1179 441 1223 illisque
467 1179 655 1212 inviolabilis
679 1183 708 1213 et
727 1179 954 1221 irrefragabilis

211 1233 402 1277 apostolicae
428 1233 584 1265 firmitatis
606 1233 702 1266 robur
727 1233 901 1274 adiieimus,
919 1244 954 1266 ac

211 1287 280 1321 illas
304 1287 489 1320 innovamus
506 1291 535 1319 et
552 1286 701 1318 adversus
722 1296 955 1329 quemcumque

211 1351 275 1375 non
309 1351 421 1382 usum,
448 1351 503 1373 seu
533 1340 727 1373 contrarium
760 1350 872 1380 usum,
901 1339 954 1383 qui

213 1393 324 1438 quovis
348 1393 442 1426 modo
467 1393 630 1437 praetendi
653 1393 700 1426 vel
726 1392 855 1436 allegari
882 1402 955 1436 pos-

213 1452 270 1489 set,
288 1447 483 1480 restituimus
501 1452 530 1479 et
550 1446 690 1490 plenarie
715 1447 954 1489 reintegramus.

258 1502 273 1545 ἓ
297 1501 327 1534 3.
353 1501 562 1534 Decernentes
580 1500 704 1533 easdem
722 1505 903 1544 praesentes
921 1511 957 1534 ac

213 1555 427 1600 praeinsertas
452 1555 571 1588 litteras
597 1565 723 1599 semper
743 1555 862 1594 sirmas,
885 1555 957 1586 vali-

214 1609 269 1642 das
294 1614 324 1642 et
348 1609 491 1642 efficaces
516 1608 651 1641 existere
675 1613 704 1640 et
725 1608 802 1648 sore,
821 1618 957 1651 suosque

214 1662 373 1707 plenarios
407 1667 436 1694 et
469 1661 609 1704 integros
635 1661 764 1693 effectus
796 1661 902 1694 sortiri
929 1666 958 1693 et

215 1715 369 1755 obtinere,
387 1724 423 1747 ae
440 1714 479 1746 ab
498 1714 645 1747 omnibus
670 1719 700 1746 et
717 1714 860 1756 singulis,
878 1724 958 1757 quos

215 1769 286 1802 illae
311 1772 508 1802 concernunt
543 1772 573 1800 et
599 1772 789 1800 eoncernent
819 1777 957 1810 quomo-

215 1822 333 1857 dolibet
359 1822 390 1855 in
419 1822 572 1862 futurum,
594 1821 730 1854 cuiusvis
757 1826 864 1861 status,
887 1831 959 1864 gra-

215 1877 285 1918 dus,
312 1876 432 1910 ordinis
463 1881 493 1909 et
521 1875 710 1909 conditionis
739 1875 887 1916 existant,
917 1875 959 1907 in-

216 1931 405 1965 violabiliter
432 1936 462 1963 et
490 1930 675 1964 inconcusse
701 1929 880 1972 observari,
906 1940 959 1962 ne-

216 1995 278 2028 que
302 1983 341 2016 de
365 1983 578 2027 subreptionis
603 1983 649 2016 vel
685 1983 882 2026 obreptionis
909 1989 962 2016 aut

216 2037 370 2070 nullitatis
404 2037 500 2077 vitio,
532 2047 586 2069 seu
620 2037 800 2070 intentionis
836 2042 962 2069 nostrae

217 2096 271 2124 aut
295 2090 446 2123 interesse
466 2090 646 2122 habentium
666 2100 838 2123 consensus
862 2091 963 2124 aliove

218 2145 358 2190 quolibet
382 2145 583 2188 quantumvis
609 2155 723 2187 magno
748 2149 777 2178 et
813 2144 960 2177 substan-

218 2198 283 2232 tiali
316 2199 438 2231 defectu
463 2198 575 2239 notari,
601 2198 797 2241 impugnari,
824 2198 963 2241 infringi,

219 2252 396 2293 retractari,
418 2252 448 2284 in
471 2252 718 2285 controversiam
740 2253 890 2292 revocari,
912 2258 965 2285 aut

219 2305 370 2339 adversus
390 2306 458 2338 illas
476 2305 698 2349 quodcumque
723 2306 810 2348 iuris,
828 2306 898 2339 sacti
918 2306 963 2338 vel

220 2360 341 2403 gratiae
373 2359 548 2392 remedium
575 2359 759 2402 impetrari,
785 2370 839 2392 seu
873 2360 963 2392 etiam

221 2417 329 2454 motu,
354 2412 482 2446 scientia
521 2418 551 2445 et
582 2413 745 2456 potestatis
770 2412 966 2456 plenitudine

222 2466 378 2499 similibus
404 2476 553 2499 concesso
578 2466 757 2509 quempiam
784 2466 814 2498 in
850 2466 966 2499 iudicio

222 2520 270 2553 vel
296 2524 382 2552 extra
409 2519 483 2551 illud
521 2519 564 2551 uti
591 2529 645 2552 seu
670 2529 702 2552 se
727 2519 833 2552 iuvare
857 2530 965 2563 posse;

223 2573 331 2616 sicque
363 2577 392 2605 et
423 2582 484 2605 non
517 2572 607 2604 aliter
643 2572 673 2604 in
705 2572 885 2616 praemissis
910 2583 966 2616 per

224 2637 440 2672 quoscumque
474 2626 590 2660 iudices
621 2626 798 2660 ordinarios
823 2632 852 2660 et
880 2627 964 2660 delc-

981 276 1090 315 gatOS‚
1116 272 1209 305 etiam
1242 283 1406 306 causarum
1431 271 1536 316 palatii
1562 270 1724 314 apostolici

981 325 1151 367 auditores,
1168 337 1203 359 ac
1221 327 1250 360 S.
1271 328 1305 360 R.
1324 327 1356 359 E.
1375 326 1558 365 cardinales,
1577 325 1668 358 etiam
1687 324 1725 357 de

982 379 1078 412 latere
1103 379 1244 421 legatos,
1273 386 1302 412 et
1328 380 1405 413 alios
1437 379 1594 423 quoslibet
1617 377 1726 422 quavis

982 432 1168 465 auctoritate
1183 432 1347 475 fungentes
1368 438 1397 465 et
1414 433 1588 473 suncturos,
1606 431 1727 464 sublata

983 486 1027 518 eis
1060 491 1090 517 et
1123 496 1233 518 eorum
1259 486 1386 518 cuilibet
1419 485 1527 529 quavis
1558 485 1650 517 aliter
1681 484 1728 516 iu-

983 538 1107 571 dicandi
1133 544 1162 570 et
1187 538 1414 582 interpretandi
1452 538 1597 570 facultate
1623 542 1652 569 et
1678 547 1728 569 au-

985 591 1138 632 ctoritate,
1163 591 1294 624 iudicari
1328 597 1357 623 et
1383 591 1505 623 definiri
1531 590 1667 630 debere,
1692 601 1729 623 ac

985 644 1109 677 irritum
1144 649 1173 677 et
1206 645 1320 686 inane,
1353 645 1377 677 si
1403 655 1492 677 secus
1517 654 1614 687 super
1639 644 1687 676 his
1711 654 1728 676 a

985 709 1156 742 quoquam,
1181 699 1290 741 quavis
1315 698 1510 737 auctoritate,
1528 697 1664 730 scienter
1682 697 1728 729 vel

986 752 1178 794 ignoranter,
1200 751 1368 794 contigerit
1393 751 1549 784 attentari.

1029 805 1043 848 ἓ
1068 804 1097 837 4.
1118 805 1186 838 Non
1207 805 1406 837 obstantibus
1437 804 1628 848 praemissis,
1658 814 1729 836 nee-

984 868 1047 891 non
1072 858 1218 891 omnibus
1243 864 1271 891 et
1289 858 1419 901 singulis
1445 857 1516 897 illis,
1534 867 1613 901 quae
1638 867 1726 900 prae-

985 910 1058 944 dicti
1091 911 1231 944 Clemens
1266 917 1295 944 et
1324 911 1439 944 Paulus
1468 910 1727 954 praedecessores

986 965 1017 996 in
1043 965 1105 997 suis
1122 965 1234 997 litteris
1251 965 1454 1008 praeinsertis
1476 964 1642 997 voluerunt
1665 974 1727 996 non

986 1018 1138 1059 obstare,
1175 1019 1351 1062 ceterisque
1387 1018 1553 1051 contrariis
1593 1017 1725 1061 quibus-

987 1082 1132 1115 cumque.
1612 1064 1614 1066 ¹

1032 1126 1046 1168 ἓ
1074 1125 1102 1158 5.
1132 1125 1276 1158 Ceterum
1303 1125 1422 1169 pariter
1452 1125 1596 1158 volumus
1621 1130 1655 1157 ut
1679 1135 1729 1157 ea-

988 1179 1132 1211 rumdem
1156 1180 1368 1223 praesentium
1395 1179 1611 1223 transumptis,
1636 1179 1730 1211 etiam

989 1232 1172 1276 impressis,
1199 1243 1292 1265 manu
1318 1233 1450 1266 alicuius
1475 1233 1588 1265 notarii
1614 1232 1730 1276 publici

989 1286 1185 1330 subscriptis,
1200 1292 1229 1319 et
1249 1286 1352 1329 sigillo
1370 1297 1522 1330 personae
1542 1286 1572 1318 in
1591 1286 1732 1319 ecclesia-

989 1339 1066 1372 stiea
1091 1339 1242 1382 dignitate
1263 1339 1449 1372 constitutae
1468 1339 1606 1381 munitis,
1623 1339 1731 1372 eadem

988 1403 1120 1436 prorsus
1137 1393 1215 1425 fides
1241 1393 1271 1425 in
1297 1392 1413 1425 iudicio
1431 1398 1460 1425 et
1475 1398 1563 1425 extra
1586 1392 1734 1425 adhibea-

989 1452 1051 1487 tur,
1068 1457 1148 1490 quae
1166 1446 1242 1490 ipsis
1267 1446 1486 1490 praesentibus
1512 1446 1733 1487 adhiberetur,

990 1500 1014 1532 si
1044 1500 1146 1533 forent
1170 1500 1326 1532 exhibitae
1352 1500 1399 1532 vel
1426 1505 1578 1533 ostensae.

1035 1555 1144 1587 Datum
1174 1555 1302 1595 Romae,
1327 1554 1409 1598 apud
1440 1555 1468 1587 S.
1495 1554 1622 1587 Mariam
1641 1554 1735 1587 Maio-

992 1618 1069 1648 rem,
1090 1608 1149 1640 sub
1185 1608 1300 1640 annulo
1326 1608 1509 1648 Piscator-is,
1534 1607 1584 1640 die
1621 1618 1630 1640 1
1669 1607 1734 1640 iulii

992 1671 1117 1704 MDCLXI,
1144 1661 1344 1705 pontificatus
1370 1661 1468 1694 nostri
1490 1671 1572 1694 anno
1593 1671 1645 1694 vn.

1028 1726 1088 1752 Dat,
1105 1724 1174 1752 diei
1194 1725 1252 1752 iulii
1271 1725 1349 1758 1661,
1367 1724 1463 1759 pontif.
1481 1733 1551 1751 anno
1567 1731 1612 1751 vn.

1283 1868 1374 1902 CCCX
1380 1868 1451 1900 LVI.

994 1949 1182 1982 Declaratt'o
1206 1948 1293 1992 quod
1318 1948 1445 1981 abbates
1472 1948 1607 1982 Ordinis
1626 1948 1739 1982 Cister-

1039 2003 1173 2043 ciensz's,
1202 2003 1262 2046 qui
1286 2003 1406 2034 scilicet
1438 2006 1580 2034 utuntur
1604 2002 1736 2046 dispen-

1040 2057 1164 2089 satione
1181 2056 1358 2099 apostolicct
1378 2056 1465 2088 circa
1487 2065 1575 2087 esum
1589 2055 1740 2087 carnium

1039 2110 1159 2154 ubique
1183 2110 1358 2152 acceptata,
1379 2120 1444 2142 non
1467 2110 1591 2152 possint
1612 2109 1742 2152 privari

1041 2175 1112 2196 voce
1136 2164 1240 2196 activa
1266 2168 1294 2196 et
1317 2164 1458 2207 passiva,
1476 2164 1595 2196 virtute
1615 2167 1741 2195 senten-

1044 2219 1167 2251 tiarum
1187 2228 1207 2249 a
1231 2218 1398 2250 visitatore
1418 2216 1592 2260 apostolico
1618 2226 1742 2249 emana-

1045 2278 1154 2304 tarum
1164 2270 1183 2303 ¹.

1194 2350 1359 2377 Alexander
1384 2351 1463 2383 Papa
1483 2350 1546 2383 VII,

1140 2395 1176 2422 ad
1197 2395 1328 2421 futuram
1349 2394 1393 2421 rei
1415 2394 1597 2421 memoriam.

1044 2467 1149 2509 Nuper
1173 2476 1232 2510 pro
1264 2470 1353 2510 parte
1385 2465 1572 2499 dilectorum
1603 2465 1740 2499 tiliorum

1000 2519 1200 2563 Reipublicae
1214 2519 1430 2552 Helvetiorum
1448 2519 1538 2552 nobis
1564 2520 1741 2564 expositum

1040 2593 1045 2617 l
1072 2591 1135 2617 Vide
1162 2591 1193 2617 ad
1223 2591 1313 2618 Const.
1335 2598 1449 2618 cmxviii
1474 2591 1552 2618 liuius
1582 2592 1740 2625 pontificis,

1000 2635 1033 2661 In
1053 2637 1192 2670 supremi,
1214 2644 1304 2671 supra,
1327 2644 1386 2672 pag.
1406 2636 1457 2663 312
1477 2636 1556 2663 huius
1577 2637 1651 2665 toini.

1627 213 1692 247 695
1738 222 1786 248 An.
1804 223 1830 247 c.
1857 222 1918 248 ieet

1744 820 1856 840 Contraria
1868 819 1928 839 tollit.

1785 2474 1900 2501 Expositum
