2185 3188
51 167 148 202 msc,
164 172 231 201 1656

74 658 112 680 En
117 659 188 679 [dmm>

553 218 694 253 CXXXII.

245 290 291 323 De
316 290 548 333 transferendis
570 290 780 334 pensionibus
800 290 986 323 ecclesiasti-

287 344 332 377 cis
357 348 384 377 et
413 343 585 377 condendis
617 344 813 377 testamentis
842 343 985 386 aliisque

286 394 417 429 ultimis
435 395 701 439 dispositionibus
716 397 749 429 in
771 395 849 429 Urbe
862 407 899 428 ac
916 396 984 428 eius

286 448 438 482 districtu
460 453 598 493 tempore
621 449 818 492 suspicionis
841 449 949 492 pestis.

436 529 602 556 Alexander
623 529 702 562 Papa
721 529 786 561 vll,

383 573 419 600 ad
439 573 574 600 futuram
594 573 637 601 rei
657 573 839 600 memoriam.

285 644 318 676 ln
344 654 494 688 supremo
520 644 655 677 iustitiae
680 644 794 677 throno
818 654 874 687 per
900 643 980 676 ines-

240 697 366 730 fabilem
381 697 504 731 divinae
517 697 665 731 bonitatis
675 697 897 730 abundantiam
912 707 983 730 con·
998 711 1000 722 v

240 751 349 792 stituti,
374 751 488 784 rationi
513 757 759 784 consentancum
786 757 980 795 reputamus,

239 809 273 837 ut
296 804 373 837 iuris
398 805 585 845 communis,
610 809 863 848 statutorumque
890 805 980 848 rigo-

239 868 305 891 rem
325 857 538 898 moderemur,
558 864 589 891 et
609 858 850 902 particularium
871 858 976 891 indul-

239 916 343 944 torum
365 911 580 944 solemnitates
598 912 786 952 relaxemus,
808 918 913 955 prout,
932 922 980 945 re·
996 937 998 945 ,

996 973 997 983 ’
1015 966 1098 999 modi
1126 966 1205 998 intra
1232 971 1302 999 octo
1327 966 1393 998 dies
1410 966 1523 998 abinde
1544 966 1705 1010 proximos
1719 965 1756 998 ad

238 974 307 997 rum
327 970 356 997 et
373 969 553 1008 temporum
572 965 752 998 conditione
768 965 933 1009 perpensa,
949 965 977 997 in

237 1017 369 1051 Domino
394 1028 559 1051 censemus
585 1018 743 1062 expedire.

280 1072 295 1114 5
319 1071 348 1103 t.
373 1071 449 1105 Cum
471 1072 575 1115 itaque
594 1072 624 1104 in
642 1071 799 1116 praesenti
818 1072 914 1115 pestis
931 1082 978 1103 su·
995 1083 996 1094 ³

994 1125 1147 1158 ¹sentium
1174 1126 1377 1159 concedimus
1402 1132 1432 1158 et
1458 1126 1667 1169 indulgemus.

235 1124 377 1168 spicione
401 1126 560 1158 nonnullis
587 1126 617 1157 in
644 1125 701 1158 hac
724 1126 806 1158 alma
827 1125 909 1158 Urbe
926 1135 978 1157 no-

235 1179 299 1212 stra
316 1178 446 1222 eiusque
466 1178 612 1211 districtu
632 1178 821 1221 degentibus
834 1179 977 1222 personis
994 1206 995 1209 ,

235 1231 368 1264 sormam
388 1232 419 1264 in
439 1232 566 1266 indultis
584 1232 791 1265 transserendi
809 1233 976 1276 pensiones

233 1294 363 1328 annuas,
378 1296 455 1329 quas
469 1296 565 1329 super
579 1286 743 1326 fructibus,
758 1285 932 1320 redditibus
946 1291 975 1319 et

232 1339 439 1382 proventibus
465 1339 695 1379 ecclesiasticis,
715 1339 807 1372 etiam
829 1339 975 1372 distribu-

233 1392 370 1425 tionibus
395 1392 595 1435 quotidianis,
623 1399 796 1426 reservatas
821 1393 973 1434 obtinent,

232 1445 277 1487 ey's
303 1456 320 1478 a
348 1445 427 1479 Sede
444 1447 624 1490 Apostolica
643 1457 697 1479 seu
721 1447 797 1479 alias
822 1448 973 1481 canonice

232 1499 400 1540 concessis,
410 1510 469 1543 pro
481 1499 606 1532 translat
614 1500 683 1533 ione
693 1500 872 1533 huiusmodi
887 1511 973 1544 prae—

231 1553 379 1597 scriptam
402 1563 525 1587 necnon
546 1553 723 1587 ordinatam
741 1553 779 1587 de
797 1554 866 1587 iure
890 1554 970 1587 civili

230 1616 266 1640 ac
291 1617 348 1650 per
364 1612 478 1640 statuta
493 1607 633 1640 eiusdem
653 1608 754 1649 Urbis,
772 1608 971 1652 aliorumque

230 1660 373 1694 locorum
410 1661 550 1693 eiusdem
586 1661 766 1701 districtus,
797 1672 972 1706 eorumque

231 1714 471 1747 reformationes
504 1719 533 1746 et
564 1724 660 1747 novas
684 1714 881 1755 additiones,
912 1726 989 1759 pro1

230 1767 423 1801 testamentis
449 1767 621 1800 condendis
650 1768 879 1801 solemnitatem
905 1779 970 1801 ser-

231 1829 302 1853 vare
326 1820 454 1853 difficile
478 1821 528 1861 sit,
553 1831 608 1854 seu
627 1821 656 1853 in
682 1827 843 1864 posterum
866 1822 969 1854 forsan

229 1873 356 1907 difficile
380 1874 420 1906 sit
445 1874 598 1907 futurum:

272 1927 329 1971 §2
343 1928 415 1969 Nos,
431 1928 557 1961 illorum
571 1928 745 1961 commodis
763 1938 820 1972 pro
837 1934 970 1972 paterno
986 1943 988 1951 ·

229 1985 338 2014 nostro
360 1980 389 2013 in
404 1991 457 2014 eos
477 1980 590 2014 affectu
611 1982 776 2014 consulere
797 1981 968 2026 cupientes,

229 2044 264 2066 ac
286 2034 426 2067 omnium
461 2040 490 2066 et
524 2034 720 2077 singulorum
751 2035 968 2076 indultorum,

229 2097 350 2120 necnon
376 2092 562 2120 statutorum
580 2093 610 2120 et
629 2089 900 2129 reformationum,
917 2099 969 2122 no-

230 2151 401 2185 varumque
426 2141 620 2174 additionum
643 2143 822 2176 huiusmodi
845 2147 986 2177 tenores*

227 2194 320 2227 etiam
341 2195 479 2228 veriores
505 2199 534 2228 ct
558 2195 655 2235 datas,
669 2206 704 2229 ac
722 2196 782 2228 alia
795 2196 888 2229 etiam
902 2207 968 2240 spe-

227 2248 297 2281 ciali
322 2249 526 2292 expressione
550 2249 654 2292 digna,
673 2251 891 2293 praesentibus
910 2261 967 2293 pro
984 2274 985 2282 i

228 2299 317 2342 plene
337 2303 367 2333 et
386 2300 578 2333 sufficienter
594 2301 752 2344 expressis
769 2307 798 2334 et
815 2301 965 2333 verbatim

229 2352 353 2386 insertis
377 2352 539 2393 habentes,
565 2359 651 2387 motu
677 2355 817 2398 proprio,
842 2365 903 2388 non
928 2356 966 2388 ad

228 2407 413 2450 cuiusquam
438 2407 529 2440 nobis
553 2418 649 2451 super
679 2408 739 2441 hoc
768 2408 889 2441 oblatae
914 2420 967 2453 pe-

229 2460 345 2493 titionis
369 2461 561 2502 instantiam,
587 2461 640 2493 sed
665 2472 700 2493 ex
727 2464 812 2495 certa
837 2462 966 2495 scientia

228 2517 257 2547 et
286 2516 406 2548 matura
438 2514 663 2548 deliberatione
696 2515 833 2557 nosti-is,
865 2516 967 2560 deque

229 2568 418 2610 apostolicae
442 2568 604 2611 potestatis
630 2569 836 2612 plenitudine,
856 2570 965 2613 utqui-

842 170 1028 194 ALEXANDER
1053 169 1098 193 vn
1121 170 1169 194 rr.

1002 229 1156 262 =cumque
1182 218 1211 250 in
1237 218 1319 252 Urbe
1344 220 1474 262 eiusque
1502 218 1645 252 districtu
1675 228 1763 262 prae-

1668 160 1730 194 ⁶229

1020 271 1112 304 dictis
1136 271 1296 314 degentes,
1314 271 1432 304 indulta
1457 272 1663 305 transferendi
1689 281 1763 316 pen-

1019 324 1124 357 siones
1150 324 1345 367 supradictas
1382 330 1415 356 ut
1447 325 1660 368 praemittitur
1684 324 1762 358 obti-

1019 382 1137 419 nentes,
1156 376 1280 410 easdem
1296 377 1462 421 pensiones
1477 388 1583 410 coram
1598 378 1761 411 sacerdote

1019 430 1111 462 etiam
1138 430 1287 473 regulari,
1314 441 1348 462 ac
1379 430 1469 463 etiam
1502 432 1664 474 familiari,
1691 432 1760 465 loco

1018 482 1131 515 notarii
1157 482 1285 526 publici,
1303 488 1332 515 et
1352 482 1475 515 duobus
1497 484 1640 524 testibus,
1665 484 1758 517 etiam

1020 538 1048 569 in
1069 538 1207 571 savorem
1227 537 1324 581 ipsius
1338 537 1520 578 sacerdotis,
1538 538 1709 572 dummodo
1723 549 1760 571 eo

1018 601 1092 624 casu
1107 591 1217 624 tertius
1233 592 1319 624 testis
1335 591 1530 632 adhibeatur,
1542 592 1587 624 vel
1603 592 1759 635 scriptura

1018 644 1228 677 translationis
1254 656 1270 677 a
1296 645 1501 677 transferente
1526 644 1758 685 subscribatur,

1016 701 1138 731 servata
1164 699 1193 731 in
1219 699 1332 732 ceteris
1357 698 1541 732 eorumdem
1564 698 1757 732 indultorum

1016 752 1060 784 eis
1079 752 1251 796 respective
1270 762 1493 785 concessorum
1521 752 1621 785 forma
1647 757 1676 784 et
1700 752 1759 784 dis-

1015 806 1180 849 positione,
1207 806 1375 838 transserrc
1401 805 1512 845 libere,
1537 805 1621 838 licite
1653 809 1682 839 et
1712 815 1758 838 va-

1015 858 1077 891 lide
1103 859 1223 902 possint
1249 864 1278 892 et
1297 859 1426 901 valeant,
1445 861 1480 891 ea
1499 859 1568 902 lege
1588 862 1700 900 tamen,
1724 864 1757 891 ut

1014 912 1208 956 duplicatum
1231 913 1406 957 scripturae
1424 912 1636 945 translationis
1653 913 1758 945 huius-

1013 1019 1187 1052 archivium
1221 1019 1377 1052 urbanum
1403 1019 1583 1059 deseratur,
1617 1019 1755 1063 alioquin

1013 1072 1174 1106 translatio
1200 1072 1284 1105 nulla
1310 1073 1347 1104 sit
1374 1083 1410 1106 eo
1430 1073 1507 1116 ipso,
1529 1077 1637 1105 tenore
1663 1082 1755 1116 prae-

1056 1178 1123 1222 53.
1150 1179 1337 1218 Praeterea,
1371 1184 1403 1211 ut
1437 1180 1466 1212 in
1501 1180 1693 1213 testamentis
1725 1184 1755 1214 et.

1010 1232 1263 1276 quibuscumque
1283 1232 1350 1265 aliis
1365 1232 1482 1264 ultimis
1501 1233 1711 1266 voluntatibus
1725 1238 1754 1265 et

1010 1285 1279 1329 dispositionibus,
1306 1296 1385 1329 quae
1410 1285 1559 1330 deinceps
1582 1286 1612 1318 in
1635 1286 1753 1319 eisdem

1011 1339 1092 1372 Urbe
1127 1340 1257 1383 eiusque
1292 1340 1435 1372 districtu
1469 1339 1563 1372 etiam
1598 1350 1615 1371 a
1652 1340 1752 1374 caecis

1008 1391 1092 1430 fient,
1118 1393 1250 1425 formam
1277 1392 1509 1425 constitutionis
1531 1392 1628 1425 felicis
1650 1403 1753 1427 recor-

1008 1445 1142 1478 dationis
1167 1445 1332 1478 Alexandri
1360 1446 1461 1489 Papae
1493 1446 1530 1478 lll
1564 1446 1751 1490 praedeces-

989 1500 1087 1532 ·soris
1111 1499 1219 1541 nostri,
1245 1510 1323 1543 quae
1350 1499 1458 1542 incipit
1484 1500 1564 1533 Cum
1581 1510 1671 1539 esses,
1687 1511 1750 1533 ser-

1008 1554 1071 1585 vari
1097 1553 1240 1594 sufficiat,
1267 1554 1306 1585 ita
1331 1553 1426 1596 quod,
1452 1553 1521 1586 loco
1544 1554 1674 1596 parochi
1696 1564 1749 1587 seu

1006 1607 1125 1651 proprii
1162 1607 1355 1651 presbyteri,
1388 1607 1532 1640 adhiberi
1558 1609 1749 1641 testamentis

1006 1660 1202 1703 aliarumque
1227 1660 1467 1704 dispositionum
1494 1660 1675 1693 ultimarum
1706 1662 1748 1693 sa-

1006 1713 1100 1746 ctioni
1114 1714 1211 1757 possit
1228 1713 1325 1757 ipsius
1340 1713 1479 1745 testantis
1490 1724 1544 1745 seu
1554 1713 1748 1757 disponentis

1005 1767 1215 1800 confessarius
1239 1764 1332 1800 etiam
1359 1768 1524 1810 regularis,
1542 1768 1635 1799 etiam
1654 1779 1746 1811 quem

987 1826 1121 1854 'testans
1151 1832 1205 1853 seu
1239 1821 1407 1864 disponens
1431 1831 1591 1864 nunquam
1624 1821 1683 1853 nisi
1716 1823 1746 1854 in

1006 1875 1197 1915 infirmitate,
1215 1885 1276 1918 qua
1294 1880 1367 1907 tunc
1389 1874 1519 1914 laborat,
1543 1875 1747 1907 confessionis

1004 1930 1098 1961 eausa
1123 1928 1324 1961 accersiverit
1350 1929 1396 1959 vel
1422 1928 1550 1968 adierit,
1581 1933 1650 1967 aut,
1671 1928 1746 1962 vloco

1004 1981 1133 2025 parochi
1161 1987 1190 2013 et
1215 1981 1388 2025 presbyteri
1408 1982 1454 2013 vel
1473 1981 1666 2021 confessarii,
1683 1981 1746 2014 duo

1003 2035 1053 2066 alii
1081 2040 1192 2074 testes,
1219 2039 1314 2077 utque
1340 2034 1407 2077 ipsa
1433 2038 1625 2074 testamenta,
1651 2035 1745 2067 aliae-

1002 2099 1063 2131 que
1098 2088 1226 2120 ultimae
1260 2088 1434 2120 voluntates
1467 2093 1496 2119 et
1524 2087 1744 2131 dispositiones

1002 2140 1201 2184 praedictae,
1227 2152 1298 2173 cum
1324 2141 1471 2173 omnibus
1496 2146 1524 2172 ct
1556 2141 1688 2183 singulis
1714 2142 1744 2173 in

1003 2194 1062 2226 illis
1080 2194 1318 2238 quomodolibet
1338 2194 1503 2231 contentis,
1520 2194 1564 2226 sic
1582 2194 1611 2226 in
1637 2199 1742 2237 poste-

1003 2258 1072 2279 rum
1098 2248 1186 2287 sacta,
1212 2248 1313 2287 linha,
1339 2247 1439 2279 valida
1465 2253 1494 2279 ct
1518 2247 1658 2280 efficacia
1678 2248 1741 2280 exi-

1002 2306 1092 2341 stant,
1121 2311 1257 2344 suosquc
1282 2301 1441 2344 plenarios
1459 2305 1488 2332 et
1508 2300 1646 2343 integros
1666 2301 1740 2333 effe·

983 2366 985 2374 s
1001 2360 1067 2386 ctus
1093 2360 1246 2397 perpetuo
1264 2354 1379 2386 hahere
1398 2354 1531 2385 debcant
1549 2354 1579 2385 in
1593 2354 1741 2387 omnihus

1000 2414 1030 2441 ct
1055 2419 1112 2451 per
1137 2408 1240 2441 onmia
1265 2407 1395 2451 perinde
1414 2418 1448 2439 ac
1466 2407 1490 2438 si
1514 2407 1543 2438 in
1562 2407 1622 2440 illis
1640 2409 1740 2451 requi-

1000 2462 1056 2493 sita
1081 2472 1134 2493 seu
1161 2461 1354 2504 praescripta
1380 2470 1396 2492 a
1423 2460 1488 2492 iure
1514 2460 1595 2492 civili
1621 2466 1650 2493 et
1676 2472 1739 2493 me-

1000 2515 1129 2548 moratis
1153 2514 1274 2547 statutis
1308 2524 1480 2557 eorumque
1509 2514 1738 2548 reformationi-

1000 2570 1057 2601 bus
1071 2574 1098 2600 et
1111 2568 1198 2601 novis.
1212 2566 1422 2600 additionibus
1435 2568 1535 2599 forma
1551 2573 1578 2599 et
1594 2569 1738 2602 solemni-

1779 169 1826 197 Αη.
1843 170 1874 198 C.
1892 170 1959 198 1656

1804 231 1900 257 Disponit.
1914 237 1961 257 pm-

1777 260 1798 278 ut
1813 264 1834 277 in
1850 258 1942 279 rubrica.
