2243 3205
277 246 324 270 Au.
343 245 369 270 11.
393 244 458 271 itibss
504 234 568 268 380

300 571 354 591 Nutu
371 574 454 593 tintinui

289 1475 361 1495 Petitis
372 1478 446 1497 annuit

262 1501 379 1522 Alexander
396 1503 436 1523 Vll.

475 293 511 325 tis
536 293 586 325 Dei
617 303 651 325 ae
677 292 838 326 beatorum
870 292 950 326 Petri
976 297 1004 327 et
1030 294 1114 327 Pauli
1139 306 1209 339 apO·

473 346 626 378 stolorum
653 345 719 378 eins
745 357 776 378 se
803 347 923 379 noverit
950 347 1158 380 incursurum.

508 406 606 432 Datum
626 406 723 433 Romae
749 407 819 441 apud
836 407 860 434 S.
880 408 1009 443 Petrum,
1030 417 1099 436 anno
1124 409 1210 436 lucar-

473 451 586 476 nationis
603 451 754 478 llominicae
780 459 897 479 ⁴nncxxlti
911 457 931 486 1,
949 453 1037 481 idibus
1063 454 1208 484 februarii,

472 495 641 528 pontificatus
662 496 743 523 nostri
765 505 835 524 anno
855 505 873 524 1.

515 556 530 598 g
547 556 597 589 12⁶2.
612 558 686 590 (lum
706 564 819 599 autem,
834 559 913 592 sicut
931 560 1038 593 eadem
1054 560 1207 604 expositio

471 609 690 653 subiungebat,
707 612 885 655 praedictus
899 613 981 646 Ordo
999 613 1095 646 sancti
1123 614 1206 646 Pauli

470 663 565 706 primi
591 665 755 704 eremitae,
782 672 808 698 et
835 677 888 698 seu
914 667 979 698 eius
1005 667 1093 710 prior
1118 677 1208 710 gene-

469 716 543 749 ralis
565 721 594 751 et
622 718 733 751 fratres
752 719 780 751 in
800 720 910 752 litteris
932 720 1134 763 praeinsertis
1151 720 1206 753 Or-

468 768 548 802 dinis
573 771 668 803 sancti
688 772 851 814 Augustini
873 783 930 815 per
947 784 1087 806 errorem
1109 773 1205 806 deno-

468 822 626 855 minentur
644 829 673 856 et
696 831 927 868 nuncupentur,
946 826 1061 869 quippe
1077 826 1129 870 qui
1148 827 1204 859 sub

467 877 575 918 regula
601 877 727 921 quidem
753 878 891 911 eiusdem
918 879 1014 911 sancti
1040 880 1202 922 Augustini

466 938 502 960 ex
529 930 731 962 concessione
756 931 843 964 Sedis
868 932 1064 975 Apostolicae
1091 932 1202 974 vivant,

466 992 528 1015 non
555 988 656 1015 tamen
682 984 755 1016 dieti
781 984 904 1017 Ordinis
923 985 1019 1018 sancti
1037 986 1201 1029 Augustini

465 1034 613 1073 existant,
640 1047 774 1080 cumque
810 1037 952 1070 firmiora
982 1044 1012 1071 et
1037 1039 1202 1073 illibatiora

464 1088 632 1129 persistant
651 1089 711 1132 illa,
729 1100 807 1133 quae
821 1091 945 1135 saepius
959 1092 1120 1135 apostolici
1139 1104 1203 1126 mn-

464 1141 590 1174 niminis
617 1143 879 1177 constabiliuntur
907 1146 1085 1188 praesidio,
1110 1147 1202 1180 nobis

462 1201 630 1238 propterea
647 1197 800 1240 praedicti
820 1198 908 1241 prior
926 1200 1082 1241 generalis
1100 1205 1128 1233 et
1146 1201 1202 1233 sra-

464 1253 525 1280 tres
554 1255 742 1293 exponentes
772 1251 935 1285 humiliter
963 1254 1131 1296 supplicari
1163 1254 1202 1287 se-

462 1307 589 1341 cerunt,
615 1308 647 1335 ut
673 1303 730 1335 sibi
757 1304 786 1336 in
811 1305 992 1348 praemissis
1023 1312 1201 1349 opportune

461 1354 627 1396 providere
645 1356 682 1388 de
699 1356 890 1399 benignitate
908 1359 1078 1401 apostolica
1097 1360 1201 1403 digna-

461 1417 577 1440 remur.

505 1462 520 1504 ἓ
546 1461 596 1494 43.
626 1463 688 1496 Nos
718 1463 827 1506 igitur,
856 1465 982 1497 eosdem
1012 1472 1200 1510 exponentes

461 1514 646 1557 specialibus
672 1516 830 1549 favoribus
855 1523 884 1550 et
915 1519 1023 1561 gratiis
1050 1521 1197 1563 prosequi

462 1567 610 1609 volentes,
629 1574 658 1601 et
676 1579 785 1602 eorum
811 1570 985 1613 singulares
1010 1583 1160 1616 personas
1182 1584 1198 1606 a

459 1620 621 1664 quibusvis
647 1623 996 1667 excommunicationis,
1023 1627 1198 1670 suspensio-

459 1674 506 1706 nis
521 1680 548 1707 et
564 1675 732 1717 interdicti,
749 1677 880 1720 aliisque
897 1678 1116 1713 ecclesiasticis
1134 1691 1199 1713 sen-

461 1727 573 1768 tentiis,
586 1730 727 1761 censuris
741 1735 769 1762 et
784 1731 903 1774 poenis,
921 1742 938 1764 a
951 1731 1018 1765 inre
1031 1733 1078 1765 vel
1092 1733 1130 1765 ab
1144 1733 1198 1767 lio-

459 1781 553 1821 mine,
571 1782 679 1825 quavis
705 1783 868 1816 occasione
890 1785 934 1817 vel
961 1787 1054 1818 causa
1075 1786 1154 1829 latis,
1172 1787 1196 1820 si

458 1834 571 1876 quibus
600 1836 837 1878 quomodolibet
861 1837 1025 1871 innodatae
1050 1839 1196 1882 existunt,

458 1887 494 1919 ad
520 1888 663 1922 effectum
696 1890 907 1932 praesentium
939 1891 1099 1926 dumtaxat
1123 1903 1196 1926 con-

457 1942 670 1984 sequendum,
696 1943 807 1975 hai-nm
842 1944 921 1976 serie
947 1944 1140 1979 absolventes
1166 1952 1195 1979 et.

457 1993 629 2028 absolutas¹³
646 1996 711 2029 sore
729 2002 899 2038 censentes,
924 1997 1103 2031 huiusmodi
1121 2010 1193 2043 sup-

456 2047 676 2090 plicationibus
719 2049 881 2092 inclinati,
914 2050 1061 2084 Ordinem
1096 2053 1192 2085 sancti

457 2100 540 2133 Pauli
567 2102 660 2144 primi
687 2103 836 2136 eremitae
862 2103 1059 2145 huiusmodi,
1085 2111 1114 2138 et
1139 2117 1193 2139 seu

455 2153 521 2186 eius
536 2154 674 2197 priorem
690 2156 872 2198 generalem
889 2160 918 2191 et
935 2158 1046 2190 fratres
1064 2158 1093 2190 in
1107 2169 1193 2202 prae-

455 2206 577 2241 insertis
603 2208 713 2242 litteris
746 2209 870 2242 Ordinis
898 2211 994 2243 sancti
1026 2212 1191 2254 Augustini

452 2271 510 2303 per
535 2272 676 2295 errorem
706 2262 923 2296 denominatos
951 2269 981 2297 et
998 2271 1191 2309 nuncupatos

452 2314 556 2356 fuisse,
581 2316 765 2349 auctoritate
785 2317 965 2360 apostolica,
980 2323 1086 2351 tenore
1104 2330 1190 2362 prae-

452 2368 596 2410 sentium,
607 2369 814 2411 declaramus,
827 2370 975 2415 ipsosque
989 2371 1127 2415 p1·i0re1n
1142 2384 1192 2416 ge-

451 2422 588 2454 neralem
607 2428 635 2455 et
657 2424 769 2456 fratres
794 2424 926 2467 proinde
943 2424 1068 2458 Ordinis
1093 2427 1189 2459 sancti

452 2475 535 2507 Pauli
567 2476 661 2519 primi
684 2477 854 2519 eremitae,
885 2477 942 2510 sub
973 2478 1081 2521 regula
1108 2479 1189 2513 eius-

450 2527 519 2560 dem
535 2530 562 2560 S.
578 2530 752 2571 Augustini,
766 2540 828 2563 non
853 2536 956 2564 autem
974 2531 1099 2564 Ordinis
1125 2542 1189 2565 san-

483 2600 495 2625 ’1
519 2600 629 2634 Oportet
649 2601 736 2635 legere
760 2601 825 2628 1624
846 2602 882 2636 (n.
900 2602 948 2636 T.).

483 2646 498 2671 2
515 2644 581 2671 Editv
600 2645 678 2671 Μαίη.
697 2647 761 2681 legit
776 2647 918 2675 absulutos
933 2647 969 2681 (R.
987 2649 1035 2680 T.).

1053 246 1229 270 nL'LLAntun
1256 245 1407 269 notmNtm

1244 294 1284 327 cti
1316 293 1478 336 Augustini
1508 293 1720 335 denominari,
1752 294 1813 328 dici
1842 300 1872 328 et
1903 305 1978 329 nun-

1244 347 1351 390 cupari
1377 346 1492 379 debere
1523 347 1687 380 statuimus
1718 353 1746 380 et
1770 347 1977 383 decernimus.

1286 400 1300 442 ἓ
1318 399 1369 431 44.
1389 399 1552 432 Praeterea
1570 400 1708 443 singulas
1726 400 1840 433 Urbani
1858 406 1888 434 et
1904 402 1980 435 alio·
2003 415 2175 464 ⁰‘'¹¹J‘,'''³'¹{1¹,¹fi‘

1994 448 2027 462 fd>
2057 450 2064 462 Γ
2075 450 2115 463 mut
2171 460 2175 464 .

1244 462 1312 483 rum
1338 451 1616 494 praedeeessorum
1651 453 1769 486 litteras
1792 454 1979 497 apostolicas

1241 504 1461 547 praeinsertas,
1478 516 1513 538 ac
1527 505 1700 549 privilegia,
1716 506 1843 548 indulta,
1857 507 1980 540 faculta-

1243 563 1297 598 tes,
1316 557 1494 599 libertates,
1515 559 1737 601 immunitates,
1755 561 1979 604 exemptiones,

1241 611 1487 655 praerogativas,
1512 613 1792 656 praeeminentias,
1818 614 1979 658 indulgen-

1242 664 1319 704 tias,
1353 665 1474 699 favores
1499 672 1529 698 et
1553 666 1628 699 alias
1653 668 1768 710 gratias
1799 668 1978 709 universas,

1240 717 1419 760 spirituales
1434 724 1464 751 et
1481 719 1680 763 temporales,
1694 720 1776 754 dicto
1791 720 1898 754 Ordini
1912 731 1979 754 san-

1239 771 1280 804 cti
1303 771 1387 804 Pauli
1408 772 1501 816 primi
1527 774 1692 816 eremitae,
1719 774 1849 817 eiusque
1879 774 1978 818 priori

1239 824 1376 866 generali
1393 830 1421 857 et
1438 825 1597 868 fratribus
1612 836 1732 859 necnon
1746 827 1894 867 ecclesiis,
1909 838 1979 871 cap-

1238 878 1339 920 pellis,
1357 879 1513 921 oratoriis,
1531 879 1679 913 domibus
1696 886 1726 913 et
1741 880 1809 914 aliis
1826 880 1912 922 locis,
1925 881 1979 915 bo—

1237 930 1285 963 nis
1303 936 1332 964 et
1353 931 1446 964 rebus
1466 933 1622 976 praefatis,
1638 938 1699 965 tam
1717 944 1773 977 per
1791 933 1976 977 praedictos,
2025 935 2029 939 ’

1239 989 1270 1016 ut
1289 985 1476 1028 praefertur,
1495 991 1524 1018 et
1544 986 1621 1019 alios
1638 986 1795 1019 Romanos
1812 987 1977 1021 Pontifices

1236 1038 1494 1081 praedecessores
1514 1045 1639 1072 nostros
1658 1039 1729 1073 tarn¹
1748 1050 1805 1084 per
1822 1040 1902 1073 viam
1923 1051 1976 1074 ex-

1237 1091 1386 1125 tensionis
1412 1098 1441 1125 et
1466 1093 1775 1134 communicationis,
1800 1104 1893 1137 quam
1919 1104 1977 1138 per

1236 1155 1451 1188 quoscumque
1474 1146 1690 1189 imperatores,
1711 1157 1812 1190 reges,
1834 1147 1928 1180 duces
1946 1154 1972 1181 et

1236 1198 1312 1231 alios
1329 1199 1488 1243 principes
1505 1210 1540 1233 ac
1561 1211 1711 1244 personas
1725 1201 1882 1234 seculares
1899 1212 1975 1245 quo-

1235 1251 1467 1296 modocumque
1504 1259 1533 1286 et
1566 1254 1837 1299 qualitercumque
1862 1265 1970 1299 respe-

1235 1305 1313 1337 ctive
1334 1316 1496 1339 concessas
1515 1311 1543 1338 et
1560 1317 1718 1347 concessa,
1735 1318 1805 1340 cum
1827 1308 1974 1341 omnibus

1235 1363 1264 1390 et
1289 1358 1421 1401 singulis
1440 1359 1510 1391 inde
1536 1360 1674 1401 legitime
1700 1361 1814 1394 secutis
1839 1367 1869 1394 et
1889 1371 1974 1394 secu-

1235 1411 1311 1444 turis
1337 1412 1515 1455 (quatenus
1541 1417 1642 1446 tamen
1672 1414 1833 1457 privilegia
1859 1414 1973 1447 liuius-

1235 1465 1318 1497 modi
1344 1465 1405 1497 sint
1430 1466 1460 1497 in
1485 1477 1552 1505 usu,
1570 1477 1627 1499 nec
1645 1467 1794 1500 hactenus
1818 1474 1973 1508 revocata,

1234 1523 1285 1550 aut
1310 1518 1367 1550 sub
1385 1519 1489 1562 aliqua
1515 1520 1712 1553 revocatione
1730 1521 1971 1564 comprehensa)

1234 1577 1262 1603 et
1287 1571 1361 1603 alias
1387 1572 1469 1605 iuxta
1502 1573 1714 1615 praeinsertas
1741 1574 1855 1606 Urbani
1881 1585 1971 1617 prae-

1232 1624 1406 1658 decessoris
1442 1625 1560 1659 litteras
1586 1626 1727 1668 (sublato
1760 1633 1789 1659 et
1825 1633 1970 1661 correcto

1232 1678 1394 1711 dumtaxat
1412 1689 1520 1711 errore
1537 1679 1620 1712 circa
1638 1679 1922 1714 denominationem
1941 1686 1971 1713 et

1232 1732 1494 1775 nuncupationem
1521 1732 1594 1765 dieti
1620 1732 1744 1766 Ordinis
1769 1734 1866 1766 sancti
1884 1733 1970 1766 Pauli

1232 1784 1326 1827 primi
1352 1785 1501 1818 eremitae
1526 1789 1554 1818 et
1575 1795 1629 1818 seu
1647 1785 1713 1818 eius
1738 1786 1854 1829 prioris
1879 1795 1970 1828 gene-

1231 1837 1304 1870 ralis
1329 1843 1358 1870 et
1382 1838 1524 1879 Fratrum,
1542 1838 1621 1871 sieut
1646 1839 1867 1882 praemittitur,
1885 1849 1969 1873 com-

1231 1890 1337 1933 misso)
1360 1891 1545 1924 auctoritate
1569 1897 1599 1923 et
1625 1897 1732 1925 tenore
1756 1892 1967 1936 praesentium

1230 1949 1382 1987 perpetuo
1407 1944 1631 1977 confirmamus
1648 1951 1677 1978 et
1694 1946 1916 1989 approbamus,
1934 1946 1968 1979 il-

1230 1996 1327 2039 lisque
1344 1996 1530 2030 inviolabilis
1543 1998 1733 2041 apostolicae
1751 1999 1907 2033 firmitatis
1920 2010 1968 2033 ro<

1229 2050 1287 2083 bur
1311 2051 1486 2094 adiicimus,
1512 2062 1546 2085 ac
1571 2063 1680 2086 omnes
1705 2058 1734 2085 et
1759 2053 1899 2096 singulos
1924 2053 1967 2086 iu-

1228 2105 1269 2138 ris
1295 2110 1322 2138 et
1348 2105 1419 2138 sacti
1445 2105 1593 2146 desectus,
1615 2107 1638 2139 si
1659 2107 1712 2151 qui
1729 2106 1965 2151 quomodolibet

1227 2158 1451 2191 intervenerint
1476 2159 1505 2191 in
1532 2159 1652 2201 iisdem,
1678 2160 1869 2204 supplemus.

1271 2212 1285 2255 ἓ
1299 2212 1349 2245 45.
1366 2212 1574 2246 Decernentes
1589 2213 1712 2246 easdem
1727 2218 1915 2257 praesentes,
1929 2223 1964 2247 ae

1226 2264 1435 2307 praeinsertas
1461 2265 1578 2298 litteras
1603 2276 1726 2310 semper
1750 2266 1867 2309 sirmas,
1888 2267 1964 2300 vali-

1225 2316 1280 2350 das
1305 2322 1334 2351 et
1358 2318 1499 2351 efficaces
1524 2317 1656 2351 existere
1677 2324 1706 2352 et
1723 2318 1799 2357 sore,
1819 2329 1855 2352 ac
1873 2329 1964 2362 prae—

1225 2370 1308 2404 dicto
1326 2370 1433 2403 Ordini
1454 2371 1550 2404 sancti
1573 2371 1657 2404 Pauli
1683 2372 1777 2415 primi
1802 2371 1961 2414 eremitae,

1225 2423 1354 2467 eiusque
1368 2424 1465 2468 priori
1480 2424 1618 2467 generali
1634 2430 1663 2457 et
1676 2424 1837 2466 fratribus,
1851 2431 1878 2458 et
1893 2425 1961 2458 aliis

1224 2477 1261 2510 ad
1282 2488 1360 2520 quos
1387 2488 1514 2521 quoquo
1541 2478 1633 2511 modo
1653 2484 1771 2522 spectat
1789 2484 1817 2512 et
1842 2484 1960 2522 specta-

1223 2530 1267 2562 bit
1289 2530 1318 2562 in
1344 2531 1493 2571 futurum,
1512 2531 1693 2574 plenissime
1718 2531 1904 2574 suffragari,
1930 2537 1959 2564 et

1222 2583 1260 2617 ab
1277 2583 1336 2616 illis
1355 2585 1527 2627 respective
1548 2584 1769 2618 inviolabiliter
1785 2584 1957 2625 observari,

1257 2648 1266 2673 1
1292 2646 1382 2674 Potius
1401 2647 1461 2680 lege
1480 2647 1569 2674 etiam
1587 2650 1627 2682 (R.
1644 2648 1691 2681 τ.).

1996 248 2043 274 An.
2061 248 2088 274 ί).
2111 247 2175 277 1658

1992 2245 1994 2247 Ι
2007 2217 2118 2239 Decretum
2131 2219 2158 2239 it·-

1979 2247 2050 2266 tutans.
