2185 3188
23 190 70 217 Ᾰη.
86 190 114 216 C.
140 189 206 216 1655

33 1099 158 1121 visitator-³³
170 1101 197 1121 in·

19 1130 106 1153 [latrant.

37 2001 196 2024 Colit-rariorum

16 2028 99 2050 electio.

814 185 999 210 ALEXANDER
1024 186 1068 209 Vll
1093 186 1140 209 1³1³.

217 236 396 270 monasterii
434 236 630 279 quotidianas
666 234 864 269 necessitates
894 244 950 266 ex-

216 300 321 334 pensa,
340 295 534 332 consumpta,
552 295 604 322 aut
629 288 805 327 distributa,
830 287 953 329 singulo

215 353 339 386 quoque
355 353 476 380 mense3
492 353 570 386 quae
588 353 662 375 vero
680 342 708 373 in
727 351 876 383 agrorum
892 340 954 371 eul-

216 401 327 435 turam‚
346 406 382 428 ac
407 396 565 428 fruetuum
591 394 855 434 recollectionem,
881 403 954 436 quo-

215 450 289 482 libet
314 450 475 489 trimestri,
500 449 617 488 abbati,
635 448 744 492 priori,
769 458 804 479 ac
828 447 953 479 decanis

215 502 350 535 fideliter
367 503 584 542 exhibeantur,
599 502 712 545 quibus
727 501 876 545 praedicti
892 511 953 533 nou

216 556 308 589 modo
326 567 358 588 se
378 556 586 595 subscribant,
600 555 651 587 sed
667 555 759 587 etiam
778 555 953 586 iuramento

215 610 398 642 confirment
436 620 471 642 ea
503 610 608 642 onmia
645 608 756 641 morali
792 607 952 649 diligentia

215 663 417 705 examinasse,
440 663 580 706 nihilque
598 662 626 694 in
646 662 682 694 iis
702 660 819 694 fraudis
845 666 952 692 contra

215 717 346 749 formam
365 717 536 760 praesentis
554 715 671 749 decreti
689 715 851 748 invenisse.
866 714 952 752 Quod

214 769 237 802 si
264 770 316 812 qui
341 770 540 802 defraudasse
572 774 601 802 et
632 769 792 802 veritatem
818 778 953 811 proven-

213 828 301 856 tuum
327 829 357 856 et
381 833 588 867 expensarum
622 833 684 855 non
709 821 873 866 expedisse
899 821 949 853 in-

213 877 294 909 venti
312 876 436 918 suerint,
456 876 569 909 nedum
595 876 757 909 incurrant
773 885 889 919 poenas
906 885 952 907 su-

212 930 320 974 perius
344 941 507 974 expressas
537 930 656 973 absque
687 930 748 962 ulla
773 939 826 972 spe
851 929 952 972 impe-

213 984 341 1017 trandae
373 984 623 1028 dispensationis,
654 994 763 1016 verum
789 983 881 1016 etiam
913 982 951 1014 de

213 1037 296 1070 sarto
315 1048 351 1070 ac
375 1037 513 1081 periurio
537 1038 718 1081 puniantur.

257 1091 317 1134 §lc
347 1091 429 1130 Quae
455 1092 560 1124 omnia
584 1097 617 1124 ut
642 1091 780 1123 exactius
804 1090 951 1123 observe-

213 1144 289 1184 tur',
314 1144 465 1178 Sanctitas
489 1144 549 1177 Sua
574 1144 715 1188 patribus
739 1143 951 1176 visitatoribus

213 1198 296 1231 serio
320 1198 463 1241 iniungit,
483 1202 635 1241 quatenus
661 1198 691 1229 in
716 1207 825 1230 eorum
851 1196 952 1229 visita-

214 1251 296 1284 tione
321 1262 416 1295 super
441 1251 619 1295 praemissis
648 1251 816 1294 diligenter
841 1250 946 1293 inqui-

214 1310 291 1346 rant,
322 1310 360 1346 et,
381 1305 405 1337 si
431 1305 504 1348 quid
530 1305 559 1337 in
585 1305 777 1338 eontrarium
804 1303 950 1337 commis-

214 1368 282 1390 sum
310 1364 362 1390 aut
386 1359 570 1391 ommissum
597 1359 781 1402 repererint,
799 1357 949 1390 contrafa-

215 1412 330 1443 cientes
355 1412 384 1443 in
409 1417 627 1454 praenarratas
651 1421 766 1455 poenas
793 1411 949 1450 incidisse,

216 1469 245 1496 et
262 1474 278 1496 a
299 1465 362 1497 suis
386 1465 496 1497 officiis
521 1475 687 1508 suspensos
713 1465 884 1508 respective
902 1464 950 1497 ‹le-

216 1517 344 1558 clarent,
358 1517 457 1551 donec
474 1518 504 1549 in
520 1518 623 1560 primo
648 1518 753 1550 futuro
778 1528 949 1560 congressu

215 1570 315 1602 dietae
339 1575 367 1602 et
392 1571 518 1614 capituli
544 1571 580 1602 ad
607 1571 820 1604 executionem
839 1582 951 1614 poena-

216 1633 283 1655 rum
305 1629 337 1656 ut
357 1634 451 1666 supra
466 1623 653 1656 inflictarum
668 1624 875 1667 procedatur,
893 1625 950 1657 sub

214 1678 313 1719 poena
331 1676 447 1719 pariter
466 1676 649 1719 privationis
674 1676 833 1719 diguitatis
858 1677 951 1709 abba-

214 1729 310 1769 tialis,
338 1739 460 1762 necnon
486 1730 571 1762 vocis
596 1730 713 1762 activae
739 1736 766 1762 et
792 1730 949 1774 passivae,

212 1793 247 1815 ac
264 1788 430 1826 perpetuae
456 1783 657 1815 inhabilitatis
673 1783 711 1815 ad
737 1783 788 1815 illa
816 1794 869 1816 seu
891 1785 950 1817 alia

212 1836 440 1878 consequenda,
460 1836 713 1869 rebabilitatione
737 1836 808 1869 Sedi
833 1837 951 1871 dumta-

212 1894 263 1921 xat
287 1889 482 1932 Apostolieae
513 1891 688 1929 reservata,
714 1889 752 1921 ab
777 1890 852 1933 ipsis
876 1902 950 1934 quo-

212 1953 273 1986 que
297 1943 508 1976 visitatoribus
532 1943 730 1976 incurrenda.

256 1996 270 2038 g
287 1995 316 2028 5.
335 1996 370 2028 Et
387 1997 459 2038 quia
473 1996 563 2029 fidele
581 1997 741 2029 servitium
760 2001 789 2031 et
805 2002 949 2031 accurata

213 2049 241 2081 in
273 2050 481 2093 exequutione
510 2051 753 2094 praemissorum
788 2051 948 2095 diligentia

212 2109 284 2135 tune
317 2103 435 2146 sperari
472 2104 606 2147 poterit,
636 2105 660 2137 si
689 2105 842 2138 cellerarii
877 2117 947 2139 cum

211 2156 360 2200 gravitate
386 2168 507 2190 morum
539 2163 602 2190 tum
636 2159 715 2191 vitae
740 2159 893 2203 probitate
919 2165 949 2192 et

210 2220 315 2243 rerum
342 2211 532 2254 experientia
559 2212 717 2256 conspicui
743 2212 876 2254 suerint,
902 2223 948 2246 ea-

209 2270 337 2307 propter
362 2264 513 2297 Sanctitas
538 2265 597 2298 Sua
623 2265 749 2298 mandat
769 2266 945 2308 abbatibus,

209 2323 242 2349 ut
262 2318 291 2349 in
309 2317 488 2351 huiusmodi
510 2318 762 2362 deputationibus
786 2320 946 2361 faciendis,

208 2371 313 2404 audito
338 2371 424 2415 prius
449 2372 579 2405 consilio
613 2373 793 2415 seniorum,
822 2375 945 2407 nonnisi

209 2425 402 2467 religiosum,
424 2436 563 2468 gravem,
588 2426 776 2469 probatum,
804 2438 839 2460 ac
865 2428 945 2461 inter

209 2477 342 2511 decanos
366 2478 569 2522 adscriptum,
594 2479 810 2514 definitoribus
829 2487 881 2514 aut
901 2492 946 2514 re-

209 2530 316 2573 gimini
338 2532 587 2575 promovendum
613 2537 805 2577 proponant,
840 2545 945 2578 quem-

246 2596 254 2620 1
280 2594 371 2629 Aptius
391 2595 449 2630 lege
469 2595 654 2623 observentur
673 2596 709 2629 (a,
728 2596 774 2629 Τ.).

987 244 1047 277 que
1071 234 1226 277 aptiorem
1253 244 1319 267 esse
1345 233 1515 267 secundum
1533 233 1630 267 Deum
1649 232 1729 265 iudi-

988 287 1143 327 caverint,
1169 292 1199 320 et
1223 288 1314 320 talem
1341 287 1471 331 proprio
1497 287 1673 319 iuramento
1699 285 1729 317 in

970 340 1111 384 'seriptis
1135 346 1329 373 attestentur.
1355 342 1450 374 Secus
1475 341 1556 373 dicta
1570 339 1729 383 deputatio

988 394 1072 425 nulla
1097 393 1134 425 sit
1157 403 1194 426 eo
1221 393 1299 436 ipso,
1320 399 1349 425 et
1373 393 1502 436 praelati
1529 393 1558 425 in
1584 393 1730 436 proxima

987 446 1070 478 dieta
1097 447 1143 479 vel
1168 447 1305 490 capitulo
1330 446 1434 479 debite
1459 446 1639 490 puniantur.
1663 458 1676 478 α
1692 445 1730 478 Et

988 509 1025 531 nc
1050 499 1114 532 ullo
1141 510 1278 542 unquam
1316 503 1457 543 tempore
1481 510 1498 531 a
1522 499 1729 532 monasterio-

989 563 1058 585 rum
1084 553 1300 596 superIoribus
1317 553 1445 595 allegari
1463 553 1559 596 possit
1585 553 1729 594 ignoran-

989 606 1027 638 tia
1054 606 1183 639 buiusce
1203 606 1330 647 decreti,
1345 605 1497 639 Sanctitas
1513 605 1574 638 Sua
1591 605 1726 646 mandat,

989 665 1019 692 ut
1039 659 1219 692 huiusmodi
1237 660 1397 692 decretum
1417 659 1539 702 legatur
1558 659 1587 690 in
1601 659 1728 702 publica

989 716 1095 746 mensa
1119 714 1167 746 bis
1185 714 1214 746 in
1235 724 1326 754 anno,
1349 714 1426 747 idest
1446 723 1553 746 mense
1579 712 1727 745 februarii

987 771 1016 800 et
1040 768 1150 799 octava
1174 766 1348 799 Nativitatis
1373 766 1574 798 Beatissimae
1590 765 1728 808 Virginis

987 820 1111 859 Mariae,
1125 820 1183 852 sub
1201 820 1310 852 iisdem
1330 820 1440 863 poenis
1458 819 1487 852 in
1505 819 1661 863 praesenti
1679 819 1728 851 de-

987 879 1074 906 creto
1092 873 1242 906 adversus
1255 872 1684 917 contrafacientes—expressis
1699 884 1726 904 ›.

987 928 1102 960 Romae
1127 927 1177 960 die
1201 936 1257 959 xm
1283 926 1347 959 iulii
1373 935 1500 959 uncclv.

1191 998 1228 1031 M.
1254 997 1420 1031 cardinalis
1437 996 1607 1030 Gnvssrrus.

1074 1061 1109 1093 Η.
1126 1059 1384 1104 archiepiscopus
1398 1059 1604 1100 patracensis,
1618 1062 1724 1092 secret.

1028 1141 1043 1184 ἓ
1056 1141 1085 1174 6.
1100 1140 1175 1174 Cum
1188 1146 1290 1173 autem
1306 1140 1429 1173 firmius
1442 1140 1649 1172 observentur
1662 1140 1725 1179 illa,

984 1195 1097 1239 quibus
1112 1195 1235 1238 saepius
1249 1194 1443 1228 auctoritatis
1459 1194 1648 1237 apostolicae
1662 1204 1726 1226 rnu-

985 1248 1090 1280 nimen
1115 1247 1244 1288 accedit,
1266 1247 1356 1279 nobis
1375 1252 1542 1290 propterea
1567 1247 1727 1279 venerabi-

985 1302 1020 1334 lis
1038 1301 1134 1333 frater
1150 1306 1257 1333 noster
1272 1300 1456 1332 Franciscus
1470 1300 1638 1343 episcopus
1653 1299 1726 1332 Por-

984 1354 1101 1388 tuensis
1115 1353 1145 1386 Sl
1163 1354 1196 1386 R.
1212 1354 1244 1386 E.
1259 1353 1425 1386 cardinalis
1442 1352 1631 1385 Barberinus
1648 1362 1726 1385 nun-

984 1412 1125 1451 cupatus
1144 1406 1323 1450 praedictae
1346 1405 1606 1449 Congregationis
1629 1405 1726 1438 Cassi-

984 1462 1087 1495 nensis
1111 1461 1236 1494 Ordinis
1260 1460 1358 1493 sancti
1377 1459 1534 1492 Benedicti
1559 1459 1643 1503 apud
1667 1469 1725 1492 nos

984 1520 1013 1550 et
1026 1516 1137 1549 Sedem
1147 1515 1359 1559 Apostolicam
1374 1519 1545 1558 protector,
1563 1513 1725 1546 humiliter

984 1568 1188 1612 supplicavit,
1209 1573 1244 1600 ut
1267 1567 1427 1601 decretum
1453 1566 1634 1600 huiusmodi
1654 1576 1726 1610 apo-

984 1624 1110 1656 stolicae
1135 1622 1383 1656 confirmationis
1407 1627 1532 1654 nostrae
1550 1621 1725 1665 patrocinio

985 1677 1135 1710 roborare
1153 1676 1190 1709 de
1211 1675 1403 1718 benignitate
1428 1675 1599 1719 apostolica
1620 1674 1726 1717 digna-

985 1741 1101 1763 remur.
1137 1730 1200 1763 Nos
1221 1729 1327 1772 igitur,
1352 1728 1496 1761 eumdem
1522 1727 1725 1760 Franciscum

984 1784 1174 1816 cardInalcm
1201 1782 1390 1825 specialibus
1415 1781 1573 1814 favoribus
1601 1786 1630 1814 et
1657 1791 1725 1824 gra-

985 1837 1034 1868 tiis
1048 1836 1196 1880 prosequi
1225 1836 1375 1875 volentes,
1401 1834 1580 1867 huiusmodi
1608 1834 1725 1878 suppli-

984 1890 1160 1922 cationibus
1191 1889 1339 1929 inclinati,
1364 1889 1524 1921 decretum
1546 1888 1723 1932 praeinser-

984 1949 1060 1983 tum,
1076 1946 1137 1977 una
1151 1953 1221 1976 eum
1241 1943 1398 1976 additione
1412 1942 1723 1986 praedieta‚aliisque

983 1997 1130 2029 omnibus
1153 2002 1184 2029 et
1207 1996 1339 2038 singulis
1369 1996 1398 2027 in
1423 2005 1460 2028 eo
1485 1994 1723 2039 quomodolibet

982 2055 1015 2082 ut
1029 2049 1240 2093 praemittitur
1254 2049 1418 2089 contentis,
1432 2048 1603 2092 apostolica
1620 2053 1723 2081 aucto-

983 2104 1082 2143 ritate,
1108 2109 1216 2135 tenore
1248 2102 1471 2147 praesentium,
1496 2101 1722 2135 confirmamus

981 2163 1009 2190 et
1036 2157 1260 2201 approbamus,
1287 2157 1409 2200 illisque
1435 2155 1622 2189 inviolabilis
1646 2166 1721 2199 apo-

981 2211 1108 2244 stolieae
1130 2210 1286 2243 firmitatis
1304 2211 1403 2243 robur
1420 2209 1594 2242 adiicimus
1613 2209 1721 2242 Decer-

980 2270 1087 2297 nentes
1113 2269 1293 2308 praesentes
1317 2264 1436 2297 litteras
1453 2273 1578 2306 semper
1603 2263 1720 2303 firmas,

981 2318 1095 2350 validas
1121 2323 1150 2350 et
1171 2318 1313 2351 efficaces
1330 2318 1464 2350 existere
1485 2322 1515 2349 et
1534 2317 1609 2357 fore,
1629 2326 1663 2349 ac
1680 2316 1719 2348 ab

979 2371 1135 2411 omnibus,
1152 2371 1190 2403 ad
1216 2381 1295 2415 quos
1316 2375 1436 2414 spectat
1452 2374 1481 2403 et
1498 2380 1555 2413 pro
1567 2374 1720 2413 tempore,

979 2424 1148 2469 spectabit,
1175 2424 1396 2457 inviolabiliter
1421 2423 1450 2456 in
1476 2428 1637 2467 posterum
1662 2423 1719 2456 ob-

979 2479 1115 2519 servari,
1141 2478 1247 2522 sieque
1279 2478 1309 2510 in
1335 2477 1517 2521 praemissis
1541 2488 1599 2521 per
1623 2488 1718 2522 quos-

978 2543 1113 2576 cumque
1139 2532 1256 2565 iudices
1285 2531 1463 2565 ordinarios
1488 2537 1517 2563 et
1541 2532 1717 2574 delegatos,

978 2587 1069 2619 etiaiu
1095 2596 1259 2619 causarum
1282 2585 1384 2629 palatii
1412 2585 1573 2628 apostolici
1600 2585 1718 2618 audito-

1654 174 1692 207 61
1743 183 1789 210 An.
1807 183 1836 209 c.
1857 183 1926 211 1555

1756 1149 1868 1172 cinni-mat
1878 1155 1925 1176 pr·-

1741 1181 1763 1198 ut
1779 1183 1799 1197 in
1814 1178 1905 1197 rubriu-
