2185 3188
64 186 113 212 An.
135 185 162 211 C.
187 183 253 210 1655

88 726 177 747 Reatucit
198 732 244 752 pro·

63 754 142 773 uncias
184 753 244 773 Mim-

62 783 172 800 slrantium
188 779 242 800 lutir-

851 178 929 201 ALEx
935 177 1036 200 ANDER
1061 176 1105 199 VII
1129 176 1176 199 PP.

261 231 321 263 lem
352 229 602 262 christifidelium
629 227 803 266 utilitatem,
821 226 874 258 sed
896 226 1001 267 etiam,

260 283 344 326 quod
376 283 472 315 satius
502 289 568 322 est,
593 281 631 314 ad
663 282 792 314 salutem
825 279 999 311 animarum

260 336 442 379 praesertim
476 336 506 368 in
537 337 676 368 extrema
708 344 777 366 cum
810 333 898 365 lloste
937 332 1001 364 hu-

260 389 342 421 mani
367 389 492 431 generis
510 389 593 420 lucta
618 386 849 430 procurandam
871 385 1000 429 provide

260 441 482 481 institutarum,
498 440 589 473 statui
607 446 636 472 et
654 439 733 472 felici
749 438 913 470 directioni
929 447 1000 470 con-

259 494 375 526 ducere
399 493 602 534 arbitramur,
629 491 797 536 propensis
823 490 932 523 studiis
959 490 1000 522 in-

260 546 439 587 tendimus,
472 557 507 579 ac
539 546 675 589 desuper
708 544 873 588 pastoralis
905 543 998 576 officii

259 600 357 633 nostri
380 607 484 644 partes
510 599 749 643 interponimus,
774 604 867 642 prout
884 597 914 630 in
939 597 999 630 Do—

260 655 344 687 mino
369 654 581 697 conspicimus
602 652 772 685 salubriter
797 651 954 695 expedire.

304 709 318 751 g
336 708 364 740 sl.
383 708 458 741 Cum
480 707 595 750 itaque,
618 706 695 738 sicut
717 706 906 749 accepimus
924 705 999 738 Con-

261 762 403 804 gregatio
432 761 617 793 dilectorum
644 760 782 792 filiorum
808 760 997 792 clericorum

261 814 453 857 regularium
466 813 706 846 Ministrantium
726 813 860 845 lnlirmis
881 812 997 845 dudum

261 879 317 912 per
342 869 459 902 litteras
487 868 675 911 apostolicas
701 867 731 899 in
756 867 893 911 quinque
919 878 996 911 pro-

261 922 399 964 xincias,
425 922 568 955 videlicet
592 923 764 955 Romanam
798 927 826 954 et
857 922 999 954 Etruriae

262 976 364 1018 simul,
389 986 510 1009 necnon
535 976 809 1018 Mediolanensem,
828 975 1000 1008 Bononien-

261 1041 336 1071 sem,
352 1030 586 1074 Neapolitanam
606 1036 634 1062 et
655 1030 802 1070 Siculam,
821 1029 918 1061 divisa
936 1030 1000 1062 sue-

262 1085 318 1124 rit,
343 1088 372 1117 et
396 1084 526 1117 subinde
551 1084 691 1116 eamdem
717 1083 997 1126 (Longi-egationem

261 1137 458 1181 particularis
477 1137 681 1180 congregatio
701 1148 717 1169 a
736 1136 832 1169 felicis
858 1136 1001 1169 recorda-

262 1191 354 1225 tionis
383 1191 563 1224 Innocentio
594 1191 675 1234 Papa
704 1191 727 1222 X
758 1190 1000 1233 praedecessore

262 1250 369 1277 nostro
382 1244 528 1288 deputata
543 1244 573 1276 in
588 1244 663 1276 duas
683 1244 869 1287 provincias,
888 1253 1000 1286 nempe

263 1297 506 1341 Neapolitanam,
532 1308 610 1340 quae
637 1297 728 1329 etiam
755 1297 888 1330 Siculam
907 1307 996 1330 com-

264 1350 481 1392 prehenderet,
498 1361 532 1383 ac
558 1351 740 1390 Romanam,
761 1361 841 1394 quae
862 1350 1000 1394 reliquas

265 1403 442 1445 provincias
474 1403 648 1446 praedictas
673 1404 789 1446 pariter
814 1403 999 1444 contineret,

266 1455 438 1498 redegerit3
463 1466 597 1499 cumque
629 1457 873 1499 praemissorum
903 1467 998 1489 occa·

265 1509 352 1541 ¹sione
378 1509 479 1541 variae
500 1509 753 1552 perturbationes
774 1509 921 1543 subortae
939 1510 1000 1542 sue-

265 1562 342 1594 rint:
361 1573 427 1602 nos,
445 1569 478 1595 ut
492 1563 596 1596 clerici
616 1563 766 1606 praedicti
781 1565 899 1597 semota
914 1563 997 1596 omni

263 1616 533 1658 perturbationum
557 1616 686 1648 materia
714 1616 743 1648 in
769 1627 825 1649 suo
851 1617 999 1649 laudabili

264 1669 402 1702 instituto
411 1680 468 1713 pro
483 1670 641 1702 communi
654 1670 904 1703 elffistifidelium
917 1671 999 1704 bono

262 1733 463 1766 perseverare
475 1723 604 1763 valeant,
621 1726 850 1766 quantumcum
868 1724 999 1757 Domino

262 1786 438 1819 possumus,
458 1775 624 1819 providere
643 1776 789 1817 volentes,

305 1829 320 1872 ξ
344 1829 373 1861 ΕΣ.
399 1829 481 1862 Motu
506 1829 647 1873 proprio,
673 1840 707 1862 ac
732 1840 767 1862 cx
794 1832 877 1862 certa
904 1830 1000 1863 scien-

262 1884 303 1917 tia
322 1889 351 1916 et
370 1885 492 1916 matura
511 1883 736 1916 deliberatione
758 1883 881 1924 nostris,
899 1884 999 1927 deque

261 1937 451 1980 apostolicae
475 1937 637 1980 potestatis
661 1936 876 1980 plenitudine,
902 1943 997 1970 totam

262 1990 542 2034 Congregationem
580 1990 767 2023 clericorum
805 1991 997 2033 regularium

262 2044 439 2076 huiusmodi
456 2043 485 2076 in
499 2047 632 2087 quatuor
649 2043 838 2087 provincias,
856 2044 999 2078 videlicet

262 2099 444 2137 Romanam,
469 2109 547 2141 quae
573 2098 733 2131 Etruscam
756 2099 846 2142 eique
875 2099 999 2142 propin—

261 2151 403 2195 quiorem
437 2151 640 2184 Bononiensis
672 2152 851 2194 provinciae
877 2158 996 2195 partem

261 2205 525 2248 comprehendat,
561 2216 682 2238 necnon
714 2206 996 2247 Mediolanensem,

260 2269 338 2302 quae
360 2259 510 2301 reliquam
527 2259 704 2302 provinciae
723 2259 926 2293 Bononiensis
944 2260 998 2293 liu-

261 2312 393 2345 iusmodi
419 2318 556 2355 partem,
582 2312 663 2345 iuxta
688 2312 871 2346 dix'Isionem
899 2314 996 2358 ipsius

260 2366 439 2410 provinciae
460 2366 661 2398 Bononiensis
687 2366 716 2398 in
742 2367 877 2410 capitulo
902 2378 996 2410 gene-

261 2420 317 2452 rali
342 2419 441 2452 dictae
466 2419 723 2462 Congregationis
748 2421 891 2463 proxime
915 2422 995 2454 cele-

259 2473 378 2507 brando
404 2474 574 2506 faciendam
590 2501 597 2514 ,
622 2475 713 2507 etiam
739 2475 994 2518 comprehendat,

259 2539 293 2560 ac
319 2528 551 2571 Neapolitanam
584 2533 614 2560 et
638 2528 790 2571 Siculam,
816 2539 896 2572 qnae
920 2540 996 2572 qua-

260 2588 330 2614 tuor
344 2581 521 2625 provinciae
539 2581 678 2624 singulae
696 2592 767 2615 suos
788 2582 995 2626 provinciales

1036 228 1065 258 et
1081 224 1228 257 officiales
1247 223 1408 256 distinctos
1426 227 1456 256 et
1475 226 1637 266 separatos
1657 221 1774 254 habere

1035 277 1178 317 debeant,
1199 282 1307 309 tenore
1325 276 1535 320 praesentium
1561 275 1729 308 dividimus
1746 280 1775 307 et

1035 331 1224 364 reducimus.

1079 386 1093 427 ξ
1117 384 1146 417 3.
1173 384 1372 417 Declarantes
1391 390 1494 416 tamen
1508 383 1602 426 quod,
1623 388 1773 426 qnantum

1034 438 1144 470 attinet
1161 438 1198 470 ad
1219 437 1402 470 electionem
1423 447 1575 480 personae
1593 436 1722 469 idoneae
1739 446 1774 468 ex

1034 491 1267 534 provinciarum
1296 490 1396 523 dictae
1420 489 1680 532 Congregationis
1706 499 1776 532 pro-

1033 545 1205 578 fessoribus
1230 544 1267 576 ad
1290 543 1420 577 munus¹
1446 543 1593 587 praefecti
1619 543 1775 585 generalis

1034 599 1132 642 ipsius
1152 597 1411 641 Congregationis
1427 608 1485 641 pro
1504 602 1646 640 tempore
1665 607 1774 629 vacans

1033 652 1210 685 alternatim
1236 651 1453 691 assumendae,
1475 651 1581 683 eadem
1601 650 1775 694 Congrega-

1034 706 1075 739 tio
1094 706 1125 738 in
1145 705 1221 738 duas
1239 705 1438 738 solummodo
1456 704 1642 748 provincias,
1663 714 1775 747 nempe

1033 760 1204 792 Romanam
1221 786 1228 799 ,
1263 769 1342 802 qnae
1374 757 1635 791 Mediolanensem
1672 757 1774 800 quoad

1034 813 1116 845 hunc
1141 812 1308 844 articulum
1335 811 1509 852 contineat,
1535 821 1570 843 ac
1602 810 1776 853 Neapolita-

1033 877 1115 906 nam,
1136 876 1215 910 quae
1232 866 1367 899 Siculam
1387 865 1506 909 pariter
1519 863 1774 907 comprehendat,

1033 920 1131 952 divisa
1149 925 1321 960 censeatur,
1341 920 1380 952 ita
1397 922 1429 952 ut
1449 918 1643 962 praedictum
1663 928 1775 950 munus

1034 973 1180 1017 praefecti
1195 972 1351 1016 generalis
1366 971 1597 1016 professoribus
1616 971 1775 1004 Romanae

1034 1038 1088 1060 seu
1105 1026 1354 1065 Mediolanensis‚
1373 1031 1402 1058 et
1421 1025 1645 1069 Neapolitanae
1662 1035 1714 1058 seu
1732 1025 1776 1058 Si-

1034 1081 1121 1113 culae
1139 1078 1388 1124 pi·ovinciarum‘²
1405 1078 1583 1111 huiusmodi
1598 1079 1774 1111 alternatim

1035 1135 1064 1166 in
1083 1139 1270 1178 perpetuum
1290 1132 1404 1166 deferri
1422 1132 1543 1172 debeat,
1557 1138 1584 1164 et
1598 1132 1775 1175 praefectus

1034 1187 1206 1230 generalis,
1232 1186 1357 1230 quando
1390 1186 1548 1218 Romanae
1574 1190 1603 1217 et
1627 1185 1774 1218 Mediola-

1034 1241 1138 1273 nensis
1171 1240 1297 1272 insimul
1331 1239 1510 1283 provinciae
1543 1244 1655 1270 turnus
1687 1238 1775 1271 obti-

1033 1295 1124 1337 gerit,
1156 1299 1218 1326 tam
1245 1304 1279 1326 ex
1306 1293 1488 1337 particulari
1513 1292 1653 1325 Romana
1680 1302 1774 1335 quam

1033 1358 1068 1380 ex
1106 1347 1327 1381 Mediolanensi
1362 1345 1532 1390 provinciis
1567 1345 1754 1389 supradictis
1767 1372 1774 1385 ‚

1033 1403 1162 1434 servatis
1177 1406 1279 1435 lamen
1293 1401 1368 1434 alias
1383 1399 1553 1442 servandis,
1572 1399 1688 1432 assumi
1706 1410 1775 1443 pos-

1033 1456 1087 1495 sit;
1111 1455 1236 1499 quando
1259 1466 1331 1488 vcro
1356 1454 1576 1498 Neapolitanae
1603 1459 1631 1485 et
1651 1452 1773 1486 Siculae

1033 1510 1212 1553 provinciae
1238 1509 1344 1542 itidem
1364 1508 1489 1541 insimul
1517 1512 1626 1541 turnus
1644 1507 1774 1540 obvene-

1034 1564 1083 1604 rit,
1101 1569 1162 1595 tam
1181 1574 1217 1596 ex
1240 1562 1422 1606 particulari
1448 1561 1652 1605 Neapolitana
1680 1572 1773 1604 quam

1033 1628 1069 1649 ex
1094 1617 1197 1649 Sicula
1222 1616 1392 1660 provinciis
1417 1615 1598 1647 huiusmodi
1631 1615 1703 1657 eligi
1726 1615 1770 1647 si-

1033 1670 1148 1703 militer
1172 1670 1280 1703 valeat.

1078 1725 1091 1767 g
1118 1723 1147 1756 4.
1179 1724 1344 1756 Praeterea
1377 1722 1623 1767 prohibitionem
1661 1733 1699 1755 ne
1736 1734 1772 1755 ex

1034 1777 1194 1821 provincia
1227 1777 1327 1809 dictae
1352 1775 1626 1818 congregationis,
1652 1786 1686 1808 ex
1712 1785 1773 1819 qua

1034 1830 1209 1873 praefectus
1226 1830 1381 1872 generalis
1406 1830 1522 1862 electus
1541 1835 1631 1869 esset,
1653 1829 1774 1862 consul-

1033 1889 1082 1917 tor
1106 1885 1186 1917 ullus
1204 1883 1343 1917 eiusdem
1362 1883 1622 1926 Congregationis
1638 1893 1774 1916 assume-

1034 1944 1129 1978 retur,
1146 1939 1175 1971 in
1197 1938 1365 1982 praedictis
1386 1938 1496 1970 litteris
1513 1937 1694 1981 apostolicis
1705 1948 1774 1970 eon-

1033 1999 1169 2033 tentam,
1203 1998 1311 2033 motu,
1345 1992 1495 2032 scientia,
1526 1991 1772 2032 deliberatione,

1033 2044 1194 2088 potestatis
1219 2043 1423 2088 plenitudine,
1445 2049 1474 2075 et
1499 2049 1606 2076 tenore
1631 2053 1773 2086 praesen-

1032 2098 1119 2139 tium,
1139 2098 1282 2131 tollentes
1303 2103 1330 2130 et
1349 2097 1518 2138 abolentes,
1537 2097 1677 2139 singulos
1702 2108 1773 2130 con-

1032 2152 1166 2185 sultores
1186 2151 1365 2195 praedictae
1378 2151 1637 2193 Congrcgalionis
1650 2150 1699 2183 ex³
1712 2151 1771 2183 sin-

1031 2205 1113 2248 gulis
1138 2210 1273 2248 quatuor
1298 2204 1468 2248 provinciis
1493 2203 1686 2244 memorans,
1713 2204 1771 2237 llo·

1032 2260 1124 2291 mana
1143 2258 1297 2297 videlicet,
1315 2257 1548 2298 Mediolanensi,
1567 2258 1770 2301 Neapolitana

1030 2318 1059 2346 et
1073 2313 1187 2353 Sicula,
1205 2312 1321 2345 assumi
1339 2312 1454 2345 debere
1472 2311 1679 2344 decernimus.

1067 2414 1075 2437 1
1096 2411 1215 2438 Pessime
1232 2410 1295 2437 edit.
1318 2409 1395 2437 Main.
1419 2409 1500 2436 liabct
1520 2409 1617 2437 minus
1639 2418 1684 2445 pro
1707 2417 1770 2436 mu-

1030 2464 1083 2482 nus
1104 2458 1139 2487 (n.
1156 2455 1205 2485 vl,

1064 2502 1080 2526 2
1098 2501 1222 2536 lmprobe
1243 2500 1323 2527 etiam
1343 2500 1438 2527 eadem
1459 2499 1521 2535 legit
1538 2500 1767 2534 provincialium

1030 2554 1077 2579 pro
1091 2544 1313 2579 provinciarum
1327 2546 1364 2579 (n.
1382 2545 1430 2578 T.).

1065 2592 1079 2617 3
1097 2590 1192 2616 lnseite
1208 2597 1315 2624 quoque
1331 2589 1414 2617 liabet
1429 2592 1454 2616 et
1471 2598 1518 2624 pro
1534 2598 1568 2616 ea*
1582 2594 1617 2618 (ῐῐ.4
1635 2590 1682 2623 Γ).

1697 163 1738 196 93
1785 173 1836 199 An.
1858 173 1887 200 c.
1907 173 1974 200 1655

1817 396 1837 415 ln
1855 395 1907 416 duas
1930 398 1974 416 tan·

1791 424 1832 441 turn
1855 428 1974 447 prottucldi

1791 449 1872 469 diuidit.

1815 1730 1913 1754 Singulos
1924 1735 1973 1750 eon-

1788 1757 1877 1776 sul‘ores
1890 1757 1910 1777 in
1921 1763 1973 1782 qna·

1789 1785 1836 1802 tuor
1857 1789 1972 1808 provinciis

1788 1816 1866 1830 assumi
1883 1810 1949 1831 iubet.
