2243 3205
239 185 289 212 An.
307 185 336 213 C.
354 186 421 215 1659

265 1630 373 1651 Postumia
383 1636 430 1651 cou-

245 1658 354 1681 ceduntur,
362 1660 381 1677 et
390 1658 430 1678 fra-

246 1685 313 1704 tresin
323 1685 430 1710 propitum

245 1713 370 1731 conventum
398 1717 430 1731 re·

245 1739 355 1757 vocantur.

467 178 530 212 510

443 235 653 268 inobedientes
684 241 713 267 et
746 236 877 268 rebelles
914 243 1096 277 remanent,
1121 238 1179 270 sub

442 288 584 321 censuris
602 288 820 321 ecclesiasticis
837 289 874 322 ad
893 300 980 322 suam
1003 295 1179 323 remearent

441 341 646 384 provinciam,
661 341 824 385 dictusque
843 348 1013 375 conventus
1039 343 1180 376 Brioceu-

442 394 482 426 sis
499 394 628 437 pacifice
647 394 889 438 relinqueretur,
905 401 934 428 et
958 396 1108 428 fratribus
1127 397 1180 428 Re-

441 446 579 479 collectis
603 447 802 487 traderetur,
826 454 856 480 ut
883 449 1028 481 diurnum
1057 449 1085 480 in
1112 449 1180 492 ipso

442 500 658 543 persolverent
682 502 840 541 officium,
865 502 939 545 quia
965 501 1180 534 tantummodo

441 559 559 597 septem
597 555 771 599 presbyteri
799 555 837 587 de
872 556 980 588 eadem
1019 555 1181 599 provincia

441 607 573 650 professi
600 612 785 651 supererant
812 608 839 640 in
859 609 942 641 dieto
967 612 1131 648 conventu,
1152 613 1181 639 et

442 660 482 692 ob
501 660 641 704 ipsorum
661 661 847 704 paucitatem
874 662 1045 705 nequibant
1064 662 1093 693 in
1115 672 1181 694 om-

441 713 543 753 nibus,
569 724 648 757 quae
673 715 709 746 ad
737 719 848 748 statum
876 715 976 747 dietae
1002 714 1135 747 familiae
1153 719 1182 746 et

442 767 529 800 chori
548 768 722 801 functiones
736 769 904 812 pertinent,
923 769 1109 807 satisfacere;
1128 768 1181 801 sed

442 820 490 852 his
515 831 575 854 non
601 821 796 854 obstantibus
817 822 889 854 dieti
911 821 1071 865 Cordigeri
1093 832 1182 865 prae-

443 873 540 906 dictas
557 875 675 908 litteras
697 875 892 919 apostolicas,
911 886 945 907 ac
964 875 1182 918 congregatio-

443 927 504 960 nis¹
521 929 745 962 venerabilium
765 930 895 962 fratrum
915 934 1093 963 nostrorum
1112 939 1182 962 san-

443 986 508 1013 ctae
534 982 692 1015 Romanae
717 983 873 1016 Ecclesiae
895 983 1098 1016 cardinalium
1126 993 1181 1015 ne-

443 1034 535 1076 gotiis
560 1040 589 1066 et
615 1036 884 1069 consulationibus
909 1036 1129 1080 episcoporum
1153 1041 1182 1068 et

443 1087 635 1129 regularium
675 1090 873 1132 praepositae
906 1100 1027 1122 necnon
1053 1089 1181 1132 capituli

443 1141 598 1182 generalis
619 1140 692 1173 dicti
718 1141 843 1174 Ordinis
868 1142 993 1176 decreta
1020 1147 1181 1186 spernunt;

443 1197 472 1226 et
500 1199 703 1227 contumaces
737 1195 1016 1239 inobedientesque
1046 1195 1181 1228 maximo

443 1258 513 1279 cum
540 1247 686 1281 scandalo
704 1248 820 1292 absque
842 1249 905 1281 ullo
930 1249 1070 1291 legitimo
1091 1259 1182 1292 supe-

444 1301 530 1334 riore
562 1307 783 1345 perseverant,
812 1302 950 1335 dicentes
985 1302 1067 1346 quod
1099 1303 1182 1336 cives

443 1354 543 1387 nolint
570 1355 763 1388 Recollectos
782 1356 957 1396 admittere,
978 1361 1005 1388 et
1021 1360 1182 1399 praetextu

443 1407 604 1440 cuiusdam
623 1409 733 1440 arresti
760 1409 942 1452 parlamenti
965 1408 1114 1441 secularis
1139 1419 1183 1440 re-

444 1460 540 1492 belles
570 1460 685 1493 iactant
717 1471 748 1493 se
785 1472 845 1494 non
877 1462 1100 1504 discepturos,
1125 1471 1182 1494 nec

444 1513 611 1556 praedictis
634 1514 743 1546 litteris
764 1515 943 1558 apostolicis
962 1514 1183 1558 obtemperare

444 1568 561 1600 volunt.

489 1621 503 1664 ἓ
520 1621 549 1653 ⁶2.
566 1621 641 1654 Cum
668 1628 782 1662 autem,
801 1622 880 1654 sicut
900 1622 1008 1655 eadem
1031 1622 1184 1666 expositio

445 1674 675 1717 subiungebat,
700 1675 802 1708 dictus
835 1675 980 1709 Nicolaus
1011 1676 1182 1719 plurimum

445 1727 549 1771 cupiat
573 1738 589 1760 a
614 1728 704 1760 nobis
729 1728 867 1761 ordinari
893 1734 927 1761 ut
951 1729 1054 1762 nullus
1083 1729 1113 1761 in
1139 1739 1185 1761 su-

445 1781 602 1824 periorem
618 1781 797 1815 instituatur
812 1788 872 1814 tam
889 1783 918 1814 in
933 1782 1015 1815 dicto
1029 1788 1184 1816 conventu

445 1834 586 1867 Biocensi
612 1846 703 1878 quam
723 1836 816 1868 etiam
842 1836 872 1868 in
898 1836 1098 1868 Landeriensi
1117 1835 1183 1878 (qui

444 1888 507 1921 duo
532 1889 750 1922 tantummodo
768 1894 940 1922 conventus
966 1894 1136 1933 supersunt
1154 1889 1183 1921 in

445 1944 509 1974 tota
544 1942 704 1985 provincia
743 1942 947 1985 reformandi)
972 1943 1048 1986 quin
1079 1943 1118 1975 sit
1147 1942 1184 1975 de

446 1995 555 2028 eadem
576 1996 738 2038 provincia
757 2002 784 2028 et
803 1996 860 2028 sub
878 1996 1033 2038 gubernio
1051 1996 1183 2028 ministri

445 2048 656 2091 provincialis,
678 2058 734 2081 nec
752 2048 842 2082 etiam
862 2048 999 2081 extranei
1025 2048 1124 2083 dictos
1144 2049 1185 2081 in-

445 2100 629 2143 grediantur
661 2105 849 2141 conventus,
875 2101 927 2134 sed
953 2102 996 2134 illi
1029 2102 1082 2145 qui
1114 2107 1186 2134 sunt

445 2153 556 2186 intrusi
581 2149 774 2196 reiteiantur,
801 2155 880 2188 sicut
904 2155 1080 2198 praedictae
1105 2155 1186 2187 litte-

444 2216 497 2239 rae
522 2207 712 2250 apostolicae
732 2207 769 2240 de
795 2208 955 2240 mensibus
980 2208 1129 2241 februarii
1155 2213 1184 2240 et

445 2260 547 2293 martii
584 2268 725 2294 iunctvnt
754 2261 915 2304 expeditae
941 2261 1119 2305 disponunt;
1137 2272 1187 2295 ne-

444 2324 504 2358 que
522 2314 583 2347 duo
605 2320 775 2348 conventus
796 2315 977 2348 huiusmodi
1003 2316 1066 2348 ullo
1091 2315 1186 2349 modo

444 2377 461 2400 a
482 2367 644 2411 provincia
666 2367 833 2402 Brittaniae
857 2368 1133 2411 dismembrentur,
1151 2369 1188 2401 si-

445 2426 496 2453 cut
521 2421 647 2454 eaedem
673 2422 794 2455 litterae
819 2422 975 2463 ordinant,
993 2422 1045 2455 sed
1063 2433 1187 2466 semper

445 2473 503 2506 sub
527 2474 705 2508 obedientia
736 2475 871 2509 ministri
905 2475 1106 2519 provincialis
1137 2486 1187 2509 re-

484 2591 493 2615 t
518 2589 582 2616 Male
599 2590 640 2616 ed.
659 2590 736 2618 Maiu.
754 2591 816 2627 legit
837 2593 1074 2627 confirmationes
1088 2594 1186 2628 (nal.

1017 189 1194 214 BULLARIUM
1220 189 1236 212 Π
1242 188 1373 212 omnum

1214 241 1358 268 maneant
1382 236 1554 273 secundum
1580 236 1773 270 conditiones
1799 237 1829 270 in
1855 242 1952 270 trans-

1214 289 1390 321 actionibus
1408 289 1446 321 ab
1465 291 1599 332 utraque
1612 294 1700 333 parte
1713 290 1818 331 factas,
1832 295 1861 323 et
1878 290 1952 324 alias

1214 347 1389 385 opportune
1415 343 1444 375 in
1470 342 1650 386 praemissis
1681 343 1841 387 provideri
1866 348 1896 376 et
1919 348 1953 376 ut

1215 396 1293 427 infra
1330 395 1500 438 indulgeri:
1526 406 1593 436 nos,
1619 396 1763 429 eumdem
1790 396 1953 430 Nicolaum

1215 449 1402 492 specialibus
1427 449 1584 482 favoribus
1610 455 1638 482 et
1670 450 1779 493 gratiis
1803 450 1953 493 prosequi

1217 503 1363 543 volentes,
1389 508 1417 535 et
1442 513 1459 535 a
1479 503 1640 546 quibusvis
1661 503 1955 537 excommunicatio-

1216 556 1272 597 nis,
1298 561 1366 596 etc,
1392 556 1503 588 barum
1529 556 1610 589 serie
1634 556 1832 589 absolventes
1853 561 1883 589 et
1901 556 1954 589 ab·

1216 609 1352 641 solutum
1380 609 1444 641 fore
1470 615 1643 652 censentes,
1668 609 1952 653 supplicationibus

1216 663 1281 695 eius
1307 663 1432 695 nomine
1465 663 1558 696 nobis
1589 674 1684 707 super
1708 664 1768 697 hoc
1792 663 1954 697 humiliter

1216 716 1369 759 porrectis
1395 716 1552 757 inclinati,
1577 716 1615 749 de
1639 717 1796 760 praefatae
1823 727 1956 761 congre-

1216 769 1350 812 gationis
1366 770 1572 802 cardinalium
1588 770 1729 812 consilio,
1744 770 1868 803 attentis
1887 780 1956 803 nar-

1217 823 1312 861 ratis,
1337 834 1372 855 ac
1397 824 1502 856 audita
1539 835 1596 867 per
1628 824 1753 857 eosdem
1780 823 1955 857 cardinales

1217 877 1367 909 relatione
1384 877 1488 909 dilecti
1503 877 1557 909 filii
1580 877 1712 910 ministri
1732 877 1888 920 generalis
1903 876 1956 910 Or-

1216 929 1296 962 dinis
1326 930 1529 969 ltuiusmodi,
1554 931 1739 964 auctoritate
1772 931 1954 975 apostolica,

1218 986 1325 1015 tenore
1350 984 1580 1026 praesentium,
1605 984 1805 1017 decernimus
1836 984 1955 1016 litteras

1216 1036 1404 1078 apostolicas
1437 1036 1465 1068 in
1501 1037 1601 1069 forma
1633 1036 1739 1069 Brevis
1772 1042 1800 1073 et
1830 1036 1957 1070 decreta

1217 1089 1355 1122 eiusdem
1386 1091 1640 1133 congregationis
1671 1101 1793 1124 necnon
1821 1090 1952 1124 ordina-

1218 1142 1317 1176 tiones
1341 1154 1358 1175 a
1381 1144 1551 1177 novissimo
1569 1144 1705 1187 capitulo
1722 1143 1860 1187 generali
1882 1143 1957 1176 dicti

1216 1195 1341 1228 Ordinis
1366 1196 1449 1229 circa
1474 1197 1648 1240 praemissa
1674 1202 1831 1230 emanatas
1854 1197 1957 1230 omni-

1217 1260 1255 1282 no
1289 1250 1440 1282 servanda
1473 1260 1560 1290 esse,
1586 1261 1621 1283 ac
1655 1253 1841 1294 propterea,
1872 1249 1957 1293 quod

1216 1303 1319 1335 nullus
1352 1308 1412 1335 tam
1443 1303 1473 1335 in
1499 1309 1654 1336 conventu
1679 1303 1838 1336 Briocensi
1862 1313 1956 1346 quam

1218 1356 1246 1388 in
1265 1356 1486 1389 Landerniensi
1509 1357 1539 1389 in
1561 1357 1756 1400 superiorem
1777 1357 1912 1399 eligatur
1928 1361 1958 1389 et

1218 1409 1398 1442 instituatur
1423 1410 1481 1442 nisi
1511 1421 1527 1442 a
1557 1410 1736 1444 definitorio
1765 1414 1957 1442 memoratae

1218 1462 1397 1505 provinciae
1423 1463 1589 1496 Brittaniae
1614 1462 1700 1496 iuxta
1725 1463 1851 1496 solitum
1867 1490 1875 1504 ,
1900 1462 1959 1496 hac

1217 1516 1318 1559 posita
1343 1515 1531 1557 conditione,
1557 1516 1641 1560 quod
1666 1516 1834 1549 Recollecti
1855 1516 1960 1550 huius-

1219 1568 1301 1601 modi
1316 1569 1499 1612 provinciae
1516 1570 1694 1613 gubernent
1708 1575 1880 1603 conventus
1898 1580 1959 1603 me-

1219 1627 1357 1655 moratos
1379 1622 1436 1654 sub
1458 1628 1550 1655 cantu
1568 1623 1763 1666 Gregoriano
1788 1622 1819 1655 in
1843 1622 1958 1664 missis,

1219 1675 1357 1718 vesperis
1383 1681 1412 1708 et
1437 1676 1646 1716 funeralibus3
1672 1676 1757 1716 item,
1782 1675 1864 1719 quod
1883 1676 1957 1709 dicti

1218 1728 1280 1761 duo
1305 1734 1477 1761 conventus
1501 1730 1587 1762 nullo
1612 1729 1706 1762 modo
1731 1728 1959 1762 dismembren-

1219 1787 1269 1814 tur
1294 1792 1310 1814 a
1335 1782 1517 1826 provincia,
1543 1782 1597 1815 sed
1622 1782 1679 1815 sub
1705 1782 1860 1825 gubernio
1883 1793 1959 1826 pro-

1219 1835 1358 1867 vincialis
1384 1835 1445 1867 sint
1459 1840 1488 1867 et
1508 1845 1575 1868 esse
1600 1835 1742 1877 debeant,
1764 1845 1881 1880 eosque
1897 1835 1959 1868 fra-

1968 189 2015 215 Αη.
2032 189 2059 216 C.
2083 190 2147 218 1659

1220 1894 1282 1921 tres
1300 1889 1439 1922 extranei
1466 1899 1529 1922 non
1548 1889 1775 1932 ingrediantur,
1794 1888 1891 1922 immo
1915 1888 1975 1922 illi-

1219 1941 1272 1985 qui
1305 1942 1509 1986 reperiuntur
1542 1942 1654 1975 intrusi
1688 1942 1873 1982 eiiciantur;
1902 1941 1960 1975 sub

1220 1997 1320 2038 poena
1341 2001 1444 2028 autem
1471 1995 1802 2029 excommunicationis
1827 1995 1896 2040 ipso
1916 1995 1959 2028 fa-

1220 2053 1269 2081 cto
1294 2048 1511 2090 incurrendae,
1527 2048 1708 2081 earumdem
1734 2054 1842 2082 tenore
1867 2058 1960 2093 prae-

1220 2102 1363 2144 sentium,
1390 2102 1569 2135 inhibemus
1594 2102 1740 2135 omnibus
1771 2107 1801 2135 et
1828 2102 1960 2145 singulis

1221 2155 1467 2199 provincialibus
1486 2155 1574 2198 regni
1591 2155 1708 2189 Galliae
1726 2155 1799 2188 dicti
1824 2155 1959 2198 Ordinis,

1220 2219 1257 2241 ne
1272 2219 1345 2242 suos
1359 2209 1525 2252 religiosos
1536 2209 1648 2242 fratres
1662 2209 1692 2241 in
1709 2203 1864 2253 praefatos
1881 2209 1960 2243 duos

1221 2268 1391 2296 conventus
1417 2263 1557 2304 mittant3
1579 2263 1723 2297 ministro
1741 2275 1815 2298 vero
1834 2263 1961 2308 provin—

1221 2316 1290 2348 ciali
1315 2316 1470 2350 Turoniae
1496 2317 1690 2350 Dictaurensi
1716 2317 1910 2361 iniungimus
1927 2321 1962 2350 ut

1221 2380 1294 2403 suos
1308 2370 1473 2413 religiosos
1499 2370 1635 2403 intrusos
1661 2370 1691 2403 in
1709 2376 1863 2404 conventu
1878 2371 1962 2404 Brio-

1222 2423 1306 2457 censi
1332 2429 1457 2457 revocet
1481 2429 1511 2457 et
1535 2424 1697 2458 discedere
1726 2430 1837 2468 cogat,
1870 2434 1906 2458 ac
1930 2425 1960 2457 in

1222 2487 1309 2510 suam
1327 2477 1521 2521 provinciam
1536 2488 1687 2511 remeare.
1709 2478 1747 2511 Ut
1763 2483 1865 2510 autem
1883 2477 1961 2510 haec

1222 2531 1327 2564 omnia
1341 2530 1479 2564 debitum
1494 2531 1666 2565 sortiantur
1679 2531 1834 2573 effectum,
1849 2540 1961 2564 corum

1223 2585 1437 2618 executionem
1451 2584 1619 2618 venerabili
1633 2585 1718 2618 fratri
1732 2585 1879 2629 episcopo
1889 2585 1961 2618 Leo-
