2202 3190
451 176 514 209 8012
996 187 1171 210 nrtmnuvn
1199 187 1347 210 ROMANI‘M

407 238 629 272 Monasterium
656 238 842 271 monialium
868 238 897 271 S.
926 239 1083 283 Menulphi
1109 240 1235 273 Ordinis
1263 239 1363 273 sancti
1388 239 1548 273 Benedicti
1578 249 1651 272 cum
1684 241 1936 284 dependentibus

494 291 533 323 ab
559 291 612 323 illo
639 290 832 333 prioratibus
857 291 1055 325 visitandum
1081 294 1290 326 committitur
1313 293 1430 326 nuncio
1457 293 1618 334 Franciae,
1643 293 1685 326 45
1710 304 1730 326 α
1755 299 1786 327 et
1810 294 1836 327 b.

405 344 630 377 Monasteritun
655 344 763 378 beatae
789 345 905 377 Mariae
929 345 1067 389 Virginis
1093 348 1130 380 de
1156 347 1345 380 lllonfcrrato
1370 346 1494 380 Ordinis
1519 347 1619 380 sancti
1641 345 1804 381 Benedicti
1825 347 1941 381 confir-

493 397 664 430 mationem
690 397 810 430 obtinet
836 408 966 431 suorum
993 399 1255 443 privilegiorum,
1281 400 1322 432 65
1346 401 1372 433 b.

404 450 599 483 Monetarum
624 450 807 484 reformatio
833 452 865 484 in
890 452 1101 496 legationibus
1124 453 1297 486 Romaniae
1323 459 1353 486 et
1384 454 1547 489 Fcrrariae
1579 460 1610 488 et
1637 459 1784 489 exercatu
1818 454 1938 488 Raven-

493 514 564 543 nae,
593 503 655 535 573
681 503 697 535 b
722 509 752 537 et
776 515 852 547 seq„
876 504 939 538 626
965 517 994 538 a.

404 556 585 589 Monialinm
620 557 713 589 l'rbis
746 558 949 600 regularibus
982 560 1197 593 subiectarum
1230 560 1350 593 nimiae
1384 571 1538 604 expensae
1570 566 1770 599 resecantur,
1806 559 1870 593 298
1899 559 1936 600 b;

493 610 634 653 ipsarum
659 611 758 654 quieti
782 618 812 645 ct
837 612 966 645 utilitati
993 614 1145 656 prospicit
1169 614 1342 646 Alexander
1362 614 1424 653 Vll,
1443 614 1502 646 :Mt
1533 625 1551 646 a
1576 620 1605 647 et
1629 625 1706 656 scq.·‚
1740 612 1938 657 regularibus

495 663 641 697 illicitum
669 667 751 709 apud
778 666 904 698 illarum
923 667 1111 700 monasteria
1129 673 1315 711 pernoctare
1332 678 1390 700 nec
1409 667 1513 700 cibum
1536 677 1674 707 sumere,
1694 666 1752 700 341
1775 667 1808 707 [23
1831 676 1937 710 neque

492 729 564 750 curn
590 718 784 751 monialibus
809 719 970 763 colloqui,
998 720 1082 760 ibid,
1108 720 1289 753 mansiones
1315 722 1398 764 apud
1425 720 1618 753 monasteria
1640 719 1831 753 monialium
1861 719 1938 752 sitae

492 771 661 811 delendae,
689 772 753 804 342
774 772 789 804 b
806 778 836 805 ct
852 784 931 816 θέης
950 774 1109 816 regulares
1126 785 1165 807 ne
1182 773 1290 807 ineant
1306 778 1488 807 contractus
1505 784 1577 806 cum
1596 772 1801 812 monialibus,
1821 770 1885 805 343
1902 781 1933 804 α.

403 823 556 856 Montcsia
581 825 647 868 (de)
672 826 756 858 Ordo
783 826 927 859 militaris
952 826 982 859 S.
1011 827 1135 864 Mariae,
1162 826 1225 859 759
1250 827 1276 859 b.

403 876 515 909 Montis
541 877 671 911 Calvarii
698 879 884 912 monialium
910 879 1037 913 Ordinis
1062 879 1092 912 S.
1115 880 1275 913 Benedicti
1294 881 1497 923 congregatio
1519 879 1700 921 reformata,
1714 879 1783 912 vide
1800 879 1938 922 Congre-

491 930 589 973 gatio.
1646 945 1650 950 ’

402 982 515 1016 Montis
540 984 680 1027 Virginis
705 985 933 1019 monachorum
958 985 1084 1019 Ordinis
1110 986 1140 1019 S.
1168 986 1327 1019 Benedicti
1352 985 1569 1029 congregatio,
1596 985 1665 1018 vide
1690 984 1909 1029 Congregatio.

401 1036 540 1070 Musicae
566 1037 747 1072 indecentes
772 1038 804 1071 in
828 1040 967 1073 ecclesiis
993 1046 1022 1073 et
1047 1040 1194 1074 oratoriis
1219 1040 1313 1074 Urbis
1338 1039 1537 1083 prohibitae,
1564 1038 1627 1072 276
1652 1049 1672 1072 α
1696 1045 1727 1072 et
1750 1049 1812 1082 seq.

1318 1173 1332 1180 .-

1157 1197 1181 1231 N

403 1301 557 1336 Navarrae
581 1303 669 1345 regni
695 1302 825 1346 quinam
852 1308 1015 1346 tamquam
1041 1303 1140 1336 sancti
1166 1303 1288 1346 patroni
1315 1301 1440 1336 colendi
1466 1303 1539 1343 sint,
1567 1308 1597 1336 et
1622 1302 1725 1346 quoad
1752 1302 1867 1336 horum
1892 1302 1935 1336 se-

491 1362 574 1389 stum
596 1355 673 1400 quid
699 1356 898 1397 servandum,
926 1355 989 1388 272
1015 1357 1044 1389 h.

402 1409 567 1443 Naxiensis
592 1409 848 1453 archiepiscopus
875 1420 939 1442 non
964 1415 1048 1442 recte
1072 1409 1288 1453 episcopatum
1313 1409 1393 1453 gerit
1418 1415 1448 1442 et
1473 1409 1510 1442 de
1535 1409 1593 1442 hoc
1618 1408 1858 1442 informationes
1881 1416 1936 1452 pe-

491 1468 597 1495 tantur
621 1463 660 1495 ab
685 1462 834 1506 episcopo
859 1462 1002 1502 Chiensi,
1029 1462 1070 1495 23
1096 1473 1124 1494 a.

401 1515 550 1559 Neapolis
573 1515 692 1549 nuncio
717 1515 842 1549 diversa
867 1516 1113 1549 committuntur
1136 1515 1242 1559 quoad
1269 1515 1434 1559 episcopos
1468 1516 1677 1549 Ortonensern
1710 1521 1740 1549 et
1770 1514 1935 1559 Camplen-

489 1580 571 1610 sem,
595 1569 659 1602 322
684 1580 714 1609 α,
738 1568 802 1602 332
828 1569 844 1601 b
868 1574 898 1602 et
921 1580 982 1614 seq.

400 1623 546 1668 Neapolis
570 1623 704 1667 penuria
734 1628 779 1655 est
810 1622 1069 1666 presbyterorum
1095 1630 1182 1668 peste
1214 1623 1339 1657 insectis
1370 1623 1603 1663 assistentium,
1626 1621 1691 1656 200
1715 1623 1753 1663 ἰν,
1787 1622 1933 1666 Neapoli-

489 1683 562 1710 tano
588 1676 829 1719 archiepiscopo
854 1682 888 1710 ut
912 1676 1031 1710 alliciat
1057 1677 1218 1720 regulares
1244 1677 1283 1709 ad
1302 1676 1503 1709 serviendum
1530 1682 1619 1719 peste
1644 1675 1781 1715 insectis,
1801 1676 1877 1708 ibid.

400 1729 546 1773 Neapolis
570 1729 712 1772 proregis
736 1729 875 1762 edictum
897 1729 1021 1762 nullum
1047 1729 1237 1769 declaratur,
1255 1728 1319 1762 284
1336 1741 1374 1769 (ι’,
1397 1740 1511 1763 census
1530 1740 1585 1772 pro
1607 1739 1706 1772 regno
1726 1728 1936 1772 Neapolitano

489 1793 573 1815 anno
598 1791 728 1815 nnetvn
753 1782 885 1815 solvitur
915 1794 931 1815 a
956 1782 1166 1816 connestabili
1192 1783 1259 1816 sine
1291 1783 1507 1826 equitatione3
1533 1782 1706 1816 declaratio
1735 1782 1841 1825 quoad
1872 1781 1934 1815 hoc

490 1836 580 1869 Sedis
605 1836 819 1879 Apostolicae,
843 1836 906 1869 282
932 1847 963 1870 α.

401 1889 575 1934 Neophytis
600 1900 655 1922 seu
681 1889 942 1923 cathechumenis
966 1890 1088 1923 iudaeis
1113 1890 1260 1933 providet
1285 1890 1461 1923 Alexander
1485 1890 1551 1931 Vll,
1579 1889 1642 1922 319
1667 1889 1694 1922 ἰ).

400 1943 506 1977 Nickel
532 1943 696 1978 Goswinus
719 1944 790 1976 vide
814 1943 991 1977 Goswinus.

402 1997 549 2030 Nicolaus
574 1997 833 2040 archiepiscopus
858 1997 1065 2037 Athenarum,
1092 1997 1179 2030 Sedis
1205 1997 1402 2041 Apostolicae
1428 1996 1564 2030 nuncius
1589 1996 1620 2028 in
1646 1995 1788 2036 Francia,
1815 1995 1859 2028 44
1882 2005 1912 2029 α.

402 2046 550 2083 Nicolaus
576 2049 743 2093 episcopus
768 2050 998 2083 Bellovacensis
1023 2050 1188 2093 epistolam
1214 2051 1404 2093 pastoralem
1430 2050 1494 2082 edit
1514 2049 1681 2083 occasione
1699 2047 1934 2082 constitutionis

492 2103 666 2135 innocentii
695 2103 717 2134 X
744 2108 853 2136 contra
879 2103 1058 2136 doctrinam
1083 2103 1249 2146 Augustini
1275 2103 1408 2136 Cornelii
1434 2102 1589 2143 Ianscnii,
1613 2102 1632 2135 6
1657 2102 1692 2142 lst,

403 2155 517 2189 Nuncii
549 2155 715 2199 apostolici
752 2167 810 2199 pro
844 2162 985 2200 tempore
1015 2157 1097 2201 apud
1133 2157 1292 2190 Helvetios
1325 2163 1558 2190 commorantes
1590 2156 1763 2200 scripturas
1793 2154 1930 2189 nuncia-

492 2212 579 2243 turae
603 2209 777 2243 successori
803 2210 1003 2253 consignent,
1030 2209 1088 2243 531
1118 2221 1137 2243 α
1163 2216 1193 2243 et
1217 2210 1243 2242 b.

1163 2367 1187 2401 Ο

405 2470 562 2514 Obligatio
587 2471 802 2506 denunciandi
827 2473 1020 2515 haereticos,
1048 2472 1111 2507 582
1136 2474 1163 2507 b.

405 2524 551 2559 Octavius
576 2526 832 2570 archiepiscopus
857 2527 1054 2561 Patracensis
1079 2527 1247 2571 deputatur
1271 2528 1365 2561 index
1389 2537 1557 2560 causarum
1582 2532 1610 2560 et
1635 2531 1809 2570 exequutor
1832 2524 1936 2558 decre<

494 2584 597 2611 torum
623 2579 807 2614 visitationis
831 2581 1037 2615 ecclesiarum
1062 2580 1154 2614 Urbis
1178 2591 1195 2614 a
1219 2579 1393 2617 Sanctitate
1417 2580 1480 2615 Sua
1504 2579 1658 2621 indictae,
1683 2578 1742 2613 581
1771 2588 1791 2613 α
1814 2582 1843 2611 et
1866 2587 1931 2621 seq.
