2243 3205
266 189 313 215 Au.
333 189 359 216 G.
381 189 450 216 1660

278 571 400 601 Ham-elices
413 571 448 590 de-

265 602 359 617 nunciati
391 604 448 619 mau-

265 624 308 643 (lat.

274 1686 445 1717 unonirascnion·

263 1716 313 1734 tium
329 1720 418 1740 poenae.

338 2427 450 2448 Decretum

265 2454 341 2474 hocin
363 2454 450 2479 munuca
482 2471 488 2476 .

267 2486 337 2501 mensa
352 2480 390 2504 trgi
403 2480 451 2500 vult.

496 179 560 213 584

463 241 527 269 met
549 235 806 269 denunciationes
830 235 975 268 differant
999 235 1045 269 vel
1070 235 1108 268 ab
1140 235 1201 268 illis

462 299 594 332 prorsus
617 288 813 328 abstineant,
837 299 946 321 verum
967 288 1060 321 etiam
1086 289 1200 321 multo-

464 339 519 372 ties
543 339 581 371 ab
607 338 724 371 eisdem
755 339 832 372 alios
856 349 873 372 a
897 350 929 372 se
960 339 1123 373 consilium
1148 349 1199 383 pe-

463 396 561 424 tentes
582 391 743 424 retrahant
761 391 850 424 malis
870 392 998 433 artibus,
1016 392 1063 424 vel
1085 391 1200 424 incndi-

463 444 539 477 catis
563 443 728 477 doctorum
754 444 965 488 opinionibus,
990 445 1037 477 vel
1062 444 1119 477 sub
1139 445 1199 476 sra-

464 488 570 530 ternae
594 497 798 530 correctionis
823 497 921 531 sactae
946 498 992 531 vel
1017 497 1198 538 faciendae,

462 550 634 584 aliorumve
646 548 654 566 ¹
679 555 857 594 praetextu:

507 603 522 646 ἓ
545 602 576 635 4.
601 603 772 646 Propterea
796 603 877 636 idem
903 602 1122 636 Sanctissimus
1144 602 1198 635 de-

463 656 592 690 claravit
615 656 772 700 praesatos
807 656 947 689 subditos
982 656 1099 699 absque
1135 655 1198 688 ulla

461 708 712 753 participatione,
733 709 852 742 etiamsi
877 709 962 742 nulla
983 708 1022 741 sit
1038 708 1135 752 petita
1152 718 1199 741 ve-

462 761 513 794 nia
530 772 547 794 a
564 762 793 805 superioribus,
820 761 939 794 etiamsi
960 761 1045 794 nulla
1062 761 1199 794 fraterna

462 815 618 849 correctio
639 816 685 848 vel
710 815 770 848 alia
790 815 921 848 monitio
940 814 1112 858 praemissa
1136 813 1199 846 sue-

461 868 523 909 rit,
548 869 676 903 omnino
701 868 800 902 teneri
826 874 855 901 et
879 868 1036 910 obligatos
1061 877 1127 901 esse
1151 878 1199 900 ac-

462 922 574 955 cedere
597 922 635 955 ad
663 922 915 956 denunciandum
947 921 1120 955 Ordinariis
1152 921 1199 954 vel

461 975 700 1019 inquisitoribus
717 976 859 1009 locorum
873 985 1088 1018 quoscumque
1106 974 1198 1006 etiam

461 1028 634 1061 confratres
658 1039 694 1061 ac
714 1028 892 1072 superiores
917 1027 1010 1060 etiam
1030 1027 1198 1071 primarios

461 1092 534 1114 suos
559 1081 698 1115 eiusdem
724 1081 848 1115 Ordinis
873 1086 908 1114 et.
927 1081 1098 1124 religionis,
1119 1092 1198 1125 quos

460 1134 605 1167 noverint
628 1145 696 1167 esse
720 1134 758 1167 de
774 1134 835 1167 fide
851 1134 1088 1178 quomodolibet
1105 1134 1198 1167 etiam

461 1187 569 1221 leviter
593 1193 772 1231 suspectos,
809 1198 843 1220 ac
878 1192 1048 1232 propterea
1072 1188 1198 1221 eosdem

461 1242 576 1275 dehere
600 1252 710 1275 omncs
726 1247 755 1275 et
768 1253 985 1287 quoscumque
1010 1243 1103 1276 etiam
1121 1243 1199 1277 alios

460 1305 478 1328 a
507 1305 540 1328 se
574 1295 738 1328 consilium
770 1300 803 1328 ut
834 1306 928 1339 supra
959 1301 1098 1340 petentes
1130 1307 1198 1330 mo-

460 1358 535 1381 nere
559 1353 590 1380 et
613 1348 754 1391 obligare
778 1349 817 1381 ad
847 1349 1116 1390 denunciandum,
1141 1360 1198 1383 nec

459 1412 551 1446 posse
577 1401 647 1435 illos
672 1412 689 1434 a
713 1402 930 1436 denunciando
945 1403 1001 1436 sub
1020 1403 1121 1436 dietae
1141 1404 1199 1436 sra-

460 1460 568 1488 ternae
592 1455 797 1489 correctionis
822 1457 869 1489 vel
893 1457 953 1490 alio
978 1456 1088 1500 quovis
1112 1466 1199 1500 prae-

461 1512 546 1542 textu
562 1508 724 1542 retrahere
741 1515 793 1542 aut
809 1509 979 1552 retardare,
998 1516 1027 1542 et
1043 1510 1198 1554 praefatos

461 1572 570 1596 omnes
609 1567 671 1596 tam
708 1563 889 1607 superiores
923 1574 1017 1607 quam
1058 1563 1198 1598 subditos

461 1616 718 1651 contrafacientes
742 1617 893 1650 Sanctitas
911 1617 972 1651 Sua
987 1618 1084 1651 voluit
1101 1622 1130 1652 et
1150 1618 1199 1651 de-

462 1669 589 1703 claravit
613 1670 776 1704 subiacere
812 1671 958 1704 omnibus
995 1671 1135 1704 censuris
1166 1671 1199 1704 in

460 1722 544 1757 dicta
568 1723 789 1757 constitutione
814 1724 899 1757 Pauli
914 1724 936 1757 V
952 1724 1199 1768 expressiS,nec-

460 1786 524 1810 non
548 1777 732 1821 privationis
764 1788 1036 1822 quarumcumque
1065 1778 1200 1821 dignita-

461 1836 528 1864 tum
541 1841 596 1864 seu
609 1832 859 1876 praelaturarum
871 1842 925 1865 seu
939 1831 1115 1865 officiorum
1129 1842 1199 1865 suo-

460 1895 532 1919 rum
555 1884 720 1926 Ordinum,
744 1895 780 1918 ae
804 1885 888 1918 vocis
912 1885 1030 1918 activae
1054 1890 1085 1918 et
1102 1882 1198 1929 'passi-

461 1949 526 1980 vae,
539 1943 772 1983 perpetuaeque
789 1938 991 1971 inhabilitatis
1006 1938 1045 1971 ad
1061 1938 1197 1981 easdem,

460 1992 529 2036 ipso
560 1993 641 2026 sacto
673 1998 704 2026 et
739 1992 857 2036 absque
893 1993 952 2025 alia
987 1992 1225 2027 declaratione.

461 2045 679 2086 incurrendis,
705 2045 835 2089 aliisque
860 2045 1036 2078 Sanctitatis
1059 2045 1138 2078 Suae
1163 2056 1198 2079 ac

462 2109 681 2133 successorum
706 2099 838 2132 arbitrio
866 2099 1053 2143 infligendis,
1078 2099 1198 2143 poenis,

462 2162 597 2196 quarum
621 2153 857 2193 relaxationem,
882 2153 1129 2197 suspensionem,
1147 2153 1199 2185 al)-

462 2205 662 2247 solutionem,
687 2207 734 2239 vel
758 2206 1022 2250 dispensationem
1047 2206 1199 2240 Sanctitas

462 2259 524 2292 Sua
548 2259 606 2292 sibi
632 2259 690 2303 ipsi
716 2266 745 2292 et
768 2260 1003 2293 successoribus
1038 2260 1101 2292 suis
1137 2261 1198 2293 Ro-

463 2312 563 2345 manis
588 2312 791 2346 Pontificibus
828 2318 946 2346 tantum
972 2323 1118 2357 expresse
1151 2323 1198 2346 re-

462 2365 605 2400 servavit.

508 2418 565 2461 55.
578 2419 625 2460 Et,
638 2429 676 2452 ne
692 2419 940 2463 praemissorum
957 2419 1119 2463 praetendi
1132 2429 1201 2463 pos-

465 2475 504 2505 sit
527 2472 712 2514 ignorantia,
727 2473 809 2506 idem
833 2473 1053 2506 Sanctissimus
1077 2473 1201 2506 manda-

465 2524 510 2556 vit
534 2525 592 2556 sub
609 2525 724 2558 eisdem
747 2526 867 2569 poenis,
886 2526 952 2568 ipso
977 2526 1095 2569 pariter
1119 2526 1200 2559 sacto

503 2587 513 2618 1
537 2585 636 2615 Forsan
656 2587 800 2623 legendum
819 2588 911 2615 aliove
930 2594 967 2622 tn.
983 2589 1032 2623 Τ.).

1043 187 1220 212 BULLARIUM
1246 186 1352 211 ROMAN
1358 187 1398 210 ΠΜ

1233 234 1439 275 incurrendis,
1464 239 1498 268 ut
1521 245 1616 278 supra
1639 236 1814 277 reservatis,
1831 242 1863 269 ut
1880 247 1968 280 supe-

1234 287 1333 320 riores
1356 297 1464 320 ornnes
1481 288 1610 331 praefati
1626 288 1654 321 in
1669 299 1869 332 quocumque
1885 289 1966 332 loco,

1233 346 1398 381 conventu,
1424 341 1470 373 vel
1489 341 1622 384 collegio
1649 341 1696 373 sui
1716 341 1840 374 Ordinis
1858 341 1966 375 decre-

1234 399 1297 426 tum
1324 394 1384 426 hoc
1404 394 1501 426 semel
1527 395 1636 428 saltem
1661 394 1793 436 singulis
1813 394 1901 426 annis
1918 394 1969 427 ka-

1232 446 1333 479 lendis
1358 447 1462 479 martii
1487 447 1518 479 in
1543 447 1667 490 publica
1689 448 1806 489 mensa,
1826 446 1873 479 vel
1893 446 1968 480 alias

1233 500 1263 532 in
1289 501 1426 544 capitulo
1450 500 1488 533 ad
1513 501 1573 534 hoc
1597 501 1774 544 specialiter
1788 505 1969 540 convocato,

1232 553 1293 596 legi
1326 559 1437 586 curent
1467 555 1528 586 una
1559 564 1630 587 cum
1667 553 1736 586 aliis
1771 552 1904 586 decretis
1939 558 1971 585 et

1232 606 1506 640 constitutionibus
1542 607 1738 650 apostolicis,
1763 606 1800 638 ad
1835 606 1864 639 S.
1901 605 1970 639 Offi-

1232 659 1314 691 cium
1348 659 1562 703 Inquisitionis
1597 659 1745 692 adversus
1779 658 1970 691 haereticam

1232 713 1416 756 pravitatem
1443 713 1681 757 pertinentibus,
1707 712 1874 756 quotannis
1907 712 1970 755 legi

1232 765 1331 799 solitis
1355 766 1442 799 iuxta
1467 766 1627 799 decretum
1652 766 1749 798 felicis
1777 764 1969 799 recordatio-

1232 819 1280 852 nis
1305 819 1420 853 Urbani
1446 820 1520 853 Vlll.
1547 820 1583 852 Et
1607 820 1737 863 insuper
1754 818 1850 851 iidem
1877 829 1970 862 supe-

1233 872 1333 906 riores
1357 877 1523 906 teneantur
1545 883 1657 906 curare
1675 877 1704 905 et
1722 872 1846 905 efficere
1862 875 1896 904 ut
1915 871 1971 904 hu-

1232 925 1279 958 ius
1303 925 1420 960 decreti
1444 926 1587 969 exempla
1610 926 1715 969 aliquo
1739 925 1771 957 in
1795 925 1864 957 loco
1887 924 1970 968 apud

1232 989 1285 1012 eos
1298 979 1425 1022 publico
1443 979 1609 1022 affigantur
1630 984 1659 1012 et
1676 978 1766 1011 affixa
1786 987 1970 1011 conserven-

1234 1038 1303 1073 tur,
1329 1031 1407 1065 itaut
1431 1032 1469 1064 ab
1494 1032 1611 1065 eisdem
1647 1031 1778 1064 subditis
1815 1030 1970 1073 religiosis

1232 1085 1377 1118 omnibus
1403 1085 1500 1118 videri
1524 1096 1560 1118 ac
1584 1085 1645 1128 legi
1662 1083 1826 1118 commode
1843 1086 1968 1127 queant.

1231 1138 1337 1181 Deque
1357 1138 1535 1171 huiusmodi
1545 1138 1677 1172 lectione
1686 1142 1716 1170 et
1725 1136 1969 1171 commonitione

1233 1191 1360 1235 publico
1389 1192 1578 1225 documento
1610 1191 1648 1224 ab
1682 1191 1791 1224 iisdem
1824 1190 1968 1234 superio-

1233 1245 1319 1278 ribus
1350 1250 1520 1278 conventus
1545 1246 1593 1278 vel
1625 1244 1738 1278 domus
1769 1243 1967 1286 subscripto,

1233 1302 1356 1345 unaque
1372 1299 1410 1331 ab
1426 1299 1493 1332 aliis
1510 1299 1633 1332 duobus
1647 1298 1802 1341 religiosis
1826 1297 1967 1330 eiusdem

1232 1351 1344 1385 domus
1375 1352 1422 1385 vel
1450 1357 1640 1392 conventus,
1664 1350 1768 1384 statim
1800 1350 1968 1383 certiorem

1231 1405 1332 1438 facere
1347 1405 1624 1448 congregationem
1641 1403 1854 1437 sanctissimae
1867 1402 1970 1447 Inqui-

1232 1458 1351 1492 sitionis
1373 1458 1405 1491 in
1430 1458 1522 1499 Urbe,
1540 1458 1588 1491 vel
1607 1458 1750 1491 locorum
1767 1456 1969 1500 inquisitores

1232 1511 1287 1544 ubi
1312 1516 1393 1544 sunt.
1419 1511 1595 1555 Statuitque
1619 1514 1781 1555 praeterea
1805 1509 1967 1543 decretum

1231 1564 1301 1608 hoc,
1327 1575 1382 1598 seu
1407 1564 1489 1598 illius
1514 1565 1704 1609 exemplum,
1725 1563 1763 1596 ad
1788 1564 1891 1596 valvas
1914 1562 1969 1597 ba-

1232 1618 1338 1652 silicae
1363 1618 1515 1663 Prineipis
1540 1617 1825 1662 Apostolorum-de
1840 1617 1923 1651 Urbe
1939 1621 1970 1650 et

1232 1672 1263 1705 in
1287 1672 1353 1705 acie
1377 1672 1483 1716 Campi
1508 1672 1619 1705 Florae
1642 1671 1780 1711 affixum,
1805 1679 1914 1704 omnes
1934 1680 1970 1702 u-

1232 1726 1326 1769 bique
1350 1726 1516 1758 existentes
1540 1730 1662 1758 arctare
1683 1729 1712 1757 et
1729 1723 1872 1764 afficere,
1891 1733 1927 1756 ac
1944 1723 1970 1756 si

1233 1778 1403 1824 unicuique
1423 1779 1629 1823 personaliter
1652 1777 1761 1810 suisset
1780 1776 1968 1810 intimatum.

1267 1842 1326 1869 Dat.
1339 1842 1355 1870 8
1370 1841 1428 1869 iulii
1443 1841 1521 1874 1660,
1538 1840 1632 1876 pontif.
1650 1848 1692 1866 an.
1710 1837 1768 1866 w.

1544 1973 1661 2008 CCCIII.

1233 2045 1440 2088 Confirmatio
1465 2045 1582 2078 decreti
1606 2044 1864 2088 conqreyalionis
1888 2044 1969 2088 epis-

1276 2109 1428 2143 coporum
1452 2103 1479 2131 et
1504 2098 1720 2142 reqnlarimn,
1748 2097 1834 2141 quod
1857 2098 1893 2130 in
1916 2108 1969 2142 po-

1275 2157 1398 2185 sterum
1422 2151 1548 2190 nullus,
1566 2151 1625 2194 qui
1645 2151 1681 2183 in
1703 2150 1873 2194 provincia
1892 2150 1970 2185 Gra-

1276 2205 1404 2238 nalensi
1416 2204 1551 2239 Ordinis
1565 2204 1731 2252 Minornm
1744 2203 1848 2236 sancti
1859 2203 1969 2237 Fran-

1276 2258 1353 2292 cisci
1377 2258 1416 2291 de
1442 2257 1652 2292 observantia
1676 2257 1826 2289 minister
1839 2256 1970 2300 provin-

1276 2312 1371 2346 cialis
1405 2312 1547 2345 extiterit
1566 2338 1574 2352 ,
1613 2315 1641 2344 et
1680 2310 1833 2354 completo
1869 2310 1970 2354 officii

1278 2365 1418 2399 triennio
1436 2370 1529 2409 pater
1552 2363 1736 2397 modernior
1762 2364 1966 2406 remanserit,

1274 2423 1446 2463 posteaque
1470 2421 1572 2452 custos
1595 2427 1650 2450 sen
1670 2417 1816 2460 definitor
1841 2417 1969 2460 provin-

1277 2474 1344 2506 ciae
1366 2472 1466 2515 fuerit
1491 2471 1625 2511 electus,
1651 2470 1751 2514 possit
1776 2469 1880 2503 denno
1904 2471 1965 2503 im·-

1277 2525 1415 2558 mediate
1449 2525 1485 2558 in
1517 2524 1708 2557 ministrnm
1734 2522 1968 2567 provincialem

1272 2590 1281 2615 1
1304 2586 1462 2615 Huiusmodi
1477 2587 1571 2614 datum
1586 2585 1716 2613 sumimus
1730 2593 1745 2612 a
1760 2584 1835 2612 titulo
1849 2585 1886 2619 (n.
1898 2584 1947 2618 T.).

1984 189 2031 214 An.
2048 189 2076 215 C.
2095 189 2163 218 1660
2212 190 2215 205 ⁴

2225 1073 2230 1090 t

2223 1126 2231 1198 ἐ

2224 1202 2230 1258 ³

2210 1260 2229 1330 ‘t

1997 1519 2119 1540 Huiusmodi
2131 1520 2165 1541 de·
2207 1503 2243 1543 ic

1983 1549 2063 1567 cretum
2082 1546 2164 1572 publico
2206 1550 2243 1567 ,m

1984 1573 2004 1594 in
2035 1573 2082 1593 loeo
2110 1573 2165 1599 affigi
2207 1572 2243 1598 ιιι

1984 1600 2095 1627 praecipit.
