2263 3215
307 242 344 266 An
374 239 402 267 C.
422 241 487 268 1656

355 672 489 701 Coinmentfat

309 704 415 724 sptswiptS
447 704 491 718 alit-

309 731 388 745 nmnum
401 731 478 745 curaui.

534 232 598 264 170

507 289 583 328 cuit;
601 299 672 321 nam
690 293 767 321 etse
785 288 822 321 ab
837 288 978 321 omnium
993 288 1145 331 sanguine
1159 298 1246 321 mun-

506 341 579 374 dum
599 346 727 373 testatus
748 346 804 381 est⁷
825 351 886 374 non
907 342 989 374 enim
1008 342 1245 385 subterfugisse,

507 394 675 437 quominus
711 395 915 427 annunciaret
951 405 1043 427 omne
1079 395 1244 428 consilium

506 447 571 487 Dei,
589 457 651 480 non
676 458 798 488 aurum,
827 457 890 481 non
914 453 1089 491 argentum,
1117 458 1179 482 non
1205 449 1247 481 ul-

508 500 567 532 lius
598 505 712 532 vestem
744 501 960 544 concupiisse,
985 511 1056 534 suas
1088 511 1162 535 vero
1188 501 1244 534 sibi

508 563 619 585 manus
645 563 724 596 quae
749 553 928 587 tolerandae
954 554 1033 587 vitae
1055 564 1133 598 opus
1159 558 1247 586 erant

508 606 734 650 suppeditasse.

553 660 567 702 ξ
591 659 620 691 (ἰ.
647 659 700 692 llis
726 660 831 703 itaque
855 660 1036 693 auctoribus
1057 671 1092 693 ac
1125 670 1249 703 praece-

507 712 568 756 ptis
593 713 754 753 admoniti,
782 714 865 757 quod
891 714 1016 757 quidem
1043 725 1058 745 a
1084 713 1180 754 vohis,
1203 723 1249 745 ve—

507 765 664 798 nerabiles
688 766 810 806 fratres,
836 767 963 809 egregie
991 772 1083 809 atque
1104 771 1249 798 accurate

508 818 577 851 steri
599 823 719 853 certum
745 825 800 860 est,
821 820 1024 853 ecclesiarum
1046 819 1249 852 creditarum—

509 883 570 916 que
590 873 694 905 ovium
722 883 831 906 curam
857 873 928 906 totis
952 873 1071 906 viribus
1100 872 1250 915 omnique

510 925 687 959 animorum
714 926 914 959 contentione
938 926 1104 969 suscipite,
1133 935 1184 958 eas
1209 925 1251 957 di-

510 979 643 1023 ligenter
660 980 858 1023 perlustrate,
879 985 944 1012 tum
963 979 1089 1022 singuli,
1107 984 1171 1011 tuin
1189 980 1250 1010 una

510 1043 580 1066 cum
606 1033 675 1065 aliis
700 1033 803 1073 simul,
829 1043 936 1065 earum
962 1033 1054 1065 saluti
1084 1037 1176 1075 atque
1203 1031 1250 1064 in-

510 1086 682 1120 columitati
707 1086 887 1130 prospicite,
908 1086 1039 1119 sollicite
1060 1086 1139 1118 lianc
1157 1096 1250 1118 unam

510 1139 672 1183 quaerite,
701 1140 781 1172 lianc
806 1149 900 1171 unam
926 1143 1083 1182 spectate,
1109 1149 1166 1181 pro
1191 1140 1251 1181 qua

511 1204 679 1237 supremus
698 1193 748 1226 ille
767 1192 994 1226 Paterfamilias
1015 1192 1093 1225 Filio
1114 1202 1170 1224 suo
1190 1201 1252 1225 non

510 1246 662 1290 pepercit,
679 1251 709 1279 ct
729 1245 818 1279 cuius
843 1256 859 1278 a
882 1245 974 1278 nobis
998 1245 1145 1279 omnibus
1170 1255 1253 1277 seve-

512 1299 635 1332 rissime
661 1299 798 1332 rationes
823 1303 979 1342 exposcet.

556 1353 570 1396 §
596 1353 623 1385 7.
649 1352 738 1392 Quod
767 1352 791 1384 si
817 1357 939 1395 tempus
976 1351 1143 1394 aliquando
1176 1352 1252 1393 fuit,

511 1417 575 1450 quo
595 1406 701 1439 omnia
722 1405 943 1438 intentioribus
968 1405 1052 1436 curis
1077 1404 1253 1448 vigiliisque

511 1460 550 1492 ab
579 1460 615 1492 iis
640 1459 690 1502 agi
716 1459 849 1491 debcant
869 1457 923 1501 qui
944 1457 1159 1501 speculatores
1184 1468 1252 1490 con-

512 1513 609 1546 stituti
625 1519 697 1545 sunt
716 1512 828 1546 domus
847 1511 950 1551 lsrael,
963 1511 1023 1544 hoc
1039 1511 1179 1554 profecto
1197 1516 1252 1552 est,

513 1578 584 1600 cum
610 1572 654 1600 tot
679 1566 768 1599 malis
789 1575 940 1599 concussa
957 1564 1127 1598 christiana
1144 1575 1252 1609 respu-

512 1619 593 1652 blica
624 1618 748 1652 nonnisi
781 1629 798 1650 a
831 1618 954 1662 placato
988 1617 1253 1661 reconciliatoque

513 1673 566 1706 Dei
583 1673 713 1706 numine
739 1677 895 1705 tantarum
921 1671 1133 1705 calamitatum
1158 1671 1252 1704 finem

513 1726 648 1769 aliquem
675 1736 802 1770 sperare
831 1736 866 1758 ac
891 1725 1044 1758 medelam
1063 1729 1174 1768 potest.
1192 1725 1254 1757 Nos

514 1791 609 1821 sane,
638 1781 690 1824 qui
717 1791 752 1812 ex
778 1790 886 1812 earum
912 1779 1101 1822 cogitatione
1126 1788 1255 1822 conspe-

515 1839 629 1877 ctuque
658 1833 810 1866 maiorem
832 1833 861 1864 in
890 1832 955 1864 dies
982 1832 1087 1864 animo
1112 1831 1253 1864 dolorem

515 1888 668 1931 capimus,
687 1887 724 1919 ad
745 1896 796 1919 eas
820 1885 1056 1926 sollicitudines,
1081 1885 1195 1928 quibus
1212 1895 1255 1917 as-

515 1941 602 1973 sidue
627 1940 814 1979 detinemur,
832 1939 924 1971 liuius
949 1948 1075 1982 quoque
1100 1937 1191 1971 Urbis
1216 1938 1256 1970 vi-

515 1994 692 2027 sitationem
718 1992 910 2033 adiecimus,
940 1996 973 2024 ut
1002 1991 1149 2034 quoniam
1175 1991 1255 2023 hanc

515 2057 609 2079 unam
635 2047 774 2080 Christus
792 2039 941 2079 Dominus
959 2050 1003 2077 tot
1023 2045 1140 2078 amoris
1164 2045 1256 2087 signi-

516 2100 714 2133 ficationibus
747 2099 893 2132 dilexisse
917 2098 1000 2131 visus
1024 2102 1069 2132 est
1093 2109 1129 2131 cx
1154 2098 1255 2131 omni—

516 2153 583 2193 bus,
602 2153 771 2197 plurimum
797 2152 866 2185 aliis
891 2151 994 2191 etiam,
1019 2151 1103 2194 quod
1128 2151 1254 2195 quidem

517 2208 547 2239 In
572 2207 662 2240 nobis
687 2211 776 2248 esset,
809 2216 933 2239 morum
958 2206 1120 2239 sanctitate
1140 2210 1256 2239 cetero-

516 2271 576 2304 que
601 2260 654 2293 Dei
680 2260 764 2293 cultu
789 2259 930 2294 anteiret.

562 2315 576 2357 §
601 2314 629 2347 8.
655 2314 724 2353 Sed,
742 2324 821 2357 quae
845 2318 892 2347 est
917 2312 1014 2356 pietas
1031 2322 1066 2345 ac
1087 2312 1185 2345 virtus
1210 2322 1257 2345 ve-

518 2372 591 2407 stra,
609 2377 710 2411 neque
731 2366 894 2410 exemplis,
908 2375 1009 2409 neque
1025 2365 1256 2399 hortationibus

518 2420 632 2453 nostris
657 2420 760 2453 Iocum
789 2419 988 2462 relinquetis3
1009 2419 1070 2452 hoc
1090 2419 1172 2451 enim
1190 2429 1257 2462 per-

519 2473 734 2506 suasissimum
770 2472 857 2506 vobis
881 2482 949 2505 esse
974 2481 1036 2505 non
1060 2471 1255 2514 dubitamus,

519 2527 594 2559 nihil
613 2527 766 2570 frequenti
787 2527 962 2560 animarum
981 2526 1196 2569 recognitione
1213 2537 1257 2571 sy-

519 2579 738 2623 nodorumque
759 2579 969 2613 celebratione
997 2579 1187 2623 populorum
1214 2588 1257 2612 sa-

519 2633 575 2666 luti
601 2643 636 2666 ac
661 2633 756 2667 veteri
789 2633 970 2677 disciplinae
1000 2631 1256 2673 constituendae,

1082 240 1259 264 BULLAI'IIUM
1286 239 1438 264 ROMANUM

1280 288 1357 320 nihil
1382 287 1609 321 catholicorum
1629 286 1808 331 principum
1834 287 1901 330 paci
1922 297 1939 319 a
1956 287 2019 320 Deo

1281 340 1497 384 impetrandae
1520 339 1754 374 accomodatius
1778 349 1860 380 esse;
1885 350 1948 383 quo
1972 340 2019 373 in-

1282 393 1435 433 termisso,
1454 402 1566 436 magna
1586 393 1617 425 in
1643 392 1784 426 moribus
1809 392 1957 425 continuo
1981 392 2020 425 ad

1281 456 1406 479 omnem
1432 445 1665 489 improbitatem
1693 455 1729 478 ac
1753 444 1903 489 peccandi
1927 445 2021 477 licen-

1282 499 1355 532 tiam
1381 499 1459 532 sacta
1476 504 1522 532 est
1541 499 1728 533 immutatio.
1746 499 1821 539 Hoc,
1838 498 1921 542 quod
1938 508 1955 530 a
1972 508 2022 531 vo-

1283 550 1330 585 bis
1356 561 1487 584 munere
1512 551 1580 595 ipso
1597 551 1764 595 officioque
1782 551 1812 583 in
1830 550 1942 594 primis
1962 549 2022 583 exi-

1282 603 1377 647 gitur,
1395 604 1479 647 quod
1505 604 1637 637 miserae
1659 604 1854 646 afflictaeque
1881 602 2023 636 christia·

1282 667 1340 690 nae
1373 657 1565 700 reipublicae
1606 657 1742 691 rationes
1776 661 1806 689 et
1841 655 2023 688 discrimina

1283 709 1423 752 quotidie
1447 710 1546 752 magis
1567 709 1747 752 efflagitant,
1764 719 1820 753 per
1837 708 1949 742 Christi
1967 718 2023 741 nos

1284 762 1556 803 misericordiam,
1582 762 1612 794 in
1645 762 1733 795 cuius
1768 761 1820 794 ille
1852 761 2023 794 visceribus

1284 816 1408 859 plebem
1434 826 1521 849 suam
1544 816 1688 858 visitavit,
1704 815 1850 849 ardenter
1875 815 2023 859 petimus,

1285 873 1314 903 et
1330 869 1533 913 apostolicam
1555 869 1804 903 benedictionem
1824 873 2024 913 peramanter

1285 922 1494 966 impertimur.

1330 976 1440 1009 Datum
1469 977 1596 1017 Romae,
1613 976 1696 1020 apud
1722 976 1751 1009 S.
1777 975 1905 1009 Mariam
1930 974 2025 1008 Maio-

1286 1042 1363 1073 rem,
1383 1031 1441 1064 sub
1456 1031 1571 1064 annulo
1588 1030 1766 1071 Piseatoris,
1786 1024 1837 1062 die
1859 1039 1936 1063 xxv1
1953 1029 2025 1062 maii

1286 1096 1413 1128 MDch,
1434 1085 1634 1130 pontificatus
1654 1083 1754 1117 nostri
1774 1094 1855 1117 anno
1873 1093 1904 1116 11.

1322 1152 1379 1177 Dat.
1402 1150 1444 1176 die
1464 1149 1499 1176 2ss
1518 1148 1580 1175 maii
1603 1147 1686 1180 1656,
1708 1147 1803 1182 pontif.
1826 1153 1945 1174 annoti.

1608 1290 1706 1324 CVIII.

1289 1373 1500 1415 Confirmatio
1532 1370 1764 1414 assiqualionis
1793 1369 1940 1402 redditus
1972 1379 2027 1401 sea:

1332 1427 1479 1459 millium
1503 1426 1700 1468 florenorum
1724 1434 1781 1467 per
1805 1422 2025 1465 archiepisco-

1329 1490 1410 1524 pum
1427 1479 1698 1521 Salisburqenscm
1708 1478 1812 1521 sac-tae
1829 1476 1972 1522 capitulo
1981 1475 2027 1510 di-

1332 1537 1399 1566 ctae
1423 1531 1601 1566 ecclesiae¹.

1482 1611 1648 1637 Alexander
1669 1610 1748 1644 Papa
1767 1609 1831 1642 vu,

1430 1657 1465 1683 ad
1485 1656 1618 1683 futuram
1637 1655 1683 1683 rei
1704 1655 1884 1683 memorIam.

1334 1729 1394 1762 Pro
1415 1728 1585 1761 commissa
1610 1727 1712 1767 nobis,
1733 1728 1867 1770 superna
1888 1727 2023 1770 disposi-

1290 1782 1374 1815 tione
1392 1780 1543 1820 consitii2,
1561 1779 1702 1813 omnium
1725 1779 1928 1812 ecclesiarum
1946 1780 2029 1813 solli·

1290 1834 1438 1875 citudine,
1457 1833 1528 1873 illis,
1546 1842 1625 1876 quae
1643 1842 1701 1876 pro
1718 1831 1828 1865 maiori
1846 1832 2027 1865 earumdem

1290 1886 1494 1920 ecclesiarum
1509 1885 1694 1928 pracsertim
1714 1885 2028 1928 metropolitanarum

1291 1939 1404 1972 decore
1424 1939 1590 1982 cultusque
1612 1938 1708 1970 divini
1734 1938 1764 1970 in
1790 1938 1834 1971 eis
1859 1943 2029 1981 augmento

1291 1992 1422 2036 provide
1447 1992 1526 2024 saeta
1551 1997 1632 2031 sunt,
1650 1991 1793 2034 libenter,
1812 2002 1881 2025 cum
1904 2002 1920 2024 a
1937 1991 2030 2025 nobis

1290 2047 1417 2091 petitur,
1430 2045 1679 2079 confirmationis
1696 2045 1886 2090 apostolicae
1899 2046 2030 2090 patroci-

1291 2100 1376 2133 nium
1402 2099 1615 2141 adiungimus,
1632 2104 1727 2142 prout
1750 2109 1869 2139 rerum,
1886 2099 2028 2132 locorum

1291 2159 1320 2186 et
1341 2163 1549 2197 personarum
1575 2153 1724 2196 qualitate
1748 2154 1878 2196 pensata
1903 2152 2029 2196 conspi-

1291 2207 1391 2240 cimus
1408 2206 1439 2238 in
1456 2206 1588 2239 Domino
1609 2206 1777 2239 salubriter
1797 2206 1955 2250 expedire.

1336 2261 1350 2303 §
1374 2260 1403 2292 1.
1422 2260 1540 2303 Exponi
1560 2259 1713 2303 siquidem
1735 2259 1825 2292 nobis
1842 2269 1943 2303 nuper
1959 2259 2031 2292 fecit

1291 2313 1478 2346 venerabilis
1504 2312 1600 2345 frater
1625 2312 1848 2353 Guidobaldus‚
1873 2311 2029 2355 archiepi-

1291 2376 1405 2410 scopus
1422 2365 1679 2408 Salisburgensis,
1703 2365 1786 2409 quod
1812 2365 1877 2408 ipse
1901 2365 2029 2408 (magno

1291 2419 1515 2453 canonicorum
1543 2419 1694 2452 ccclesiae
1712 2417 1958 2461 Salisburgensis
1975 2428 2030 2450 nu-

1292 2483 1380 2506 mero
1404 2478 1434 2505 et
1458 2472 1607 2505 natalium
1635 2473 1775 2516 ipsorum
1802 2471 2029 2505 canonicorum

1291 2527 1440 2568 claritate,
1455 2537 1490 2559 ac
1505 2526 1727 2560 nonnullarum
1746 2525 1926 2559 facultatum
1946 2534 2030 2557 men-

1328 2599 1338 2624 1
1358 2597 1394 2624 Ex
1415 2597 1521 2631 aegest.
1538 2597 1563 2623 in
1578 2596 1679 2624 Secret.
1696 2596 1773 2623 Brev.

1326 2642 1341 2668 Ξ
1358 2640 1427 2668 Male
1444 2641 1507 2668 edit¹
1526 2641 1602 2667 Malu.
1622 2641 1685 2676 legit
1701 2640 1816 2667 concita?
1832 2641 1870 2675 (R.
1889 2641 1937 2672 Ἡ).

2028 240 2075 265 An.
2097 241 2125 266 C.
2149 240 2213 268 1656

2070 1736 2195 1757 Exordium„

2071 2264 2178 2298 Expositio
2187 2264 2223 2285 frn-

2045 2293 2082 2313 tris
2099 2291 2223 2312 outdobatdt

2058 2317 2210 2347 archiepiscopi

2045 2345 2213 2371 salisburgensis.
