2202 3190
425 143 489 177 814

377 205 460 238 Alias
477 216 534 249 pro
550 211 638 248 parte
662 205 849 240 dilectorum
870 205 1023 240 filiorum.
1051 207 1116 240 519

378 258 464 291 Alias
480 269 538 302 pro
560 265 650 303 parte
664 259 854 293 dilectorum
874 259 1028 293 filiorum.
1055 259 1118 293 585

378 311 463 344 Alias
481 323 537 355 pro
555 319 644 356 parte
662 313 850 347 dilectorum
873 313 1024 348 filiorum.
1055 314 1118 347 662

379 365 463 398 Alias
479 376 537 409 pro
554 372 641 409 parte
667 366 860 400 dilectorum
878 368 1028 401 filiorum.
1056 367 1118 400 715

378 419 463 452 Alias
484 429 541 462 pro
557 425 644 463 parte
664 420 856 455 dilectorum
875 421 1026 455 filiorum.
1055 420 1118 454 750

378 472 461 504 Alias
477 483 535 515 pro
553 478 641 516 parte
663 479 739 507 tunc
765 474 928 508 existentis
950 502 956 508 .
985 502 990 507 .
1022 502 1028 507 .
1055 474 1115 507 421

378 524 462 557 Alias
478 535 536 568 pro
555 531 643 569 parte
657 527 845 561 venerabilis
863 528 968 561 fratris
987 554 993 560 .
1023 555 1027 560 .
1055 527 1114 561 541

739 635 760 667 C

378 739 612 783 Circumspecta
629 739 761 773 Romani
783 740 946 774 Pontificis
982 767 988 773 .
1018 767 1025 774 .
1074 741 1116 774 47

379 792 587 826 Commissam
612 793 703 826 nobis
732 794 907 827 Ecclesiam
942 793 1026 837 vigili
1054 793 1116 828 106

377 845 540 879 Commissi
565 845 658 879 nobis
684 845 835 880 divinitus
860 846 1023 890 supremi.
1053 846 1116 880 163

376 899 595 933 Conscientiae
620 899 783 934 securitati
810 901 954 933 omnium
982 927 987 933 .
1019 927 1026 934 .
1074 899 1116 934 23

377 952 612 987 Conservationi
639 959 670 986 et
693 953 950 987 manutentioni.
981 980 987 986 .
1017 980 1024 987 .
1052 953 1116 986 176

378 1005 614 1040 Conservationi
640 1011 671 1040 et
695 1006 952 1040 manutentioni.
982 1034 988 1039 .
1019 1033 1026 1040 .
1052 1006 1116 1040 289

377 1058 613 1093 Conservationi
640 1065 670 1093 et
693 1060 950 1094 manutentioni.
982 1086 988 1093 .
1017 1087 1023 1093 .
1051 1060 1116 1094 292

376 1112 616 1146 Conservationi
642 1118 672 1146 et
696 1113 951 1147 manutentioni.
982 1140 988 1146 .
1018 1140 1024 1146 .
1051 1114 1115 1147 388

376 1165 554 1199 Constantis
579 1166 655 1200 fidei
676 1177 711 1200 ac
731 1167 875 1201 sincerae
905 1194 911 1199 .
942 1193 948 1200 .
979 1194 985 1200 .
1017 1193 1024 1200 .
1051 1165 1115 1201 338

376 1214 555 1253 Constantis
583 1219 657 1253 fidei
683 1225 713 1253 et
738 1220 880 1254 sincerae
906 1249 912 1254 .
943 1248 949 1254 .
980 1248 986 1254 .
1017 1248 1023 1254 .
1052 1220 1115 1255 386

377 1272 555 1307 Constantis
580 1273 654 1306 fidei
676 1279 706 1307 et
730 1274 870 1307 sincerae
874 1301 1024 1307 .....
1052 1274 1111 1307 591

377 1325 557 1360 Constantis
582 1326 656 1360 fidei
689 1333 720 1360 ct
748 1328 912 1361 sincerae.
943 1354 948 1360 .
980 1355 988 1360 .
1017 1355 1022 1360 .
1051 1327 1116 1361 654

378 1378 537 1412 Creditam
561 1379 652 1412 nohis
677 1380 829 1414 divinitus
855 1380 960 1425 gregis
983 1407 989 1414 .
1018 1407 1024 1414 .
1074 1380 1115 1414 85

376 1432 454 1466 Cum
479 1433 645 1466 carissima
669 1434 702 1466 in
725 1434 846 1467 Christo
873 1434 937 1468 filia
981 1461 988 1468 .
1016 1462 1021 1467 .
1072 1435 1114 1467 97

375 1485 452 1519 Cum
475 1487 658 1520 carissimus
682 1486 714 1520 in
734 1487 855 1521 Christo
905 1515 911 1521 .
942 1515 948 1521 .
979 1515 984 1521 .
1015 1515 1021 1520 .
1050 1487 1113 1521 282

374 1539 451 1572 Cum
476 1540 559 1573 circa
583 1541 753 1574 iuramenti
779 1541 943 1576 vinculum
979 1569 985 1575 .
1016 1569 1021 1575 .
1049 1541 1114 1575 582

376 1592 452 1626 Cum
478 1594 564 1627 circa
588 1594 758 1628 iuramenti
785 1595 945 1629 vinculum
979 1622 984 1629 .
1016 1623 1022 1629 .
1051 1594 1113 1628 587

375 1644 452 1679 Cum
473 1647 578 1681 dilecti
605 1647 660 1681 filii
681 1649 828 1681 001150105
834 1675 1022 1682 ......
1051 1647 1114 1681 586

375 1698 454 1732 (1001
479 1699 584 1734 divina
609 1706 801 1745 aeternaque
826 1701 921 1735 illius.
951 1729 956 1735 .
987 1729 992 1735 .
1019 1728 1025 1735 .
1051 1701 1115 1735 673

375 1751 452 1785 Cum
476 1753 510 1786 in
535 1754 817 1790 constitutionibus
845 1782 850 1788 .
880 1782 887 1789 .
980 1781 986 1789 .
1017 1782 1022 1788 .
1051 1755 1107 1789 781

1016 1835 1022 1843 .
1050 1808 1114 1842 113

373 1804 451 1840 Cum
476 1808 507 1841 in
532 1808 681 1852 pastorali
706 1809 887 1843 visitatione
912 1836 918 1843 .
946 1837 952 1844 .

374 1858 452 1892 Cum
476 1871 534 1893 nos
559 1860 710 1895 dilectum
736 1862 837 1896 filium
851 1888 992 1896 .....
1015 1873 1034 1896 ο
1051 1861 1114 1894 112

373 1910 451 1946 Cum
475 1924 533 1947 nos
558 1925 661 1958 nuper
677 1915 831 1948 dilectum
850 1915 951 1949 filium
979 1942 984 1948 .
1015 1942 1021 1948 .
1049 1914 1108 1948 181

374 1965 450 2000 Cum
469 1976 573 2010 nuper
593 1968 631 2000 ad
649 1969 795 2002 notitiam
816 1975 958 2002 nostram
979 1995 984 2001 .
1016 1994 1021 2001 .
1049 1968 1114 2002 284

372 2019 449 2052 Cum
473 2031 529 2064 per
552 2021 677 2055 obitum
702 2022 804 2055 1101100
822 2023 996 2057 memoriae
1017 2048 1023 2056 .
1051 2022 1107 2054 761

371 2072 448 2106 Cum
473 2074 612 2117 primum
637 2074 730 2108 nobis
754 2075 908 2109 innotuit.
938 2102 944 2109 .
1012 2102 1017 2109 .
1047 2075 1112 2108 200

372 2125 460 2167 (1010,
485 2137 543 2170 010
567 2128 799 2172 componendis
824 2129 986 2163 000105100.
1015 2155 1021 2162 .
1048 2129 1108 2162 111

372 2178 462 2220 (1001,
488 2190 545 2224 010
570 2181 801 2225 componendis
826 2182 977 2216 ecclesiae
1015 2210 1020 2215 .
1049 2182 1111 2216 137

373 2231 463 2273 Cum,
482 2233 563 2266 sicut
580 2235 774 2278 accepimus,
792 2236 898 2269 dilecti
914 2235 986 2269 filii.
1014 2263 1020 2269 .
1070 2236 1111 2269 39

372 2285 460 2326 Cum,
487 2287 569 2320 sicut
593 2289 793 2332 accepimus,
821 2291 987 2324 occasione
1015 2316 1021 2323 .
1072 2290 1112 2322 72

373 2338 461 2379 (1010,
481 2339 563 2373 sicut
582 2343 776 2386 accepimus,
798 2342 882 2376 inter
904 2370 909 2376 .
941 2370 948 2376 .
978 2371 983 2377 .
1014 2370 1020 2376 .
1048 2343 1107 2377 101

374 2391 463 2433 Cum,
490 2392 572 2427 sicut
596 2396 778 2440 accepimus
804 2396 842 2429 ad
868 2397 971 2430 resist.
1014 2423 1019 2429 .
1048 2396 1111 2429 103

372 2443 462 2485 (1010,
483 2445 565 2479 sicut
585 2449 778 2492 accepimus,
799 2455 968 2493 postquam
1013 2476 1019 2482 .
1047 2450 1107 2482 141

372 2496 460 2537 Cum,
483 2498 566 2532 sicut
584 2501 776 2544 0000010105,
797 2502 932 2538 dilectus
976 2529 982 2536 .
1013 2530 1019 2536 .
1049 2502 1111 2536 198

372 2550 463 2593 Cum,
491 2552 573 2587 sicut
597 2555 791 2598 accepimus,
815 2558 904 2591 001115
941 2584 946 2589 .
978 2584 983 2589 .
1013 2583 1020 2591 .
1046 2556 1107 2590 201

965 150 1139 180 numanum
1169 156 1319 180 Romnum

1165 210 1251 250 Cum,
1274 209 1356 242 sicut
1376 209 1568 253 accepimus,
1587 209 1732 243 nonnulli
1764 236 1770 242 .
1800 237 1806 243 .
1833 210 1898 244 248

1167 263 1258 303 Cum,
1286 262 1368 296 sicut
1384 262 1577 306 accepimus,
1598 262 1788 296 venerabilis
1807 290 1814 296 .
1841 262 1905 297 330

1168 316 1256 356 Cum,
1285 315 1575 359 510010000011005,
1596 315 1704 349 dilecti
1728 315 1783 349 filii
1810 343 1816 348 .
1844 309 1906 349 347

1169 369 1257 410 Cum,
1273 369 1565 413 51001000001111115,
1589 370 1622 402 in
1647 380 1780 403 renunc.
1810 396 1816 402 .
1843 368 1907 403 362

1166 423 1254 464 Cum,
1278 422 1359 456 sicut
1379 422 1572 466 accepimus,
1596 422 1702 457 dilecti
1728 422 1783 456 filii
1811 449 1818 456 .
1844 421 1908 456 458

1169 475 1257 516 Cum,
1285 476 1368 509 sicut
1392 475 1584 519 accepimus,
1612 476 1645 508 in
1665 486 1774 520 congr.
1810 502 1817 508 .
1845 474 1908 508 567

1170 528 1258 571 Cum,
1286 528 1368 562 sicut
1390 529 1583 573 accepimus,
1607 529 1740 563 dilectus
1774 553 1781 562 .
1809 554 1816 562 .
1844 527 1907 562 629

1170 583 1259 625 Cum,
1281 582 1363 616 sicut
1382 583 1576 627 accepimus,
1598 582 1713 626 parito.
1742 608 1749 615 .
1776 609 1783 615 .
1810 607 1817 615 .
1844 580 1903 615 681

1170 636 1259 676 Cum,
1286 636 1370 671 sicut
1400 636 1604 681 0000011005,
1631 635 1782 670 defuncto
1809 661 1816 668 .
1843 634 1907 669 682

1169 689 1260 730 (11110,
1278 690 1360 723 sicut
1376 689 1571 734 accepimus,
1596 689 1742 722 dilectus.
1774 712 1781 722 .
1810 714 1817 722 .
1844 686 1908 722 689

1169 742 1258 785 Cum,
1278 743 1361 776 sicut
1380 742 1564 777 carissimus
1584 742 1617 776 in
1641 742 1778 777 Christo.
1810 767 1817 775 .
1843 740 1903 775 691

1168 794 1258 837 Cum,
1281 795 1363 829 sicut
1384 795 1490 829 dilecti
1514 795 1573 828 filii
1595 795 1744 840 superior
1771 821 1777 828 .
1807 820 1813 828 .
1841 793 1906 829 420

1167 848 1255 890 Cum,
1276 849 1358 882 sicut
1375 848 1481 882 dilecti
1499 847 1557 881 filii
1578 848 1715 882 ministri
1735 874 1741 881 .
1772 874 1780 882 .
1808 874 1814 881 .
1842 846 1907 881 450

1168 902 1259 943 Cum⁷
1282 902 1366 936 sicut
1383 901 1490 936 dilecti
1508 902 1566 935 filii
1583 900 1742 936 Tertiarii.
1773 927 1780 934 .
1810 924 1817 934 .
1843 900 1906 934 707

1168 954 1258 996 (1010,
1279 955 1361 989 sicut
1378 955 1512 989 dilectus
1529 954 1614 988 filius
1631 955 1721 999 prior
1738 981 1746 988 .
1776 979 1784 988 .
1811 980 1817 987 .
1841 953 1906 987 277

1167 1008 1256 1051 Cum,
1283 1009 1365 1043 sicut
1388 1019 1425 1042 ex
1449 1008 1602 1042 relatione
1626 1010 1704 1041 tua.
1734 1034 1740 1041 .
1771 1033 1778 1040 .
1807 1032 1814 1041 .
1842 1006 1906 1041 296

1168 1062 1258 1104 Cum,
1285 1062 1368 1095 sicut
1392 1073 1429 1095 ex
1454 1062 1608 1095 relatione
1632 1062 1688 1095 tua
1730 1087 1737 1094 .
1767 1087 1773 1094 .
1805 1086 1811 1094 .
1839 1059 1904 1094 304

1167 1115 1255 1156 Cum,
1274 1115 1360 1148 sicut
1379 1114 1473 1148 nobis
1494 1115 1635 1148 innotuit
1661 1141 1667 1147 .
1698 1140 1705 1147 .
1808 1139 1815 1147 .
1842 1113 1906 1147 292

1164 1164 1255 1209 Cum,
1279 1168 1360 1202 sicut
1379 1167 1472 1201 nobis
1492 1178 1596 1212 nuper
1613 1167 1740 1212 exponi.
1771 1194 1778 1201 .
1807 1194 1814 1201 .
1841 1166 1905 1201 203

1167 1222 1255 1262 Cum,
1279 1221 1361 1255 sicut
1380 1221 1472 1254 nobis
1492 1232 1596 1265 nuper
1612 1221 1726 1265 exponi
1768 1247 1775 1254 .
1805 1247 1811 1254 .
1839 1220 1905 1255 293

1167 1276 1258 1316 Cum,
1285 1276 1367 1309 sicut
1387 1276 1480 1309 nohis
1504 1286 1609 1319 nuper
1632 1275 1747 1319 exponi
1773 1302 1780 1309 .
1807 1301 1812 1308 .
1840 1271 1904 1308 302

1167 1328 1244 1363 Cum
1269 1330 1352 1362 sicut
1376 1328 1468 1362 nobis
1491 1339 1596 1372 nuper
1620 1328 1734 1372 exponi
1772 1355 1778 1361 .
1807 1353 1815 1362 .
1839 1327 1905 1361 472

1165 1382 1254 1423 Cum,
1278 1382 1359 1415 sicut
1379 1393 1441 1415 non
1457 1382 1524 1415 sine
1542 1382 1630 1425 gravi
1648 1381 1748 1415 animi
1772 1408 1778 1414 .
1807 1407 1813 1414 .
1840 1380 1899 1415 111

1166 1435 1254 1476 Cum,
1279 1435 1362 1469 sicut
1381 1445 1447 1468 non
1466 1435 1535 1468 sine
1553 1435 1639 1478 gravi
1665 1435 1762 1468 animi
1810 1460 1817 1468 .
1840 1434 1904 1468 125

1166 1487 1260 1528 Cum,
1287 1488 1371 1522 sicut
1394 1498 1458 1521 non
1483 1489 1551 1522 sine
1575 1488 1662 1532 gravi
1690 1487 1812 1521 animi.
1840 1485 1904 1521 322

1166 1541 1255 1583 Cum,
1283 1542 1366 1575 sicut
1390 1552 1453 1575 non
1479 1542 1548 1575 sine
1567 1541 1705 1575 maxima
1732 1568 1738 1574 .
1768 1567 1774 1574 .
1805 1567 1811 1574 .
1839 1539 1905 1574 134

1166 1594 1254 1636 Cum,
1277 1595 1359 1629 sicut
1383 1607 1447 1629 non
1472 1596 1540 1629 5100
1566 1595 1744 1640 spirituali.
1773 1622 1779 1628 .
1806 1621 1812 1628 .
1863 1594 1905 1628 74

1165 1647 1254 1690 Cum,
1275 1649 1357 1683 sicut
1373 1649 1562 1683 venerabilis
1577 1650 1672 1682 frater
1703 1675 1710 1682 .
1735 1675 1742 1682 .
1769 1673 1778 1682 .
1806 1674 1812 1681 .
1863 1647 1904 1681 73

1165 1701 1254 1744 Cum,
1273 1702 1356 1736 sicut
1380 1702 1570 1737 venerabilis
1591 1703 1688 1736 frater
1729 1728 1734 1735 .
1766 1728 1772 1735 .
1801 1728 1808 1735 .
1835 1700 1896 1735 301

1166 1754 1254 1796 Cum,
1283 1756 1364 1789 sicut
1387 1755 1577 1790 venerabilis
1602 1755 1699 1789 frater
1732 1781 1738 1788 .
1769 1781 1775 1787 .
1806 1780 1812 1787 .
1839 1753 1899 1788 531

1166 1807 1244 1842 Cum
1270 1809 1310 1842 sit
1338 1815 1540 1852 compertum
1573 1808 1810 1853 congregation.
1839 1806 1904 1841 149

1165 1861 1241 1896 Cum
1266 1866 1300 1894 tu
1323 1862 1424 1895 felicis
1448 1861 1702 1897 recordationis.
1733 1888 1741 1896 .
1769 1888 1775 1894 .
1806 1888 1812 1894 .
1861 1859 1904 1894 20

1164 1914 1329 1959 Cupientes
1353 1921 1388 1949 ut
1413 1915 1444 1949 in
1467 1915 1660 1950 monasterio
1695 1941 1702 1948 .
1732 1941 1738 1947 .
1769 1940 1775 1947 .
1805 1939 1813 1947 .
1860 1911 1904 1946 44

1521 2022 1545 2055 D

1163 2128 1312 2162 Debitum
1337 2129 1505 2172 pastoralis
1529 2128 1625 2163 officii
1632 2153 1810 2169 ......
1838 2123 1902 2161 749

1163 2183 1310 2216 Debitum
1336 2183 1527 2217 sacrosancti
1554 2182 1774 2225 apostolatus.
1804 2208 1811 2213 .
1839 2180 1902 2214 469

1163 2237 1258 2270 Docet
1282 2237 1463 2270 Romanum
1489 2235 1701 2269 Pontificem.
1729 2260 1736 2267 .
1765 2261 1772 2267 .
1802 2261 1809 2267 .
1860 2233 1902 2267 16

1162 2292 1257 2324 Decet
1281 2291 1462 2324 Romanurn
1483 2289 1670 2324 Pontificem
1698 2315 1704 2321 .
1733 2315 1740 2322 .
1767 2314 1773 2321 .
1800 2314 1806 2320 .
1858 2287 1900 2322 69

1162 2345 1255 2377 Decet
1279 2344 1459 2378 Romanurn
1485 2342 1698 2377 Pontificem.
1728 2367 1734 2374 .
1764 2368 1771 2374 .
1803 2367 1810 2374 .
1837 2340 1901 2374 623

1162 2399 1256 2432 Decet
1280 2397 1458 2431 Romanum
1480 2395 1682 2435 Pontificem,
1731 2421 1738 2427 .
1767 2420 1774 2427 .
1803 2420 1810 2427 .
1837 2392 1901 2427 633

1161 2450 1206 2483 De
1222 2450 1375 2494 singulari
1393 2451 1447 2483 tua
1463 2449 1527 2483 fide
1547 2454 1576 2482 et
1593 2447 1759 2497 diligentia
1799 2473 1806 2481 .
1837 2446 1900 2481 117

1161 2504 1203 2537 De
1227 2505 1283 2537 tufi
1307 2503 1459 2548 singulari
1484 2503 1545 2536 fide
1569 2509 1600 2537 et
1624 2500 1809 2546 diligentia.
1836 2500 1901 2534 130

1161 2557 1288 2592 Dudum
1307 2568 1324 2590 a
1350 2556 1449 2592 felicis
1473 2555 1703 2591 recordationis
1729 2581 1736 2588 .
1803 2580 1810 2587 .
1836 2552 1896 2586 231
