2243 3205
273 178 321 205 An.
343 177 371 205 C.
390 179 457 207 1660
503 170 566 203 558

308 561 427 580 (Ionem-vivi

272 590 402 613 prorogatio.

439 561 456 581 is

471 228 501 260 in
526 227 696 271 praedictis
722 228 832 261 litteris
858 229 1011 262 maiestati
1037 236 1107 264 tuae
1133 242 1207 264 con-

473 291 569 323 cessa,
595 280 632 313 ad
659 280 742 314 aliud
766 281 856 315 nobis
880 282 1061 317 benevisum
1088 289 1210 328 tempus

471 333 592 368 extendi
612 338 641 368 et
657 336 822 378 prorogari
843 336 1014 380 plurimum
1033 337 1209 370 desideres:

470 397 548 427 nos,
585 388 822 431 praeclarorum
859 390 1044 424 meritorum
1084 396 1208 424 tuorum

470 440 683 483 praefatorum
699 441 822 484 intuitu,
838 444 1029 476 maiestatem
1046 449 1128 476 tuam
1144 454 1211 487 spc-

471 493 558 526 eialis
582 493 689 527 favore
721 495 839 538 gratiae
871 498 1018 541 prosequi
1051 497 1210 537 volentes,

471 553 558 581 motu
576 549 719 592 proprio,
737 560 773 582 ac
798 560 833 583 ex
852 553 936 584 certa
954 552 1084 584 scientia
1103 555 1132 585 et
1149 561 1211 583 ma-

471 602 542 633 tura
565 600 793 635 deliberatione
814 604 939 644 nostris,
965 604 1065 647 deque
1090 609 1210 648 aposto-

470 653 547 687 lieae
560 655 722 698 potestatis
734 655 939 699 plenitudine,
956 657 1021 698 tibi,
1037 656 1085 689 ut¹
1104 657 1210 690 onmia

470 713 501 740 et
520 708 643 752 singula
668 709 697 741 in
716 709 834 743 ccdulis
855 721 909 743 seu
935 710 1132 744 cautionibus
1154 721 1210 754 per

469 772 620 805 personas
638 762 676 795 ad
701 763 849 796 eeclesias
868 774 922 796 seu
947 764 1097 797 beneficia
1115 775 1210 808 supra

468 826 617 859 expressa
648 827 704 860 per
737 821 765 849 te
796 822 1007 860 praesentatas
1032 828 1086 850 seu
1111 818 1208 851 nomi-

468 874 555 902 natas
580 874 613 903 ut
637 870 813 914 praefertur
841 871 920 903 datis
941 876 971 903 et
995 871 1082 905 sactis
1104 871 1143 904 ob
1173 882 1209 905 εο

468 927 613 967 tempore
638 934 699 967 quo
734 924 907 967 praefatum
938 924 1124 957 decennium
1150 935 1209 957 ex—

468 975 583 1019 piravit
608 976 638 1009 in
663 983 860 1020 praesentem
875 988 974 1021 usque
989 977 1071 1010 diem
1089 978 1210 1011 ratione

469 1029 680 1062 concessionis
705 1036 735 1062 et
759 1030 980 1073 assignationis
1005 1031 1085 1064 sicut
1112 1042 1205 1075 prae-

468 1081 604 1115 mittitur
627 1088 816 1127 prorogatae
842 1084 997 1127 promissa
1022 1085 1060 1117 ab
1092 1085 1207 1118 eisdem

468 1135 613 1178 personis
638 1136 764 1178 exigere
789 1147 843 1168 seu
867 1136 947 1180 exigi
975 1137 1077 1170 facere
1109 1137 1208 1171 libere

468 1192 498 1220 et
521 1187 605 1221 licite
629 1189 730 1233 possis
748 1194 778 1222 et
798 1190 910 1231 valeas,
934 1195 1042 1223 tenore
1063 1201 1207 1235 praesen-

469 1241 544 1274 tium
571 1242 728 1275 licentiam
755 1243 966 1286 concedimus,
990 1255 1026 1277 ac
1053 1255 1087 1277 ex
1114 1255 1206 1288 nunc,

467 1301 562 1338 prout
587 1302 754 1340 postquam
780 1298 934 1341 promissa
959 1297 1139 1332 huiusmodi
1168 1299 1207 1331 vi-

468 1359 545 1391 gore
570 1350 782 1393 praesentium
809 1351 960 1393 exegeris,
987 1351 1038 1384 illa
1059 1352 1112 1384 tibi
1132 1357 1207 1385 tota-

467 1401 539 1435 liter
563 1403 786 1437 condonamus.

511 1456 526 1498 §
546 1454 575 1488 3.
594 1455 759 1489 Praeterea
779 1457 1021 1499 assignationem
1041 1463 1071 1491 et
1084 1469 1208 1492 conces-

467 1508 586 1541 sionem
605 1510 780 1553 praedictas
805 1510 915 1543 iisdem
934 1511 1028 1544 niodo
1046 1515 1075 1545 et
1095 1512 1207 1553 forma,

467 1561 583 1605 quibus
608 1562 759 1606 praedicti
787 1563 931 1596 Urbanus
959 1567 988 1597 et
1009 1565 1207 1598 Innocentius

466 1615 726 1659 praedecessores
753 1617 820 1649 illas
839 1617 991 1650 maiestati
1013 1623 1082 1651 tuae
1103 1629 1208 1663 respe-

467 1669 546 1702 ctive
573 1670 723 1712 fecerunt,
749 1676 973 1704 concesserunt
997 1677 1027 1704 et
1052 1683 1207 1715 proroga—

466 1729 589 1764 verunt,
613 1734 647 1756 ac
673 1724 757 1757 iuxta
780 1725 990 1767 praefatarum
1022 1726 1206 1759 eorumdem

466 1777 746 1820 praedecessorum
771 1778 949 1811 litterarum
972 1779 1096 1821 seriem,
1114 1780 1209 1814 conti-

466 1831 604 1863 nentiam
624 1835 653 1865 et
678 1837 830 1872 tenorem,
849 1832 949 1865 eidem
969 1833 1121 1866 maiestati
1137 1839 1207 1866 tuae

467 1883 504 1916 ad
529 1884 779 1927 quinquennium
806 1886 986 1929 proximum
1012 1891 1143 1928 tantum,
1158 1897 1207 1920 au-

467 1937 610 1971 ctoritate
635 1939 825 1982 apostolica,
851 1944 958 1972 tenore
983 1941 1206 1983 praesentium,

466 2001 678 2034 prorogamus
703 1998 731 2024 et
757 1992 970 2033 extendimus,
996 2004 1049 2026 seu
1070 1993 1107 2026 de
1125 2004 1207 2027 novo

467 2044 679 2078 concedimus.

510 2098 525 2141 ξ
548 2097 578 2130 4.
604 2098 821 2142 Decernentes,
840 2099 972 2132 durante
992 2101 1206 2144 quinquennio

464 2159 522 2196 per
545 2158 725 2196 praesentes
751 2159 943 2197 prorogato,
969 2155 1131 2198 primates,
1156 2166 1204 2188 ar-

465 2205 692 2250 chiepiscopos,
720 2207 895 2251 episcopos,
921 2207 1068 2249 abbates,
1093 2213 1123 2241 et
1146 2208 1203 2241 de-

464 2255 561 2303 nique
593 2259 775 2293 universum
814 2261 932 2293 clerum
967 2262 1138 2295 secularem
1178 2265 1207 2296 εῑ

465 2311 644 2355 regularem
681 2313 899 2357 praedictum,
925 2321 955 2347 et
987 2325 1205 2359 quoscumque

465 2362 581 2409 quibus
605 2377 700 2410 super
725 2367 887 2409 fructibus,
914 2368 1105 2410 redditibus,
1131 2379 1204 2412 pro-

466 2420 621 2462 ventibus,
647 2421 778 2463 iuribus,
803 2421 1044 2455 obventionibus
1069 2427 1099 2455 et
1120 2433 1205 2456 emo-

466 2470 612 2506 lumentis
629 2474 797 2518 praedietis
815 2475 981 2519 pensiones
999 2486 1118 2509 annuas
1136 2486 1207 2520 apo-

504 2590 512 2614 1
537 2590 670 2616 Particula
694 2594 721 2617 ut
743 2599 788 2617 nos
808 2590 931 2618 addimus
952 2594 986 2626 (a.
1005 2592 1051 2626 r).

1062 183 1239 207 BULLARIUM
1264 182 1419 207 ROMANUM

1245 231 1353 264 stolica
1390 232 1574 265 auctoritate
1612 232 1757 265 versari¹
1793 233 1982 277 contigerit,

1245 284 1275 316 in
1297 281 1434 328 praefata
1452 285 1607 318 solutione
1627 296 1684 329 pro
1703 287 1768 319 rata
1795 287 1982 330 pensionum

1245 348 1280 370 ac
1316 338 1431 371 niensis
1463 338 1643 371 huiusmodi
1673 344 1762 382 parte
1794 350 1983 373 concurrere

1245 390 1361 423 debere
1386 395 1415 425 et
1439 391 1593 435 obligatos
1618 402 1696 434 esse,
1724 403 1840 436 eosque
1858 393 1983 427 solutio-

1246 454 1316 476 nem
1337 444 1400 477 sive
1420 445 1661 488 praestationem
1683 445 1872 488 huiusmodi,
1891 446 1982 480 etiam

1245 498 1409 531 occasione
1433 499 1675 542 praeteritarum
1706 499 1984 541 contributionum,

1246 550 1481 594 impositionum
1515 562 1568 584 seu
1595 563 1748 593 onerum,
1777 552 1825 585 vel
1857 552 1984 587 damno-

1245 615 1314 636 rum
1341 615 1518 648 passorum,
1544 611 1597 638 aut
1617 606 1708 638 etiam
1730 606 1877 649 enormis,
1896 616 1985 640 enor-

1246 657 1402 690 missimae
1433 658 1580 699 lesionis,
1611 658 1657 692 vel
1687 670 1887 704 quocumque
1921 659 1983 693 alio

1245 715 1425 754 praetextu,
1451 712 1482 743 in
1511 716 1574 745 toto
1600 712 1647 745 vel
1668 712 1698 744 in
1723 718 1828 756 parte,
1853 712 1983 746 minime

1245 764 1385 807 effugere
1411 775 1463 797 seu
1490 764 1626 806 differre,
1644 764 1806 810 dictosque
1821 766 1983 810 primates,

1244 819 1510 863 archiepiscopos,
1536 819 1711 864 episcop05‚
1735 819 1882 861 abbates,
1913 819 1984 853 uni-

1245 882 1435 916 versumque
1460 873 1579 906 clerum
1605 873 1778 906 secularem
1803 879 1833 906 et
1857 873 1983 917 regula-

1245 935 1310 957 rem
1323 925 1503 959 huiusmodi
1517 926 1693 970 portionem
1710 931 1739 959 et
1749 931 1846 959 ratam
1860 931 1981 970 partem

1243 979 1460 1022 pensionarios
1484 990 1542 1023 pro
1568 985 1708 1023 tempore
1733 985 1911 1023 tangentem
1944 979 1983 1013 ad

1244 1032 1390 1065 effectum
1418 1033 1582 1066 solutionis
1615 1033 1792 1077 praedictae
1818 1033 1984 1067 detrahere

1244 1091 1273 1119 et
1288 1087 1423 1119 retinere
1438 1087 1609 1131 respective
1624 1098 1730 1131 posse;
1756 1087 1862 1131 sicque
1875 1092 1905 1120 et
1921 1097 1983 1121 non

1243 1140 1333 1172 aliter
1357 1150 1413 1184 per
1432 1151 1649 1184 quoscumque
1671 1140 1789 1174 iudices
1806 1140 1983 1174 ordinarios

1242 1198 1272 1226 et
1297 1193 1465 1236 delegatos,
1491 1194 1582 1226 etiam
1602 1204 1767 1226 causarum
1787 1193 1892 1237 palatii
1910 1203 1981 1238 apo-

1242 1247 1343 1280 stolici
1369 1247 1537 1288 auditores,
1563 1259 1598 1281 ac
1622 1248 1650 1281 S.
1678 1248 1711 1282 R.
1739 1248 1771 1281 E.
1793 1247 1981 1289 cardinales,

1242 1301 1335 1334 etiam
1360 1301 1398 1334 de
1423 1301 1520 1334 latere
1537 1302 1657 1345 legatos
1682 1308 1712 1334 et
1728 1302 1860 1335 nuncios
1873 1302 1982 1345 quavis

1241 1354 1426 1387 auctoritate
1443 1354 1616 1397 fungentes,
1634 1354 1754 1387 sublata
1768 1354 1812 1387 eis
1828 1360 1982 1388 eteorum

1242 1407 1370 1440 cuilibet
1394 1407 1502 1450 quavis
1527 1407 1616 1440 aliter
1642 1407 1798 1440 iudicandi
1823 1412 1854 1440 et
1890 1407 1984 1441 inter-

1242 1460 1383 1504 pretandi
1409 1460 1553 1493 facultate
1578 1466 1607 1493 et
1631 1460 1827 1502 auctoritate,
1851 1460 1983 1494 iudicari

1242 1518 1272 1545 et
1296 1512 1418 1545 definiri
1444 1512 1580 1554 debere,
1605 1523 1640 1546 ac
1672 1513 1796 1547 irritum
1822 1519 1852 1546 et
1875 1513 1983 1555 inane,

1242 1565 1267 1598 si
1300 1576 1389 1599 secus
1414 1576 1510 1610 super
1542 1566 1589 1599 his
1621 1576 1638 1599 a
1665 1576 1847 1610 quoquam,
1874 1566 1989 1611 quavis·

1242 1619 1437 1660 auctoritate,
1465 1619 1599 1653 scienter
1619 1620 1666 1653 vel
1698 1620 1890 1664 ignoranter,
1912 1630 1983 1654 con-

1242 1672 1349 1716 tigerit
1372 1673 1528 1705 attentari.

1287 1726 1301 1770 ἓ
1326 1726 1354 1759 5.
1380 1725 1532 1765 Quocirca
1556 1726 1670 1760 dilecto
1698 1726 1763 1760 filio
1781 1725 1934 1760 moderno
1952 1721 1983 1759 et

1242 1790 1301 1823 pro
1325 1785 1469 1823 tempore
1494 1780 1636 1812 existenti
1661 1784 1770 1814 nostro
1794 1785 1824 1813 et
1848 1781 1983 1824 Aposto-

1242 1832 1319 1866 licae
1351 1833 1439 1866 Sedis
1472 1833 1501 1865 in
1534 1833 1640 1875 regnis
1668 1833 1837 1877 praedietis
1867 1834 1983 1867 nuncio

1241 1897 1298 1930 per
1321 1891 1502 1930 praesentes
1534 1886 1761 1920 committimus
1793 1890 1823 1921 et
1854 1887 1980 1920 manda-

1243 1951 1321 1982 mus,
1336 1946 1499 1985 quatenus,
1516 1951 1573 1985 per
1587 1952 1629 1981 se,
1644 1952 1698 1974 seu
1712 1942 1817 1983 alium,
1832 1942 1879 1975 vel
1894 1942 1983 1984 alios,

1242 1999 1274 2027 ut
1298 1994 1487 2038 praefertur,
1512 1994 1717 2038 deputandos,
1735 1995 1789 2028 ubi
1808 2000 1838 2028 et
1857 1994 1982 2038 quando

1241 2058 1321 2091 opus
1340 2048 1444 2088 suerit,
1458 2053 1487 2080 et
1500 2048 1623 2091 quoties
1647 2059 1706 2092 pro
1721 2053 1810 2092 parte
1823 2050 1876 2081 tua
1890 2049 1984 2082 suerit

1242 2101 1434 2144 requisitus,
1466 2107 1648 2144 praesentes
1680 2101 1798 2135 litteras
1829 2106 1859 2134 et
1883 2101 1913 2134 in
1939 2102 1983 2135 eis

1241 2159 1386 2187 contenta
1410 2165 1627 2198 quaecumque
1661 2154 1846 2188 solemniter
1877 2154 1981 2198 publi-

1241 2217 1324 2249 cans,
1351 2207 1442 2240 saciat
1454 2208 1640 2242 auctoritate
1656 2210 1763 2241 nostra
1781 2208 1837 2241 tibi
1850 2208 1981 2250 fructus,

1242 2260 1393 2302 redditus,
1418 2266 1598 2304 proventus,
1624 2261 1702 2303 iura,
1727 2261 1932 2295 obventiones
1952 2265 1982 2294 et

1241 2316 1452 2349 emolumenta
1476 2316 1637 2361 praedicta
1661 2327 1678 2349 a
1702 2307 1906 2360 primatibus,
1930 2327 1980 2350 ai·-

1240 2369 1459 2414 eliiepiscopis‚
1485 2371 1650 2414 episeopis,
1676 2370 1853 2412 abbatibus,
1870 2381 1906 2403 ac
1931 2370 1981 2404 de-

1239 2423 1334 2466 nique
1359 2423 1505 2457 universo
1530 2424 1616 2457 clero
1634 2424 1766 2457 seculari
1785 2429 1815 2457 et
1840 2423 1979 2467 regulari

1240 2475 1422 2509 militiarum
1457 2481 1486 2510 et
1518 2477 1660 2511 locorum
1693 2477 1978 2511 ecclesiasticorum

1280 2594 1285 2618 1
1308 2592 1344 2619 De
1360 2601 1432 2620 more
1450 2593 1527 2620 solito
1544 2593 1686 2628 tegendum
1704 2593 1846 2621 reservari
1860 2594 1899 2627 (n.
1918 2598 1952 2621 T).

2025 1737 2137 1759 Confirmat
2147 1738 2180 1760 dc·
2220 1739 2241 1763 κύ

1997 1767 2085 1786 cretum.
