2202 3190
218 199 267 226 An.
288 198 316 224 C.
340 198 405 226 1662

231 1375 343 1399 Decretum
355 1383 389 1398 sa-

205 1409 256 1435 crae
275 1410 389 1430 congrega-

205 1433 275 1452 tionis.

452 191 514 224 75ss

414 259 523 280 rumve
535 248 705 287 diversitas,
717 253 760 289 ut,
773 248 845 281 dum
861 248 985 283 insimul
1001 250 1151 291 habitant,

414 301 520 342 gravia
556 312 781 345 nonnunquam
819 303 1069 337 inconvenientia
1105 315 1153 337 sc-

414 360 560 398 quantur,
586 356 733 399 quodque
749 356 892 390 homines
913 357 1066 391 dictarum
1086 369 1153 401 par-

413 407 489 438 tium
516 408 576 439 sint
601 409 713 449 rudes,
740 409 868 453 inopes,
893 412 1151 456 negligenterque

413 460 544 502 educati,
571 472 606 493 ex
632 462 746 505 quibus
773 464 862 496 multi
880 464 917 496 ad
935 465 1076 498 habitum
1096 467 1152 498 sra—

413 518 495 546 trum
521 514 594 547 dicti
621 515 745 549 Ordinis
773 517 893 549 admitti
918 523 1025 562 petere
1040 520 1149 561 solent,

411 571 440 597 et
466 577 690 612 nonnunquam
718 571 870 613 contingit
894 577 928 603 ut
952 573 1064 616 aliquis
1098 573 1151 605 mi-

410 620 507 653 nister
546 622 747 664 provincialis
784 635 818 656 ex
856 625 971 658 eisdem
1008 627 1150 669 partibus

410 678 496 706 ortus
522 679 566 707 tot
591 686 625 708 ex
652 676 712 709 illis
737 677 774 709 ad
801 678 939 711 habitum
969 679 1148 713 huiusmodi

409 727 551 770 recipiat,
576 734 609 762 ut
634 740 669 762 cx
695 730 762 763 aliis
789 732 887 774 magis
913 732 1033 765 idoneis
1061 734 1149 767 locus

407 781 648 824 praecludatur,
674 788 703 815 et
729 783 785 827 ipsi
813 796 828 815 a
854 786 1057 819 conventibus
1093 798 1148 819 nc-

408 840 523 876 queant
548 836 732 877 sustentari;
759 837 892 882 ideoque
909 840 1149 882 praefataccon-

408 888 582 929 gregationi
616 890 789 934 supplicato
821 897 854 923 ut
883 897 1003 925 certum
1037 904 1146 926 nume-

407 951 478 972 rum
504 942 636 974 fratrum
663 954 698 976 ex
730 945 873 988 partibus
909 946 1095 990 supradictis
1117 948 1145 980 in

406 995 564 1036 praefatos
589 1007 639 1028 sex
659 1003 838 1039 conventus,
861 999 1014 1042 videlicet,
1032 1001 1144 1044 Niciae,

406 1046 582 1091 Cespitelti,
608 1050 793 1091 Lantuscae,
819 1052 932 1094 Marri,
959 1053 1093 1086 lllentoni
1118 1059 1147 1087 ct

406 1100 529 1143 Saurgii
556 1103 809 1146 recipiendorum
829 1111 857 1137 ct
879 1105 916 1138 ad
934 1106 1075 1139 habitum
1092 1108 1146 1140 bu-

405 1153 539 1187 iusmodi
576 1156 842 1191 admittendorum
885 1160 1144 1202 praescriberet,

405 1207 457 1249 qui
475 1208 581 1241 excedi
597 1219 658 1241 non
674 1215 793 1253 posset:
809 1213 965 1245 emanavit
980 1213 1018 1245 ab
1034 1214 1142 1247 eadem

405 1262 650 1304 congregatione
675 1263 835 1297 decretum
874 1266 991 1299 tenoris
1017 1267 1069 1310 qui
1096 1277 1144 1299 se-

405 1314 522 1356 quitur,
542 1315 699 1348 videlicet:

455 1379 467 1399 ς(
490 1367 582 1400 Sacra
601 1371 805 1413 congregatio
823 1372 1143 1407 eminentissimorum

405 1424 435 1452 et
458 1421 793 1456 reverendissimorum
829 1431 953 1458 sanctae
986 1427 1143 1461 Romanae

405 1473 542 1507 Eclesiae
564 1476 768 1510 cardinalium
794 1479 928 1521 negotiis
945 1485 974 1512 et
991 1482 1144 1515 consulta-

386 1568 388 1570 Υ
404 1527 541 1561 tionibus
559 1530 781 1574 episcoporum
800 1537 830 1565 ct
846 1534 1039 1576 regularium
1057 1546 1146 1579 prae-

402 1581 516 1624 posita,
531 1583 654 1615 attentis
671 1585 816 1625 narratis,
828 1595 863 1617 ac
873 1586 980 1618 audita
994 1588 1144 1621 relatione

402 1636 617 1677 procuratoris
635 1638 791 1680 generalis
812 1638 935 1671 Ordinis
952 1640 1143 1683 huiusmodi,

403 1688 524 1721 censuit
549 1691 807 1724 committendum
834 1698 864 1725 et
894 1692 1142 1737 iniungendum,

402 1745 498 1783 prout
532 1744 744 1785 praesentium
781 1745 890 1787 vigore
925 1747 1092 1780 committit
1115 1752 1145 1782 ct

402 1794 536 1838 iniungit
549 1796 767 1839 superioribus
781 1799 980 1841 regularibus
993 1811 1051 1844 pro
1068 1806 1144 1834 tem-

402 1858 480 1891 pore
498 1849 570 1881 dicti
596 1849 720 1883 Ordinis
744 1855 773 1885 et
796 1852 988 1895 provinciae,
1007 1854 1045 1886 ad
1065 1865 1143 1898 quos

403 1907 521 1944 spectat
541 1913 595 1935 scu
622 1904 783 1947 spectabit,
804 1910 838 1937 ut
863 1906 892 1938 in
913 1907 1053 1950 quolibet
1077 1919 1142 1940 me-

402 1960 597 1988 moratorum
624 1963 846 1999 conventuum,
864 1959 1007 1992 videlicet
1027 1961 1141 2003 Niciae,

402 2005 557 2050 Cespitelli
573 2036 580 2049 ‚
609 2010 796 2051 Lantuscae,
822 2011 925 2053 Marri,
951 2013 1086 2046 Mentoni
1113 2019 1143 2046 ct

402 2059 526 2103 Saurgii
551 2072 614 2095 non
649 2063 755 2106 plures
792 2064 945 2098 dictarum
976 2067 1141 2109 regionum

402 2114 553 2147 oriundos
577 2116 616 2148 ad
640 2116 780 2149 habitum
805 2119 935 2161 posthac
966 2120 1140 2163 recipiant,

402 2177 455 2200 seu
481 2168 578 2212 recipi
604 2169 727 2210 saciant,
752 2175 804 2204 aut
829 2172 1021 2214 permittant,
1047 2184 1140 2216 quam

402 2221 516 2264 quibus
541 2222 666 2255 eosdem
692 2225 866 2267 respective
891 2232 1062 2259 conventus
1087 2228 1142 2259 ali-

402 2278 505 2307 menta
520 2280 549 2307 et
566 2280 668 2308 cetera
686 2276 723 2308 ad
741 2277 856 2310 victum
879 2280 1057 2312 neccssaria
1073 2281 1143 2313 sub-

401 2327 581 2361 ministrare
598 2340 655 2372 pro
673 2330 792 2363 viribus
817 2331 848 2363 in
876 2331 942 2365 dies
961 2344 1053 2376 posse
1072 2344 1142 2367 con—

402 2380 523 2421 stiterit,
544 2382 669 2425 quique,
696 2383 774 2416 sacta
795 2394 905 2417 corum
931 2396 966 2418 ex
993 2387 1140 2420 omnibus

402 2432 491 2466 dictis
516 2435 721 2468 conventibus
742 2437 937 2479 collectione,
955 2444 1080 2472 centum
1103 2440 1140 2472 ad

403 2495 560 2519 summum
578 2499 636 2531 pro
658 2495 798 2533 tempore
818 2499 1033 2526 numerentur.
1052 2494 1140 2533 Quod

403 2538 427 2570 si
441 2539 548 2572 ctiam¹
564 2542 695 2585 receptis
715 2544 808 2587 aliqui
830 2546 998 2589 supersint,
1012 2547 1050 2579 ab
1068 2538 1140 2581 alio-

441 2602 449 2629 1
472 2601 580 2630 Videtur
595 2603 736 2639 legendum
751 2615 787 2633 ex
801 2607 863 2635 iam
879 2616 926 2643 pro
940 2609 1029 2636 etiam
1041 2611 1077 2645 (R.
1089 2610 1136 2645 T.).

987 202 1166 227 BULLAan
1190 201 1208 227 R
1214 201 1345 227 OMANUM

1188 262 1258 283 rum
1284 250 1483 291 admissione,
1504 261 1666 295 quousque
1687 253 1724 285 ad
1747 253 1925 288 huiusmodi

1188 315 1355 337 numerum
1382 305 1465 338 iuxta
1496 306 1699 349 praemissam
1736 307 1923 342 declaratio-

1188 367 1258 390 nem
1283 358 1498 402 accipiendum
1524 359 1722 402 deveniatur‚
1749 364 1779 392 et
1802 361 1926 394 nonnisi

1188 411 1217 443 in
1235 411 1312 444 locis
1330 412 1408 445 infra
1434 412 1534 456 ipsum
1554 413 1718 454 vacaturiS,
1743 413 1926 448 abstineant.

1187 465 1220 497 Et
1247 465 1406 508 praedicta
1432 466 1536 499 omnia
1560 470 1753 510 exequantur
1774 467 1831 499 sub
1855 477 1927 511 poe·
1973 466 1979 470 “

1186 518 1233 550 nis
1251 529 1287 551 eo
1307 521 1375 562 ipso
1396 519 1592 552 incurrendis
1613 520 1796 563 privationis
1816 521 1928 553 utrius-

1185 582 1245 614 que
1263 572 1346 604 vocis
1364 577 1391 604 et
1406 572 1582 605 officiorum
1604 583 1639 605 ac
1656 577 1825 616 perpetuae
1843 573 1927 605 inha-

1185 625 1313 659 bilitatis
1338 626 1375 658 ad
1401 636 1435 658 ca
1454 631 1483 658 et
1508 626 1567 659 alia
1591 637 1808 670 quaecumque
1827 627 1856 658 in
1873 636 1926 670 po-

1185 683 1303 711 sterum
1329 679 1513 712 obtinenda:
1533 681 1699 713 contrariis
1725 680 1926 726 quibuscum-

1184 742 1244 775 que
1262 742 1323 764 non
1342 733 1547 765 obstantibus.

1228 786 1336 818 Datum
1363 787 1480 819 Romae
1504 797 1557 820 xv1
1587 787 1764 820 decembris
1796 797 1922 821 iunctm.

1420 840 1456 872 M.
1483 840 1650 874 cardinalis
1674 841 1832 874 GnvETTus
1849 853 1877 873 ».

1227 892 1241 935 ἓ
1267 892 1296 924 02.
1322 892 1398 926 Cum
1424 898 1539 934 autem,
1561 893 1640 926 sicut.
1665 894 1793 937 praefati
1819 905 1918 938 expo-

1182 950 1290 978 nentes
1311 947 1400 979 nobis
1417 947 1548 980 subinde
1565 947 1678 991 exponi
1695 948 1843 990 fecerunt,
1862 948 1921 991 ipsi

1182 998 1341 1032 decretum
1367 1000 1565 1040 huiusmodi,
1591 1011 1649 1043 pro
1679 1000 1812 1034 firmiori
1838 1001 1921 1034 itlius

1181 1052 1380 1085 subsistentia
1407 1059 1437 1085 et
1461 1054 1700 1095 observatione,
1733 1055 1921 1098 apostolicae

1181 1106 1429 1138 confirmationis
1449 1112 1574 1139 nostrae
1592 1107 1707 1140 robore
1730 1107 1920 1140 communiri

1181 1169 1381 1202 summopere
1396 1160 1583 1192 desiderent:
1599 1171 1666 1201 nos,
1678 1160 1845 1204 specialem
1860 1161 1920 1193 illis

1180 1213 1312 1254 gratiam
1333 1213 1434 1246 facere
1456 1214 1603 1254 volentes,
1622 1217 1651 1246 et
1679 1225 1788 1247 eorum
1815 1214 1921 1257 singu-

1180 1266 1260 1298 lares
1285 1277 1435 1309 personas
1452 1278 1468 1299 a
1489 1267 1650 1310 quibusvis
1671 1268 1921 1301 excommunica-

1179 1319 1282 1360 tionis,
1301 1320 1513 1363 suspensionis
1534 1326 1562 1352 et
1594 1321 1766 1361 interdicti,
1787 1322 1919 1365 aliisque

1179 1373 1397 1406 ecclesiasticis
1411 1374 1580 1415 sententiis,
1596 1375 1736 1407 censuris
1752 1379 1782 1408 et
1797 1375 1917 1419 poenis,

1179 1436 1195 1457 a
1221 1426 1288 1458 iure
1315 1427 1360 1458 vel
1386 1427 1425 1458 ab
1451 1427 1599 1467 homine,
1623 1428 1731 1470 quavis
1756 1428 1920 1461 occasione

1180 1479 1225 1511 vel
1258 1481 1349 1511 causa
1376 1480 1467 1520 latis,
1493 1480 1516 1512 si
1542 1480 1657 1524 quibus
1681 1481 1919 1524 quomodolibet

1179 1531 1344 1564 innodatae
1370 1533 1515 1573 existunt,
1540 1533 1577 1565 ad
1603 1533 1748 1566 effectum
1774 1544 1919 1577 praesen-

1179 1585 1255 1617 tium
1273 1585 1433 1619 dumtaxat
1454 1586 1720 1629 consequendum,
1737 1587 1849 1620 harum
1870 1597 1919 1620 se-

1178 1639 1223 1671 rie
1248 1639 1444 1671 absolventes
1469 1645 1498 1671 et.
1522 1639 1679 1672 absolutas
1704 1640 1769 1673 fore
1794 1650 1920 1674 censen-

1178 1697 1233 1734 tes,
1259 1692 1541 1735 supplicationiluis
1566 1703 1675 1726 eorum
1702 1693 1828 1727 nomine
1852 1703 1913 1727 no-

1178 1745 1224 1777 bis
1237 1755 1331 1788 super
1344 1745 1404 1778 boc
1418 1746 1579 1779 humiliter
1595 1747 1750 1790 porrectis
1767 1746 1916 1789 inclinati,-

1177 1799 1336 1832 decretum
1362 1799 1603 1842 praeinsertum,
1629 1800 1814 1833 auctoritate
1837 1811 1913 1845 apo-

1177 1853 1297 1892 stolica,
1319 1857 1429 1885 tenore
1448 1853 1672 1896 praesentium,
1690 1853 1915 1887 confirmamus

1176 1909 1206 1939 et
1229 1906 1462 1950 approbamus,
1492 1906 1599 1949 illique
1628 1906 1815 1940 inviolabilis
1840 1917 1916 1951 apo-

1176 1960 1304 1993 stolicae
1329 1960 1486 1992 firmitatis
1511 1960 1611 1992 robur
1634 1960 1813 2001 adiicimus;
1831 1961 1915 1993 salva

1177 2018 1278 2045 tamen
1311 2023 1435 2056 semper
1467 2013 1497 2045 in
1526 2013 1706 2056 praemissis
1730 2014 1914 2048 auctoritate

1175 2065 1274 2098 dictae
1299 2066 1552 2109 congregationis
1577 2066 1791 2100 cardinalium.

1220 2120 1234 2162 ἓ
1250 2118 1278 2152 3.
1297 2119 1508 2153 Deccrnentes
1525 2119 1648 2152 easdem
1667 2125 1848 2164 praesentes
1865 2120 1914 2154 lit-

1176 2182 1299 2216 semper
1323 2172 1451 2213 firmas,
1479 2172 1596 2205 validas
1621 2178 1651 2205 et
1676 2173 1817 2207 efficaces
1841 2173 1909 2207 exi-

1175 2231 1256 2258 stere
1271 2231 1299 2258 et
1314 2226 1389 2265 sore,
1404 2236 1538 2269 suosque
1552 2226 1709 2269 plenarios
1730 2232 1760 2260 et
1773 2227 1912 2270 integros

1176 2279 1302 2312 effectus
1320 2279 1426 2312 sortiri
1447 2285 1476 2312 et
1493 2280 1644 2320 obtinere,
1664 2290 1699 2313 ac
1719 2280 1757 2313 ab
1782 2280 1853 2322 illis,
1873 2281 1913 2314 ad

1174 2343 1253 2376 quos
1270 2338 1388 2376 spectat
1407 2337 1437 2365 et
1454 2343 1511 2376 pro
1529 2338 1669 2377 tempore
1693 2333 1855 2377 spectabit,
1868 2334 1914 2367 in-

1174 2386 1362 2418 violabiliter
1379 2386 1549 2427 observari,
1568 2387 1673 2430 sicque
1688 2387 1717 2418 in
1732 2387 1912 2431 praemissis

1173 2449 1229 2482 per
1261 2449 1476 2482 quoscumque
1507 2439 1646 2481 iudices,
1672 2439 1848 2473 ordinarios
1882 2444 1912 2473 et

1173 2491 1451 2534 delegat08,etia1u
1477 2502 1642 2525 causarum
1666 2492 1771 2536 palatii
1786 2498 1910 2536 aposto-

1174 2545 1223 2578 lici
1248 2545 1417 2586 auditores,
1434 2545 1565 2579 iudicari
1590 2551 1621 2578 et
1645 2546 1769 2579 definiri
1785 2546 1908 2588 debere,

1172 2609 1208 2632 ac
1231 2599 1355 2632 irritum
1381 2604 1411 2632 ct
1430 2599 1530 2640 inane,
1551 2599 1575 2633 si
1593 2609 1682 2633 secus
1707 2609 1801 2644 super
1820 2599 1867 2633 his
1892 2609 1909 2632 a

1938 207 1988 235 An.
2003 207 2034 236 C.
2053 209 2122 238 1662

1937 907 2050 928 Decretum
2059 912 2120 933 prae·

1937 934 2037 954 insertum
2047 934 2120 955 coufir-

1937 962 1987 981 mat.

1954 2127 2074 2151 clausulae.
