2263 3215
545 195 608 228 216

509 262 664 285 summam
690 252 873 285 ducatorum
896 252 1101 285 ducentorum
1123 251 1245 295 parium

509 316 567 349 pro
592 305 741 348 quolibet,
759 315 841 337 nune
863 310 892 337 et
914 315 972 348 pro
990 310 1131 348 tempore
1148 315 1247 337 reser-

509 364 650 390 vatarum
684 362 713 391 et
743 358 1004 391 reservandarum
1020 385 1027 398 ,
1051 358 1191 390 habitum
1217 364 1246 390 et

510 416 671 444 tonsuram
698 411 857 444 clericales
882 416 1025 454 gestare,
1054 416 1083 444 et
1108 411 1137 443 in
1164 411 1263 458 iltis„

509 464 682 496 dummodo
707 464 782 496 alias
804 464 862 508 ipsi
880 465 1021 498 habitum
1041 464 1202 497 decentem
1217 464 1263 496 etl

509 516 675 549 honestum
703 517 854 557 deferant,
880 517 1025 550 incedere
1047 517 1175 549 minime
1193 517 1245 549 de-

509 570 611 611 beant,
636 580 693 603 nec
717 570 754 602 ad
773 570 803 603 id
819 581 835 603 a
849 581 1008 614 quoquam
1026 570 1161 614 desuper
1177 570 1246 613 cogi
1264 575 1265 590 ¹

510 633 564 655 seu
576 623 734 667 compelli,
749 624 915 669 ruinasque
933 624 1052 667 aliquas
1070 623 1248 663 sententias,

510 686 658 709 censuras
683 688 717 709 ac
743 677 835 710 etiam
868 676 1052 720 privationis
1073 687 1126 709 seu
1152 687 1267 714 cessa,

511 728 603 762 tionis
629 729 765 773 ipsarum
792 730 978 774 pensionum
1012 739 1128 773 poenas
1153 718 1267 762 occa-i

510 782 597 816 sione
610 783 856 827 praemissorum
877 784 1039 817 incurrere
1050 783 1182 827 possint,
1197 783 1248 815 sed

510 836 634 869 easdem
648 836 816 880 pensiones
830 837 867 869 ad
883 836 1075 880 praedictam
1091 846 1246 868 summam

509 888 717 922 ducentorum
735 889 920 922 ducatorum
935 888 1137 922 ascendentes
1155 894 1183 921 et
1200 899 1248 921 rc-

509 949 656 985 servatas,
682 947 715 977 ut
738 943 925 987 praefertur,
946 942 1068 976 etiamsi
1091 942 1249 975 matrimo-

508 996 595 1029 nium
621 996 681 1028 iam
708 996 930 1039 contraxerint,
955 996 1001 1028 vel
1026 996 1156 1039 posthae
1174 1005 1247 1029 con-

510 1049 634 1083 trahere
660 1049 836 1089 voluerint,
869 1059 941 1082 cum
974 1048 1065 1081 unica
1091 1054 1194 1080 tamen
1219 1052 1247 1080 et

510 1102 647 1145 virgine,
673 1101 814 1146 recipere
840 1107 868 1134 et
894 1101 992 1134 libere
1017 1101 1170 1140 1·etinere;
1196 1111 1247 1144 po-

509 1161 627 1189 stremo
647 1155 730 1200 quod
754 1155 834 1188 bona
853 1165 1072 1199 quaecumque
1092 1154 1129 1187 ad
1148 1154 1247 1187 dictos

508 1209 712 1243 conclavistas
722 1213 751 1241 et
761 1219 869 1241 eorum
881 1208 1054 1252 quemlibet
1064 1207 1246 1252 spectantia,

507 1266 537 1296 et
556 1272 614 1306 per
638 1272 691 1295 eos
716 1262 808 1294 ctiam
835 1262 955 1294 ratione
973 1272 1247 1305 quorumcumque

507 1315 734 1349 beneficiorum
761 1315 1058 1355 ecclesiastieorum,
1083 1315 1174 1347 etiam
1197 1325 1247 1348 ca-

507 1369 710 1402 nonicatuum
736 1375 765 1402 et
790 1369 1059 1413 praebendarum,
1084 1379 1119 1401 ac
1145 1369 1264 1411 digni·,

508 1426 604 1457 tatum
630 1433 904 1467 quarumcumque
927 1433 984 1466 per
1009 1433 1062 1456 eos
1087 1422 1162 1455 alias
1195 1423 1265 1465 ob-{

507 1480 665 1511 tentorum
683 1482 711 1510 et
729 1477 985 1517 obtinendorum,
1010 1482 1062 1509 aut
1086 1476 1161 1509 alias
1174 1487 1248 1520 quo-

509 1530 679 1563 modolibet
704 1535 733 1563 et
758 1531 868 1573 quovis
898 1530 1040 1575 quaesito
1069 1530 1174 1563 colore
1200 1530 1266 1572 vel,

508 1584 634 1627 ingenio
670 1595 725 1617 seu
757 1594 865 1617 eorum
900 1583 1075 1623 industria,
1109 1576 1266 1626 legitime}

509 1641 610 1671 tamen
635 1649 670 1671 ac
695 1638 770 1670 alias
796 1638 888 1679 licite,
907 1637 1058 1681 aequisita
1083 1648 1118 1670 ac
1145 1637 1248 1681 acqui-

508 1691 623 1731 renda,
648 1691 741 1725 etiam
774 1692 803 1724 in
831 1691 911 1724 Urbe
943 1691 1073 1734 eiusque
1105 1691 1246 1724 districtu

508 1755 544 1777 ae
568 1744 685 1788 ubique
708 1744 881 1783 existentia,
900 1744 1008 1788 spoliis
1030 1743 1157 1777 minime
1178 1744 1247 1777 sub-

508 1797 640 1839 iaceant,
658 1798 711 1831 sed
727 1798 933 1832 conclavistae
948 1797 1110 1842 praedicti,
1125 1798 1246 1831 etiamsi

508 1851 653 1894 religioni
667 1851 798 1884 alicuius
813 1851 952 1891 militiae,
971 1851 1062 1885 etiam
1077 1851 1105 1884 S.
1125 1851 1247 1883 loannis
1263 1867 1266 1877 .

508 1904 795 1949 Hierosolymitani,
815 1905 966 1948 adscripti
985 1905 1112 1944 suerint,
1132 1903 1169 1936 de
1188 1904 1248 1937 illis

508 1957 539 1990 in
563 1958 702 1991 savorem
728 1967 1003 2001 quarumcumque
1028 1964 1266 2002 personat-unu}

507 2011 545 2043 de
570 2010 638 2043 iure
663 2016 767 2043 tamen
788 2010 960 2054 capacium,
978 2010 1099 2043 etiamsi
1114 2010 1248 2043 curiales

508 2074 576 2096 esse
600 2063 760 2102 desierint,
785 2063 815 2095 in
839 2074 1039 2107 quocumque
1064 2064 1133 2096 loco
1154 2074 1247 2107 quan-

507 2117 624 2150 tumvis
659 2122 801 2157 remoto,
835 2117 927 2149 etiam
960 2122 1047 2149 extra
1080 2127 1189 2149 eorum
1219 2123 1249 2149 et

508 2170 677 2203 cuiuslibet
702 2170 841 2213 ipsorum
864 2169 1027 2213 propriam
1047 2169 1247 2203 residentiam

508 2235 562 2258 eos
593 2224 745 2257 decedere
779 2223 955 2266 eontigerit,
982 2223 1086 2256 testari
1113 2228 1142 2255 et
1173 2223 1266 2256 alias·

508 2276 684 2321 disponere,
704 2276 802 2320 iisque
815 2276 853 2309 ab
868 2276 1012 2309 intestato
1025 2276 1249 2309 decedentibus

508 2330 640 2373 legitimi
666 2340 775 2363 eorum
802 2329 952 2362 haeredes
973 2329 1163 2373 quicumque
1182 2340 1248 2363 suc-

509 2383 621 2416 cedere
640 2383 740 2416 libere
753 2388 784 2416 et
797 2383 879 2415 licite
898 2384 1030 2422 valeant,
1044 2383 1137 2415 simili
1154 2383 1248 2417 modo
1263 2410 1265 2426 ,

509 2437 710 2469 concedimus
735 2443 764 2469 et,
783 2436 994 2478 indulgemus.
1020 2436 1265 2479 Praecipicntesj

509 2494 538 2522 et
555 2490 736 2522 mandantes
753 2490 869 2522 eisdem
896 2489 924 2522 S.
951 2490 984 2521 R.
1004 2490 1035 2522 Ε.
1062 2488 1264 2529 camerario„

509 2543 724 2580 thesaurario,
748 2543 1016 2586 praesidentibus,
1042 2542 1164 2575 clericis
1197 2539 1264 2575 cti-3

313 203 350 230 An
379 206 408 230 C.
430 204 498 231 165ss

1097 205 1274 228 BULLARIUM
1299 204 1453 228 ROMANUM

509 2606 613 2629 merae
627 2602 752 2629 nostrae
766 2596 953 2641 praedictae,
964 2601 993 2628 et
1006 2595 1167 2639 quibusvis
1178 2595 1246 2629 aliis
1262 2602 1264 2614 ¹

2046 202 2094 228 An.
2111 202 2137 229 C.
2155 205 2217 233 465ss
2240 223 2243 227 -

1279 251 1451 295 spoliorum
1470 250 1648 283 huiusmodi
1667 250 1888 283 collectoribus
1902 255 1932 283 et
1945 250 2019 283 sub·
2243 251 2244 255 ’

1282 305 1520 344 collectoribus,
1544 314 1579 337 ae
1605 303 1787 337 militiarum
1814 304 2024 348 praefatarum

1280 358 1465 391 officialibus
1497 362 1550 389 aut
1581 357 1764 400 prioribus,
1799 362 1829 389 et
1862 356 2027 400 quibusvis

1279 411 1347 444 aliis
1372 411 1533 455 personis,
1559 417 1619 442 tam
1641 409 1834 443 secularibus
1853 420 1946 453 quam
1968 420 2013 443 re-

1280 464 1450 507 gularibus,
1468 463 1695 506 cuiuscumque
1708 463 1834 506 gradus,
1849 467 1956 502 status,
1972 473 2020 495 or-

1281 518 1361 551 dinis
1386 523 1416 550 et
1440 517 1718 561 praeeminentiae,
1743 516 1865 551 etiamsi
1891 516 2019 560 speciali

1281 573 1355 603 nota
1381 570 1465 613 digni
1484 569 1627 610 existant,
1641 580 1679 602 ne
1693 569 1723 602 in
1737 569 1915 602 huiusmodi
1931 569 2020 603 bonis

1264 615 1266 637 '¹
1283 633 1393 656 manus
1418 627 1588 667 apponant,
1613 633 1714 666 neque
1735 623 1886 656 haeredes
1906 622 2024 666 praesa-

1284 682 1387 709 torum
1406 676 1667 710 conclavistarum
1694 676 1832 720 desuper
1857 677 2023 710 molestare

1283 730 1417 762 audeant
1441 739 1495 762 seu
1520 735 1732 773 praesumant;
1749 740 1785 763 ae
1806 729 1899 762 etiam
1917 729 2024 763 decer-

1284 788 1392 816 nentes
1417 783 1612 822 donationes,
1637 783 1729 816 etiam
1754 793 1812 827 per
1828 783 1909 814 viam
1933 786 2024 816 testa-

1285 836 1379 868 menti
1402 841 1431 868 et
1448 835 1678 876 codicillorum,
1698 846 1754 879 per
1771 835 1855 879 ipsos
1873 835 2024 868 conclavi-

1284 893 1346 920 stas
1363 888 1400 921 de
1418 899 1527 921 eorum
1548 889 1638 921 bonis
1655 887 1837 922 huiusmodi
1855 887 2023 928 faciendas,

1284 951 1408 984 semper
1439 946 1468 973 et
1497 946 1652 985 perpetuo
1677 941 1795 973 validas
1823 945 1853 973 et
1881 940 2025 973 efficaces

1284 994 1366 1033 t'ore3
1392 1004 1449 1027 nee
1474 994 1600 1027 eosdem
1626 994 1848 1033 conclavistas,
1872 1003 2022 1027 eorumve

1283 1046 1429 1089 aliquem,
1465 1046 1502 1079 ad
1527 1047 1646 1079 litteras
1679 1056 1772 1090 super
1803 1045 2022 1090 praesentibus

1283 1098 1513 1133 conficiendas¹
1541 1101 1570 1134 in
1596 1100 1678 1134 dicta
1709 1101 1834 1133 camera
1860 1099 2021 1132 insinuan-

1282 1154 1367 1196 dum,
1393 1158 1445 1188 aut
1469 1155 1588 1188 admitti
1616 1160 1644 1188 et
1665 1154 1826 1197 registrari
1852 1152 2020 1197 petendum

1283 1207 1392 1245 teneri,
1417 1217 1474 1240 nec
1500 1208 1577 1247 illas,
1602 1207 1724 1240 etiamsi
1750 1207 1821 1239 illae
1838 1206 1918 1239 intra
1936 1211 2019 1239 tem-

1281 1271 1338 1304 pus
1363 1261 1539 1303 legitimum
1567 1261 1758 1301 insinuatae,
1787 1259 1942 1292 admissae
1965 1269 2021 1292 seu

1281 1314 1465 1357 registratac
1490 1325 1551 1347 non
1577 1315 1702 1354 suerint,
1727 1319 1895 1358 propterea
1917 1313 2021 1346 minus

1282 1368 1397 1400 validas
1422 1369 1559 1409 censeri,
1586 1367 1639 1401 sed
1664 1377 1737 1400 suos
1756 1366 1914 1411 plenarios
1939 1366 2018 1400 effe-

1281 1427 1349 1455 ctus
1374 1422 1478 1455 sortiri
1505 1422 1637 1461 debere,

1326 1476 1341 1519 ,ξ
1366 1476 1394 1509 7.
1423 1476 1465 1508 Ac
1490 1475 1614 1508 easdem
1640 1475 1769 1516 litteras,
1788 1480 1817 1508 et
1838 1475 1867 1507 in
1890 1474 1934 1507 eis
1951 1484 2021 1508 con-
2035 1485 2213 1522 elafii-iamm-

1283 1533 1364 1563 tenta
1390 1540 1619 1574 quaecumque,
1637 1529 1694 1562 sub
1715 1528 1879 1573 quibusvis
1900 1538 2024 1562 revoca-
2037 1514 2161 1533 ⁵⁸m¹'⁸³⁸'

1284 1584 1438 1625 tionibus,
1464 1583 1743 1628 suspensionibus,
1769 1583 2022 1625 limitationibus,

1283 1636 1587 1676 modificationibus,
1613 1636 1747 1669 decretis
1772 1642 1801 1669 et
1827 1635 2022 1669 constitutio-

1264 1691 1579 1734 {nibustapostolieis
1604 1690 1753 1723 similium
1779 1689 1952 1733 gratiarum
1977 1700 2024 1723 re-

1282 1744 1467 1784 vocatoriis,
1495 1744 1540 1776 vel
1572 1754 1651 1787 quae
1684 1754 1735 1776 eas
1762 1743 1932 1776 limitat-ent
1968 1753 2023 1776 seu

1283 1797 1532 1838 moderarentur,
1546 1808 1625 1841 quae
1650 1808 1666 1829 a
1691 1797 1781 1830 nobis
1799 1802 1829 1829 ct
1845 1796 1927 1829 dicta
1943 1797 2024 1830 Sede

1282 1857 1311 1884 et
1336 1862 1393 1894 pro
1423 1856 1563 1894 tempore
1596 1856 1626 1883 et
1657 1851 1694 1883 de
1726 1850 1888 1894 quibusvis
1920 1851 2023 1884 causis

1263 1901 1373 1936 'etiam
1400 1903 1639 1946 urgentissimis,
1665 1903 1757 1936 etiam
1776 1903 1806 1935 in
1823 1903 1961 1936 savorem
1986 1903 2023 1936 fi-

1281 1957 1329 1990 dei
1355 1963 1381 1989 ct
1409 1956 1504 1989 divini
1537 1957 1638 1989 cultus
1667 1962 1896 1998 augmentum,
1927 1955 2020 1989 etiam

1264 2007 1550 2049 consistorialiter,
1576 2010 1622 2042 vel
1648 2009 1723 2042 alias
1742 2009 1851 2053 quavis
1876 2009 2018 2042 auetori-

1283 2067 1342 2095 tate
1368 2063 1517 2095 hactenus
1543 2062 1588 2094 vel
1615 2062 1644 2094 in
1670 2067 1832 2105 posterum
1858 2072 2021 2095 emanave-

1283 2115 1354 2155 rint,
1380 2115 1509 2147 minime
1523 2115 1767 2158 comprehensas
1784 2124 1862 2155 esse,
1880 2114 1934 2147 sed
1946 2125 2022 2158 quo-

1282 2169 1339 2201 ties
1364 2169 1434 2202 illae
1466 2168 1657 2201 emanabunt
1671 2195 1678 2208 ,
1709 2168 1801 2202 toties
1834 2168 1957 2201 easdem
1990 2168 2021 2201 in

1281 2223 1448 2267 pristinum
1474 2227 1588 2255 statum
1615 2222 1788 2262 restitutas,
1814 2221 1966 2266 repositas
1990 2226 2021 2256 et

1282 2276 1488 2318 reintegratas
1513 2286 1580 2308 esse
1605 2276 1654 2308 et²
1678 2275 1818 2315 censeri;

1326 2331 1342 2371 ξ
1360 2328 1388 2361 8.
1404 2329 1454 2371 (Et
1472 2328 1610 2371 insuper,
1624 2339 1695 2361 eum
1713 2328 1844 2361 dilectus
1862 2327 1945 2361 filius
1962 2328 2019 2361 Au-
2034 2332 2210 2381 Tdufflffiiggss

1281 2382 1425 2425 gustinus
1441 2382 1614 2423 Taurellus,
1628 2381 1760 2414 clericus
1774 2381 1937 2422 Lunensis,
1950 2381 2019 2415 Sar·
2034 2387 2167 2434 &waffrffi
2177 2385 2208 2432 ἑῇ.-

1280 2435 1431 2475 zanensis,
1449 2446 1484 2468 ae
1507 2435 1611 2468 dilecti
1637 2435 1691 2467 filii
1712 2434 1809 2468 nostri
1836 2434 2017 2479 Hieronymi
2034 2418 2135 2460 ᾱννῑέπὶῑῗὲ

1281 2488 1309 2521 S.
1324 2489 1437 2522 Mariae
1451 2488 1684 2532 Transtyberim
1699 2488 1727 2521 S.
1744 2489 1776 2521 ti.
1792 2488 1824 2520 Ε,
1843 2487 2018 2532 presbyteri

1319 2560 1325 2584 l
1350 2558 1416 2585 Male
1433 2558 1476 2585 ed.
1494 2558 1572 2586 lllain.
1589 2558 1652 2593 legit
1671 2558 1881 2592 conficiendum
1894 2560 1934 2587 (n.
1951 2558 1999 2590 Γ).

1315 2603 1330 2629 2
1350 2603 1490 2631 Coniunct.
1507 2606 1531 2631 et
1547 2611 1596 2630 nos
1616 2602 1741 2633 addimus
1755 2606 1792 2637 (a.
1815 2604 1857 2636 ii).
1899 2628 1902 2630 ,
