2243 3205
887 169 981 191 merx
1008 169 1080 191 nant
1093 169 1111 190 Μ
1662 157 1725 190 709

231 222 332 255 Gondi
359 221 506 260 (Ioannes
531 221 720 255 Franciscus
743 221 862 254 Paulus
886 221 925 253 de
949 221 1036 262 Reiz)
1063 220 1093 253 S.
1119 221 1154 256 lx,
1180 221 1212 253 E.
1239 221 1410 255 cardinalis
1436 220 1697 265 archiepiscopus
1714 221 1771 254 Pa-

319 275 460 309 risiensis
486 287 503 308 a
527 286 584 309 sua
609 274 740 309 ecclesia
765 275 891 313 absens,
918 273 981 307 197
1007 273 1033 306 b.

231 327 376 361 Gondrin
402 328 468 371 (de)
493 329 664 369 Heuricus,
689 328 759 361 vide
783 328 948 361 Henricus.

231 381 398 415 Goswinus
422 381 531 415 Nickel
557 382 754 426 praepositus
778 380 942 414 Societatis
966 380 1049 420 Iesu,
1075 379 1138 412 302
1157 391 1194 421 (ι’,
1223 381 1347 414 obtinet
1372 380 1504 415 concedi
1538 380 1771 424 indulgentiam

317 435 497 479 plenariam
523 436 674 469 omnibus
700 436 755 479 qui
780 435 939 468 exercitiis
960 434 1181 478 spiritualibus
1206 434 1364 468 vacabunt
1389 445 1447 477 per
1471 434 1635 468 octiduum
1660 434 1694 467 in
1720 433 1773 467 do-

319 489 425 522 mibus
449 488 592 522 eiusdem
618 489 792 529 societatis,
821 488 918 528 i'bi·cl.;
943 489 1004 531 ipsi
1030 487 1167 521 vicarius
1193 488 1390 530 adiungitur,
1419 487 1495 520 ibid.

232 542 427 576 Graecorum
454 542 626 585 collegium
652 542 692 576 de
715 542 811 583 Urbe,
838 542 908 574 vide
933 541 1109 584 Collegium
1135 541 1342 574 Graecorum.

232 594 460 638 Gregorianum
496 595 666 638 collegium
698 605 754 628 seu
787 594 945 639 hospitale
979 594 1017 628 de
1042 593 1144 634 Urbe,
1169 593 1296 627 Ordinis
1321 594 1351 627 S.
1382 594 1563 633 Benedicti,
1588 593 1774 637 adiungitur

319 647 572 692 Congregationi
597 647 730 690 Angliae
756 647 899 681 eiusdem
924 647 1060 686 Ordinis,
1088 646 1151 679 337
1178 647 1194 678 b
1221 652 1249 680 et
1277 658 1337 690 seq.

231 700 403 744 Gregorius
430 700 596 735 Cornelius
621 701 789 744 episcopus
814 700 995 741 patavinus,
1015 700 1078 733 406
1097 711 1134 741 (ιζ,
1163 700 1248 733 idem
1269 701 1437 744 episcopus
1467 700 1585 747 aliique
1610 710 1775 733 commen-

319 754 432 787 datarii
458 754 732 788 monasteriorum
758 753 1023 797 Congregationis
1048 754 1299 788 Camaldulensis
1324 753 1451 787 Ordinis
1473 753 1503 787 S.
1528 753 1689 787 Benedicti
1710 763 1776 786 mo-

319 808 441 842 nastico
467 807 616 852 regimini
642 820 676 843 se
699 809 846 852 ingerere
870 812 1045 851 nequeunt,
1074 807 1150 841 ibid.

235 861 437 905 Guanguelin
461 862 673 905 Margarithus
697 863 770 895 vide
792 861 1014 905 Margarithus.

235 915 455 950 Guidobaldus
481 915 742 960 archiepiscopus
763 915 1014 959 Salisburgensis
1032 915 1176 958 assignat
1193 915 1337 962 redditus
1354 915 1511 959 quosdam
1537 915 1677 960 capitulo
1702 925 1777 948 suae

329 968 494 1010 ecclesiae,
522 968 587 1003 170
611 970 628 1002 b
652 975 682 1004 et
706 981 768 1016 seq.

992 1132 1017 1164 H

236 1237 405 1278 Haeresis3
434 1237 611 1280 obbligatio
636 1236 833 1279 regularium
866 1236 1082 1271 denunciandi
1116 1236 1292 1271 haereticos
1316 1237 1361 1270 rel
1386 1237 1507 1270 haeresi
1539 1244 1702 1281 suspectos
1732 1238 1780 1271 sui

326 1291 465 1332 Ordinis,
492 1290 556 1325 583
581 1302 601 1323 a
621 1297 652 1324 et
671 1301 748 1334 scq.;
774 1291 807 1323 in
833 1295 903 1323 mat*
918 1291 965 1324 ria
989 1290 1127 1325 haeresis
1152 1301 1216 1324 non
1242 1290 1422 1324 admittitur
1446 1290 1603 1324 correctio
1628 1292 1778 1331 fraterna,

327 1343 393 1377 584
416 1355 445 1378 a.

239 1398 409 1433 Henriceta
433 1397 566 1441 Angliae
590 1398 700 1441 regina
725 1397 833 1438 vidua,
860 1397 924 1430 745
949 1408 979 1430 α.

240 1451 399 1486 Henricus
424 1451 463 1485 de
489 1451 635 1485 Gondrin
659 1451 920 1495 archiepiscopus
940 1451 1145 1492 Senonensis,
1166 1451 1184 1484 6
1207 1462 1247 1491 a;
1274 1451 1441 1494 epistolam
1467 1451 1657 1495 pastoralem
1683 1451 1783 1484 edidit

327 1504 494 1539 occasione
527 1503 755 1549 publicationis
779 1504 1017 1538 constitutionis
1050 1504 1226 1538 innocentii
1252 1504 1276 1536 X
1307 1515 1402 1548 super
1432 1504 1636 1538 damnatione
1667 1515 1783 1549 propo-

330 1558 485 1592 sitionum
512 1557 648 1592 Cornelii
674 1557 812 1591 lansenii
838 1557 953 1597 editae,
982 1557 1075 1598 2'bicl.;
1101 1568 1183 1601 quae
1208 1558 1413 1601 reprobatur,
1440 1557 1516 1594 ibid,

242 1611 485 1656 Herbipolensis
509 1611 649 1656 episcopi
676 1617 706 1644 et
732 1611 862 1655 capituli
881 1611 1051 1645 concordia
1069 1611 1226 1655 quaedam
1252 1612 1398 1652 refertur,
1419 1611 1484 1644 454
1501 1622 1520 1644 α
1545 1616 1575 1644 et
1600 1622 1675 1654 seq.;
1701 1623 1784 1656 quae

332 1676 350 1698 a
376 1675 504 1698 summo
531 1664 685 1698 Pontifice
709 1665 931 1706 confirmatur,
958 1665 1022 1698 457
1051 1667 1066 1698 b
1090 1670 1121 1698 et
1144 1676 1205 1708 seq.

243 1718 428 1763 Hieronymi
446 1718 503 1762 (S.)
529 1719 680 1752 Fesulani
706 1718 929 1762 Congregatio,
953 1717 1016 1751 703
1037 1718 1071 1755 tr,
1095 1718 1252 1762 quaedam
1272 1718 1491 1751 ordinationes
1508 1728 1606 1762 super
1622 1718 1785 1752 electioni-

328 1772 400 1814 bus,
425 1771 609 1806 definitorio
633 1779 663 1805 et
689 1771 806 1805 studiis
831 1773 1026 1813 referuntur,
1054 1772 1134 1811 ibid,
1162 1778 1192 1806 et
1217 1772 1461 1813 confirmantur,
1490 1771 1555 1804 704
1580 1772 1607 1803 b.

243 1825 426 1870 Hieronymi
453 1824 515 1868 (S.)
541 1825 636 1859 Ordo.
665 1825 894 1869 Superioribus
920 1825 997 1858 dicti
1024 1825 1154 1859 Ordinis
1178 1825 1357 1869 provinciae
1382 1825 1597 1869 Portugalliae
1616 1825 1785 1859 mandatur

331 1878 450 1912 solutio
482 1884 623 1912 ratarum
655 1879 842 1912 annualium
877 1878 1151 1923 quindenniorum
1180 1879 1238 1911 sub
1270 1878 1464 1922 praescripta
1498 1878 1638 1919 ratione,
1663 1878 1726 1912 409
1751 1878 1785 1917 b;

331 1931 522 1976 prohibetur
545 1932 594 1966 his
618 1932 802 1976 impetratio
827 1933 1060 1976 cuiuscumque
1078 1931 1182 1965 Brevis
1207 1931 1374 1976 apostolici
1398 1942 1455 1976 pro
1474 1931 1628 1975 religione
1645 1932 1677 1965 in
1698 1942 1784 1965 eom-

333 1985 440 2027 muni,
469 1986 516 2020 vel
541 1997 598 2030 pro
624 1986 821 2029 praesidente
846 1985 997 2030 capituli,
1023 1985 1088 2019 410
1113 1985 1140 2018 b.

244 2040 459 2084 Hieronymus
484 2040 654 2073 Farnesius
678 2040 708 2075 S.
734 2041 769 2074 R.
795 2041 828 2074 E.
858 2040 1029 2075 cardinalis
1054 2040 1085 2073 in
1111 2039 1236 2074 civitate
1261 2039 1421 2072 Bononiae
1446 2038 1486 2073 de
1517 2040 1614 2072 latere
1644 2039 1782 2082 legatus,

334 2092 398 2126 626
424 2104 456 2126 a.

244 2146 469 2190 Hispaniarum
495 2146 562 2189 regi
591 2147 771 2180 subsidium
797 2147 836 2181 ab
868 2147 1090 2182 ecclesiasticis
1116 2156 1289 2190 regnorum
1316 2145 1468 2180 Castellae
1495 2152 1526 2179 et
1550 2146 1697 2190 Legionis
1723 2146 1785 2179 sol-

333 2199 472 2233 vendum
497 2200 695 2241 conceditur,
718 2199 781 2233 389.
807 2201 824 2233 b
849 2207 879 2234 et
903 2212 977 2245 seq.;
1002 2200 1157 2245 pecuniae
1182 2210 1307 2232 summa
1333 2211 1349 2232 a
1375 2211 1473 2244 regno
1495 2200 1621 2234 Siciliae
1642 2200 1726 2233 dono
1746 2200 1786 2233 ei-

339 2251 411 2284 dem
437 2253 542 2293 datur,
569 2251 633 2285 417
660 2252 675 2285 b
701 2258 732 2287 et
755 2263 816 2296 seq.

248 2304 410 2349 Hospitale
434 2304 465 2338 S.
486 2305 611 2339 Ioannis
636 2306 927 2351 Hierosolymitani.
951 2307 1164 2341 Commendae
1182 2313 1245 2340 tres
1268 2306 1435 2350 eriguntur
1453 2317 1488 2339 ex
1506 2306 1600 2339 bonis
1626 2306 1787 2349 cappellae

338 2359 578 2403 praeceptoriae
610 2369 664 2392 seu
699 2360 909 2393 commendae
941 2360 971 2393 S.
1000 2360 1094 2393 Marci
1120 2360 1290 2399 Fanensis,
1316 2359 1380 2392 333
1405 2359 1421 2389 h
1446 2365 1475 2391 et
1501 2370 1586 2402 sequ,
1618 2358 1693 2402 quid
1723 2368 1788 2391 ser-

336 2411 476 2445 vandum
500 2412 540 2446 sit
564 2412 597 2446 in
622 2413 820 2457 resignandis
845 2413 1054 2457 dignitatibus
1090 2424 1163 2447 cum
1197 2413 1411 2446 reservatione
1443 2414 1604 2445 fructuum
1637 2411 1676 2445 ad
1702 2411 1787 2444 savo-

340 2475 407 2498 rem
440 2465 671 2509 resignantium
698 2467 773 2501 dicti
806 2467 981 2512 hospitalis,
1009 2467 1073 2500 :362
1098 2477 1134 2507 α;
1160 2467 1326 2500 decretum
1352 2467 1473 2499 consilii
1508 2466 1585 2499 dicti
1622 2465 1788 2508 hospitalis

338 2518 421 2552 circa
453 2529 609 2564 expensas
642 2519 858 2564 albergiarum
892 2532 948 2565 per
980 2521 1138 2555 baiulivos
1164 2521 1389 2554 conventuales
1414 2520 1637 2559 sustinendas,
1672 2518 1789 2553 confir-

340 2577 448 2606 matur
463 2583 481 2606 a
498 2572 631 2607 Summo
648 2573 816 2616 Pontifice,
839 2573 904 2609 394
921 2586 941 2608 α
959 2579 989 2608 et
1005 2584 1080 2618 serp,
1098 2574 1306 2607 coinniendae
1328 2580 1391 2606 tres
1413 2573 1578 2617 eriguntur
1596 2573 1633 2606 de
1657 2572 1788 2616 Scapez-
