2243 3205
37 168 84 192 An.
101 163 129 190 C.
149 162 217 189 1659

63 224 175 252 Expositis).

57 1613 167 1635 Decretum
178 1618 212 1633 ca·

33 1640 90 1667 pituli
100 1640 210 1666 generalis.

829 155 1014 180 ALEXANDER
1035 155 1079 177 vn
1100 155 1147 177 Pr.

275 209 289 252 ξ
314 208 343 241 l.
368 207 488 251 Exponi
514 207 668 251 siquidem
694 205 786 239 nobis
810 215 911 248 nuper
932 204 970 236 se-

231 266 342 295 cerunt
367 261 471 294 dilecti
504 261 560 293 filii
595 260 728 293 vicarius
760 258 916 302 generalis
941 262 970 289 et

230 314 442 348 delinitorium
456 313 709 357 congregationis
720 312 824 345 Italiae
838 312 968 344 fratrum

230 369 497 402 Discalccatorum
522 373 775 411 nuncupatorum
795 366 919 400 Ordinis
937 366 971 398 E-

230 422 414 455 remitarum
441 421 537 454 sancti
563 421 753 463 Augustini,
779 419 862 463 quod
892 419 966 452 ulti-

230 486 316 508 mum
350 475 489 508 eiusdem
516 473 770 517 congregationis
796 472 968 516 capitulum

229 529 376 571 generale
401 529 457 561 sub
482 528 652 561 directione
671 526 774 559 dilecti
796 526 851 558 filii
872 525 969 558 nostri

230 582 353 615 Ioannis
378 581 532 625 Baptistae
551 581 628 614 tituli
647 581 675 614 S.
694 580 808 613 Mariae
828 580 970 623 Transty-

228 635 329 668 herim
355 635 384 667 S.
402 635 435 667 R.
454 635 485 667 E.
510 633 685 678 presbyteri
712 632 878 665 cardinalis
903 632 971 664 Pat-

228 689 297 722 lotti
321 689 515 732 nuncupati,
541 687 614 720 dieti
651 686 776 720 Ordinis
797 686 889 730 ⁴apud
915 696 970 718 nos

229 748 258 775 et
282 742 393 776 Sedem
420 741 632 785 Apostolicam
658 740 856 784 protectoris,
886 751 969 772 sum-

229 798 279 828 ma
300 806 371 828 cum
396 795 620 838 tranquillitate
638 800 665 826 et
683 804 758 837 pace
776 793 968 827 celebratum

228 848 302 890 fuit,
329 849 412 881 iuxta
437 848 566 881 modum
592 853 622 880 et
647 848 780 880 sormam
806 847 967 879 cuiusdam

227 901 345 934 decreti
371 902 400 934 in
428 901 572 945 proxime
605 901 804 944 praecedenti
831 900 969 944 capitulo

228 955 366 998 generali
392 955 645 997 congregationis
670 953 848 998 praedictae
873 954 967 995 editi,

228 1015 257 1041 et
279 1019 335 1052 per
360 1009 556 1041 venerabiles
589 1009 701 1041 fratres
731 1012 855 1041 nostros
884 1008 967 1040 eius-

227 1061 298 1095 dem
324 1061 352 1095 S.
368 1062 402 1095 R.
420 1062 452 1094 E,
475 1061 649 1094 cardinales
674 1061 808 1104 negotiis
834 1066 862 1094 et
888 1070 965 1094 con-

227 1116 449 1149 sultationibus
475 1116 697 1159 episcoporum
719 1121 748 1148 et
773 1115 966 1158 regularium

226 1169 422 1213 praepositos
447 1169 497 1202 die
514 1179 533 1202 x
556 1169 687 1202 ianuarii
713 1169 856 1212 proxime
881 1180 969 1212 prae-

227 1222 310 1255 teriti
336 1222 383 1266 (ut
407 1222 481 1255 dicti
505 1228 696 1266 exponentes
716 1223 873 1266 asserunt)
899 1233 969 1255 con-

227 1274 366 1317 firmati,
390 1286 452 1319 quo
478 1286 629 1308 numerus
658 1275 813 1309 vocalium
839 1275 968 1319 capituli

226 1329 383 1371 generalis
401 1329 656 1373 congregationis
677 1328 857 1362 huiusmodi
883 1340 969 1373 prae-

227 1383 397 1425 scribitur,
424 1389 453 1416 et
478 1383 516 1416 ad
542 1389 605 1416 tres
638 1394 696 1427 pro
721 1383 860 1427 qualibet
889 1394 966 1426 pro-

227 1436 328 1469 vincia
345 1436 516 1477 reducitur,
533 1442 562 1470 et
579 1437 666 1477 alias,
679 1440 774 1480 prout
791 1436 969 1469 continetur

227 1492 259 1525 in
284 1492 440 1536 scriptura
466 1491 584 1524 tenoris
615 1490 669 1535 qui
701 1490 860 1534 sequitur,
888 1490 968 1523 vide-

227 1545 316 1578 licet:

272 1600 287 1643 ἓ
303 1599 332 1632 2.
355 1612 367 1631 ι
383 1599 436 1632 Die
450 1609 507 1632 xm
521 1599 593 1632 maii
611 1609 737 1639 mnemx,
755 1599 893 1632 sessione
916 1608 968 1639 vn,

227 1653 371 1686 invocato
393 1653 490 1685 divini
515 1653 650 1697 Spiritus
675 1653 809 1693 auxilio,
835 1663 967 1696 congre-

226 1707 306 1750 gatis
320 1707 569 1740 eminentissimo
587 1712 617 1739 et
634 1705 898 1739 reverendissimo
917 1706 969 1739 do-

227 1760 312 1794 mino
326 1760 477 1793 cardinali
491 1760 623 1794 Pallotto
637 1765 817 1803 protectore
836 1764 865 1794 et
882 1770 969 1804 prae-

226 1815 303 1856 side,
320 1826 356 1848 ac
372 1815 514 1858 patribus
532 1814 702 1847 definitor-ii
721 1814 876 1857 generalis
898 1824 969 1847 con-

226 1869 419 1912 gregationis
444 1874 568 1912 patrum
586 1868 850 1901 Discalceatorum
870 1868 967 1901 sancti

226 1922 392 1964 Augustini
405 1922 521 1962 ltaliae,
539 1922 737 1965 propositum
755 1921 823 1962 suit,
841 1932 880 1954 an
898 1932 968 1954 eon-

227 1974 417 2007 strmandum
436 1975 474 2007 sit
499 1975 661 2007 decretum
683 1975 711 2007 in
733 1975 904 2018 praeterito
922 1986 968 2008 ca-

226 2029 326 2073 pitulo
351 2029 502 2071 generali,
527 2029 665 2062 sessione
683 2039 713 2069 x,
731 2029 780 2061 die
798 2038 875 2062 xvln
894 2029 966 2061 maii

226 2093 343 2117 MDCLvl
369 2083 486 2115 editum
502 2110 509 2124 ,
535 2086 564 2116 et
587 2094 604 2115 a
629 2085 717 2116 sacra
750 2083 967 2126 congregatio-

226 2147 266 2170 ne
290 2147 384 2180 super
420 2136 553 2179 negotiis
578 2141 607 2169 et
632 2136 913 2169 consultationibus
938 2147 967 2169 e-

226 2191 430 2235 piscoporum
445 2196 475 2223 et
492 2190 684 2233 regularium
699 2190 876 2234 praeposita
897 2200 967 2223 con-

225 2244 397 2285 firmatum,
422 2254 516 2287 super
541 2243 723 2277 reductione
748 2243 902 2277 vocalium
921 2254 966 2276 ca-

225 2298 314 2342 pituli
340 2298 496 2341 generalis
522 2297 579 2330 sub
604 2297 806 2341 infrascripto
835 2302 965 2339 tenore,

227 2351 387 2384 videlicet:

269 2404 330 2448 §3
354 2417 366 2435 ε
386 2404 430 2437 Ad
449 2404 585 2437 tollenda
602 2403 851 2437 inconvenientia
874 2408 903 2436 et
925 2403 966 2435 in-

225 2458 406 2500 commoda,
432 2469 511 2501 quae
536 2469 571 2490 ex
597 2457 807 2490 celebratione
838 2456 965 2500 capituli

225 2512 382 2555 generalis
407 2522 495 2545 more
516 2511 608 2544 solito
629 2511 815 2553 contingunt
835 2521 870 2543 ex
891 2510 967 2542 mul-

227 2566 357 2600 titudiue
372 2565 524 2600 vocalium
537 2565 574 2598 ad
589 2565 782 2609 praedictum
797 2563 967 2607 capitulum

1005 202 1151 245 generale
1163 200 1423 234 concurrentium
1438 205 1467 233 et
1481 208 1688 243 expensarum
1702 197 1746 230 ul-

1004 261 1052 289 tra
1069 255 1183 288 limites
1200 260 1324 288 nostrae
1342 253 1544 298 paupertatis,
1562 258 1591 285 et
1613 263 1648 285 ex
1663 251 1743 295 peri-

1005 309 1083 342 culis
1095 308 1244 341 itinerum
1258 319 1328 341 cum
1344 307 1478 340 evidenti
1493 306 1681 339 detrimento
1694 315 1747 338 no-

1005 368 1087 396 strae
1099 362 1254 405 regularis
1264 361 1490 403 observantiae,
1501 371 1570 394 cum
1584 359 1747 403 experien-

1005 417 1048 450 tia
1073 422 1271 460 compertum
1298 415 1336 449 sit
1361 425 1575 458 summopere
1599 413 1746 457 expedire

1005 470 1178 514 capitulum
1204 470 1351 513 generale
1384 469 1536 502 celebrari
1569 468 1651 501 iuxta
1676 467 1743 500 for-

1006 535 1088 557 mam
1115 524 1343 568 praescriptam
1370 523 1400 555 in
1426 522 1552 556 decreto
1570 521 1645 554 alias
1666 521 1746 554 facto

1006 578 1037 610 in
1061 577 1230 622 praeterito
1255 576 1400 617 triennio,
1422 581 1451 609 et
1467 586 1484 608 a
1505 577 1593 608 sacra
1619 584 1747 617 congre-

1005 632 1131 674 gatione
1155 630 1314 675 praedicta
1340 630 1538 670 confirmato,
1556 628 1663 673 paucis
1681 639 1747 661 mu-

1006 685 1086 725 tatis,
1105 691 1138 718 ut
1162 685 1252 727 infra,
1278 683 1335 717 sub
1361 683 1573 716 reservatione
1597 682 1745 725 benepla-

1005 738 1057 772 citi
1078 738 1128 772 SS.
1147 739 1179 771 D.
1199 738 1244 779 N„
1263 744 1293 771 et
1314 749 1384 771 cum
1411 736 1639 780 supplicatione
1664 735 1693 768 S.
1715 734 1744 768 S.

1005 803 1064 836 pro
1089 792 1329 826 confirmatione
1355 791 1386 824 in
1411 795 1600 835 perpetuum
1626 800 1684 832 per
1700 788 1747 821 lit-

1005 851 1086 878 teras
1105 846 1135 878 in
1154 846 1253 879 forma
1272 844 1388 884 Brevis,
1402 844 1564 877 decretum
1580 842 1646 883 suit,
1661 841 1745 885 quod

1004 899 1151 943 deinceps
1177 899 1207 931 in
1232 903 1422 943 perpetuum
1455 896 1603 930 accedant
1634 894 1746 928 suffra·

1004 953 1107 995 gaturi
1144 952 1182 985 ad
1218 953 1388 996 capitulum
1424 951 1585 994 generale,
1620 954 1746 993 praeter

1004 1006 1172 1040 admodum
1200 1006 1409 1040 reverendum
1440 1010 1561 1049 patrem
1591 1003 1742 1036 vicarium

1003 1061 1195 1103 generalem,
1209 1066 1344 1104 quatuor
1364 1059 1546 1092 definitores
1571 1056 1744 1101 generales,

1003 1115 1082 1148 duos
1109 1114 1284 1147 visitatores
1309 1113 1482 1157 generales,
1503 1116 1744 1156 procuratorem

1003 1168 1183 1210 generalem
1210 1173 1239 1201 et
1264 1167 1468 1201 secretarium
1495 1165 1686 1209 generalem,
1707 1174 1745 1196 ex

1004 1221 1141 1265 qualibet
1173 1222 1337 1265 provincia
1374 1221 1497 1265 priores
1533 1218 1744 1263 provinciales

1004 1275 1035 1307 in
1068 1275 1204 1319 capitulo
1230 1275 1369 1318 generali
1399 1274 1463 1307 sive
1490 1279 1577 1306 extra
1606 1272 1681 1305 illud
1707 1271 1745 1304 ad

1003 1329 1138 1362 sormam
1162 1329 1340 1362 litterarum
1369 1328 1613 1372 apostolicarum
1639 1326 1745 1366 electi;

1003 1383 1085 1426 quod
1112 1383 1136 1415 si
1161 1382 1297 1426 aliquem
1324 1393 1360 1415 ex
1382 1381 1473 1414 dietis
1498 1379 1745 1425 provincialibus
1774 1374 1777 1376 ’

1003 1441 1072 1469 ante
1098 1436 1238 1480 elapsum
1268 1435 1437 1469 triennium
1467 1438 1496 1468 et
1524 1439 1595 1467 ante
1624 1433 1744 1477 capitu-

1003 1489 1066 1522 lum
1092 1489 1240 1532 generale
1265 1488 1416 1521 decedere
1442 1487 1618 1530 contigerit,
1640 1492 1669 1519 et
1689 1497 1745 1530 per

1005 1549 1126 1587 tempus
1148 1553 1211 1576 non
1236 1542 1360 1575 licuerit
1384 1552 1497 1574 novam
1524 1540 1591 1573 lieri
1618 1540 1744 1574 electio—

1002 1607 1073 1629 nem
1104 1602 1137 1630 ut
1162 1607 1280 1640 supra,
1310 1600 1384 1628 tunc
1409 1595 1457 1628 ius
1482 1593 1601 1627 ferendi
1626 1593 1741 1626 suffra-

1003 1650 1088 1694 gium
1115 1650 1145 1682 in
1171 1649 1308 1693 capitulo
1333 1647 1473 1692 generali
1498 1647 1529 1680 in
1553 1647 1658 1680 locum
1684 1646 1741 1679 de-

1004 1704 1119 1738 mortui
1144 1704 1327 1737 devolvatur
1347 1703 1385 1735 ad
1404 1702 1546 1746 proxime
1570 1706 1745 1734 antecesso-

1004 1767 1069 1789 rem
1096 1756 1127 1789 in
1151 1755 1254 1789 officio
1280 1754 1546 1799 provincialatus‚
1571 1753 1744 1786 dummodo

1003 1810 1046 1842 illi
1071 1820 1134 1843 non
1159 1813 1315 1853 competat
1345 1807 1528 1841 huiusmodi
1554 1807 1600 1839 ius
1626 1806 1744 1839 serendi

1002 1863 1188 1907 suffragium
1214 1863 1244 1895 in
1270 1862 1380 1895 eodem
1406 1861 1543 1905 capitulo
1568 1870 1603 1893 ex
1628 1859 1689 1892 alio
1710 1859 1745 1892 ti-

1003 1919 1084 1960 tulo,
1115 1929 1178 1962 quo
1203 1928 1277 1951 casu
1303 1917 1340 1950 ad
1365 1922 1580 1949 antecessores
1605 1914 1636 1947 in
1660 1914 1743 1947 dicto

1002 1972 1105 2006 officio
1131 1971 1241 2005 eodem
1268 1971 1362 2004 modo
1383 1970 1581 2009 devolvatur3
1600 1973 1630 2001 et
1650 1967 1674 2000 si
1695 1967 1745 2000 de-

1002 2031 1052 2059 tur
1077 2036 1166 2059 casus
1191 2025 1275 2069 quod
1297 2024 1401 2057 nullus
1430 2034 1465 2056 ex
1497 2021 1744 2067 provincialibus

1001 2080 1252 2113 antecessoribus
1272 2079 1391 2120 existat,
1413 2083 1465 2111 aut
1484 2078 1564 2110 ferre
1582 2081 1688 2109 votum
1706 2085 1743 2108 ex

1000 2134 1061 2167 alio
1087 2134 1176 2167 titulo
1201 2133 1321 2177 possit,
1347 2132 1398 2165 tali
1436 2142 1510 2165 casu
1544 2130 1592 2163 ius
1624 2128 1743 2162 serendi

1002 2193 1107 2220 votum
1121 2187 1314 2227 devolvatur,
1326 2186 1356 2219 in
1370 2185 1532 2230 provincia
1545 2185 1694 2223 Romana,
1704 2182 1742 2214 ad

1001 2241 1140 2284 priorem
1167 2245 1340 2273 conventus
1365 2239 1433 2271 Iesu
1458 2231 1572 2270 Mariae
1593 2236 1630 2269 de
1649 2235 1741 2275 Urbe,

1000 2299 1029 2326 ct
1054 2304 1091 2327 eo
1116 2294 1280 2327 deficiente
1298 2299 1351 2326 aut
1367 2292 1506 2336 legitime
1524 2290 1684 2334 impedito,
1703 2289 1742 2322 ad

999 2347 1138 2390 priorem
1158 2351 1329 2380 conventus
1346 2347 1374 2380 S.
1393 2345 1511 2379 Nicolai
1529 2343 1668 2377 eiusdem
1688 2343 1741 2377 Ur-

998 2399 1062 2440 bis;
1078 2401 1107 2432 in
1126 2400 1287 2444 provincia
1304 2399 1519 2443 Neapolitana,
1537 2397 1574 2429 ad
1600 2397 1739 2441 priorem

999 2454 1027 2486 S.
1053 2454 1166 2487 Mariae
1189 2453 1344 2494 Veritatis,
1366 2453 1412 2485 vel
1437 2462 1474 2485 eo
1499 2451 1663 2485 deficiente
1688 2456 1741 2484 aut

999 2508 1138 2551 legitime
1164 2507 1324 2551 impedito,
1343 2506 1380 2539 ad
1409 2506 1548 2550 priorem
1568 2510 1739 2538 conventus

1001 2561 1028 2594 S.
1056 2561 1173 2594 Nic-olai
1196 2560 1399 2594 Tolentinatis
1425 2560 1564 2593 ciusdem
1590 2559 1738 2599 civitatis,

1648 139 1711 173 477
1759 148 1809 175 An.
1826 147 1853 174 C.
1876 148 1944 176 1659
