2202 3190
415 186 478 220 83⁶2
962 198 1135 221 lutrinum
1162 198 1312 221 :animun

459 248 624 282 chiducem
650 248 795 281 Austriae
820 249 865 282 uti
886 249 1034 284 comitem
1053 251 1111 294 Ty·
1161 249 1270 285 CCVII.
1312 250 1409 284 Breve
1441 252 1694 286 confirmationis
1719 261 1902 290 contractus

459 301 547 342 rolis,
563 311 658 344 super
682 301 846 335 nonnullis
871 302 994 336 iuribus
1011 313 1046 336 ac
1064 303 1109 335 iu-

459 354 709 396 risdictionibus,
737 354 810 388 351.

369 409 424 443 CC.
450 408 656 442 Confirmatio
687 408 898 452 quarumdam
930 409 1106 443 ordinatio-

458 473 535 496 num
560 473 617 506 pro
649 462 711 496 vita
736 463 896 496 communi
928 463 1109 507 provinciae

457 515 486 549 S.
516 516 757 550 Bonaventurae
782 517 816 550 in
846 516 947 550 Gallia
983 517 1109 551 Ordinis

458 569 615 603 Minorum
648 570 750 604 sancti
782 571 942 605 Francisci
970 571 1109 604 Conven-

459 622 605 664 matium,
625 621 700 657 355.

369 676 435 710 CCI.
470 676 662 711 Constitutio
695 682 806 710 contra
839 676 1005 720 religiosos
1034 687 1109 711 con-

456 730 651 774 gregauonis
669 730 782 764 Montis
803 730 953 773 Virginis,
973 729 1110 773 dignita-

458 790 515 824 tes,
534 784 732 828 praelaturas
749 788 779 817 et
795 783 899 817 officia
913 784 1016 817 dictae
1035 793 1110 816 con-

456 837 655 881 gregationis
681 848 698 870 a
719 837 977 881 quibuscumque
1001 847 1109 881 perso-

455 890 517 933 nis,
543 896 605 923 tam
631 890 828 924 secularibus
846 901 942 934 quam
960 889 1108 923 ecclesia-

455 944 556 982 sticis,
575 945 672 978 etiam
686 950 814 978 sanctae
827 944 988 977 Romanae
1002 943 1108 978 Eccle-

457 997 522 1031 siae
539 997 767 1037 cardinalibus,
789 1002 1009 1040 procurantes,
1029 996 1104 1029 356.

367 1051 449 1086 CCII.
473 1052 564 1092 Quod
581 1053 612 1085 in
630 1051 803 1096 provinciis
820 1050 1029 1084 cismontanis
1048 1051 1108 1084 sra-

457 1111 541 1139 trum
568 1106 606 1139 de
631 1105 840 1139 Observantia
858 1116 893 1139 ac
914 1105 1109 1139 Reformato-

455 1171 527 1193 rum
552 1159 653 1193 sancti
678 1158 840 1192 Francisci
866 1169 931 1191 non
949 1158 1108 1202 eligantur

456 1213 592 1257 amplius
618 1213 742 1247 vocales
778 1223 834 1246 seu
866 1212 1000 1246 discreti
1023 1224 1040 1245 a
1063 1213 1108 1245 fa-

455 1267 544 1301 milia
568 1272 785 1301 conventuum
810 1265 957 1300 mittendi
982 1265 1020 1298 ad
1049 1277 1107 1299 ca—

455 1321 555 1366 pitula
578 1319 799 1365 provincialia,
826 1318 899 1353 358.

367 1373 465 1409 CCIII.
479 1373 655 1408 Declaratio
670 1384 767 1417 super
788 1373 912 1407 actibus
930 1377 961 1406 et
975 1373 1109 1406 functio-

455 1427 549 1462 nibus
573 1427 741 1461 occasione
769 1426 933 1460 electionis
962 1426 1107 1459 moderni

454 1480 657 1524 imperatoris
681 1480 773 1514 factis
797 1484 827 1513 et
850 1479 1016 1521 faciendis,
1032 1478 1106 1512 359.

367 1535 465 1570 CCIV.
486 1534 654 1569 Costitutio
667 1544 763 1578 super
784 1533 1051 1576 resignationibus
1062 1533 1108 1566 di-

454 1589 612 1632 gnitatum
628 1598 701 1621 cum
714 1587 931 1620 reservatione
946 1587 1107 1620 fructuum

454 1648 485 1675 et
510 1640 795 1674 administrationis
820 1640 858 1672 ad
891 1640 1027 1673 favorem
1054 1649 1108 1672 re-

455 1695 657 1738 signantium
700 1694 869 1738 hospitalis
912 1693 943 1727 S.
981 1693 1108 1727 loannis

454 1748 749 1794 Hierosolymitani,
777 1748 851 1782 361.

366 1804 448 1839 CCV.
472 1803 648 1837 Declaratio
672 1802 825 1836 nullitatis
849 1808 879 1836 et
903 1802 1108 1836 invaliditatis

454 1857 549 1892 edicti
574 1857 666 1891 ducis
691 1856 892 1897 Sabaudiae‚
920 1868 984 1900 quo
1009 1868 1108 1890 enun-

456 1910 518 1944 ciat.
533 1920 566 1944 se
581 1920 768 1954 supremum
793 1909 957 1943 dominum
987 1910 1109 1953 aliquot

455 1970 634 1998 castrorum
658 1963 772 1997 directi
791 1963 925 1996 dominii
942 1963 1109 2007 episcopa-

455 2023 504 2051 tus
529 2017 671 2051 Astensis
696 2017 728 2050 in
755 2017 985 2059 praeiudicium
1019 2016 1109 2050 Sedis

454 2070 670 2114 Apostolicae,
695 2069 734 2103 ad
759 2081 855 2113 quam
880 2075 1003 2114 spectat
1028 2069 1110 2103 eius-

456 2123 543 2157 modi
567 2134 756 2167 supremum
783 2123 975 2162 dominium,
1002 2121 1077 2156 364.

367 2178 460 2212 CCVI.
489 2177 695 2211 Confirmatio
720 2176 974 2221 privilegiorum,
1000 2186 1108 2210 exem-

455 2231 614 2275 ptionum,
639 2230 837 2270 libertatum,
860 2229 1111 2282 immunitatum,

456 2283 645 2328 gratiarum,
664 2283 951 2327 indulgentiarum,
971 2288 1030 2318 etc.
1050 2286 1111 2318 sra-

456 2343 540 2370 trum
584 2337 791 2370 eremitarum
832 2335 961 2369 Ordinis
1009 2338 1110 2372 sancti

456 2389 544 2422 Pauli
581 2389 675 2434 primi
712 2390 865 2423 eremitae
904 2390 963 2422 sub
1001 2392 1112 2433 regula

458 2441 488 2475 S.
516 2442 709 2486 Augustini,
742 2453 868 2477 necnon
893 2445 1112 2478 communica-

459 2494 553 2528 tionis
588 2495 829 2539 privilegiorum
864 2496 1111 2540 quomodolibet

458 2557 683 2581 concessorum
708 2548 853 2592 patrIbus
886 2549 1015 2583 Ordinis
1039 2549 1111 2584 Car-

461 2600 639 2642 thusiensis‚
665 2600 739 2635 367.

1134 2470 1138 2508 Ι

1250 303 1378 337 unionis
1418 314 1473 338 seu
1497 306 1649 340 consortii
1681 306 1834 341 ecclcsiae
1871 308 1900 342 S.

1250 356 1373 398 Iuliani,
1395 358 1480 391 modi
1495 358 1633 401 eligendi
1651 358 1802 392 officiales
1821 359 1902 393 inter

1250 409 1471 444 universitates
1496 422 1690 456 cauponum,
1716 422 1772 445 seu
1798 413 1903 457 hospi-

1250 468 1317 496 tum
1342 468 1373 496 et
1397 463 1635 508 albergatorum
1660 465 1773 506 Urbis,
1801 464 1876 499 381.

1161 515 1283 550 CCVIII.
1309 515 1409 560 Super
1422 517 1661 551 contributione
1674 519 1903 554 ecclesiastico-

1251 580 1322 603 rum
1341 581 1513 614 regnorum
1535 571 1686 605 Castellae
1707 577 1738 605 et
1757 572 1904 616 Legionis

1249 622 1281 655 in
1306 623 1415 657 decem
1440 634 1554 657 novem
1579 625 1778 659 millionibus
1802 631 1832 660 et
1855 626 1903 660 di-

1250 675 1348 709 midio
1379 687 1436 720 pro
1462 677 1647 712 defensione
1672 678 1745 712 fidei
1771 679 1904 713 catholi-

1249 741 1304 764 cae
1329 730 1486 764 dictorum
1511 742 1693 775 regnorum,
1715 739 1745 766 ct
1762 743 1904 776 praeser-

1250 784 1307 817 tim
1332 785 1484 818 adversus
1515 784 1696 819 invasiones
1728 786 1903 830 Anglorum

1248 836 1501 880 haereticorum,
1529 850 1609 883 quas
1642 850 1696 873 rex
1728 840 1904 874 catholicus

1249 890 1400 931 sustinet,
1427 891 1502 925 382.

1161 943 1259 978 CCIX.
1280 943 1487 978 Confirmatio
1505 945 1664 979 facultatis
1691 947 1904 990 cognoscendi

1249 1003 1350 1031 certas
1375 1009 1485 1032 causas
1512 1000 1763 1044 appellationum
1788 1002 1907 1045 praesi-

1250 1052 1399 1085 dentibus
1448 1053 1574 1097 collegii
1614 1055 1782 1088 doctorum
1826 1047 1906 1089 iuris

1248 1106 1415 1149 utriusque
1441 1105 1576 1139 civitatis
1597 1106 1767 1140 Perusinae
1791 1119 1808 1140 a
1828 1109 1906 1142 Leo-

1250 1169 1290 1192 ne
1315 1160 1336 1191 X
1359 1169 1530 1193 concessae
1556 1166 1586 1193 et
1611 1171 1628 1192 a
1649 1160 1807 1194 Clemente
1835 1162 1904 1196 VIII

1249 1213 1467 1254 confirmatae,
1495 1212 1569 1246 386.

1161 1265 1242 1300 CCX.
1283 1265 1374 1304 Quod
1405 1275 1470 1298 non
1510 1265 1721 1300 extrahantur
1763 1266 1836 1300 libri
1871 1273 1902 1301 et

1248 1318 1425 1363 scripturae
1451 1330 1486 1351 ex
1511 1319 1659 1352 archiviis
1683 1327 1710 1353 et
1741 1321 1903 1354 conventi-

1248 1372 1307 1404 bus
1354 1383 1390 1405 ac
1425 1373 1628 1406 bibliothecis
1674 1374 1902 1407 canonicorum

1249 1425 1445 1468 regularium
1471 1425 1732 1470 Congrcgationis
1748 1427 1779 1460 S.
1796 1428 1903 1471 Augu-

1248 1479 1322 1512 stini
1347 1478 1379 1511 in
1404 1490 1501 1522 reguo
1526 1479 1742 1523 portugalliae
1762 1480 1902 1514 existen-

1250 1533 1346 1573 tibus,
1373 1532 1448 1566 387.

1160 1586 1256 1621 CCXI.
1285 1586 1474 1620 Constitutio
1493 1597 1589 1630 super
1608 1587 1834 1622 reformatione
1851 1599 1903 1622 ca-

1248 1640 1342 1684 pituli
1369 1640 1526 1683 generalis
1552 1640 1812 1683 Congregationis
1829 1642 1904 1674 Por-

1248 1693 1401 1735 tugalliae
1437 1693 1663 1726 canonicorum
1707 1694 1902 1737 regularium

1248 1746 1376 1780 Ordinis
1400 1746 1431 1779 S.
1458 1747 1643 1789 Augustini,
1669 1746 1742 1780 388.

1160 1799 1270 1834 CCXII.
1301 1799 1506 1832 Confirmatio
1531 1800 1745 1843 quarumdam
1771 1799 1902 1833 ordina*-

1250 1854 1371 1886 tionum
1396 1863 1454 1895 pro
1479 1852 1642 1896 provincia
1668 1853 1773 1886 Matris
1792 1853 1846 1887 Dei
1869 1853 1903 1886 in

1247 1905 1345 1940 Indiis
1370 1905 1582 1940 Orientalibus
1598 1906 1725 1939 Ordinis
1746 1907 1902 1940 Minorum

1248 1960 1347 1994 sancti
1388 1958 1548 1992 Francisci
1589 1959 1629 1992 de
1671 1959 1877 1993 Observantia
1893 1986 1901 2000 ‚

1248 2012 1324 2046 391.

1162 2067 1288 2102 CCXIII.
1308 2065 1512 2101 Confirmatio
1530 2064 1648 2099 decreti
1669 2065 1777 2109 magni
1796 2066 1904 2109 magi-

1250 2119 1305 2154 stri
1320 2126 1352 2154 et
1372 2118 1495 2152 consilii
1516 2118 1682 2162 hospitalis
1699 2118 1799 2152 sancti
1814 2118 1903 2152 Ioan-

1250 2174 1300 2207 nis
1328 2171 1612 2216 Ilierosolymitani
1643 2171 1725 2205 circa
1750 2181 1901 2216 expensas

1251 2224 1464 2269 albergiarum
1497 2235 1553 2268 per
1582 2223 1738 2257 baiulivos
1762 2235 1899 2258 conven-

1251 2278 1350 2312 tuales
1367 2279 1399 2312 in
1419 2287 1529 2312 eorum
1547 2288 1564 2310 a
1580 2283 1742 2310 conventu
1760 2277 1903 2310 absentia

1252 2333 1464 2373 sustinendas,
1492 2331 1568 2365 394.

1163 2386 1287 2421 CCXIV.
1315 2386 1403 2419 Bulla
1429 2385 1494 2418 sive
1517 2384 1641 2417 litterae
1664 2383 1837 2417 decretales
1854 2393 1903 2416 ca-

1250 2438 1465 2473 nonizationis
1481 2438 1512 2472 S.
1529 2438 1669 2472 Thomae
1686 2438 1724 2471 de
1743 2434 1902 2471 VilIanova

1250 2492 1480 2537 archiepiscopi
1506 2491 1677 2532 Valentini,
1704 2489 1779 2524 396.

1161 2548 1268 2583 CCXV.
1283 2547 1375 2587 Quod
1388 2546 1494 2581 ludaei
1508 2546 1632 2580 solvere
1645 2549 1815 2579 teneantur
1827 2554 1901 2587 pen-

1250 2601 1354 2636 siones
1379 2600 1548 2634 domorum
1577 2599 1776 2632 illocatarum
1800 2595 1900 2640 ghetti
