2202 3190
277 192 326 220 An.
341 192 368 221 C.
391 192 456 220 ¹661

284 1205 410 1236 'Decretum
429 1205 455 1226 ir-

272 1235 344 1253 rttans.

273 1681 383 1703 Contraria
395 1680 454 1704 tollit.

504 183 567 217 708

473 240 497 272 si
531 239 644 283 quibus
681 239 917 283 quomodolibet
954 240 1118 275 innodatae
1149 243 1211 276 exi-

473 298 566 331 stunt,
581 292 618 324 ad
643 292 788 325 effectum
814 294 1025 337 praesentium
1051 294 1212 327 dumtaxat
1246 305 1323 335 rem,
1348 295 1404 327 sub
1430 295 1545 328 annulo
1571 295 1749 336 piscatoris,
1774 296 1823 329 die
1840 307 1916 331 xxiv
1933 309 1985 332 au-

473 345 747 388 consequendum,
773 346 884 379 barum
911 348 991 380 serie
1016 348 1211 381 absolventes

473 403 502 429 et
526 398 683 431 absolutas
719 399 785 431 sore
820 406 981 434 censentes
997 428 1004 441 ,
1028 401 1209 434 huiusmodi

473 451 754 495 supplicationibus
780 453 928 494 inclinati,
952 455 1098 497 praefatis
1124 454 1212 486 mini-

472 508 537 536 stro
561 504 757 547 provinciali,
781 506 912 549 aliisque
939 507 1156 551 superioribus
1182 512 1211 539 et

471 556 622 589 fratribus
647 558 826 600 provinciae
840 557 1030 599 huiusmodi,
1046 566 1106 592 tam
1125 570 1211 603 prae-

472 609 610 641 sentibus
642 620 735 652 quam
769 611 904 651 suturis,
929 613 966 644 ad
991 624 1069 656 quos
1093 618 1211 656 spectat

472 667 501 693 et
525 672 583 704 pro
609 667 750 705 tempore
776 664 939 706 spectabit,
964 671 994 697 et
1017 676 1127 698 eorum
1145 665 1210 697 cui-

471 715 546 748 libet
570 715 600 746 in
632 715 746 749 virtute
780 723 903 750 sanctae
935 719 1150 759 obedientiae,
1175 729 1210 751 ac

472 768 529 799 sub
554 768 737 811 privationis
762 770 845 802 vocis
870 771 988 804 activae
1006 777 1035 803 et
1059 772 1209 814 passivae,

471 820 713 864 officiorumque
748 826 777 855 et
813 829 982 866 perpetuae
1008 824 1210 856 inhabilitatis

470 872 523 904 ab¹
542 874 651 906 eadem
670 875 737 917 ipso
751 876 830 908 sacto
849 876 1055 918 incurrendis,
1073 877 1208 910 auctori-

470 931 532 958 tate
545 927 726 970 apostolica,
740 934 849 961 tenore
864 930 1089 972 praesentium,
1103 931 1210 963 stricte

470 981 680 1024 praecipimus
696 987 724 1014 et
743 983 935 1026 mandamus,
953 989 1106 1027 quatenus
1124 995 1210 1028 prae-

470 1033 584 1065 dictam
605 1035 850 1077 processionem,
865 1036 945 1068 sicut
962 1042 1060 1078 antea,
1080 1047 1210 1069 conven-

470 1087 595 1120 tualiter
619 1093 649 1120 et
674 1100 744 1121 cum
770 1090 859 1124 solita
884 1101 976 1124 cruce
1001 1091 1149 1124 associari
1167 1092 1208 1123 sa-

471 1140 563 1173 ciant.

514 1193 529 1236 §
553 1193 582 1226 3.
610 1194 819 1229 Decernentes
848 1201 878 1228 et
906 1197 1101 1230 declarantes
1126 1199 1209 1241 quod

471 1245 501 1277 in
526 1247 655 1290 reliquis
678 1259 735 1291 per
755 1249 815 1282 hoc
839 1250 959 1282 nullum
980 1251 1207 1293 praeiudicium

471 1298 591 1331 illatum
625 1305 790 1335 censeatur
825 1303 1076 1346 exemptionibus
1101 1305 1209 1347 vigore

470 1353 727 1386 constitutionum
752 1355 994 1397 apostolicarum
1016 1356 1131 1388 eisdem
1157 1357 1210 1388 mi-

469 1406 569 1438 nistro
604 1406 786 1449 provinciali
824 1407 955 1450 aliisque
994 1409 1209 1451 superioribus

470 1463 501 1490 et
524 1458 674 1491 fratribus
699 1460 971 1502 competentibus,
997 1461 1073 1493 itaut
1100 1462 1209 1494 huius-

471 1511 555 1544 modi
582 1512 728 1555 exemplo
752 1512 789 1544 ad
816 1513 1055 1546 associationem
1077 1514 1208 1547 aliarum

470 1564 722 1608 processionum,
747 1576 869 1598 necnon
886 1566 923 1598 ad
941 1567 1016 1599 alias
1037 1567 1210 1601 functiones

470 1618 556 1650 nullo
582 1618 675 1651 modo
701 1619 849 1662 compelli
876 1620 1004 1662 possint.

516 1672 530 1714 ξ
554 1671 583 1703 4.
617 1672 684 1704 Non
717 1672 913 1705 obstantibus
937 1673 1210 1707 constitutionibus

472 1728 501 1758 et
517 1725 767 1758 ordinationibus
785 1726 975 1769 apostolicis,
993 1737 1125 1767 necnon,
1139 1738 1211 1771 qua-

472 1783 561 1810 tenus
585 1788 663 1821 opus
689 1778 737 1818 sit,
763 1778 888 1811 Ordinis
912 1789 948 1812 ac
972 1780 1154 1822 provinciae
1181 1786 1211 1813 et

471 1835 642 1864 conventus
667 1831 868 1873 huiusmodi,
893 1832 985 1864 etiam
1022 1833 1209 1874 iuramento,

471 1884 711 1917 confirmatione
735 1885 925 1928 apostolica,
951 1886 998 1918 vel
1023 1887 1131 1929 quavis
1156 1887 1210 1919 fir-

472 1938 579 1969 mitate
603 1938 663 1969 alia
688 1938 856 1978 roboratis,
878 1939 999 1972 statutis
1025 1944 1054 1971 et
1079 1950 1210 1972 consue-

471 1990 642 2030 tudinibus,
667 1991 843 2034 privilegiis
867 2002 1002 2035 quoque,
1028 1992 1155 2025 indultis
1181 1998 1211 2025 et

471 2042 584 2075 litteris
609 2044 789 2086 apostolicis
827 2044 857 2076 in
890 2044 1082 2077 contrarium
1119 2056 1210 2088 prae-

473 2096 640 2128 missorum
666 2096 903 2139 quomodolibet
927 2098 1104 2138 concessis,
1138 2109 1210 2132 con-

471 2148 603 2181 firmatis
627 2155 657 2181 et
681 2150 850 2190 innovatis3
872 2151 986 2194 quibus
1012 2152 1159 2184 omnibus
1180 2157 1210 2184 et

471 2202 613 2244 singulis,
628 2203 754 2235 illorum
773 2209 897 2236 tenores
918 2205 1138 2247 praesentibus
1151 2215 1209 2248 pro

471 2255 561 2297 plene
579 2261 609 2288 et
628 2256 819 2289 sufficienter
834 2258 990 2300 expressis
1005 2268 1040 2290 ac
1057 2257 1095 2290 de
1113 2258 1208 2291 verbo

471 2307 508 2339 ad
534 2309 665 2341 verbum
691 2309 815 2342 insertis
847 2310 1017 2353 habentes,
1044 2311 1104 2343 illis
1134 2312 1208 2344 alias

472 2360 503 2392 in
528 2371 584 2394 suo
609 2362 724 2394 robore
748 2364 973 2406 permansuris,
999 2364 1036 2396 ad
1060 2365 1209 2407 praemis-

472 2423 578 2445 sorum
604 2415 760 2456 effectum,
785 2416 843 2449 hac
867 2417 933 2450 vice
948 2417 1116 2459 dumtaxat,
1139 2429 1209 2461 spe-

472 2465 590 2498 cialiter
608 2473 637 2499 et
652 2478 798 2512 expresse
813 2470 1018 2512 derogamus;
1033 2472 1210 2515 ceterisque

472 2520 636 2553 contrariis
660 2522 922 2567 quibuscumque.

507 2585 520 2611 1
542 2584 626 2619 Male,
647 2586 676 2611 ut
694 2593 793 2621 supra,
813 2585 911 2621 legitur
930 2587 968 2614 ad
987 2587 1087 2615 eadem
1106 2589 1144 2623 (a.
1161 2587 1207 2624 aa).

1050 194 1234 221 BULLARIUM
1254 194 1409 220 ROMANUM

1290 243 1400 275 Datum
1426 242 1552 284 Romae,
1577 241 1658 286 apud
1681 242 1711 276 S.
1738 243 1866 277 Mariam
1890 245 1983 280 Maio-

1246 349 1327 390 gusti
1345 357 1472 390 iimchi,
1497 348 1696 392 pontificatus
1712 350 1810 382 nostri
1828 360 1909 385 anno
1930 361 1983 385 vu.

1282 409 1338 436 Dat.
1356 409 1398 436 die
1414 410 1447 436 24
1464 411 1569 446 augusti
1587 411 1664 445 1661,
1681 411 1777 447 pontis.
1795 420 1864 439 anno
1879 419 1925 440 vn.

1545 554 1686 588 CCCLIV.

1247 632 1457 674 Confirmatio
1478 633 1723 666 ordinatiomcm
1741 638 1769 667 et
1793 634 1984 668 declaratio-

1288 692 1368 714 num
1393 683 1652 726 conqreqationis
1669 685 1828 727 generalis
1842 685 1982 718 Societa-

1289 736 1328 767 tis
1352 736 1426 768 Iesu
1451 737 1537 768 εἶναι
1573 737 1833 770 iurisdictionem
1856 742 1885 770 et
1916 748 1980 781 yu-

1289 788 1509 821 bernationem
1532 789 1652 822 vicarii
1666 790 1828 832 yeneratis
1845 801 1918 824 cum
1934 791 1983 834 fu-

1290 842 1362 873 lurd
1384 841 1605 875 successz'one¹.

1436 922 1604 949 Alexander
1623 923 1701 956 Papa
1721 923 1782 956 VII,

1386 967 1420 992 ad
1442 966 1573 993 futuram
1593 968 1638 993 rei
1659 968 1836 994 memoriam.

1288 1036 1302 1078 ἓ
1327 1035 1356 1068 1.
1382 1036 1464 1069 Alias
1488 1047 1545 1069 nos
1570 1037 1689 1070 dilectis
1714 1037 1785 1070 filiis
1809 1047 1982 1080 congrega-

1244 1088 1317 1120 tioni
1355 1090 1493 1131 generali
1532 1089 1694 1123 Societatis
1726 1090 1794 1123 Iesu
1829 1090 1981 1124 vicarium

1242 1146 1427 1184 perpetuum
1453 1153 1522 1174 cum
1549 1142 1654 1175 sutura
1685 1143 1722 1175 ad
1753 1143 1818 1176 eius
1842 1143 1981 1177 savorem

1244 1194 1272 1225 in
1298 1194 1401 1227 officio
1425 1195 1593 1238 praepositi
1619 1196 1774 1238 generalis
1798 1195 1899 1229 dictae
1924 1196 1982 1230 So-

1245 1246 1374 1286 cietatiS,
1396 1247 1659 1291 quandocumque
1677 1248 1752 1280 illud
1778 1258 1835 1291 per
1850 1249 1981 1289 obitum,

1244 1300 1433 1341 cessionem,
1461 1301 1727 1333 renunciationem
1757 1303 1804 1334 vel
1828 1302 1983 1335 dimissio-

1244 1363 1315 1385 nem
1343 1354 1446 1386 dilecti
1481 1354 1534 1386 filii
1553 1354 1691 1387 Goswini
1712 1355 1817 1388 Nickel
1842 1366 1979 1399 praepo-

1245 1406 1293 1438 siti
1314 1407 1468 1449 generalis
1494 1407 1632 1440 eiusdem
1648 1408 1821 1449 Societatis,
1835 1418 1889 1441 seu
1906 1409 1981 1442 alias

1244 1459 1503 1502 quomodolibet,
1536 1471 1571 1492 ex
1597 1461 1678 1493 illius
1704 1463 1839 1504 persona
1870 1472 1982 1494 vacare

1245 1513 1450 1556 contingeret,
1468 1514 1675 1555 successione,
1700 1525 1736 1547 ac
1759 1525 1830 1547 cum
1856 1515 1982 1548 univer-

1244 1566 1298 1598 sali
1317 1572 1347 1598 et
1366 1566 1465 1599 libero
1490 1567 1636 1600 exercitio
1661 1568 1833 1611 potestatis,
1851 1569 1981 1602 servatis

1244 1619 1320 1651 alias
1345 1619 1525 1660 servandis,
1547 1620 1681 1662 eligendi
1706 1621 1831 1663 plenam
1860 1625 1890 1655 et
1913 1632 1981 1654 am-

1244 1672 1326 1714 plam
1357 1672 1535 1705 facultatem
1569 1673 1735 1706 tribuimus
1766 1680 1796 1706 et
1827 1674 1980 1718 impartiti

1244 1735 1362 1765 sumus,
1379 1731 1409 1757 et
1425 1726 1511 1766 alias,
1536 1732 1629 1769 prout
1650 1727 1680 1758 in
1698 1727 1812 1761 nostris
1829 1727 1861 1759 in
1885 1727 1982 1760 simili

1244 1780 1344 1811 forma
1378 1779 1485 1812 Brevis
1520 1779 1569 1811 die
1601 1779 1703 1822 prima
1732 1780 1808 1812 iunii
1838 1781 1982 1824 proxime

1244 1832 1403 1875 praeteriti
1433 1831 1567 1874 desuper
1584 1832 1746 1875 expeditis,
1771 1843 1906 1876 quarum
1931 1839 1980 1866 te-

1244 1888 1353 1917 norem
1386 1884 1603 1927 praesentibus
1634 1895 1693 1928 pro
1721 1886 1813 1928 plene
1837 1891 1867 1918 et
1890 1886 1980 1919 suffi-

1244 1937 1361 1970 cienter
1386 1948 1533 1981 expresso
1551 1937 1660 1970 baberi
1682 1939 1835 1979 volumus,
1852 1939 1982 1973 uberius

1244 1990 1429 2023 continetur.

1288 2043 1302 2086 ξ
1327 2043 1357 2076 t.
1385 2044 1460 2076 Cum
1487 2047 1611 2085 autem,
1637 2043 1717 2076 sicut
1741 2054 1798 2087 pro
1821 2049 1910 2087 parte
1933 2044 1982 2077 di-

1243 2101 1310 2129 ctae
1327 2097 1581 2139 congregationis
1598 2097 1752 2139 generalis
1772 2097 1864 2130 nobis
1881 2107 1981 2141 nuper

1244 2149 1421 2193 expositum
1447 2149 1513 2191 suit,
1534 2149 1641 2182 eadem
1668 2150 1870 2193 congregatio
1894 2160 1982 2194 prae-

1243 2204 1377 2236 fatarum
1403 2207 1580 2236 nostrarum
1614 2204 1788 2237 litterarum
1814 2204 1922 2247 vigore
1949 2204 1981 2236 in

1243 2257 1393 2289 vicarium
1415 2257 1593 2299 generalem
1610 2262 1799 2301 perpetuum
1817 2257 1917 2290 dictae
1929 2257 1982 2291 So-

1243 2310 1362 2342 cietatis
1376 2310 1507 2352 elegerit
1521 2310 1667 2343 dilectum
1682 2310 1773 2343 etiam
1788 2311 1886 2343 filium
1897 2310 1982 2344 Ioan-

1242 2374 1313 2396 nem
1339 2363 1467 2396 Paulum
1494 2363 1623 2405 Olivam,
1643 2364 1860 2408 presbyterum
1887 2374 1980 2407 regu-

1243 2417 1338 2448 larem
1366 2416 1462 2460 ipsius
1486 2416 1658 2457 Societatis,
1679 2428 1750 2449 cum
1776 2417 1844 2450 iure
1867 2426 1977 2450 succe-

1243 2469 1334 2502 dendi
1350 2496 1357 2510 ‚
1383 2470 1414 2502 in
1439 2480 1572 2513 eumque
1602 2470 1770 2503 contulerit
1794 2470 1978 2503 exercitium

1242 2523 1418 2557 universale
1437 2534 1473 2557 ac
1497 2524 1631 2556 liberum
1648 2524 1809 2568 potestatis
1840 2533 1903 2557 non
1931 2533 1981 2557 re-

1278 2588 1291 2615 1
1313 2587 1350 2614 Ex
1370 2587 1475 2622 Regest.
1496 2586 1522 2613 in
1542 2586 1642 2615 Secret.
1664 2586 1740 2614 Brev.

2001 196 2050 224 Αιι.
2063 196 2092 224 c.
2113 197 2176 227 {681

2023 1047 2161 1075 supplicatio.

2022 2053 2108 2074 Mottvn.
