2243 3205
224 188 271 216 Αη.
293 189 321 216 C.
344 189 410 217 1659

250 356 389 377 Pruommum.

250 832 335 852 Motiva,

456 181 519 215 496

613 239 777 266 Alexander
797 240 875 274 Papa
895 241 962 275 VH,

569 282 604 308 ad
620 282 751 310 futuram
768 283 812 310 rei
832 285 1012 312 memoriam.

1003 193 1180 218 BULLARIUM
1205 193 1359 217 ROMANUM

1191 246 1220 273 ct
1245 241 1473 274 monachorum
1507 243 1754 276 correctionibus
1788 254 1855 276 sese
1880 244 1926 276 in-

1192 305 1312 337 gerere,
1325 295 1465 338 quinimo
1483 295 1661 339 superiores
1679 296 1778 329 dictae
1795 296 1927 339 Congre-

466 343 660 377 Sacrosancti
687 344 877 388 apostolatus
897 346 1034 380 officium
1057 347 1157 380 humi·
1192 347 1333 390 gationis,
1360 348 1549 381 monasteria
1574 348 1731 392 praedicta
1756 348 1880 382 visitare
1897 356 1927 382 et

420 396 496 430 litati
529 401 655 429 nostrae
691 407 748 441 per
780 398 1002 432 abundantiam
1034 400 1156 432 divinae

420 449 567 482 bonitatis
590 451 792 484 commissum
814 453 962 496 exposcit,
983 458 1015 486 ut
1035 453 1157 495 religio-

421 512 528 535 sorum
554 502 694 536 virorum
713 503 770 536 sub
796 505 880 537 suavi
907 506 1060 548 regularis
1079 506 1156 539 vitae

420 555 495 599 iugo
526 556 674 588 Altissimi
713 557 872 601 obsequiis
908 559 1155 602 mancipatorum

420 613 583 651 paternam
609 620 715 642 curam
736 614 889 653 gerentes,
911 611 981 644 illos
1006 622 1022 643 a
1046 621 1155 654 grava-

420 661 558 694 minibus
572 662 719 695 indebitis
737 668 889 706 tueamur,
903 674 938 696 ac
952 674 1060 697 eorum
1076 674 1157 696 com-

421 713 523 747 modis
547 719 577 748 et
601 715 681 748 felici
699 716 874 757 directioni,
892 722 1042 760 quantum
1067 716 1156 749 nobis

422 776 457 800 ex
482 768 544 801 alto
568 769 761 810 conceditur,
787 769 1016 802 consulamus¹t

466 820 481 863 ἓ
507 820 534 853 l.
559 821 634 855 Cum
659 822 781 866 itaque,
805 822 885 855 sicut
915 822 1046 854 dilectus
1075 821 1158 855 filius

422 873 532 906 Petrus
557 874 749 918 Ferraccius,
774 875 869 908 abbas
901 875 1055 918 generalis
1079 875 1156 908 Con-

423 926 616 969 gregationis
640 925 884 960 Camaldulensis
908 926 1031 960 Ordinis
1061 927 1157 960 sancti

422 977 588 1021 Benedicti,
613 979 704 1012 nobis
724 989 825 1023 nuper
842 979 952 1023 exponi
978 978 1063 1021 fecit,
1087 979 1160 1012 licet

422 1031 503 1063 sacri
527 1031 655 1065 Concilii
679 1032 852 1065 Tridentini
876 1032 1010 1065 decretis
1033 1036 1158 1065 cautum

421 1083 590 1127 reperitur,
617 1089 650 1116 ut
673 1084 795 1128 priores
825 1084 1025 1124 claustrales,
1053 1087 1106 1117 aut
1129 1083 1160 1116 in

421 1136 613 1179 prioratibus
638 1141 846 1170 conventuum
878 1136 1065 1169 habentibus
1090 1136 1160 1169 sub-

421 1188 544 1234 priores
564 1189 616 1233 qui
643 1190 854 1223 correctiones
875 1194 904 1222 et
928 1189 1090 1233 spirituale
1114 1199 1160 1222 re-

422 1242 526 1284 gimen
552 1247 715 1284 exercent,
741 1254 758 1276 a
788 1244 930 1288 capitulis
961 1242 1159 1286 generalibus

421 1294 469 1327 vel
494 1294 633 1338 ipsorum
659 1296 811 1329 Ordinum
838 1296 1049 1329 visitatoribus
1073 1295 1160 1328 insti-

422 1355 558 1391 tuantur,
575 1352 716 1385 nonnulli
742 1352 946 1385 nihilominus
964 1352 1160 1386 commenda·

421 1405 493 1437 tarii
517 1406 668 1449 quaedam
690 1406 878 1439 monasteria
901 1406 1160 1450 Congregationis

421 1459 578 1503 praefatae
602 1459 632 1492 in
657 1460 875 1493 commendam
909 1461 1102 1501 obtinentes,
1131 1466 1160 1494 et

422 1512 583 1555 signanter
597 1513 783 1546 venerabilis
797 1514 892 1546 frater
906 1514 1077 1557 Gregorius
1090 1514 1160 1548 Cor-

422 1566 522 1599 nelius
548 1566 713 1610 episcopus
737 1567 912 1608 Patavinus,
929 1568 981 1611 qui
1008 1573 1161 1601 monaste-

423 1619 505 1652 rium
545 1620 701 1652 abbatiam
738 1626 950 1664 nuncupatum
985 1620 1013 1654 S.
1046 1621 1160 1654 Mariae

424 1672 461 1706 de
486 1672 671 1716 Vangadicia
697 1673 835 1706 eiusdem
856 1674 1113 1717 Congregationis
1131 1674 1160 1707 in

424 1726 639 1759 commendam
657 1726 694 1759 ad
720 1727 767 1760 sui
794 1727 886 1760 vitam
905 1738 940 1760 ex
958 1728 1161 1761 concessione

424 1784 454 1812 et
478 1780 709 1823 dispensatione
733 1781 921 1824 apostolica,
942 1786 975 1814 ut
1000 1781 1160 1824 asseritur,

424 1832 552 1873 obtinet,
571 1834 674 1866 forsan
699 1834 730 1865 in
755 1834 817 1866 vim
842 1834 1016 1866 litterarum
1042 1839 1163 1878 aposto-

424 1885 555 1918 licarum
581 1896 676 1930 super
696 1886 879 1919 eorumdem
898 1888 1160 1920 monasteriorum

425 1939 618 1972 commendis
643 1939 868 1983 expeditarum,
889 1940 920 1972 in
945 1941 1059 1984 quibus
1083 1941 1163 1985 ipso-

425 2002 495 2024 rum
521 1992 784 2025 monasteriorum
804 2003 888 2034 cura,
906 1993 1048 2036 regimen
1066 1999 1095 2026 et
1112 1993 1162 2026 ad-

426 2045 613 2078 ministratio
636 2051 696 2078 tam
720 2046 749 2078 in
772 2046 987 2090 spiritualibus
1011 2058 1104 2090 quam
1131 2048 1162 2080 in

426 2098 651 2142 temporalibus
686 2099 826 2142 plenarie
862 2099 1090 2140 committitur,
1115 2101 1162 2133 ius

426 2151 606 2184 instituendi
632 2162 667 2184 ac
691 2152 877 2185 destituendi
903 2153 1025 2196 priores
1051 2158 1080 2186 et
1099 2153 1162 2186 offi-

426 2205 520 2238 ciales
545 2206 736 2246 claustrales,
752 2216 873 2239 necnon
892 2206 1044 2247 visitandi,
1063 2207 1162 2239 corri—

427 2258 529 2301 gendi,
560 2259 730 2300 statuendi,
754 2259 918 2292 ordinandi
943 2265 972 2292 et
997 2260 1160 2293 exercendi

427 2321 463 2345 ea
487 2322 566 2355 quae
590 2312 764 2346 institutum
791 2313 934 2356 regulare
955 2319 1162 2355 concernunt,

427 2365 465 2398 ad
489 2376 522 2398 sc
546 2371 698 2409 spectare,
722 2366 928 2399 electionibus
945 2372 973 2399 et
994 2366 1162 2410 depositio-

427 2418 519 2451 nibus
543 2419 683 2463 priorum
710 2424 739 2451 et
763 2419 965 2463 subpriorum
981 2447 988 2460 ,
1013 2419 1162 2453 aliorum—

429 2482 490 2515 que
519 2472 720 2515 officialium,
746 2483 781 2506 ac
810 2472 902 2506 etiam
936 2473 1163 2506 visitationibus

468 2587 477 2618 1
501 2586 571 2614 Edit.
588 2586 665 2614 Μαίη.
682 2587 743 2623 legit
759 2588 938 2615 consolamtts
954 2588 992 2623 (n.
1009 2588 1058 2622 Τ.).

1192 400 1363 432 reformare
1388 400 1472 433 iuxta
1502 401 1640 434 ciusdem
1670 401 1926 444 Congrcgationis

1193 452 1349 495 regularia
1381 453 1519 486 instituta
1556 454 1736 498 cupienteS,
1772 454 1927 498 repellere

1192 510 1221 537 et
1246 505 1398 549 impedire
1423 507 1628 549 praetendant
1657 512 1685 539 et
1714 511 1926 550 praesumant,

1191 569 1252 591 non
1271 559 1335 591 sinc
1351 559 1536 602 gravissimo
1555 560 1650 603 ipsius
1667 559 1925 602 Congregationis

1191 611 1319 655 eiusque
1338 612 1599 645 monasteriorum
1621 612 1812 656 praeiudicio
1830 616 1859 644 et
1875 611 1927 644 ob-

1191 664 1363 696 servantiae
1390 664 1542 707 regularis
1567 664 1770 697 detrimento:
1788 664 1861 696 hinc
1881 669 1927 696 est

1192 716 1274 759 quod
1291 727 1357 758 nos,
1376 716 1662 751 inconvenientibus
1678 716 1856 750 huiusmodi
1876 726 1925 749 re-

1193 768 1328 801 medium
1346 769 1478 810 adferre,
1495 769 1677 813 dictumque
1694 770 1818 802 Petrum
1836 768 1927 801 abba-

1192 827 1253 854 tem
1279 822 1456 864 generalem
1492 823 1681 866 specialibus
1712 822 1870 854 favoribus
1897 827 1928 854 et

1193 874 1311 917 gratiis,
1336 880 1404 915 etc„
1433 880 1463 907 et
1486 885 1503 907 a
1527 875 1687 918 quibusvis
1711 873 1926 907 excommuni-

1193 927 1332 968 cationis,
1357 933 1426 969 etc.,
1442 928 1553 961 harum
1580 927 1660 961 serie
1683 927 1878 961 absolventes
1898 930 1929 960 et

1194 980 1370 1013 absolutum
1395 981 1461 1014 fore
1490 985 1668 1022 censentes,
1693 979 1928 1024 supplicationi-

1194 1033 1251 1066 bus
1275 1033 1341 1066 eius
1365 1033 1492 1067 nomine
1515 1033 1606 1067 nobis
1631 1044 1725 1077 super
1749 1033 1809 1066 hoc
1828 1031 1928 1065 humi-

1194 1085 1264 1126 liter
1288 1086 1441 1129 porrectis
1474 1086 1629 1127 inclinati,
1654 1095 1775 1119 necnon
1799 1083 1927 1118 Concilii

1194 1138 1345 1181 praedicti
1371 1139 1504 1171 decretis
1533 1150 1569 1171 ac
1594 1137 1837 1172 resolutionibus
1859 1147 1929 1170 con-

1194 1191 1386 1232 gregationis
1403 1191 1626 1224 venerabilium
1653 1191 1782 1223 fratrum
1808 1195 1928 1223 nostro-

1194 1253 1262 1275 rum
1284 1243 1313 1276 S.
1331 1244 1365 1276 R.
1383 1244 1412 1275 E.
1431 1244 1635 1276 cardinalium
1657 1243 1790 1286 negotiis
1807 1247 1837 1275 et
1857 1252 1929 1275 con-

1193 1297 1412 1330 sultationibus
1436 1297 1655 1341 episcoporum
1681 1301 1711 1329 et
1735 1295 1927 1338 regularium

1194 1351 1391 1395 praepositae
1416 1351 1446 1384 in
1471 1351 1624 1383 similibus
1651 1350 1775 1383 casibus
1799 1349 1930 1382 antehac

1194 1405 1345 1439 emanatis
1370 1405 1576 1444 inhaerentes,
1597 1404 1679 1437 dicto
1703 1403 1839 1447 Georgio
1866 1403 1930 1449 epi-

1194 1470 1290 1503 scopo
1318 1465 1347 1492 et
1378 1459 1446 1491 aliis
1478 1457 1753 1491 commendatariis
1783 1457 1930 1501 praefatis

1194 1523 1256 1546 non
1276 1513 1370 1546 licere
1396 1512 1529 1556 priores,
1549 1511 1751 1555 subpriores,
1778 1515 1830 1543 aut
1860 1510 1930 1544 offi-

1195 1567 1287 1599 ciales
1312 1565 1493 1599 claustrales
1513 1564 1675 1597 instituere
1695 1574 1730 1597 ac
1750 1563 1930 1603 destituere,

1195 1620 1321 1653 visitare
1346 1618 1526 1658 monachos,
1544 1617 1733 1661 eosdemque
1758 1615 1930 1659 corrigere.

1196 1684 1252 1706 nec
1276 1672 1437 1705 facultates
1456 1671 1529 1715 ipsis
1547 1669 1820 1703 commendatariis
1837 1669 1869 1701 in
1885 1669 1931 1702 lit-

1197 1727 1271 1759 teris
1294 1725 1474 1770 apostolicis
1506 1733 1668 1757 concessas
1692 1728 1722 1755 et
1746 1732 1908 1771 expressas
1923 1749 1930 1763 ,

1196 1785 1290 1824 prout
1315 1788 1425 1822 supra,
1449 1777 1487 1810 ad
1512 1788 1547 1810 ea
1577 1786 1656 1821 quae
1681 1776 1855 1808 institutum
1881 1785 1931 1808 re-

1197 1833 1305 1876 gulare
1323 1835 1526 1872 concernunt,
1538 1835 1566 1862 et
1579 1830 1717 1862 ciusdem
1732 1828 1859 1863 Concilii
1873 1829 1932 1861 dis-

1197 1886 1352 1930 positione
1377 1884 1550 1918 monastico
1580 1883 1726 1926 regimini
1754 1882 1933 1926 relinquun-

1196 1946 1264 1980 tur,
1294 1938 1374 1971 trahi
1399 1948 1490 1982 posse
1518 1942 1570 1970 aut
1595 1937 1730 1977 debere,
1759 1936 1932 1980 apostolica

1195 1992 1390 2034 auctoritate,
1416 1996 1523 2024 tenore
1547 1990 1768 2034 praesentium,
1794 1989 1931 2022 declara-

1197 2057 1266 2078 mus
1290 2050 1319 2078 et
1343 2044 1541 2077 decernimus
1565 2054 1600 2076 ac
1625 2043 1798 2076 statuimus.

1240 2099 1255 2142 ἓ
1278 2099 1307 2131 02.
1332 2097 1484 2137 Quocirca
1509 2097 1629 2129 dilectis
1662 2096 1733 2128 filiis
1762 2095 1879 2129 nostris
1902 2100 1932 2128 et

1196 2151 1391 2195 Apostolicae
1415 2150 1502 2184 Sedis
1526 2149 1659 2188 nunciis,
1688 2149 1752 2182 sive
1776 2148 1867 2181 etiam
1889 2148 1932 2181 lo-

1197 2215 1305 2237 corum
1331 2202 1513 2242 Ordinariis,
1540 2202 1585 2234 vel
1618 2202 1717 2234 dictae
1748 2201 1928 2244 Congrega-

1198 2258 1290 2291 tionis
1306 2257 1549 2290 Camaldulensis
1570 2255 1854 2296 conservatoribus,
1874 2265 1932 2298 per

1197 2311 1319 2344 easdem
1333 2316 1513 2355 praesentes
1527 2308 1729 2352 iniungimus,
1743 2313 1785 2350 ut,
1800 2307 1933 2352 quoties-

1197 2374 1331 2408 cumque
1348 2363 1488 2407 requisiti
1504 2362 1628 2402 fuerint,
1642 2361 1679 2394 ab
1693 2360 1871 2393 huiusmodi
1886 2370 1933 2393 ve-

1198 2417 1385 2456 xationibus,
1413 2426 1448 2448 ac
1472 2414 1627 2448 violentiis
1652 2413 1822 2447 manifestis
1846 2422 1932 2446 com-

1198 2469 1406 2502 mendatarios
1436 2478 1492 2511 per
1528 2477 1674 2501 censuras
1706 2471 1736 2499 et
1766 2466 1825 2498 alia
1857 2465 1933 2498 iuris

1197 2522 1345 2562 remedia,
1372 2522 1514 2554 invocato
1536 2521 1644 2562 etiam,
1675 2519 1701 2552 si
1726 2528 1805 2563 opus
1828 2517 1931 2557 fuerit,

1196 2575 1316 2609 brachii
1331 2574 1480 2608 secularis
1494 2573 1618 2614 auxilio,
1631 2572 1796 2607 cohibeant
1809 2576 1838 2604 et
1851 2581 1933 2605 com-

1934 196 1986 222 An.
2002 194 2032 222 C.
2053 196 2119 224 1659

1967 676 2087 699 Decretum.

1984 2103 2128 2129 Exequutores

1947 2129 2041 2156 deputat.
