2243 3205
52 179 100 206 An.
116 177 145 204 C.
167 176 235 204 1662

70 450 186 497 oel’iusums
201 454 239 475 ap-

56 483 68 504 p
85 483 104 497 ιιι
115 492 120 497 .

130 1087 246 1118 Derogatio

62 1117 223 1135 contrariorum.

98 1247 248 1274 Transumpto-

64 1280 108 1295 rum
124 1275 183 1296 sides.

104 2472 225 2494 Exordium.

845 174 1032 199 ALEXANDER
1064 174 1109 197 vlt
1129 174 1175 197 I'P.

249 223 428 267 regularem
442 223 608 257 admittere
622 224 732 264 libere,
749 223 832 256 licite
846 228 876 256 et
891 222 991 255 valide

249 277 371 322 possint
396 282 426 311 et
447 278 579 320 valeant,
600 279 785 312 auctoritate
810 276 991 322 apostolica,

251 335 360 364 tenore
378 332 602 375 praesentium,
620 331 822 365 concedimus
839 336 869 364 et
894 329 995 362 indul-

253 394 373 427 gemus.

297 437 313 480 g
329 437 359 470 4.
377 437 587 471 Decernentes
605 437 728 470 easdem
747 442 928 480 praesentes
946 435 996 468 lit-

253 494 336 522 teras
360 500 486 533 semper
511 490 637 530 firmas,
661 490 775 522 validas
800 495 829 522 et
854 490 996 522 efficaces

254 542 388 576 existere
412 547 443 575 et
465 543 541 585 fore,
560 553 695 586 suosque
719 542 877 585 plenarios
902 547 932 574 et
957 541 998 573 in-

254 601 360 639 tegros
379 595 507 629 effectus
525 596 631 629 sortiri
650 600 679 628 et
696 596 851 636 obtinere,
869 606 904 628 ac
926 595 997 635 illis,

255 649 294 682 ad
317 660 396 693 quos
421 654 542 693 spectat
567 654 597 682 et
620 660 680 693 pro
707 654 848 693 tempore
872 654 998 692 specta-

254 702 310 744 bit,
328 703 508 747 plenissime
532 702 700 746 suffragari
713 730 720 743 ,
738 703 844 746 sieque
862 703 893 734 in
914 712 1000 745 prac-

256 755 360 789 missis
384 767 442 799 per
471 767 688 800 quoscumque
722 755 840 788 iudices
872 755 999 788 ordina-

256 809 322 842 rios
347 813 377 842 et
401 809 571 852 delegatos,
592 809 683 843 etiam
710 820 875 842 causarum
893 808 999 852 palatii

257 862 422 906 apostolici
456 862 637 903 auditores,
661 863 793 896 iudicari
824 866 853 896 et
878 861 1001 894 definiri

257 915 385 956 debere,
403 926 439 949 ac
462 916 589 949 irritum
615 921 645 949 et
665 916 773 957 inane,
794 916 818 949 si
844 926 933 949 secus
955 926 1002 947 su-

258 980 317 1014 per
345 969 394 1003 his
420 980 438 1003 a
470 980 651 1014 quoquam,
680 970 790 1014 quavis
818 969 1002 1002 auctoritate

259 1023 395 1057 scienter
407 1024 454 1058 vel
466 1024 658 1067 ignoranter,
670 1023 1002 1067 contigeritattentari.

305 1077 320 1121 ᾗ
333 1077 362 1111 5.
377 1078 446 1112 Non
462 1078 658 1111 obstantibus
673 1077 865 1121 praemissis,
884 1087 919 1109 ac
934 1087 992 1109 eon

260 1128 477 1162 stitutionibus
495 1134 524 1162 et
543 1129 794 1162 ordinationibus
814 1128 1003 1172 apostolicis,

261 1183 437 1226 ceterisque
462 1182 628 1215 contrariis
653 1182 915 1226 quibuscumque.

307 1236 322 1280 ἓ
357 1236 387 1270 6.
423 1236 574 1269 Volumus
610 1241 713 1268 autem
750 1241 783 1268 ut
823 1235 1003 1268 earumdem

261 1289 474 1334 praesentium
492 1289 668 1322 litterarum
683 1289 896 1332 transumptis,
911 1289 1004 1321 etiam

263 1343 435 1387 impressis,
461 1353 554 1376 manu
584 1342 715 1376 alicuius
744 1342 857 1375 notarii
889 1342 1005 1386 publici

264 1397 461 1441 subscriptis,
485 1402 514 1430 et
533 1397 636 1440 sigillo
650 1407 804 1441 personae
820 1397 851 1430 in
865 1397 1007 1430 ecclesia-

264 1451 342 1485 stica
359 1451 509 1494 dignitate
533 1451 720 1484 constitutae
745 1451 883 1490 munitis,
898 1450 1004 1483 eadem

265 1516 397 1550 prorsus
426 1505 503 1538 fides
523 1504 640 1548 ubique
665 1505 808 1537 locorum
830 1509 889 1536 tam
910 1504 940 1536 in
966 1504 1007 1536 iu-

266 1559 349 1593 dicio
373 1569 466 1603 quam
492 1563 579 1591 extra
598 1558 673 1591 illud
699 1558 902 1600 adhibeatur,
928 1569 1007 1602 quac

266 1612 408 1656 ipsismet
432 1611 650 1655 praesentibus
673 1611 887 1651 adhiberetur,
913 1611 937 1644 si
963 1612 1007 1644 so-

266 1671 337 1699 rent
360 1665 516 1698 exhibitae
539 1666 585 1698 vel
611 1670 764 1698 ostensae.

312 1719 424 1752 Datum
449 1719 577 1759 Romae,
603 1718 684 1762 apud
710 1718 739 1751 S.
766 1718 892 1751 Mariam
919 1718 1009 1751 Maio-

266 1783 347 1813 rem,
359 1772 415 1805 sub
433 1772 548 1805 annulo
566 1772 743 1812 piscatoris,
762 1771 811 1804 die
831 1781 841 1804 1
860 1771 1008 1805 februarii

268 1836 408 1869 nnean,
429 1825 631 1870 pontificatus
651 1825 751 1858 nostri
777 1836 858 1859 anno
884 1836 936 1859 v11.

304 1889 362 1917 Dat.
379 1889 424 1916 die
441 1891 451 1916 1
469 1888 598 1916 februarii
620 1888 695 1923 1662,
713 1889 807 1924 pontif.
826 1896 896 1916 anno
914 1895 958 1916 vlt.

536 2005 743 2040 CCCLXXVII.

269 2078 460 2123 Applicatio
483 2077 696 2110 Armeniorum
727 2077 921 2110 ducatorum
954 2087 1012 2109 mz-

314 2131 442 2165 mtalim
466 2141 505 2163 επ
527 2131 688 2173 fructibus
710 2130 931 2173 quarumdam
947 2141 1014 2174 pa-

315 2184 516 2217 rochialium
540 2184 747 2216 ecclesiarum
772 2183 913 2217 militiae
937 2195 1013 2216 san-

318 2242 386 2271 ctae
422 2238 549 2271 Mariae
584 2237 621 2269 de
649 2237 808 2270 Montesia
846 2238 1015 2281 prioratui

322 2291 494 2325 Valentino
519 2291 661 2324 eiusdem
682 2291 854 2324 militiae¹.

467 2362 636 2390 Alexander
656 2363 735 2396 Papa
754 2363 816 2397 VII,

401 2407 437 2434 ad
457 2410 632 2442 perpetuam
652 2407 695 2434 rei
715 2406 895 2434 memoriam.

321 2469 336 2514 ἓ
360 2469 390 2502 l.
418 2469 551 2503 Nomine
576 2468 732 2501 carissimi
758 2469 788 2501 in
813 2469 936 2503 Christo
961 2468 1015 2501 silii

276 2523 374 2556 nostri
401 2522 537 2566 Philippi
564 2522 785 2565 Hispaniarum
808 2523 891 2566 regis
912 2523 1018 2556 catho-

314 2585 325 2615 1
348 2583 385 2611 Ex
402 2584 509 2621 Regcst.
525 2584 552 2611 in
569 2584 671 2611 Secret.
690 2584 767 2612 Brev.

1025 221 1078 255 lici
1102 221 1193 254 nobis
1229 232 1285 265 per
1315 222 1463 255 dilectum
1497 221 1596 254 silium
1629 220 1769 254 nobilem

1027 274 1130 306 virum
1159 274 1352 307 Ludovieum
1378 275 1416 308 de
1441 275 1580 308 Guzman
1606 275 1708 307 Ponee
1733 273 1771 306 (le

1027 328 1122 367 Leon,
1137 327 1235 370 ipsius
1261 328 1397 371 Philippi
1429 328 1513 370 regis
1547 327 1629 371 apud
1662 337 1717 359 nos
1742 331 1773 359 et

1029 379 1139 413 Sedem
1158 381 1368 424 Apostolicam
1387 387 1666 423 oratorem,nuper
1683 390 1773 423 expo-

1030 434 1124 466 situm
1139 434 1206 474 fuit,
1220 434 1314 478 quod,
1329 446 1399 468 cum
1415 435 1547 468 dilectus
1562 434 1644 466 [ilius
1653 432 1773 466 Paulus

1031 487 1144 530 Ingles,
1162 487 1334 521 modernus
1358 488 1446 532 prior
1478 488 1646 521 domorum
1673 487 1774 529 regia-

1032 552 1102 574 rum
1128 541 1237 585 templi
1271 541 1395 575 Ordinis
1427 541 1570 574 militaris
1602 541 1633 573 Β.
1658 540 1774 573 Mariae

1033 595 1071 628 de
1104 594 1255 628 Montesia
1289 594 1422 627 civitatis
1456 593 1652 633 Valentinae,
1685 593 1774 625 cuius

1033 647 1158 681 Ordinis
1177 647 1257 680 idem
1274 647 1437 690 Philippus
1462 658 1515 679 rex
1539 646 1775 678 administrator

1034 706 1207 745 perpetuus
1232 701 1419 733 auctoritate
1445 700 1616 743 apostoliea
1651 699 1777 743 deputa-

1036 762 1084 788 tus
1110 755 1233 795 existit,
1258 754 1316 798 ipsi
1350 753 1494 797 Philippo
1525 753 1591 796 regi
1617 764 1683 785 eam
1710 763 1777 785 esse

1035 808 1215 841 reddituum
1239 808 1398 852 prioratus
1415 808 1461 841 sui
1478 807 1659 840 tenuitatem
1678 812 1778 840 osten-

1036 861 1117 894 derit
1143 867 1176 894 ut
1201 861 1268 905 ipse
1294 861 1408 894 Paulus
1431 871 1467 893 ex
1493 860 1631 893 eiusdem
1658 860 1779 903 priora-

1037 920 1097 956 tus,
1115 915 1188 948 licet
1214 925 1274 947 una
1296 925 1331 947 ex
1356 914 1538 958 praecipuis
1563 913 1637 946 dieti
1655 912 1779 946 Ordinis

1037 969 1243 1012 dignitatibus
1261 969 1381 1009 existat,
1396 968 1569 1001 redditibus
1583 978 1614 1001 se
1630 967 1779 1000 exhibere

1037 1028 1190 1066 nequeat,
1225 1028 1418 1055 memoratus
1444 1021 1604 1065 Philippus
1630 1032 1700 1061 rex,
1732 1020 1780 1053 his

1040 1082 1162 1109 mature
1184 1076 1402 1118 consideratis,
1420 1081 1453 1109 ut
1471 1082 1533 1108 tam
1555 1075 1656 1108 eidem
1684 1075 1779 1108 Paulo

1038 1142 1133 1175 quam
1159 1131 1225 1164 eius
1250 1131 1282 1163 in
1306 1130 1389 1164 dicto
1415 1130 1558 1174 prioratu
1590 1129 1781 1162 successori-

1038 1184 1096 1217 bus
1110 1184 1148 1217 de
1163 1186 1302 1227 congrua
1321 1183 1549 1227 sufficientique
1570 1187 1781 1227 proventuum

1039 1238 1211 1283 quantitate
1231 1238 1445 1282 provideatur,
1471 1248 1626 1270 summam
1659 1237 1777 1270 ducen—

1041 1300 1145 1327 torum
1171 1293 1367 1333 ducatorum,
1393 1292 1430 1324 ad
1456 1292 1609 1324 rationem
1635 1291 1782 1324 undecim

1042 1347 1196 1391 regalium
1232 1352 1375 1379 monetae
1408 1346 1588 1378 Valentiuae
1619 1355 1677 1388 pro
1703 1355 1783 1387 quo·

1041 1401 1118 1433 libet
1143 1400 1256 1433 ducato
1281 1399 1473 1439 huiusmodi,
1502 1398 1663 1432 annuatim
1689 1408 1784 1441 super

1042 1453 1206 1493 fructibus,
1229 1452 1401 1486 redditibus
1418 1457 1446 1485 et
1464 1451 1669 1495 proventibus
1689 1451 1784 1483 iufra-

1043 1506 1231 1550 scriptarum
1258 1505 1487 1549 parochialium
1507 1504 1711 1537 eeclesiarum
1732 1503 1785 1537 Or-

1043 1560 1123 1593 dinis
1159 1558 1313 1603 praedicti
1357 1558 1550 1601 respective,
1587 1558 1781 1600 singularum

1043 1623 1156 1656 nempe
1190 1623 1248 1656 pro
1286 1611 1362 1644 ratis
1399 1611 1481 1644 infra
1512 1611 1666 1655 expressis
1705 1621 1784 1654 quae

1044 1667 1151 1700 habita
1177 1666 1297 1699 ratione
1323 1665 1437 1698 valoris
1462 1665 1622 1698 fructuum
1654 1675 1689 1697 ac
1714 1675 1784 1698 one-

1044 1732 1113 1753 rum
1140 1720 1282 1764 ipsarum
1319 1719 1524 1752 eeclesiarum
1558 1718 1783 1752 determinatae

1043 1777 1179 1813 suerunt,
1194 1783 1229 1806 ex
1247 1783 1330 1806 nune
1350 1778 1443 1816 prout
1461 1783 1497 1805 ex
1522 1778 1594 1805 tunc
1619 1776 1783 1816 postquam

1044 1827 1203 1872 quaelibet
1228 1826 1434 1859 ecelesiarum
1455 1826 1634 1859 huiusmodi
1662 1837 1785 1859 vacave-

1045 1882 1095 1922 rit,
1110 1885 1285 1914 memorato
1302 1880 1454 1924 prioratui
1474 1880 1505 1912 in
1524 1883 1712 1924 perpetuum
1734 1890 1785 1923 ap-

1044 1935 1155 1979 plicari
1181 1933 1346 1967 desiderat.

1091 1989 1105 2032 ἓ
1129 1988 1158 2021 ⁶2.
1184 1988 1259 2021 Cum
1285 1992 1401 2028 autem,
1420 1987 1498 2020 sicut
1529 1987 1636 2020 eadem
1663 1987 1785 2030 exposi-

1047 2042 1089 2075 tio
1115 2040 1332 2083 subiungebat,
1357 2040 1524 2084 applicatio
1550 2040 1743 2080 huiusmodi,
1762 2041 1786 2072 si

1047 2096 1120 2136 siat,
1146 2095 1243 2139 priori
1278 2095 1404 2138 quidem
1441 2094 1514 2127 dicti
1549 2094 1706 2138 prioratus
1730 2106 1788 2138 pro

1049 2155 1188 2193 tempore
1214 2148 1355 2182 existenti
1381 2159 1556 2191 congruum
1590 2149 1788 2182 sustinendae

1048 2214 1102 2242 eo,
1128 2214 1189 2245 quo
1215 2212 1272 2245 par
1302 2204 1371 2241 est,
1391 2201 1505 2234 decore
1530 2201 1690 2244 dignitatis
1714 2213 1789 2234 suae

1049 2255 1222 2289 subsidium
1249 2255 1391 2295 allatura,
1412 2254 1504 2287 dictis
1530 2266 1603 2287 vero
1628 2255 1789 2297 paroehia-

1049 2309 1133 2341 lihus
1158 2308 1299 2341 eeclesiis
1334 2319 1506 2351 earumque
1536 2309 1649 2341 suturis
1686 2314 1787 2342 recto-

1051 2361 1138 2395 ribus
1163 2371 1225 2394 non
1252 2361 1383 2395 multum
1407 2361 1512 2394 oneris
1538 2361 1723 2404 impositura
1740 2361 1788 2404 sil,

1050 2415 1103 2448 sed
1129 2426 1186 2458 pro
1212 2415 1407 2458 singularum
1434 2414 1662 2458 parochialium
1689 2415 1790 2448 eecle-

1051 2469 1167 2501 siarum
1194 2468 1374 2500 huiusmodi
1396 2468 1572 2501 rectoribus
1596 2473 1720 2501 eentum
1739 2468 1792 2501 du-

1051 2522 1110 2554 cati
1137 2522 1308 2565 respective
1339 2532 1396 2564 pro
1422 2532 1530 2554 eorum
1557 2522 1706 2565 congruis
1730 2522 1792 2554 sint

1052 2575 1246 2609 remansuri:
1279 2575 1369 2609 nobis
1402 2581 1571 2620 propterea
1605 2586 1663 2619 pro
1700 2580 1789 2621 parte

1674 163 1736 197 759
1783 172 1834 198 An.
1851 171 1879 198 c.
1902 170 1968 198 1662

1828 1990 1914 2011 Motiva⁴
