2243 3205
250 207 297 234 An.
316 207 344 233 C.
365 207 430 234 tt‘i58

476 198 540 230 384
1027 207 1202 231 aumaruuu

448 254 592 298 proprio,
618 260 645 286 et
672 264 706 286 ex
731 255 816 287 certa
842 254 969 286 scientia
995 265 1030 288 ao
1063 256 1201 307 maturat

448 307 671 340 deliberatione
697 306 832 348 nostris,
857 307 958 352 deque
993 308 1201 352 apostoticaes

448 360 609 404 potestatis
634 359 836 404 plenitudine,
860 361 987 404 praevia
1013 360 1105 393 etiam
1136 365 1201 392 re-'

448 418 553 456 speetu
580 418 760 446 exactorum
796 413 945 447 haetenus
978 424 994 446 a
1024 413 1201 457 praedicta

450 465 551 509 prima
576 465 625 498 die
650 465 774 509 augusti
799 465 995 500 absolutione
1020 477 1036 499 a
1060 458 1200 510 quibus—¹

448 529 581 562 cumque
610 519 750 552 censuris
774 523 802 552 ct
826 519 935 563 poenis
959 529 1052 563 quam
1076 512 1200 560 tenore]

447 571 659 616 praesentiali]
685 571 896 612 concedimus,
921 573 1059 605 volentes
1085 571 1201 621 maie-3

447 630 557 658 statem
590 630 672 658 tuam
704 626 808 659 favore
838 626 987 670 prosequi
1024 622 1201 668 gratioso,t'

447 680 585 721 clerum,
610 691 781 724 omnesque
806 685 835 715 et
859 681 997 724 singulas
1019 679 1201 720 ecclesias,'

448 734 514 766 loca
539 733 599 777 pia,
624 744 836 778 personasque
862 733 1095 775 ecclesiasticas,
1122 737 1200 765 tami

447 787 620 827 seculares,
646 797 737 830 quam
764 786 899 819 cuiusvis
923 785 1065 828 Ordinis,
1092 785 1183 818 etiam

446 839 593 883 exempti,
614 839 706 872 etiam
728 838 889 873 Societatis
906 839 986 879 Iesu,
1003 843 1033 871 et
1052 839 1182 882 Aposto-

446 892 523 925 licae
549 892 618 925 Sedi
643 892 821 925 immediate
846 891 987 932 subiecti,
1012 891 1183 934 regulares,

446 955 567 979 necnon
593 945 782 979 monasteria
807 945 970 988 utriusque
994 954 1096 985 sexuS,
1114 954 1184 977 con-

446 1004 566 1039 ventus,
592 1003 621 1032 et
647 999 788 1042 collegia,
814 1010 849 1030 ae
874 998 1008 1042 capitula
1033 1008 1183 1041 quarum-

447 1062 580 1095 cumque
605 1051 807 1085 ecelesiarum
842 1061 1012 1094 regnorum
1037 1050 1185 1084 Castellae

447 1110 476 1137 et
502 1104 646 1147 Legionis
676 1104 927 1148 praedictorum,
953 1115 988 1137 ac
1013 1104 1042 1137 in
1068 1103 1184 1136 eisdem

447 1157 535 1200 regni
551 1162 783 1191 commorantes
797 1162 825 1190 et
846 1157 1073 1190 commorantia
1094 1161 1123 1189 et
1140 1166 1185 1189 re·

447 1211 586 1254 spective
611 1211 815 1244 consistentes
840 1216 869 1243 et
902 1209 1121 1249 consistentia,
1146 1209 1184 1242 ad

447 1263 670 1296 conferendum
703 1269 732 1295 et
764 1262 1025 1296 contribuendum
1050 1273 1107 1306 pro
1133 1273 1183 1295 eo-

448 1327 518 1349 rum
543 1318 609 1349 rata
641 1316 679 1349 ad
712 1317 809 1349 instar
842 1316 994 1349 laicorum
1032 1315 1062 1347 in
1094 1314 1202 1362 dictis¹

447 1369 577 1413 gabellis
594 1380 649 1403 scu
665 1369 744 1410 sisi&
761 1369 863 1414 quoad
884 1368 1075 1412 praedictam
1104 1379 1184 1401 sum·
1200 1366 1202 1372 ’

449 1434 530 1457 mam
555 1424 714 1457 dumtaxat
737 1423 844 1456 decem
871 1428 901 1455 et
925 1432 1036 1455 novem
1064 1421 1180 1454 millio-

448 1489 521 1511 num
548 1488 618 1510 cum
640 1476 770 1509 dimidio
788 1476 915 1509 alterius
933 1475 1082 1508 millionis
1099 1485 1185 1519 prae-

448 1531 603 1564 dictorum
619 1534 761 1563 monetae
776 1529 901 1562 illorum
923 1538 1104 1571 regnorum,
1122 1537 1185 1560 me-

448 1584 551 1617 diante
576 1583 693 1616 scilieet
714 1582 867 1615 solutione
886 1581 1117 1625 praedictarum
1135 1591 1185 1624 ga—

447 1638 599 1671 bellaruru
625 1648 679 1670 seu
704 1636 836 1669 sisarum
855 1635 885 1668 in
903 1634 1062 1679 praedicta
1091 1644 1185 1678 quan-

448 1692 532 1726 titate
559 1695 676 1723 tantum
701 1695 731 1722 et
756 1700 849 1733 super
885 1687 1053 1732 praedictis
1078 1698 1202 1740 rerumli

448 1745 613 1790 speciebus
630 1743 789 1777 dumtaxat
813 1742 843 1775 in
869 1742 958 1775 dietis
978 1742 1083 1785 regnis
1102 1741 1202 1782 colli-1

448 1798 556 1842 gendis
582 1802 611 1830 et.
624 1795 854 1836 consumendis,
873 1800 904 1828 ut
923 1795 1110 1839 praefertur,
1132 1789 1202 1834 itu-i

449 1852 622 1896 positarum
648 1851 779 1883 durante
804 1849 951 1882 sexennio
983 1848 1144 1881 dumtaxat
1168 1857 1202 1887 a,

448 1905 608 1949 praedicto
634 1914 739 1936 mense
764 1902 886 1945 augusti
919 1901 990 1934 anni
1015 1910 1132 1934 :tinem
1153 1904 1202 1936 ut]

449 1958 660 2003 praemittitur
685 1956 830 1989 inchoato
860 1960 889 1987 et
925 1959 957 1987 ut
982 1954 1123 1997 sequitur
1147 1954 1203 2006 ἣνι

450 2011 575 2051 niendo,
600 2016 629 2043 et.
653 2020 715 2043 non
740 2010 832 2049 ultra,
858 2007 956 2040 teneri
977 2012 1006 2040 et
1031 2007 1202 2049 obligatos1

451 2075 519 2098 esse
540 2065 614 2107 (non
642 2069 745 2096 tamen
764 2062 867 2106 quoad
886 2061 1062 2105 praedictas
1079 2071 1184 2094 rerum
1202 2062 1203 2100 ᾖ

451 2117 591 2162 speeies,
617 2127 693 2160 quas
719 2116 837 2157 clerus,
863 2114 1032 2156 ecelesiae,
1057 2114 1203 2157 locaque

450 2172 500 2216 pia
534 2170 692 2215 praedicta
717 2174 746 2202 et
769 2178 923 2212 personae
959 2167 1203 2200 ecclesiastieae¹

451 2224 628 2270 praedictae
654 2234 689 2256 ex
722 2222 858 2267 propriis
889 2221 1021 2254 terrenis
1048 2231 1103 2253 seu
1134 2216 1204 2258 [le-15

452 2279 541 2312 cimis
567 2283 596 2310 et
628 2277 695 2310 aliis
731 2276 981 2320 quibuscumque
1013 2273 1203 2308 redditibus*

451 2331 599 2375 propriis,
616 2341 672 2375 per
693 2340 735 2370 se,
762 2329 807 2362 vel
833 2328 920 2369 aliOS,
942 2327 1034 2360 etiam
1053 2328 1187 2360 affietua-

452 2387 515 2419 rios
540 2396 621 2428 suos,
649 2385 692 2418 vel
719 2384 811 2417 etiam
837 2395 871 2416 ex
891 2382 1105 2427 eleemosynis,
1123 2382 1186 2416 sive

453 2438 597 2480 ostiatim,
623 2438 686 2471 sive
711 2438 771 2471 alio
789 2436 1010 2481 quovismodo
1030 2447 1087 2480 pro
1112 2440 1204 2485 tem-l

453 2502 529 2535 pore
553 2491 631 2524 datis
663 2496 692 2523 et
723 2490 859 2534 erogatis
891 2500 926 2523 ac
960 2489 1034 2533 ipsis
1068 2487 1204 2546 traditis}

451 2544 639 2588 percipiunt,
664 2549 692 2576 et
718 2554 776 2587 pro
801 2542 905 2576 divino
931 2542 1014 2576 cultu
1039 2552 1093 2574 seu
1117 2551 1187 2584 pro-

453 2597 530 2641 priis
551 2597 596 2629 vel
616 2596 803 2629 familiarum
822 2606 948 2628 suarum
968 2595 1083 2636 usibus,
1102 2594 1186 2627 iuxta
1202 2607 1204 2638 i

1200 1085 1202 1100 t

1200 1102 1202 1117 Ι

1230 205 1383 230 ΒοΜΑΝυΜ

1218 254 1415 295 taxationem,
1430 253 1481 286 ubi
1500 264 1593 297 super
1610 254 1658 286 his
1674 259 1777 297 partes
1792 254 1953 288 discordes

1219 308 1342 347 suerint,
1371 307 1408 339 ad
1438 307 1614 339 instantiam
1640 307 1806 340 cuiuslibet
1833 318 1952 348 earum,

1218 360 1360 404 expensis
1385 365 1489 392 tamen
1514 370 1680 404 perperam
1702 360 1953 401 contradicentis,

1219 424 1274 457 per
1290 413 1471 446 Ordinarios
1487 413 1630 446 locorum
1651 413 1879 446 ecclesiasticos
1899 423 1953 446 seu

1218 466 1255 497 ab
1280 465 1324 498 eis
1349 465 1513 509 deputatos
1538 465 1720 506 faciendam,
1753 471 1952 506 consumunt,

1218 529 1275 562 pro
1299 519 1412 562 quibus
1437 519 1564 552 omnino
1585 519 1738 552 immunes
1763 523 1792 551 et
1816 519 1953 562 exempti

1217 572 1301 615 sint),
1314 577 1353 612 et,
1367 572 1474 615 elapso
1487 571 1647 615 praedicto
1661 571 1819 611 sexennio,
1834 571 1954 604 exactio

1219 630 1361 667 respectu
1385 624 1667 658 ecclesiasticorum
1692 629 1801 665 cesset,
1827 627 1855 658 et
1879 623 1953 656 nul-

1219 678 1338 710 latenus
1363 677 1472 720 quovis
1497 682 1658 721 praetextu
1684 677 1730 709 vel
1756 678 1849 710 eausa
1874 687 1951 710 con-

1219 730 1332 763 tinuari
1366 730 1485 774 possit,
1519 730 1639 763 etiamsi
1676 730 1798 773 integra
1833 740 1955 763 summa

1218 783 1325 816 decem
1351 788 1380 816 et
1405 793 1515 817 novem
1539 783 1715 816 millionum
1733 793 1805 816 cum
1823 781 1954 815 dimidio

1218 836 1345 869 alterius
1372 835 1518 868 millionis
1551 834 1730 869 huiusmodi
1767 834 1868 868 adhuc
1891 844 1955 868 non

1218 889 1326 921 suisset
1349 894 1467 929 exacta,
1489 888 1645 932 quodque,
1664 888 1688 921 si
1708 893 1779 921 ante
1798 887 1893 921 finem
1912 898 1956 921 se-

1219 941 1319 974 xennii
1346 940 1496 985 praedicti
1517 950 1638 974 summa
1664 940 1771 973 decem
1793 945 1822 973 et
1841 949 1953 974 novem

1220 994 1395 1028 millionum
1420 1004 1490 1027 cum
1512 993 1642 1027 dimidio
1661 993 1790 1027 alterius
1808 992 1955 1027 millionis

1219 1047 1404 1080 ducatorum
1429 1046 1609 1080 huiusmodi
1629 1047 1767 1080 confecta
1788 1046 1890 1088 suerit,
1909 1056 1955 1079 ec-

1219 1100 1381 1133 clesiastici
1409 1100 1559 1144 praedicti
1582 1100 1718 1144 amplius
1744 1099 1954 1145 contribuere,

1219 1159 1248 1187 et
1273 1154 1370 1187 dictas
1394 1154 1531 1197 gabellas
1568 1164 1623 1187 seu
1647 1153 1734 1196 sisas,
1761 1159 1792 1186 ut
1816 1153 1954 1197 praeser—

1219 1212 1279 1248 tur,
1306 1208 1426 1240 solvere
1451 1217 1512 1240 non
1537 1206 1691 1247 debeant,
1721 1206 1774 1239 sed
1805 1216 1953 1250 praesens

1219 1261 1318 1303 gratia
1341 1261 1470 1303 expiret,
1496 1260 1642 1303 nullaque
1662 1259 1701 1292 sit
1727 1270 1763 1292 eo
1789 1259 1876 1303 ipso;

1263 1314 1277 1357 ξ,
1301 1313 1330 1346 3.
1355 1313 1504 1357 Quodque
1539 1313 1662 1353 clerus,
1694 1312 1863 1352 ecclesiae,
1887 1312 1955 1346 loca

1200 1365 1269 1409 'pia
1294 1371 1323 1399 et
1348 1375 1501 1410 personae
1526 1365 1753 1398 ecclesiasticae
1775 1364 1955 1408 praedictae

1219 1418 1350 1451 durante
1380 1418 1541 1462 praedicto
1577 1418 1725 1451 sexennio
1760 1428 1822 1451 non
1857 1418 1957 1462 possit

1219 1472 1344 1514 gravari
1370 1472 1491 1505 ratione
1515 1471 1651 1504 cuiusvis
1668 1471 1795 1504 alterius
1813 1471 1883 1504 novi
1900 1481 1955 1504 au-

1219 1525 1335 1568 gmenti
1367 1525 1598 1569 praedictarum
1636 1525 1832 1567 gabellarum
1859 1529 1889 1557 et
1913 1524 1955 1557 si-

1220 1590 1324 1612 sarum
1351 1589 1444 1623 super
1469 1579 1607 1618 eisdem,
1632 1590 1667 1612 ae
1692 1589 1789 1612 novae
1821 1577 1953 1622 imposi-

1220 1632 1312 1666 tionis
1337 1633 1467 1665 aliarum
1489 1632 1682 1675 gabellarum
1709 1637 1738 1665 et
1763 1632 1895 1665 sisarum
1910 1642 1957 1665 su-

1219 1696 1275 1729 per
1299 1685 1551 1729 quibuscumque
1576 1695 1681 1718 rerum
1708 1684 1882 1728 speciebus,
1900 1695 1957 1718 nee

1219 1739 1310 1771 etiam
1337 1749 1393 1782 pro
1417 1739 1615 1782 portionibus
1640 1739 1728 1771 {uros
1753 1738 1956 1782 nuncupatis,

1219 1793 1256 1825 de
1280 1792 1432 1825 laicorum
1459 1797 1576 1825 tantum
1604 1802 1758 1825 consensu
1783 1791 1858 1824 alias
1883 1802 1953 1824 ere-

1220 1846 1276 1879 ctis
1308 1851 1338 1879 et
1368 1845 1545 1890 impositis,
1578 1855 1751 1889 eorumque
1784 1845 1956 1886 fructibus,

1219 1899 1276 1932 nisi
1293 1899 1315 1931 si
1335 1904 1364 1932 et
1381 1904 1547 1943 postquam
1567 1898 1796 1942 beneplacitum
1814 1903 1956 1931 nostrum

1220 1963 1274 1986 seu
1303 1963 1319 1985 a
1351 1953 1586 1986 successoribus
1622 1952 1738 1985 nostris
1772 1962 1956 1986 eoncessum

1221 2007 1322 2049 suerit,
1348 2006 1432 2048 alias,
1459 2006 1488 2038 in
1513 2006 1653 2050 quolibet
1677 2016 1748 2039 casu
1774 2010 1959 2038 contraven-

1221 2060 1323 2101 tionis,
1348 2059 1479 2103 quilibet
1496 2059 1734 2092 contraveniens
1751 2069 1787 2092 eo
1805 2059 1873 2103 ipso
1893 2059 1958 2091 abs-

1221 2123 1280 2156 que
1294 2113 1352 2146 alia
1369 2112 1540 2146 monitione
1561 2117 1590 2144 et
1612 2111 1821 2145 declaratione
1839 2116 1958 2145 senten-

1221 2166 1294 2198 tiam
1324 2165 1655 2198 excommunicationis
1686 2165 1823 2204 maioris,
1854 2175 1956 2197 reser-

1222 2221 1290 2252 vata
1315 2219 1408 2259 illius,
1426 2224 1459 2251 ut
1476 2219 1557 2251 infra
1574 2218 1771 2262 exprimitur,
1793 2217 1958 2251 absolutio-

1221 2283 1280 2314 ne,
1306 2274 1465 2315 incurrat,
1491 2277 1520 2305 et
1545 2272 1581 2305 ad
1607 2272 1837 2305 restitutionem
1864 2272 1957 2312 illius,

1222 2327 1251 2359 in
1269 2337 1331 2371 quo
1352 2325 1529 2367 excesserit,
1548 2330 1699 2365 teneatur,
1714 2330 1821 2358 tenore
1839 2334 1958 2357 carum-

1221 2381 1290 2413 dem
1316 2379 1526 2424 praesentium
1551 2378 1749 2411 decernimus
1770 2382 1799 2410 et
1823 2377 1959 2411 declara-

1222 2444 1300 2466 mus.
1326 2433 1469 2466 Volentes
1494 2432 1597 2472 etiam,
1623 2431 1706 2474 quod
1727 2441 1836 2464 omnes
1851 2436 1881 2464 et
1900 2431 1958 2463 sin-

1221 2486 1285 2529 guli
1311 2485 1512 2519 ecclesiastici
1549 2484 1681 2528 praefati
1715 2484 1836 2517 solvere
1861 2493 1954 2516 reeu-

1221 2544 1333 2578 santes,
1358 2538 1544 2583 opportunis
1562 2537 1639 2571 iuris
1657 2542 1687 2570 et
1706 2536 1777 2570 sacti
1798 2535 1956 2575 remediis,

1220 2603 1276 2636 per
1291 2592 1471 2626 Ordinarios
1488 2591 1630 2625 locorum
1650 2589 1876 2624 ecclesiasticos
1893 2593 1956 2622 tan-

1968 207 2015 232 Αη.
2033 206 2062 232 C.
2083 205 2146 234 1658

2009 1321 2098 1346 Clarum,
2117 1328 2148 1343 ec·

1970 1348 2100 1372 clesias,atc.
2108 1354 2151 1374 gra·

1969 1376 2015 1395 vari
2032 1375 2114 1395 minime
2128 1381 2151 1396 a·

1971 1402 2004 1422 liis
2012 1401 2110 1422 oneribus
2120 1401 2151 1422 iu-

1971 1428 2028 1448 dicat
2046 1429 2067 1448 et
2081 1427 2150 1449 decer·

1971 1456 2006 1475 nit.
