2243 3205
38 146 88 173 An.
105 145 134 171 C.
155 143 221 171 ¹659

826 141 1008 164 ALERtxtJEn
1037 141 1076 163 ΠΙ
1100 142 1144 163 l'l',

1652 131 1715 162 :7053

228 189 358 225 Romani
384 189 543 223 Pontificis
567 189 762 234 protectione
785 195 814 222 et
840 189 966 222 inviola-
983 194 985 207 ¹
1000 187 1052 221 nio
1077 188 1115 220 ad
1140 188 1224 221 aliud
1249 189 1430 231 triennium,
1451 199 1514 223 non
1532 193 1635 222 tamen
1652 190 1743 229 ultra,

225 244 279 277 bili
305 243 542 277 conservatione
556 243 702 287 suscepit;
720 242 887 286 ipsumque
902 252 966 275 mo·

224 297 396 330 nasterium
423 296 467 329 sic
491 302 630 329 erectum
653 294 833 337 visitationi,
860 305 965 328 corre·

224 349 330 390 ctioni,
356 349 561 391 obedientiae,
584 349 798 393 superioritati
818 352 847 382 et
867 347 965 381 omni-

224 403 335 436 modae
351 403 559 436 iurisdietioni
575 403 604 435 in
619 402 736 435 eisdem
747 401 965 446 spiritualibus

222 467 281 500 pro
307 462 449 500 tempore
473 456 633 490 existentis
651 455 859 489 commissarii
875 465 965 498 gene-

222 510 296 543 ralis
321 510 446 543 Ordinis
470 510 602 543 fratrum
620 509 884 543 Discalceatorum
909 519 964 541 seu

221 563 475 596 Reformatorum
509 568 762 606 nuncupatorum
796 562 827 594 B.
860 561 896 594 M.
927 561 964 594 de

221 616 323 648 Monte
340 616 492 656 Carmelo‚
511 620 550 657 et,
571 615 671 649 donee
690 615 772 647 illius
784 614 898 657 >regula
915 625 965 647 re-

220 669 354 702 formata
379 669 559 702 huiusmodi
597 669 628 701 in
662 674 836 702 memorato
866 679 963 711 regno

220 722 389 762 Franciae,
415 721 466 755 ubi
491 722 613 755 nullum
639 722 741 754 adhuc
766 727 893 754 eatenus
919 722 961 754 vi-

219 786 328 808 rorum
355 775 582 808 monasterium
608 775 666 808 sub
692 774 727 808 ea
754 775 888 808 militare
913 785 962 808 re-

218 828 419 873 periebatur,
451 834 578 872 recepta
603 833 633 861 et
657 828 834 862 introducta
860 829 961 870 foret,

218 892 277 925 pro
303 887 444 925 tempore
469 881 629 915 existentis
660 881 776 925 prioris
806 881 961 924 generalis

218 934 342 967 Ordinis
367 934 604 975 Cartbusiensis,
626 945 697 967 cum
719 934 852 967 diversis
870 935 962 967 facul-

218 987 343 1027 tatibus,
368 997 489 1020 necnon
503 998 607 1026 curae,
626 987 792 1029 gubernio,
814 987 960 1030 regimini

217 1046 248 1073 et
276 1041 539 1074 administrationi
574 1041 668 1073 trium
702 1041 959 1085 presbyterorum

218 1093 249 1125 in
282 1094 400 1127 eisdem
438 1093 550 1126 litteris
586 1093 820 1126 nominatorum
857 1095 960 1138 quoad

218 1147 416 1191 temporalia,
433 1157 506 1180 cum
527 1147 658 1180 diversis
683 1147 789 1179 itidem
812 1147 961 1180 facultati-

217 1200 286 1240 bus,
308 1200 482 1244 respective
503 1200 644 1241 subiecit,
663 1206 693 1232 et
710 1200 785 1232 alias
810 1205 904 1244 prout
930 1201 960 1233 in

218 1253 309 1287 dictis
334 1253 445 1286 litteris
464 1253 593 1286 uberius
609 1253 797 1286 continetur.
824 1254 961 1287 Postmo-

217 1306 291 1340 dum
319 1317 392 1340 vero
425 1307 611 1340 recolendae
646 1307 816 1339 memoriae
847 1307 960 1340 Paulus

217 1362 299 1405 Papa
324 1362 346 1394 V
371 1361 478 1395 itidem
510 1361 733 1405 praedecessor
762 1366 869 1394 noster
903 1372 959 1405 per

217 1416 367 1460 quasdam
393 1426 464 1448 suas
490 1415 520 1447 in
545 1415 639 1447 simili
665 1415 764 1448 forma
786 1415 891 1447 Brevis
909 1415 958 1448 die

217 1480 247 1503 lx
273 1469 462 1514 septembris
496 1478 593 1502 itincvl
625 1468 785 1512 expeditas
817 1468 957 1511 litteras,

217 1534 287 1556 cum
314 1522 487 1566 accepisset
514 1522 708 1566 praedictum
742 1522 883 1566 priorem
909 1533 958 1565 ge-

215 1577 354 1610 neralem
380 1576 504 1609 Ordinis
524 1575 763 1616 Cartbusiensis,
783 1576 890 1619 vigore
907 1576 958 1608 de-

216 1630 293 1664 creti
311 1630 340 1663 in
358 1629 495 1674 capitulo
520 1629 659 1672 generali
678 1629 816 1661 eiusdem
832 1629 957 1662 Ordinis

216 1684 300 1727 editi,
318 1694 397 1718 onus
417 1683 597 1716 huiusmodi
620 1694 790 1724 recusasse,
808 1689 881 1716 tune
897 1683 956 1715 exi-

215 1738 307 1772 stenti
333 1739 363 1771 in
388 1737 548 1782 praedicto
573 1747 671 1781 regno
691 1737 779 1771 Sedis
799 1737 956 1781 Apostoli-

216 1803 270 1826 cae
293 1791 427 1834 nuncio,
458 1797 492 1823 ut
521 1791 653 1834 singulis
677 1790 830 1831 trienniis,
856 1790 956 1824 donec

216 1845 300 1880 aliud
324 1845 363 1878 ab
383 1845 450 1889 ipso
464 1845 560 1878 Paulo
575 1844 818 1888 praedecessore
835 1850 864 1877 et
878 1844 956 1878 Sede

215 1899 377 1944 praedicta
404 1898 584 1931 mandatum
610 1898 701 1939 soret,
727 1898 849 1931 etiamsi
881 1898 955 1931 dicti

216 1955 328 1987 fratres
352 1952 537 1986 Carmelitae
558 1951 740 1985 Discalceati
762 1958 834 1985 tunc
851 1952 955 1985 forsan

215 2007 354 2047 Parisiis,
380 2007 426 2039 vel
453 2006 483 2038 in
509 2005 577 2037 aliis
601 2005 777 2038 civitatibus
801 2016 855 2038 seu
880 2006 956 2039 locis

215 2061 305 2104 regni
328 2059 478 2104 praedicti
504 2062 675 2092 conventus
704 2059 884 2092 obtinerent
909 2060 954 2092 vel

215 2115 247 2147 in
271 2119 433 2158 posterum
460 2115 711 2155 assequerentur,
737 2122 832 2144 unum
857 2123 956 2145 sacer-

214 2168 332 2208 dotem,
347 2178 382 2200 ex
397 2165 520 2199 duobus
533 2164 591 2197 sibi
607 2164 804 2197 nominandis
821 2176 855 2198 ac
871 2177 956 2209 prae-

214 2220 373 2255 sentandis
396 2231 452 2264 per
478 2219 655 2263 praedictos
673 2219 954 2259 administratores,

215 2275 247 2308 in
260 2274 452 2307 visitatorem
468 2273 541 2305 dicti
557 2278 586 2305 et
600 2273 732 2305 aliorum
751 2274 954 2306 monasterio-

215 2339 286 2362 rum
312 2327 498 2360 monialium
519 2326 758 2359 Carmelitarum
787 2327 954 2359 lliscaleea-

215 2388 317 2416 tarum
337 2381 367 2414 in
384 2381 467 2414 dicto
486 2390 584 2423 regno
602 2380 750 2412 Franciae
775 2385 952 2412 erectorum

215 2436 261 2469 vel
287 2436 318 2468 in
344 2440 506 2478 posterum
528 2433 750 2476 erigendorum
785 2433 952 2477 deputare,

214 2499 249 2521 ae
274 2489 361 2521 illum
388 2488 431 2519 sic
456 2487 637 2529 deputatum
673 2497 730 2519 suo
763 2486 895 2519 arbitrio
926 2491 954 2520 et

214 2542 293 2574 infra
319 2541 486 2574 triennium
514 2550 671 2582 revocare,
692 2550 726 2572 ac
751 2539 839 2574 sinito
860 2540 953 2573 trien-

316 2604 392 2631 qutl.
408 2604 491 2630 Rom.
504 2619 535 2622 -
556 2602 616 2630 Vol.
635 2602 709 2629 XVI.
873 2602 906 2629 64

1000 241 1189 274 confirmare
1214 248 1340 285 posset,
1366 243 1544 275 facultatem
1567 243 1742 282 concessit,

1001 294 1215 338 visitatorique
1240 295 1421 328 huiusmodi
1448 306 1543 340 super
1566 296 1743 328 visitatione

1000 348 1265 381 monasteriorum
1282 349 1515 392 praedictorum
1531 354 1632 382 certas
1650 349 1743 381 facul-

999 406 1077 433 tates
1101 401 1254 434 attribuit.
1281 401 1318 434 Et
1338 402 1512 434 successive
1530 401 1610 434 idem
1630 402 1743 433 Paulus

999 453 1232 498 praedecessor,
1243 465 1315 487 cum
1330 455 1423 498 paulo
1438 460 1508 487 ante
1517 455 1742 497 Congregatio-

997 518 1068 541 nem
1087 507 1275 541 clericorum
1297 508 1432 541 Oratorii
1455 514 1678 552 nuncupatam,
1693 508 1743 540 de-

998 566 1107 605 putato
1121 561 1151 593 in
1166 561 1249 594 illius
1264 562 1479 605 praepositum
1494 561 1671 604 generalem
1686 562 1742 594 bo-

997 624 1054 647 nae
1079 614 1254 647 memoriae
1278 614 1370 647 Petro
1396 614 1470 647 dum
1497 614 1572 646 vixit
1596 614 1625 647 S.
1652 615 1685 647 R.
1709 615 1739 646 E.

997 667 1147 700 cardinali
1163 667 1201 700 de
1215 667 1339 700 Berulle
1353 672 1544 711 nuncupato,
1555 673 1628 700 tunc
1643 667 1672 699 in
1688 667 1742 699 mi-

998 720 1127 753 noribus
1141 724 1263 764 agente,
1275 720 1434 760 erexisset,
1444 721 1742 763 Congregationem-

996 784 1056 817 que
1076 774 1267 818 praedictam
1294 785 1329 807 ex
1357 774 1551 818 presbyteris
1573 774 1686 817 pietate
1711 779 1741 806 et

996 826 1137 861 doctrina
1163 827 1353 871 conspicuis,
1379 832 1478 860 aetate
1503 826 1669 870 gravibus,
1694 838 1741 859 ze-

995 880 1089 924 loque
1102 891 1177 924 erga
1187 881 1371 924 religionem
1383 881 1568 914 catholicam
1584 885 1613 913 et
1627 880 1738 913 Sedem

995 935 1207 978 Apostolicam
1221 935 1452 980 praestantibus
1467 935 1676 978 compositam
1695 944 1739 967 es-

995 998 1028 1020 se
1060 993 1090 1020 et
1121 988 1235 1022 uberes
1272 989 1392 1022 fruetus
1424 989 1455 1021 in
1490 989 1580 1021 vinca
1613 987 1737 1021 Domini

994 1040 1170 1084 producere
1183 1042 1364 1086 accepisset,
1378 1043 1523 1075 revocata
1540 1051 1632 1085 quam
1648 1041 1736 1084 prius

995 1095 1110 1128 nuncio
1136 1095 1297 1138 praedicto
1323 1096 1478 1129 tribuerat
1503 1094 1671 1138 deputandi
1694 1094 1737 1126 vi-

994 1147 1155 1180 sitatorem
1197 1149 1461 1181 monasteriorum
1501 1147 1734 1191 praedictorum

994 1200 1148 1241 facultate,
1174 1202 1397 1245 primodietum
1420 1207 1586 1244 ceteraque
1611 1201 1736 1233 Ordinis

993 1254 1273 1288 Carmelitanarum
1300 1255 1552 1288 Excalteatarum
1586 1260 1737 1286 monaste-

993 1308 1039 1340 ria
1064 1308 1094 1340 in
1120 1319 1218 1351 regno
1242 1309 1392 1341 FrancIae
1420 1309 1588 1342 constituta
1621 1308 1733 1340 liuius-

993 1361 1088 1402 modi,
1114 1367 1175 1394 tam
1202 1368 1330 1395 eatenus
1352 1368 1474 1402 erecta,
1492 1372 1585 1405 quam
1605 1372 1639 1393 ex
1662 1367 1735 1394 tunc

992 1415 1154 1458 perpetuis
1168 1415 1280 1448 suturis
1299 1415 1493 1459 temporibus
1507 1414 1667 1457 erigenda,
1683 1426 1734 1446 cu-

992 1479 1054 1511 rae,
1066 1469 1244 1509 visitationi,
1261 1469 1450 1503 correctioni
1470 1475 1499 1501 et
1519 1469 1734 1512 snperioritati

991 1522 1063 1556 dicti
1080 1523 1171 1562 Petri,
1185 1534 1220 1555 ac
1235 1533 1293 1566 pro
1313 1529 1455 1566 tempore
1469 1522 1631 1555 existentis
1646 1533 1734 1565 prae-

991 1577 1083 1620 positi
1098 1577 1323 1620 generalis‚qni
1339 1576 1519 1609 huiusmodi
1535 1576 1732 1617 monasteria,

991 1641 1166 1674 eorumque
1184 1631 1375 1674 superiores,
1397 1630 1569 1662 abbatissas
1583 1640 1636 1662 scu
1652 1629 1733 1672 prio-

991 1685 1084 1717 rissas
1113 1696 1148 1717 ae
1174 1684 1345 1724 moniales,
1372 1689 1401 1716 et
1425 1684 1500 1716 alias
1526 1694 1676 1727 personas
1702 1684 1731 1716 in

990 1739 1034 1771 eis
1058 1739 1206 1781 degentes
1231 1738 1356 1770 visitare
1375 1743 1480 1781 posset.
1505 1743 1535 1770 et
1549 1738 1675 1777 valeret,
1694 1738 1731 1770 ad

990 1792 1077 1826 Sedis
1102 1791 1299 1835 Apostolicae
1324 1791 1574 1834 beneplacitum,
1600 1791 1731 1824 subiecit

990 1851 1020 1878 et
1044 1845 1209 1889 supposuit
1233 1855 1289 1888 per
1314 1845 1389 1876 alias
1404 1855 1474 1877 suas
1488 1844 1605 1888 pariter
1625 1843 1655 1876 in
1672 1845 1732 1877 for-

991 1900 1041 1931 ma
1065 1899 1171 1931 Brevis
1194 1898 1244 1931 die
1269 1908 1334 1931 xvlt
1359 1897 1467 1942 aprilis
1499 1907 1618 1931 arnexrv
1650 1908 1731 1930 ema-

990 1959 1090 1992 natas,
1116 1962 1203 1995 quas,
1228 1961 1349 1984 necnon
1371 1951 1476 1984 onmia
1500 1956 1530 1983 et
1556 1951 1678 1993 singula
1701 1951 1729 1983 in

990 2006 1034 2039 eis
1054 2011 1208 2046 contenta,
1231 2004 1373 2044 subinde,
1391 2015 1461 2037 cum
1484 2005 1587 2037 clarae
1614 2015 1730 2036 memo-

990 2060 1053 2092 riae
1079 2059 1254 2092 Ludovicus
1271 2064 1344 2092 tunc
1361 2058 1513 2102 temporis
1533 2058 1728 2090 Francorum

989 2123 1042 2145 rex
1069 2112 1346 2146 christianissimus
1367 2112 1392 2143 ei
1413 2111 1527 2155 exponi
1549 2110 1670 2144 fecisset
1688 2110 1730 2142 di-

989 2171 1073 2198 ctum
1101 2165 1224 2198 Petrum
1256 2164 1401 2208 regimini
1434 2170 1463 2197 et
1483 2164 1640 2207 gubernio
1667 2174 1729 2196 mo-

988 2219 1117 2251 nialium
1140 2218 1371 2262 praedictarum
1391 2229 1461 2251 eum
1484 2218 1582 2250 multo
1604 2217 1727 2249 illarum

988 2273 1143 2316 spirituali
1169 2273 1274 2304 fructu
1298 2283 1333 2304 ac
1355 2271 1607 2304 christifidelium
1637 2271 1724 2303 aedi·

988 2326 1132 2358 ficatione
1159 2325 1328 2366 vacavisse,
1353 2324 1539 2368 approbavit
1564 2329 1593 2355 et
1618 2326 1728 2357 contir-

988 2380 1092 2419 mavil,
1114 2384 1142 2411 et
1168 2378 1244 2411 alias
1263 2385 1356 2422 prout
1375 2379 1403 2410 in
1427 2378 1522 2421 ipsius
1541 2378 1625 2410 Pauli
1642 2389 1729 2421 prae-

987 2432 1162 2465 decessoris
1187 2432 1298 2464 litteris
1315 2431 1451 2475 desuper
1470 2431 1562 2463 etiam
1582 2431 1609 2463 in
1627 2431 1727 2463 forma

988 2486 1093 2519 Brevis
1127 2486 1175 2517 dic
1209 2495 1259 2518 xiv
1298 2485 1401 2517 martii
1440 2495 1542 2518 aincxx
1576 2485 1727 2528 expeditis

988 2541 1111 2585 plenius
1136 2540 1322 2573 continetur.
1350 2540 1418 2572 Post
1443 2539 1518 2572 bace
1537 2543 1638 2573 autem
1656 2539 1726 2583 piae

1763 140 1810 165 Ae».
1829 141 1854 164 t'v
1883 141 1947 166 1³10
