2243 3205
73 134 122 162 An.
142 134 170 161 C.
188 132 254 160 1659

103 990 211 1011 Dect-stum
222 994 256 1009 sa-

77 1023 124 1038 crae
143 1020 256 1042 congrega-

77 1042 146 1065 tionis.

861 126 1046 151 ALExANDEn
1072 126 1114 148 VII
1140 126 1187 148 PP.

266 177 325 213 nisi
350 178 438 222 prius
462 176 681 211 ostenderetur
702 175 958 210 reformationem
977 174 1007 207 in

266 231 319 265 illa
339 231 458 275 pariter
475 234 666 275 acceptatam
685 230 790 270 fuisse,
812 240 870 273 pro
888 239 949 272 qua
966 228 1009 260 in-

267 283 459 318 troducenda
484 284 602 317 similes
628 282 838 317 commissarii
865 281 1007 326 deputari

267 338 378 378 solent,
403 337 550 381 quodque
568 337 649 370 dicta
666 336 827 381 provincia
848 336 877 369 S.
895 335 1008 368 Mariae

268 391 424 434 Ungariae
460 389 700 423 constitutiones
736 389 1007 429 Refer-matorum,

268 448 299 476 et
322 443 449 487 quidem
474 442 518 476 uti
549 442 625 476 tales
649 452 666 474 a
691 442 836 475 ministro
868 441 1007 484 generali

268 495 393 529 Ordinis
418 494 570 539 praedicti
595 494 784 537 recognitas,
803 504 927 538 semper
951 493 1007 526 ob-

269 552 440 591 servasset,
465 548 586 592 ipsique
615 552 806 592 exponentes
838 546 1009 580 credebant

268 614 306 637 ex
327 603 479 637 relatione
503 603 608 636 dilecti
628 603 746 647 pariter
767 602 823 635 filii
841 601 1008 635 visitatoris

268 655 425 699 generalis
451 655 595 689 Austriae
615 661 645 688 et
671 655 825 698 Ungariae
854 654 928 687 dicti
957 653 1010 688 Or-

268 708 361 749 dinis,
386 708 436 741 cui
462 713 637 742 memorata
658 708 861 752 congregatio
885 707 1010 750 indaga-

269 761 386 794 tionem
412 761 551 795 veritatis
576 761 825 806 praemissorum
847 760 1010 794 commise-

269 819 334 856 rat,
351 815 389 848 ad
407 815 505 859 ipsam
523 815 802 859 congregationem
827 814 1009 848 transmissa

269 872 413 901 constare
449 878 558 901 eorum
586 878 666 912 quae
690 872 905 912 exposuerunt
928 867 1010 900 veri-

270 926 383 962 tatem3

314 974 329 1018 ἓ
353 974 382 1008 ⁶2.
407 974 444 1007 Et
462 980 630 1019 propterea
650 974 751 1007 dictae
774 972 1010 1016 congregationi

270 1027 468 1071 supplicato,
499 1033 534 1060 ut
565 1027 793 1071 exemptionem
830 1025 1010 1059 huiusmodi

270 1080 450 1124 praedictae
467 1080 649 1124 provinciae
669 1078 884 1121 concederet¹,
903 1079 1008 1111 illam-

271 1143 331 1177 que
354 1133 557 1167 reformatam
582 1133 769 1177 declararet.)
795 1132 951 1166 emanavit
973 1131 1011 1164 ab

272 1186 379 1220 eadem
395 1186 640 1230 congregatione
654 1187 814 1220 decretum
829 1185 946 1218 tenoris
958 1184 1012 1228 qui

271 1241 430 1285 sequitur,
455 1241 614 1275 videlicet:

321 1307 334 1328 <i
351 1296 446 1329 Sacra
462 1295 665 1338 congregatio
690 1293 1011 1328 eminentissimorum

271 1354 397 1382 sanctae
427 1349 586 1382 Romanae
618 1349 774 1382 Ecclesiae
806 1348 1012 1382 cardinalium

271 1403 406 1446 negotiis
430 1408 460 1436 et
484 1402 765 1436 consultationibus
790 1402 1012 1446 cpiscoporum

273 1461 303 1491 et
316 1457 510 1501 regularium
526 1457 716 1501 praeposita,
731 1456 855 1490 attentis
868 1456 1012 1497 narratis,

271 1521 308 1544 ac
332 1511 446 1544 auditis
470 1510 675 1544 relationibus
692 1515 755 1542 tam
780 1509 936 1543 Minoi-um
961 1520 1013 1553 ge-

271 1564 386 1597 neralis
417 1564 541 1598 Ordinis
573 1563 753 1597 huiusmodi
789 1573 882 1606 quam
919 1563 1012 1596 etiam

273 1618 482 1652 commissarii
503 1617 672 1651 visitatoris
690 1618 845 1661 generalis
870 1616 1014 1650 Austriae

273 1675 303 1706 et
316 1671 482 1715 Ungariae‚
494 1671 702 1704 asserentium
718 1676 923 1704 memoratam
939 1681 1014 1714 pro-

272 1726 407 1760 vinciam
422 1725 451 1758 S.
460 1725 574 1758 Mariae
585 1725 751 1768 Ungariae,
761 1725 891 1768 eiusque
904 1735 1014 1757 omnes

272 1780 406 1821 fratres,
431 1790 467 1812 ac
498 1778 571 1812 dicti
604 1777 729 1812 Ordinis
763 1778 928 1821 religiosos
953 1777 1013 1810 iam

273 1833 484 1878 acceptavisse
501 1838 532 1865 et
548 1832 722 1876 suscepisse
746 1831 1014 1871 reformationem,

273 1897 310 1920 ac
334 1886 506 1920 secundum
530 1885 624 1919 huius
649 1885 800 1926 instituta,
825 1885 921 1928 leges,
942 1895 1016 1918 eon-

275 1940 451 1974 stitutiones
476 1945 506 1972 et
530 1944 643 1972 statuta
667 1938 784 1979 vivere,
805 1938 871 1982 regi
897 1943 927 1971 et
951 1949 1011 1981 gu-

274 1993 424 2035 bernari,
450 1992 592 2033 censuit,
618 1992 757 2024 decrevit
788 1997 817 2024 et
847 1992 1016 2024 declaravit

276 2047 418 2081 eamdem
433 2046 628 2090 provinciam
640 2050 800 2089 tamquam
814 2046 1015 2078 reformatam

276 2099 407 2141 haberi,
437 2109 474 2132 ac
506 2098 586 2131 inter
618 2098 803 2131 reformatas
838 2098 1017 2142 provincias

276 2155 490 2195 statuendam,
515 2153 756 2197 computandam
784 2158 813 2186 et
837 2153 1016 2186 descrihen-

276 2209 360 2250 dam,
384 2217 556 2251 earumque
580 2206 727 2240 omnibus
751 2206 869 2249 gratiis,
895 2206 1018 2250 privile-

277 2263 337 2307 giis
366 2267 397 2296 et
425 2260 653 2306 praerogativis
684 2271 781 2304 aeque
818 2271 853 2293 ac
888 2265 1018 2293 cunctae

278 2317 396 2351 similes
421 2316 499 2349 aliae
523 2315 703 2360 provinciae
723 2315 910 2348 reformatae
926 2319 1019 2346 utun-

279 2375 340 2411 tur,
365 2369 539 2414 potiuntur,
564 2368 712 2401 fruuntur
737 2372 765 2400 et
791 2367 939 2410 gaudent,
964 2367 1018 2407 uti,

278 2424 351 2465 frui,
368 2422 462 2468 potiri
487 2426 517 2455 et
533 2421 671 2465 gaudere
688 2421 787 2464 ipsam
813 2430 939 2465 quoque
964 2419 1018 2452 de-

316 2496 326 2521 1
346 2494 415 2522 Edit.
438 2493 517 2520 Main.
541 2492 605 2527 legit
628 2492 759 2519 concedet
784 2499 831 2527 pro
856 2491 1019 2519 concederet

280 2542 317 2575 (n.
334 2540 382 2571 τ.).

366 2593 443 2620 Bull.
464 2592 548 2620 Rom.
564 2606 598 2612 —
617 2590 676 2619 Vol.
697 2589 772 2618 XVI.
931 2587 965 2616 65

1689 110 1752 144 513
1799 120 1849 146 An.
1871 119 1898 145 c.
1917 118 1984 145 1659

1040 173 1126 215 bere,
1145 183 1181 206 ac
1201 171 1336 216 proinde
1352 171 1391 204 ab
1406 170 1596 214 obligatione
1612 168 1784 212 reeipiendi

1041 227 1078 260 de
1104 231 1209 260 cetero
1235 225 1486 259 commissarium
1507 223 1695 257 nationalem
1718 233 1785 256 esse

1042 280 1257 321 eximendam,
1282 284 1375 323 prout
1399 278 1573 323 praesentis
1597 277 1715 310 decreti
1742 276 1784 308 vi-

1041 344 1118 378 gore
1133 333 1225 367 statui
1247 338 1276 365 et
1293 331 1482 376 computari,
1499 331 1618 372 haberi,
1638 330 1785 371 describi,

1042 386 1180 430 gaudere
1211 391 1241 418 et
1273 385 1367 418 eximi
1399 384 1575 428 respective
1606 383 1732 416 mandat
1756 388 1785 415 et

1041 439 1216 484 praecipit,
1243 437 1409 471 contrariis
1438 437 1691 481 quibuscumque
1722 445 1785 468 non

1042 492 1248 527 obstantibus.

1086 546 1213 588 Romae,
1238 554 1288 577 x1x
1314 542 1501 588 septembris
1525 552 1651 576 MDthx.

1461 597 1498 629 M.
1524 596 1684 630 Gixssrrrs
1712 607 1738 628 ».

1087 651 1102 696 ἓ
1125 650 1155 685 3.
1181 651 1257 685 Cum
1283 654 1399 691 autem,
1424 649 1505 682 sicut
1529 648 1604 682 dicti
1629 657 1784 692 exponen·
1825 661 1919 681 Absolvit
1939 666 1986 689 om-

1043 710 1088 738 tes
1119 704 1211 738 nobis
1244 713 1347 748 nuper
1380 702 1495 747 exponi
1529 702 1689 742 fecerunt,
1722 701 1783 744 ipsi
1799 689 1983 708 ²⁰¹⁰³³⁸⁰¹¹⁵¹¹⁸⁸⁸

1043 759 1204 792 decretum
1230 756 1430 797 huiusmodi,
1455 766 1513 800 pro
1538 754 1671 788 firmiori
1701 754 1783 787 illius

1043 810 1246 845 subsistentia
1262 815 1291 843 et
1304 809 1532 850 observatione,
1542 807 1704 852 apostolici
1722 818 1786 840 mu-

1043 865 1171 899 niminis
1202 864 1379 909 patrocinio
1406 862 1552 896 roborari
1583 871 1786 904 summopere

1044 919 1239 959 desiderent,
1259 928 1328 958 nos,
1349 916 1515 961 specialem
1536 915 1611 960 ipsis
1632 924 1786 959 exponen-

1045 971 1127 1005 tibus
1158 971 1290 1015 gratiam
1322 971 1426 1003 faeere
1458 969 1598 1003 volentes
1619 973 1648 1001 et
1673 977 1784 1001 eorum

1045 1024 1220 1068 singulares
1244 1033 1394 1068 personas
1422 1033 1439 1055 a
1464 1021 1627 1066 quibusvis
1652 1030 1782 1053 exeom-

1046 1077 1277 1117 municationis‚
1297 1081 1366 1117 etc„
1384 1076 1497 1108 harum
1523 1074 1604 1108 serie
1628 1073 1788 1107 absolven-

1046 1136 1090 1164 tes
1115 1136 1145 1164 et
1169 1130 1327 1164 absolutas
1347 1130 1414 1163 fore
1439 1133 1610 1169 censentes,
1636 1126 1790 1171 supplica-

1045 1183 1138 1217 tionis
1170 1194 1282 1217 eorum
1314 1182 1442 1216 nomine
1477 1181 1567 1214 nobis
1603 1191 1697 1224 super
1729 1179 1789 1212 hoe

1046 1239 1200 1282 porrectis
1236 1237 1401 1271 humiliter
1435 1235 1594 1275 inclinati,
1627 1235 1788 1267 decretum

1045 1291 1290 1335 praeinsertum,
1316 1289 1502 1323 auctoritate
1527 1287 1718 1332 apostoliea,
1742 1279 1788 1319 'te-

1047 1355 1123 1378 nore
1140 1345 1365 1389 praesentium,
1384 1343 1609 1376 confirmamus
1627 1346 1656 1373 et
1672 1350 1788 1384 appro-

1047 1398 1170 1439 bamus,
1191 1399 1299 1442 illique
1317 1396 1506 1431 inviolabilis
1523 1394 1714 1439 apostolicae
1739 1393 1789 1426 tir-

1047 1453 1162 1486 mitatis
1186 1453 1285 1486 robur
1302 1451 1478 1493 adiieimus,
1499 1450 1584 1483 salva
1610 1458 1734 1491 semper
1758 1447 1789 1479 in

1047 1506 1228 1551 praemissis
1253 1505 1437 1539 auctoritate
1454 1502 1633 1548 praedictae
1654 1511 1788 1543 congre-

1048 1560 1182 1604 gationis
1207 1559 1423 1593 cardinalium.

1093 1614 1107 1657 ᾖ
1124 1613 1153 1646 li.
1171 1613 1381 1646 Decernentes
1398 1610 1522 1644 easdem
1540 1613 1722 1653 praesentes
1736 1608 1788 1640 lit-
1823 1615 1944 1653 *Confirmat
1954 1615 1988 1636 ‹10-

1049 1673 1130 1700 teras
1155 1677 1280 1710 semper
1305 1666 1423 1705 sirmas,
1441 1669 1509 1705 ete,
1527 1662 1709 1707 plenissime
1727 1662 1790 1694 suf-
1804 1645 1891 1664 meum

1048 1721 1182 1764 sragari,
1207 1721 1314 1763 sicque
1338 1719 1367 1751 in
1392 1716 1574 1762 praemissis
1608 1726 1664 1759 per
1689 1725 1789 1758 quos-

1049 1785 1183 1819 cumque
1210 1773 1338 1813 iudiees,
1363 1777 1433 1812 ete,
1458 1769 1581 1803 definiri
1607 1769 1732 1809 debere,
1754 1779 1790 1801 ac

1050 1829 1175 1862 irritum
1200 1833 1230 1861 et
1250 1827 1351 1867 inane,
1372 1826 1397 1859 si
1416 1835 1517 1865 secus,
1532 1828 1600 1866 etc,
1622 1822 1790 1866 contigerit

1049 1882 1206 1916 attentari.

1094 1937 1109 1980 g
1133 1937 1161 1969 5.
1187 1935 1255 1968 Non
1287 1933 1484 1967 obstantibus
1516 1930 1791 1965 constitutionibus
1808 1935 1944 1983 ri[3¹315r031un1
1965 1941 1991 1955 π-

1050 1996 1080 2023 et
1096 1987 1347 2022 ordinationibus
1362 1985 1553 2030 apostolicis,
1571 1994 1702 2024 necnon,
1717 1994 1792 2027 qua·
1864 1979 1879 1983 ι’

1051 2049 1139 2076 tenus
1160 2052 1238 2086 opus
1263 2042 1311 2081 sit,
1329 2040 1453 2074 Ordinis
1478 2044 1508 2071 et
1532 2038 1713 2082 provinciae
1738 2037 1793 2070 liu-

1051 2096 1186 2130 iusmodi
1210 2094 1383 2139 quibusvis,
1399 2093 1491 2126 etiam
1516 2092 1704 2132 iuramento,
1725 2096 1793 2131 ete,

1052 2150 1082 2182 in
1105 2148 1298 2182 contrarium
1323 2147 1570 2191 praemissorum
1596 2143 1793 2189 quomodoli-

1051 2203 1103 2235 bet
1128 2201 1306 2241 concessis,
1332 2199 1526 2233 confirmatis
1559 2203 1589 2231 et
1619 2197 1792 2236 innovatis3

1052 2256 1166 2300 quibus
1183 2254 1332 2288 omnibus
1353 2258 1382 2286 et
1403 2252 1545 2295 singulis,
1565 2251 1691 2283 illorum
1710 2255 1794 2283 teno-

1053 2321 1102 2343 res
1127 2308 1360 2353 praesentibus,
1387 2312 1456 2347 etc,
1481 2305 1519 2337 ad
1544 2304 1793 2348 praemissorum

1053 2363 1197 2396 effectum
1227 2360 1405 2405 specialiter
1430 2364 1459 2391 ct
1484 2367 1629 2402 expresse
1654 2357 1790 2400 deroga-

1054 2427 1140 2456 mus,
1172 2415 1347 2458 ceterisque
1382 2412 1548 2447 contrariis
1583 2411 1791 2455 quibuscum-

1053 2481 1125 2515 que.

1098 2524 1208 2557 Datum
1238 2523 1366 2562 Romae,
1394 2519 1476 2565 apud
1505 2519 1534 2553 S.
1552 2518 1679 2552 Mariam
1698 2517 1794 2551 Maio-
