2263 3215
276 235 314 261 Αῃ
339 234 369 262 c,
389 234 459 263 1655
503 225 546 260 98
1055 233 1233 258 BULLARIUM
1257 233 1411 257 nouantur
1995 232 2045 260 An.
2062 232 2092 260 c..
2111 232 2179 262 1655

471 292 605 326 rumque
629 282 815 315 secularium
838 281 1101 324 interpositiones,
1133 292 1203 315 cum
1239 282 1342 314 lorum
1367 280 1581 325 praesidentes
1597 279 1635 312 ad
1653 278 1684 312 id
1701 289 1847 324 capacem
1867 284 1898 313 et
1914 279 1979 314 ido-

470 341 574 369 tamen
598 347 614 369 e
639 341 761 377 eontra,
787 334 910 378 quando
936 335 1043 367 eadem
1071 336 1205 379 capitula
1221 360 1222 363 η
1238 346 1330 367 neum
1357 334 1529 377 respective
1554 334 1811 375 existimaverint,
1832 340 1919 367 extra
1935 334 1978 367 ci-

471 396 557 423 extra
581 389 719 423 civitates
743 388 918 431 habentur,
947 389 978 421 in
1003 389 1064 421 illis
1089 390 1203 422 eonsti—
1239 389 1348 421 vitates
1372 388 1572 422 celebrentur
1597 393 1627 421 et
1651 389 1805 421 celebrari
1831 388 1978 430 debeant,

470 443 604 476 tutiones
628 442 815 486 apostolicae
839 442 1057 482 observentur,
1077 443 1203 475 electio·
1238 441 1410 485 apostotica
1424 442 1618 482 auctoritate,
1631 446 1740 475 tenore
1754 442 1978 486 praesentium,

469 506 594 539 nesque,
611 496 738 528 seclusis
762 495 942 539 principum
968 496 1156 528 secularium
1175 501 1204 528 et
1220 512 1221 519 κ
1238 494 1404 527 statuimus
1429 499 1458 528 et
1482 495 1675 529 ordinamus.

468 550 599 583 aliorum
625 549 924 593 interpositionibus,
941 550 1039 582 libere
1055 560 1204 593 peragan-
1281 547 1338 590 §AE
1357 548 1564 582 Decernentes
1578 549 1887 593 praesenteslitteras
1901 560 1979 583 sem·
2005 559 2133 589 ‚Decretum
2149 559 2178 582 ir-

467 601 545 643 tui-¹,
562 607 656 646 prout
676 603 706 634 in
730 602 900 635 novissimo
919 602 1057 635 eiusdem
1080 602 1203 646 provin·
1218 627 1219 630 η
1236 611 1292 644 per
1316 601 1422 634 firmas
1447 607 1477 635 et
1501 602 1617 635 validas
1634 608 1664 636 et
1681 603 1822 636 efficaces
1842 603 1976 637 existere
1993 588 2066 608 '¹³⁰⁵'

467 656 533 688 ciae
557 655 691 699 capitulo
714 655 898 699 provinciali
923 655 961 688 de
985 666 1067 688 anno
1085 665 1201 688 tuncmv
1236 658 1266 686 ct
1288 654 1377 695 sore,
1402 665 1438 688 ac
1462 655 1500 687 ab
1525 655 1606 698 iltis,
1632 656 1671 688 ad
1696 667 1775 700 quos
1806 662 1925 700 spectat
1948 660 1979 692 et

466 719 537 741 cum
562 712 683 742 summa
707 718 794 752 pace,
818 709 922 752 quiete
939 713 969 741 et
989 708 1149 751 diligentia
1170 708 1201 740 in
1235 718 1294 750 pro
1319 712 1461 751 tempore
1486 709 1648 752 spectabit,
1673 709 1900 743 inviolabiliter
1919 710 1976 744 oh-

466 767 620 794 convcntu
648 761 676 794 S.
702 761 827 794 Antonii
858 762 918 794 loci
947 761 985 794 dc
1013 762 1201 805 Castagnera
1235 761 1353 793 servari
1378 761 1515 803 debere,
1545 762 1734 807 irritumque
1759 768 1789 796 et
1812 763 1926 805 inane,
1951 763 1977 797 si

464 815 635 859 nuncupati
664 814 912 859 Ulyssiponensis
941 815 1094 848 dioecesis
1123 816 1201 849 cele·
1216 845 1217 851 ,
1235 824 1324 847 secus
1349 825 1445 858 super
1469 815 1518 848 his
1542 825 1559 848 a
1583 826 1760 859 quoquam,
1789 817 1898 860 quavis
1922 820 1976 850 au'-

463 868 563 909 brato,
583 874 617 902 ut
640 873 792 910 asserunt,
817 869 971 902 usuvenit.
1234 868 1392 909 ctoritate,
1417 869 1551 902 scienter
1575 870 1623 902 vel
1648 870 1850 914 ignoranter,
1876 871 1976 904 conti-

291 933 432 960 suppneano.
507 922 521 965 ἓ
546 921 575 954 2.
600 922 674 955 Cum
692 927 806 962 autem,
822 922 901 955 sicut
917 922 1027 955 eadem
1045 922 1199 966 expositio
1234 921 1315 963 getit
1339 922 1494 955 attentati

462 974 692 1018 subiungebat,
724 975 824 1009 dictus
849 982 1018 1010 conventus
1050 977 1089 1009 ad
1121 978 1200 1010 cele·
1277 974 1345 1018 ἐξ).
1371 976 1440 1009 Non
1469 976 1664 1009 obstantibus
1698 976 1975 1011 constitutionibus
2011 985 2120 1035 opposita
2143 992 2176 1009 r·-

461 1027 581 1061 branda
615 1029 749 1073 capitula
784 1030 988 1073 provincialia
1017 1030 1198 1064 huiusmodi
1233 1028 1528 1062 etoidinationitms
1545 1029 1737 1073 apostolicis,
1754 1041 1887 1071 necnon,
1900 1040 1975 1074 qua-

461 1086 550 1125 aptus
567 1086 596 1115 et
613 1092 709 1126 capax
734 1082 853 1123 existat,
871 1082 993 1126 ipsique
1007 1089 1198 1127 exponentes
1232 1088 1322 1115 tenus
1346 1093 1425 1126 opus
1442 1083 1490 1123 sit,
1515 1083 1639 1116 Ordinis
1664 1089 1693 1117 et
1717 1084 1899 1128 provinciae
1919 1084 1975 1118 hu-

460 1134 567 1168 eadem
589 1135 722 1179 capitula
746 1136 951 1179 provincialia
971 1136 1002 1169 in
1028 1137 1081 1170 illo
1097 1143 1149 1170 aut
1167 1138 1197 1170 in
1232 1135 1382 1177 iusmodi,
1407 1147 1442 1169 ac
1467 1137 1652 1180 quorumvis
1677 1137 1818 1170 eiusdem
1842 1138 1974 1182 provin-

460 1189 520 1222 alio
544 1189 644 1222 dictae
659 1189 841 1233 provinciae
859 1195 1025 1231 conventu,
1046 1202 1140 1235 quem
1155 1192 1198 1224 di·
1232 1189 1297 1222 ciae
1321 1194 1542 1231 conventuum,
1567 1191 1660 1224 ctiam
1686 1191 1873 1232 iuramento,
1898 1201 1973 1225 con-

460 1247 581 1275 ctorum
596 1242 803 1286 capitulorum
817 1244 1031 1287 praesidentes
1047 1256 1105 1288 pro
1119 1250 1197 1278 tem-
1230 1243 1408 1276 firmatione
1425 1245 1607 1288 apostolica,
1626 1245 1673 1278 vel
1690 1245 1798 1288 quavis
1823 1245 1972 1278 firmitate

459 1305 536 1339 pore
549 1295 586 1328 ad
600 1295 629 1328 id
644 1296 790 1330 idoneum
815 1297 956 1330 arbitrati
970 1298 1096 1338 suerint,
1110 1305 1196 1332 extra
1230 1296 1289 1329 alia
1304 1297 1470 1338 roboratis,
1489 1298 1610 1331 statutis
1631 1303 1661 1331 et
1682 1298 1971 1339 consuetudinibus,

459 1349 598 1382 civitates
628 1349 666 1383 de
698 1354 801 1384 cetero
835 1351 991 1384 celebrari
1020 1352 1195 1395 plurimum
1229 1350 1401 1393 privilegiis
1419 1362 1553 1395 quoque,
1576 1351 1704 1384 indultis
1721 1357 1752 1385 et
1771 1352 1883 1386 litteris
1900 1361 1973 1396 apo-

458 1401 644 1437 desiderent:
658 1403 776 1437 ideirco
789 1404 879 1437 nobis
895 1404 989 1438 iidem
1003 1412 1196 1449 exponentes
1229 1404 1346 1437 stolicis
1360 1404 1390 1437 in
1404 1405 1599 1438 contrarium
1619 1405 1880 1449 praemissorum,
1898 1415 1973 1449 quo-

457 1455 619 1490 humiliter
643 1458 811 1501 supplicari
836 1459 996 1501 fecerunt,
1022 1465 1056 1493 ut
1079 1461 1138 1493 sibi
1163 1460 1194 1493 in
1228 1458 1400 1491 modolibct
1420 1459 1588 1499 concessis,
1609 1459 1806 1492 confirmatis
1830 1464 1861 1492 et
1885 1459 1972 1493 inno·

456 1510 637 1553 praemissis
672 1516 849 1555 opportune
880 1513 1067 1556 providere,
1100 1519 1130 1547 et
1160 1520 1194 1547 ut
1229 1512 1322 1552 vatis3
1347 1512 1461 1556 quibus
1481 1513 1627 1546 omnibus
1641 1517 1671 1545 et
1688 1513 1830 1556 singulis,
1844 1512 1971 1546 illorum

456 1563 537 1597 infra
561 1564 724 1608 indulgere
753 1565 790 1599 de
815 1566 1005 1610 benignitate
1023 1569 1194 1612 apostolica
1228 1570 1353 1598 tenores
1382 1566 1599 1608 praesentibus
1630 1576 1688 1609 pro
1712 1566 1805 1610 plene
1829 1571 1860 1599 et
1885 1565 1971 1599 suffi-

457 1616 670 1661 dignaremur.
1210 1612 1212 1627 s
1228 1619 1347 1651 cienter
1372 1620 1528 1663 expressis
1544 1630 1580 1652 ac
1597 1619 1635 1652 dc
1659 1619 1756 1652 verbo
1774 1619 1812 1652 ad
1840 1619 1969 1652 verbum

261 1677 352 1726 'Extra
369 1680 442 1727 elima
501 1671 516 1715 ς
539 1671 569 1704 3
594 1672 655 1705 Nos
670 1672 776 1715 igitur,
797 1673 895 1707 dictos
917 1680 1110 1718 exponentes
1127 1682 1211 1722 spe
1209 1683 1310 1705 insci
1315 1673 1351 1706 tis
1372 1673 1532 1715 habentes,
1558 1673 1620 1705 illis
1637 1672 1737 1705 alias
1731 1683 1763 1704 tn
1779 1682 1836 1705 suo
1853 1671 1970 1705 r·ob01e

260 1706 442 1755 issifissl’ifflffl.
457 1724 587 1758 cialibus
611 1725 771 1759 favoribus
796 1732 826 1759 et
849 1727 958 1770 gratiis
978 1739 1015 1772 p1
1019 1739 1126 1772 osequl
1145 1740 1194 1762 vo·
1208 1738 1284 1781 pet
1288 1737 1454 1767 m‘msuiis
1477 1727 1534 1759 bac
1560 1726 1627 1759 vice
1651 1726 1829 1766 dumtaxat
1850 1735 1970 1769 31)θῦῐὸ-

456 1778 575 1819 lentes,
600 1784 629 1812 et
653 1789 763 1812 eorum
793 1780 968 1823 singulaies
999 1793 1150 1826 peisonas
1176 1794 1210 1816 a
1208 1766 1297 1814 litei
1321 1785 1352 1813 ct
1376 1790 1522 1823 expiesse
1553 1779 1760 1822 derogamus3
1794 1780 1969 1824 ceterisque

455 1832 965 1876 quibusvisexcommunicationis,
977 1837 1192 1879 suspensionis
1208 1831 1393 1867 contrariis
1418 1834 1681 1877 quibuscumque.

456 1889 486 1919 et
509 1885 684 1928 interdicti,
715 1887 844 1930 aliisque
873 1889 1092 1922 ecelesiasticis
1122 1900 1192 1922 sen·
1270 1888 1382 1921 Datum
1408 1889 1536 1927 Pioniae,
1563 1887 1644 1931 apud
1670 1887 1698 1920 S.
1720 1887 1848 1920 Mariam
1876 1887 1970 1921 Maio·

454 1938 568 1979 tentiis,
593 1939 732 1973 censuris
757 1945 786 1973 et
809 1942 928 1984 poenis,
953 1952 970 1974 a
995 1943 1064 1976 iure
1080 1943 1128 1975 vel
1154 1944 1192 1976 ab
1208 1938 1209 1941 ’
1227 1942 1371 1983 rem,sub
1390 1941 1505 1974 annulo
1528 1941 1705 1981 piscatoris,
1727 1941 1777 1973 die
1800 1951 1866 1975 xxx
1892 1940 1968 1974 iunii

453 1991 592 2033 homine,
612 1993 719 2036 quavis
732 1994 895 2027 occasione
920 1996 967 2027 vel
992 1997 1087 2028 eausa
1110 1997 1191 2038 latis,
1208 1985 1209 2000 ¹
1226 2005 1345 2035 MDCLv,
1370 1994 1573 2038 pontificatus
1597 1994 1697 2027 nostri
1722 2004 1804 2028 anno
1824 2003 1844 2028 1.

453 2045 479 2078 si
499 2045 613 2089 quihus
637 2048 872 2090 quomodolibet
889 2049 1027 2083 innodati
1047 2051 1191 2091 existunt,
1260 2058 1317 2086 Dat.
1336 2058 1380 2085 <tie
1395 2058 1430 2085 30
1444 2057 1511 2085 iunii
1529 2058 1606 2092 1655,
1623 2057 1717 2093 pontif.
1734 2065 1804 2086 anno
1819 2064 1839 2084 1.

454 2098 493 2131 ad
517 2098 661 2132 effectum
686 2102 899 2144 praesentium
927 2103 1088 2136 dumtaxat
1117 2115 1190 2138 con-

454 2152 669 2196 sequendum,
693 2154 805 2187 harum
829 2155 909 2189 serie
941 2157 1137 2191 absolventes
1162 2164 1192 2191 et
1564 2193 1571 2197 ,
1593 2192 1599 2208 r

453 2204 629 2239 absolut0s2
649 2206 715 2240 fore
728 2214 898 2250 censentes,
918 2210 1099 2244 huiusmodi
1117 2221 1191 2255 sup·
1549 2192 1638 2225 ᾸΠῙ·

453 2259 675 2302 plicationibus
706 2261 866 2304 inclinati,
898 2269 932 2296 ut
963 2264 995 2296 in
1027 2270 1189 2308 posterum
1207 2257 1209 2313 [
1228 2263 1434 2307 Confirmatio
1458 2263 1577 2295 decreti
1604 2263 1864 2306 congyreqatiom's
1889 2262 1966 2297 Con-

454 2312 589 2355 capitula
624 2314 829 2358 provincialia
872 2316 971 2349 dictae
1011 2318 1191 2361 provinciae
1270 2316 1623 2359 cilie'Tridentini,quo
1638 2315 1965 2349 censm'lservan'dum

452 2364 483 2397 S.
508 2366 633 2399 Antonii
666 2368 697 2400 in
727 2370 867 2412 praefato
900 2370 1038 2403 ciusdem
1071 2372 1100 2404 S.
1122 2373 1209 2425 Λῃ-]
1269 2380 1332 2403 esse
1356 2369 1451 2401 atiud
1476 2369 1637 2401 decretum
1662 2369 1768 2402 <lictae
1796 2379 1966 2413 eonqt'eqa·

453 2418 529 2450 tonii
552 2419 612 2452 loci
635 2420 673 2453 de
697 2421 885 2465 Castagncra
909 2423 1113 2466 huiusmodi,
1138 2427 1208 2458 aut*
1271 2424 1367 2457 tionis
1388 2423 1426 2456 de
1443 2433 1529 2455 anno
1550 2433 1667 2456 iuncxvt
1692 2423 1826 2463 editum,
1843 2433 1904 2468 quo
1921 2422 1965 2455 ad

452 2469 485 2502 in
508 2471 569 2504 alio
594 2472 690 2515 ipsius
711 2476 891 2518 provinciae
909 2483 1073 2520 conventu,
1095 2489 1188 2521 quem
1267 2477 1463 2510 instantiam
1486 2476 1629 2519 fratrum
1654 2477 1888 2509 Tertz'ariorum
1907 2476 1965 2509 Re-

451 2533 509 2567 pro
535 2529 676 2569 tempore
700 2528 865 2563 existentes
890 2530 1048 2564 dictorum
1073 2532 1190 2576 capitu·
1267 2532 1478 2574 formatorum
1504 2530 1638 2563 Ordinis
1667 2532 1773 2563 sancti
1795 2529 1966 2563 Francisci

487 2596 498 2621 1
517 2594 587 2623 Edit.
607 2595 686 2624 Mam,
703 2598 954 2634 legitperaqencur
967 2603 1008 2637 (η.
1023 2605 1070 2635 r).
1203 2598 1207 2628 ]
1268 2585 1437 2626 Franciae,
1464 2584 1648 2617 decernitur
1671 2583 1892 2628 superioribus
1907 2593 1960 2617 re-

484 2638 500 2666 2
520 2638 589 2667 Edit.
608 2639 687 2669 Μαίη.
709 2643 775 2679 tegit
793 2629 951 2674 absalucum
972 2646 1011 2682 (iz.
1028 2648 1073 2683 ι).
1203 2631 1208 2680 Ι
1264 2637 1438 2682 ριιίανίὺαε
1460 2637 1636 2681 sufficienti
1663 2637 1818 2681 facultate
1852 2636 1895 2672 ad
1928 2635 1962 2671 id

2242 1462 2263 1676 mar-ow?-
2247 1150 2263 1451 v-bwfi-wfflm
2250 365 2263 1140 nom-mmmfflffl—m„
2256 307 2263 348 m.
2255 257 2263 291 n„
2254 195 2263 231 1..
2259 156 2263 174 Α.

2236 2258 2257 2381 '‘frast-’t
2239 2135 2255 2241 ‘ffatim
2246 2116 2252 2123 ψ
2242 1972 2255 2097 ’νο-..ν
2243 1678 2258 1959 *umnam—‚uma-
