2263 3215
298 243 346 269 An⁴
364 242 390 269 C.
414 243 479 270 1465

317 1312 434 1335 Euxinum.

313 2005 392 2026 Nuneio
410 2005 469 2037 Culc-

287 2038 470 2113 Jiffiiitliifffiffis
485 2050 776 2092 ecclesiasticarum,
794 2062 887 2094 quam
912 2052 1054 2094 aliarum,
1075 2064 1154 2097 quae
1174 2065 1221 2086 va-

293 2092 297 2096 *
333 2093 335 2095 ’
374 2094 386 2107 n
445 2094 469 2102 ¹-

287 2114 344 2132 ntur.

526 236 542 268 *1

797 292 925 326 XXXIX.

494 381 648 413 Facultas
672 382 791 414 niuacio
818 381 969 415 Coloniae
1002 382 1187 415 absolvendi
1211 394 1230 415 a

538 435 680 465 censuris
694 435 706 465 i
710 434 778 473 llos,
793 435 862 478 qui,
875 436 1037 467 occasione
1053 436 1231 468 invasionis

537 488 630 529 ressni
664 487 816 520 poloniae
849 489 1029 521 Moscorum
1060 493 1088 521 et
1123 489 1229 521 Simeo-

538 550 609 571 rum
626 541 729 573 armis
750 542 862 584 sactae,
881 552 957 573 rasa
974 545 1001 573 et
1019 542 1087 573 alia
1107 542 1229 573 utensi-

538 593 584 625 lia
604 603 697 625 sacra
714 598 859 627 aurea-et
880 598 1031 637 arqenlecz
1052 604 1088 626 ac
1112 594 1228 626 focalia

537 646 742 678 ecclesiarum
776 651 805 679 el
837 647 977 679 Iocorum
999 647 1132 689 piorum
1158 650 1225 678 lra-

537 699 689 732 (lidorum
703 699 745 731 ad
767 700 974 741 conflandum
999 703 1027 731 et
1046 699 1228 731 cndemlimz

535 762 692 792 nummos,
720 756 748 784 et
769 762 817 784 eos
831 753 891 795 qni
910 752 971 784 illa
996 755 1183 795 acceperunt
1201 755 1228 784 et

535 805 719 847 conflarunt
728 803 746 837 ¹.

488 886 657 913 Venerabili
687 886 774 913 fratri
804 886 891 912 Petro
912 885 1048 919 episcopo
1069 884 1225 917 Laudensi,

523 932 625 957 nostro
652 933 682 957 et
708 930 894 964 Apostolicae
924 929 1006 956 Sedis
1028 930 1103 962 apud
1132 928 1225 956 caris-

525 974 631 1001 simum
643 974 673 1001 in
695 974 810 1001 Christo
827 974 918 1000 filium
933 977 1071 1000 nostrum
1087 974 1225 1000 Ioannem

527 1017 701 1044 casimirum
717 1018 855 1044 Polouiae
877 1017 1049 1044 et·sveciae
1069 1024 1168 1051 regem
1188 1017 1224 1044 il—

524 1063 651 1090 lustrem
671 1063 792 1095 nuncio,

680 1114 848 1142 Alexander
867 1116 946 1148 Papa
966 1115 1027 1141 VlI.

696 1176 880 1204 Venerabilis
900 1177 1011 1210 frater,

522 1221 650 1248 salutem
673 1223 703 1248 et.
723 1220 919 1253 apostolicam
937 1221 1189 1248 benedictionem.

532 1301 547 1344 ἓ
577 1301 600 1333 Ι.
625 1300 711 1342 Cum,
737 1300 816 1334 sicut
839 1300 1033 1345 accepimus,
1061 1300 1224 1335 occasione

488 1353 656 1387 invasionis
690 1354 778 1397 regni
811 1355 957 1387 Potoniae
994 1355 1169 1388 Moscorum
1196 1362 1223 1388 et

487 1409 657 1442 Srecorum
679 1409 774 1441 armis
795 1409 902 1449 factae,
920 1419 981 1441 non
999 1409 1223 1443 sufficientibus

487 1462 525 1494 ad
549 1462 757 1495 resistendum
782 1461 894 1495 aerarii
920 1461 998 1505 regii
1016 1467 1046 1495 et
1068 1462 1221 1496 laieorum

486 1516 694 1557 facultatibus,
714 1515 834 1560 aliquae
859 1526 1012 1560 personae
1037 1517 1223 1550 ecclesiasti-

486 1580 556 1612 cae,
582 1581 636 1603 seu
661 1571 817 1603 seculares
842 1576 871 1603 et
895 1570 1074 1614 regulares,
1100 1581 1170 1604 rasa
1194 1577 1223 1604 et

485 1623 544 1656 alia
568 1623 710 1656 utensilia
734 1634 828 1656 aurea
853 1629 883 1656 ct
906 1630 1053 1667 argentea
1081 1635 1116 1657 ac
1141 1625 1222 1658 ioca-

485 1677 525 1710 lia
549 1677 751 1710 ecclesiarum
778 1681 807 1711 et
830 1678 933 1711 forsan
959 1678 1091 1711 solemni
1116 1689 1223 1712 conse-

485 1730 622 1764 cratione
636 1730 740 1764 divino
759 1730 855 1764 cultui
870 1731 1010 1764 dedicata
1027 1731 1221 1776 tradiderint,

483 1790 517 1817 ut
544 1795 581 1818 ex
605 1785 666 1817 illis
691 1785 833 1818 conflatis
863 1785 984 1818 nummi
1009 1785 1221 1827 cuderentur,

483 1837 568 1869 nulla
592 1837 698 1870 habita
719 1837 756 1870 ad
778 1838 807 1870 id
832 1848 849 1870 a
873 1838 963 1871 nobis
988 1844 1017 1871 et
1040 1839 1220 1883 Apostolica

483 1890 561 1923 Sede
585 1895 715 1934 propter
740 1896 903 1934 urgentem
937 1896 966 1925 et
995 1902 1074 1935 quae
1099 1903 1219 1925 moram

483 1953 546 1976 non
572 1943 747 1988 patiebatur
764 1945 977 1978 necessitatem
999 1945 1139 1978 lieentia:

529 1997 544 2040 ξ
568 1996 596 2029 ⁶2.
622 1998 694 2039 Nos,
720 2002 781 2030 tam
807 1998 987 2031 earumdem
1012 2009 1219 2042 personarum

485 2114 528 2147 sa,
553 2104 697 2137 utensilia
721 2110 752 2138 et
781 2105 891 2138 localia
915 2106 1073 2149 praedicta
1097 2108 1135 2139 ab
1159 2108 1220 2141 illis

484 2163 671 2201 acceperunt
685 2158 945 2191 conscientiarum
961 2160 1176 2203 tranquillitati
1191 2166 1220 2194 et

483 2210 659 2243 animarum
682 2211 772 2244 saluti
797 2211 826 2244 in
847 2212 1027 2255 praemissis
1044 2224 1103 2257 pro
1119 2220 1220 2258 pater-

482 2265 522 2297 na
547 2266 654 2298 nostra
687 2264 838 2298 charitate
870 2266 1034 2299 consulere
1059 2267 1218 2309 volentes,

481 2317 668 2351 fraternitati
701 2323 771 2351 tuae
802 2329 910 2352 omnes
946 2325 975 2352 et
1006 2330 1218 2365 quascumque

482 2381 632 2416 personas
649 2372 883 2413 ecclesiasticas,
897 2372 960 2405 sire
975 2373 1141 2414 seculares,
1155 2374 1218 2407 sive

483 2424 619 2458 cuiusvis
647 2424 789 2466 ordinis,
815 2424 1090 2468 congregationis,
1118 2427 1217 2460 socic-

483 2479 554 2512 tatis
570 2483 599 2512 et
617 2477 748 2511 instituti
768 2478 941 2522 regulares,
959 2488 1037 2522 quae
1055 2489 1125 2511 rasa
1144 2480 1216 2512 alia-

484 2543 544 2577 que
577 2532 719 2566 utensilia
751 2538 780 2567 et
812 2532 924 2567 ioealia
956 2532 1157 2567 ecclesiarum
1190 2540 1218 2567 et

521 2647 533 2675 1
555 2645 593 2674 Ex
612 2646 717 2682 [tegest.
738 2647 764 2674 in
785 2648 885 2675 Secret.
906 2647 982 2675 Brer.

549 235 566 267 -2
1073 245 1250 270 BULLAmt'M
1277 245 1428 269 neaman

1267 294 1406 326 locorum
1426 292 1548 335 piorum
1568 290 1782 334 quorumlibet
1805 291 1842 324 ad
1858 291 2002 325 effectum

1265 345 1459 389 praedictum
1496 343 1693 377 tradiderunt
1717 349 1745 377 ct
1771 344 2003 386 alienaverunt,

1266 408 1386 431 necnon
1412 408 1624 440 quascumque
1642 408 1802 441 pomorum,
1820 398 1911 431 etiarn
1931 410 2004 442 qua-

1266 461 1400 495 cumque
1426 450 1584 482 mundana
1606 450 1767 493 dignitate,
1788 451 2004 494 praeeminen-

1266 504 1326 543 tia,
1356 503 1541 536 auctoritate
1573 508 1603 536 et
1640 509 1792 547 potestate
1820 505 2002 547 fungentes,

1264 566 1343 599 qnae
1368 556 1541 599 praemissa
1565 562 1754 600 acceperunt
1772 561 1801 591 et
1818 558 2002 599 conflarunt,

1264 609 1287 640 si
1313 609 1373 642 lioc
1397 619 1414 641 a
1439 614 1468 642 te
1492 609 1653 642 lnnnilitcr
1677 610 1836 654 petierint,
1857 610 2000 655 imposita

1263 661 1307 693 eis
1332 666 1361 693 et
1386 672 1494 695 eorum
1522 662 1649 696 cuilibet
1673 663 1775 706 aliquit
1801 663 1930 697 arbitrio
1948 669 2000 697 tuo

1262 715 1453 758 poenitentia
1478 716 1615 757 salutari,
1638 726 1653 748 a
1674 716 1836 760 quibusvis
1861 717 2002 750 ecclesia-

1262 768 1346 801 sticis
1372 769 1544 810 sententiis,
1569 770 1709 802 censuris
1734 773 1764 803 ct
1787 770 1906 813 poenis,
1924 781 2000 815 quas

1263 826 1393 865 propter
1410 822 1583 865 praemissa
1601 823 1838 868 quomodolibet
1862 823 2001 857 incurre-

1262 879 1348 915 runt,
1376 874 1406 906 in
1432 879 1567 919 utroque
1591 875 1658 908 foro
1683 876 1867 909 auctoritate
1892 877 1999 909 nostra

1260 927 1431 971 apostoliea
1447 928 1626 961 absolvendi
1655 939 1690 961 ac
1711 928 1875 970 liberandi,
1893 928 2001 962 dictas-

1260 991 1320 1023 que
1344 991 1461 1025 poenas
1486 981 1547 1015 illis
1572 986 1602 1014 et
1626 992 1735 1015 eorum
1762 981 1890 1014 cuilibet
1921 992 1995 1025 gra-

1261 1033 1338 1067 tiose
1363 1034 1541 1068 remittendi
1574 1039 1604 1067 et
1634 1034 1852 1078 condonandi,
1877 1045 1999 1069 necnon

1260 1098 1330 1121 cum
1356 1087 1472 1121 eisdem
1498 1088 1643 1132 personis
1668 1088 1896 1130 ecclesiasticis,
1920 1100 1999 1133 quae

1259 1141 1400 1174 censuris
1432 1141 1613 1175 huiusmodi
1646 1141 1812 1175 innodatae
1836 1142 1945 1176 missas
1970 1148 1999 1176 et

1258 1194 1318 1227 alia
1335 1194 1438 1227 divina
1456 1195 1567 1237 officia,
1588 1205 1649 1228 non
1665 1200 1767 1228 tamen
1782 1195 1812 1228 in
1838 1200 1998 1240 contemp-

1260 1253 1323 1280 tum
1342 1248 1487 1289 clarium,
1508 1248 1717 1289 celebrarunt,
1736 1259 1830 1292 super
1850 1249 1999 1292 irregula-

1259 1301 1348 1334 ritate
1377 1306 1544 1345 eapropter
1563 1302 1800 1346 quomodolibet
1825 1304 1996 1346 contracta,

1258 1355 1366 1388 eadem
1388 1356 1572 1389 auctoritate
1589 1356 1790 1400 dispensandi
1809 1356 1995 1399 facultatem,

1257 1409 1441 1442 auctoritate
1461 1409 1632 1453 praedicta,
1647 1415 1754 1443 tenore
1771 1411 1995 1454 praesentium,

1257 1463 1457 1496 concedimus
1482 1468 1511 1496 et
1536 1463 1743 1507 impertimur.

1302 1517 1316 1560 ἓ
1341 1516 1370 1550 3.
1393 1518 1460 1550 Non
1486 1516 1682 1550 obstantibus
1702 1517 1892 1561 apostolicis,
1909 1528 1944 1552 ac
1965 1518 1994 1552 in

1257 1570 1397 1604 conciliis
1422 1570 1669 1610 universalibus,
1697 1571 1942 1614 provincialibus
1967 1577 1996 1605 et

1257 1624 1459 1669 synodalibus
1492 1624 1600 1665 editis,
1625 1625 1826 1667 generalibus
1850 1626 1896 1658 vel
1926 1636 1993 1670 spe-

1257 1678 1396 1718 cialibus,
1411 1678 1683 1712 constitutionibus
1698 1678 1994 1721 ctordinationibus,

1256 1742 1377 1765 necnon
1394 1732 1564 1775 quibusvis,
1589 1732 1680 1764 ctiam
1706 1732 1899 1773 iuramento,
1925 1743 1995 1766 con-

1255 1785 1433 1818 firmatione
1451 1785 1631 1829 apostoliea,
1650 1786 1696 1818 vel
1714 1785 1822 1829 quaris
1847 1786 1994 1820 firmitate

1255 1839 1315 1872 alifi
1333 1839 1499 1879 roboratis,
1517 1839 1637 1873 statutis
1657 1843 1686 1873 et
1703 1839 1993 1881 consuetudinibus,

1255 1893 1428 1937 privilegiis
1441 1903 1583 1936 quoque,
1602 1892 1730 1925 indultis
1747 1897 1776 1924 et
1794 1892 1904 1925 litteris
1924 1904 1994 1937 apo-

1256 1947 1374 1981 stolicis
1390 1947 1420 1980 in
1439 1947 1629 1980 contrarium
1650 1947 1897 1990 praemissorum
1920 1958 1994 1992 quo-

1256 2000 1427 2033 modolibet
1462 1999 1618 2033 concessis
1636 2026 1643 2039 ,
1669 1999 1861 2032 confirmatis
1890 2004 1920 2032 et
1948 2000 1990 2033 in-

1254 2053 1391 2094 novatis,
1417 2053 1533 2098 quibus
1547 2052 1693 2086 omnibus
1714 2058 1743 2086 et
1763 2053 1907 2097 singulis,
1928 2053 1993 2087 illo-

1254 2118 1323 2140 rum
1358 2112 1481 2140 tenores
1514 2106 1730 2151 praesentibus
1758 2117 1815 2150 pro
1845 2107 1936 2150 plene
1963 2112 1993 2140 et

1253 2160 1442 2194 sufficienter
1465 2160 1622 2204 expressis
1643 2170 1679 2193 ac
1701 2159 1738 2192 de
1760 2159 1854 2193 verbo
1868 2159 1906 2192 ad
1925 2170 1991 2193 ver-

1254 2214 1327 2247 bum
1354 2213 1477 2247 insertis
1505 2213 1664 2255 habentes,
1694 2213 1754 2246 illis
1778 2213 1853 2246 alias
1877 2213 1908 2245 in
1935 2223 1991 2246 suo

1253 2267 1369 2301 robore
1385 2267 1610 2312 permansuris,
1628 2267 1665 2299 ad
1683 2266 1927 2311 praemissorum
1949 2266 1992 2299 ef-

1253 2321 1386 2362 fectum,
1407 2320 1464 2354 hac
1495 2320 1562 2354 vice
1585 2320 1754 2362 dumtaxat,
1772 2319 1947 2364 specialiter
1962 2324 1992 2352 et

1252 2384 1399 2418 expresse
1412 2374 1600 2417 derogamus
1614 2385 1621 2414 3
1639 2373 1813 2417 ceterisque
1827 2373 1991 2406 contrariis

1252 2426 1511 2471 quibuscumque.

1292 2480 1401 2514 Datum
1413 2482 1541 2522 Romae,
1554 2480 1637 2525 apud
1651 2480 1680 2514 S.
1691 2480 1817 2515 Mariam
1832 2479 1990 2520 Maiorem,

1253 2533 1311 2566 sub
1340 2534 1455 2568 annulo
1483 2534 1650 2567 Piscator-is
1666 2560 1673 2574 ,
1699 2533 1747 2566 die
1777 2543 1838 2566 xxx
1860 2538 1990 2577 septem-

1253 2585 1318 2618 bris
1339 2596 1457 2627 MDCLV,
1478 2587 1679 2630 pontificatus
1702 2585 1800 2619 nostri
1830 2595 1911 2619 anno
1930 2595 1949 2619 1.

1289 2647 1346 2676 Dat.
1365 2648 1408 2676 die
1425 2649 1458 2677 30
1471 2649 1631 2686 septembris
1649 2649 1725 2684 1055,
1742 2648 1838 2685 pontif.
1855 2656 1925 2677 anno
1939 2654 1958 2677 1.

2047 261 2052 270 .
2089 246 2108 271 Σ.
2134 246 2198 274 1055

2082 1526 2193 1548 Contraria

2010 1553 2087 1575 reiicit.
