2243 3205
83 146 133 172 An.
153 144 183 170 C.
200 142 269 170 1660

868 141 1054 165 ALEXANDER
1080 141 1123 164 vn
1147 142 1195 165 PP-

275 188 378 232 deque
401 189 438 222 ea
461 193 567 233 patres
592 189 767 223 visitatores
793 189 823 222 in
848 195 920 223 actu
945 190 1017 222 visi-

276 241 402 276 tationis
426 247 457 275 et
480 247 584 286 patres
617 242 799 276 definitores
824 243 855 275 in
880 243 1017 286 capitulo

275 295 415 339 generali
441 296 592 329 certiores
623 296 806 337 reddantur,
831 296 883 340 qui
909 296 1017 329 sedulo

276 349 432 382 curabunt
445 353 478 384 ut
503 349 584 383 intra
608 355 790 393 sequentem
805 360 922 383 annum
941 360 1016 383 con-

276 407 413 435 tractum
438 401 577 435 debitum
603 403 804 443 dissolvatur,
825 403 954 447 eiusque
972 413 1018 436 so-

277 455 405 489 lutionis
431 456 584 490 rationem
606 467 642 490 ae
665 457 794 490 modum
816 457 854 500 (si
875 457 914 489 ab
940 457 1017 501 ipsis

276 508 411 552 reperiri
441 512 494 543 aut
518 509 659 553 expediri
684 520 746 543 non
772 510 885 553 valeat)
911 510 948 543 ad
973 521 1017 543 sa-

275 570 362 593 cram
389 562 667 604 congregationem
687 562 838 595 deserant.

318 614 492 648 Abbatibus
523 616 808 657 monasteriorum,
833 628 913 660 quae
943 627 1016 650 aere

276 668 379 702 alieno
404 668 543 711 obligata
568 674 657 711 sunt,
688 674 717 702 et
745 669 860 713 quibus
883 670 1016 713 proinde

274 731 354 755 onus
379 720 533 754 incumbit
557 726 659 754 certas
679 722 801 755 statutis
821 723 1016 766 temporibus

275 779 359 807 ratas
376 773 471 806 debiti
490 778 596 818 partes
616 775 792 808 successive
817 776 1015 819 persolvendi

273 831 326 862 aut
351 826 538 871 deponendi,
563 827 740 861 nullatenus
761 828 853 861 liceat
874 828 1015 862 redditus

274 880 458 913 monasterii
475 885 698 924 praeterquam
717 880 748 912 in
766 891 841 914 usus
860 891 946 914 mere
967 892 1016 914 ne-

272 933 426 966 cessarios
450 942 594 975 erogare,
619 933 678 965 nisi
704 933 805 966 soluta
830 933 941 977 prius¹
966 934 1016 967 de—

270 985 374 1030 posita
398 986 570 1030 respective
595 986 699 1020 debita
722 992 811 1030 parte
841 987 1013 1030 pecuniae,

271 1044 302 1072 et
325 1038 512 1083 praesertim
535 1038 732 1083 prohibitum
751 1039 811 1072 illis
829 1039 958 1072 omnino
975 1040 1014 1072 sit

270 1092 492 1136 quodcumque
508 1092 644 1125 fabricae
662 1103 760 1136 genus
789 1092 849 1126 nisi
869 1094 1014 1137 praecisa

270 1156 307 1178 ae
331 1145 475 1179 absoluta
506 1151 641 1189 urgente
672 1145 856 1180 necessitate
880 1156 939 1189 per
963 1157 1013 1180 re-

271 1199 377 1243 gimen
410 1199 519 1232 sedulo
552 1199 758 1232 examinanda
784 1205 814 1232 et
837 1199 1011 1243 probanda.

270 1253 359 1292 Quod
383 1253 407 1285 si
432 1252 581 1286 adversus
599 1252 761 1296 praedicta
785 1253 1012 1294 commiserint,

269 1310 300 1340 et
316 1306 453 1340 fabricae
474 1306 671 1350 dispendium
685 1311 772 1339 scuta
786 1306 1012 1350 quinquaginta

270 1360 410 1402 excedat,
435 1360 599 1394 antedictis
624 1360 788 1394 abbatibus
806 1360 933 1393 minime
954 1361 1013 1393 suf-

268 1415 411 1458 fragetur
447 1414 603 1447 indultum
640 1414 723 1458 quod
757 1424 845 1447 sacra
877 1424 1011 1457 congre-

269 1468 354 1512 gatio
378 1468 581 1502 rationabiles
617 1468 657 1501 ob
693 1478 802 1501 causas
838 1468 1011 1501 concedere

268 1522 437 1567 aliquando
462 1522 540 1556 solet
564 1522 742 1566 petentibus
767 1521 947 1554 dilationem
973 1521 1011 1554 ad

268 1577 450 1612 solvendam
488 1587 543 1610 seu
574 1576 791 1621 deponendam
828 1581 928 1608 ratam
952 1586 1010 1619 pro

268 1638 412 1677 tempore
432 1631 579 1672 debitam,
597 1637 628 1664 et
648 1642 705 1675 per
723 1641 918 1675 consequens
934 1641 1009 1674 poe-

267 1687 316 1720 nis
341 1685 484 1720 obstricti
509 1691 707 1726 censeantur,
725 1696 804 1729 quae
830 1686 861 1718 in
885 1686 1009 1719 licentia

270 1739 475 1775 contrahendi
489 1739 608 1772 dictum
623 1749 675 1772 aes
696 1739 833 1771 alienum
859 1739 1011 1782 praescri-

268 1800 341 1840 ptae
364 1794 492 1827 suerunt
516 1793 547 1826 in
565 1803 639 1826 casu
656 1803 719 1836 quo
744 1792 847 1825 debita
871 1798 937 1825 rata
962 1793 1010 1826 de-

267 1848 370 1893 posita
394 1852 446 1881 aut
471 1847 573 1881 soluta
596 1856 659 1880 non
684 1847 787 1889 suerit,
812 1847 944 1891 aliisque
971 1847 1009 1880 ad

268 1902 445 1942 arbitrium,
470 1906 527 1934 ete.

311 1955 372 1990 Sed
396 1959 427 1988 et
451 1954 563 1988 ceteris
587 1953 735 1987 omnibus
762 1958 791 1986 et
811 1953 943 1996 singulis
963 1965 1011 1987 su-

267 2009 447 2054 perioribus
471 2007 666 2052 prohibitum
684 2007 723 2041 sit
740 2007 890 2051 pecunias
915 2008 1009 2040 etiam

268 2062 520 2097 extraordinario
543 2062 631 2096 titulo
657 2061 855 2094 monasteriis
880 2062 1011 2105 acquisi-

268 2123 314 2151 tas
338 2116 521 2150 fabricando
546 2116 780 2159 (praeterquam
802 2115 1010 2158 reparationis

268 2170 397 2205 omnino
436 2169 633 2203 necessariae
665 2169 784 2211 causa)
810 2168 1010 2212 expendere,

269 2224 326 2258 sub
350 2225 451 2269 poena
487 2222 701 2267 suspensionis
736 2222 775 2254 ab
812 2222 916 2255 officio
941 2222 1010 2266 ipso

268 2278 350 2311 sacto
375 2275 594 2317 incurrendae,
620 2275 743 2318 aliaque
760 2274 871 2307 maiori
889 2285 947 2318 pro
966 2275 1009 2308 rei

269 2331 418 2375 qualitate
450 2340 485 2363 ac
520 2328 764 2363 circumstantiis
796 2328 878 2361 iuxta
904 2339 1010 2362 sacrae

270 2383 523 2428 congregationis
543 2382 720 2416 arbitrium.

315 2438 339 2472 A
356 2436 624 2482 quindenniorum
640 2435 795 2469 solutione
809 2435 929 2468 nullum
947 2446 1010 2468 om-

269 2492 344 2526 nino
361 2489 588 2525 monasterium
606 2489 772 2529 eximatur,
791 2488 934 2533 quamvis
951 2489 1010 2522 for-

308 2555 315 2580 ¹
340 2553 454 2580 Videtur
468 2552 562 2580 deesse
578 2551 709 2587 particula
723 2559 770 2579 seu
786 2552 824 2586 (n.
841 2556 892 2585 T.).

352 2607 430 2637 Butt.
452 2608 534 2636 Rom.
556 2621 590 2627 —
608 2606 666 2634 Vol.
682 2605 757 2633 XVI.
906 2606 935 2632 71

1701 132 1758 165 561

1052 194 1132 222 tasse
1168 200 1267 233 usque
1292 190 1330 223 ad
1356 190 1436 223 hane
1471 190 1555 223 diem
1588 190 1725 233 aliquam
1751 190 1791 224 ob

1051 252 1177 275 causam
1202 243 1240 275 ab
1266 242 1374 275 iisdem
1401 244 1557 277 solvendis
1573 244 1668 276 suerit
1693 254 1793 276 exem-

1051 300 1156 339 ptum3
1182 301 1212 328 et
1236 295 1273 328 ad
1294 296 1475 329 huiusmodi
1493 297 1664 330 solutiones
1682 297 1794 329 facien-

1051 348 1105 381 das
1130 348 1259 382 nimime
1284 360 1396 382 census
1421 350 1635 394 imponantur,
1653 356 1705 383 aut
1731 350 1792 383 alio

1051 401 1144 435 modo
1161 412 1213 434 aes
1231 402 1368 435 alienum
1394 403 1616 443 contrahatur,
1643 403 1697 436 sed
1717 414 1792 447 quo-

1051 454 1152 487 tannis
1177 465 1213 488 ex
1239 455 1413 488 redditibus
1445 456 1692 500 uniuscuiusque
1724 467 1792 490 mo·

1050 508 1177 541 nasterii
1198 514 1265 541 rata
1281 519 1354 552 pars
1373 510 1530 542 currentis
1556 509 1740 554 quindennii
1760 510 1792 542 in

1050 572 1140 595 sacro
1166 562 1268 595 Monte
1293 562 1418 595 Pietatis
1444 562 1482 596 de
1508 563 1590 596 Urbe
1605 563 1790 607 deponatur,

1051 625 1122 648 cum
1149 616 1299 659 expressa
1325 616 1483 648 mentione
1505 620 1537 648 ut
1555 616 1635 650 dicta
1659 617 1792 659 pecunia

1050 667 1081 700 in
1107 667 1185 701 alios
1211 678 1285 700 usus
1306 667 1445 711 impendi
1466 678 1663 712 nequaquam
1682 669 1790 712 possit.

1050 722 1187 756 Abbates
1213 733 1288 756 vero
1307 722 1355 755 et¹
1374 722 1549 763 cellerarii,
1567 723 1597 754 in
1623 723 1728 767 aliquo
1754 734 1791 755 ex

1049 775 1217 819 praedietis
1241 775 1438 817 deficientes,
1470 774 1676 819 privationis2
1707 775 1791 809 vocis

1049 828 1167 861 activae
1193 834 1222 861 et
1246 828 1389 872 passivae
1414 828 1606 861 subiaceant.

1092 881 1138 923 Et,
1153 891 1191 914 ne
1205 881 1379 915 antedictae
1392 881 1545 925 pecuniae
1560 881 1719 924 depositae
1737 880 1791 914 diu

1049 934 1166 968 otiosae
1190 940 1417 978 permaneant,
1443 945 1479 967 ex
1506 934 1582 977 ipsis
1608 934 1676 967 loca
1702 944 1791 966 mon-

1048 986 1127 1020 tium
1152 988 1358 1020 cameralium
1383 987 1510 1021 nomine
1537 992 1567 1020 et
1590 986 1628 1019 ad
1648 987 1789 1020 savorem

1047 1050 1105 1083 pro
1130 1042 1198 1073 rata
1224 1041 1398 1085 respective
1411 1039 1676 1074 monasteriorum
1698 1039 1790 1083 depo-

1047 1094 1199 1135 nentium,
1214 1095 1356 1128 consnlta
1381 1096 1470 1127 sacra
1489 1093 1744 1137 congregatione,
1763 1103 1791 1126 e-

1047 1147 1089 1179 mi
1114 1153 1284 1190 poterunt,
1310 1158 1389 1191 quae
1414 1147 1541 1191 quidem
1567 1148 1634 1180 loca
1660 1147 1790 1180 maturis

1047 1201 1221 1234 successive
1247 1201 1388 1234 terminis
1405 1201 1596 1234 solutionum
1615 1200 1790 1233 vendantur

1046 1253 1084 1286 ad
1109 1253 1255 1287 effectum
1283 1255 1351 1298 ipsa
1377 1254 1569 1298 quindennia
1594 1253 1743 1286 solvendi.

1090 1309 1202 1352 Atque,
1229 1312 1260 1342 ut
1285 1309 1477 1342 monasteria
1502 1308 1711 1340 solutionibus
1737 1306 1790 1339 liu-

1046 1361 1181 1395 iusmodi
1196 1368 1343 1406 prompte
1363 1363 1483 1395 valeant
1501 1361 1702 1405 respondere,
1716 1372 1789 1404 quo-

1047 1415 1103 1448 ties
1128 1416 1340 1449 haereditario
1362 1417 1408 1449 vel
1429 1416 1490 1449 alio
1515 1426 1715 1459 quocumque
1741 1426 1789 1447 ex-

1047 1469 1258 1503 traordinario
1296 1470 1386 1503 titulo
1431 1469 1599 1513 quicquam
1636 1469 1788 1512 pecuniae

1046 1523 1123 1566 ipsis
1147 1524 1327 1566 obvenerit,
1354 1524 1383 1556 id
1409 1524 1490 1567 (nisi
1516 1533 1614 1567 usque
1639 1522 1676 1555 ad
1702 1533 1787 1555 sum-

1046 1587 1129 1609 mam
1155 1582 1318 1610 scutorum
1354 1577 1581 1620 quinquaginta
1614 1576 1787 1619 dumtaxat)

1046 1632 1112 1665 sine
1138 1634 1286 1675 expressa
1313 1631 1438 1664 lieentia
1463 1630 1627 1674 regiminis
1652 1636 1788 1674 nequeat

1046 1686 1192 1729 expendi,
1217 1690 1438 1729 praeterquam
1460 1685 1484 1717 si
1506 1686 1537 1717 in
1561 1685 1785 1717 extinctionem

1044 1740 1176 1773 alicuius
1200 1739 1298 1771 debiti
1324 1739 1455 1782 legitimi
1481 1738 1634 1772 contracti
1660 1749 1787 1771 conver-

1045 1798 1137 1826 tatur.
1173 1794 1267 1826 Pront
1298 1793 1413 1833 ctiam,
1440 1793 1464 1825 si
1490 1792 1542 1836 qui
1576 1792 1715 1825 redditus
1741 1793 1785 1825 se-

1045 1847 1250 1879 cundioribus
1275 1846 1355 1878 forte
1388 1845 1476 1878 annis
1509 1845 1637 1878 uberius
1663 1845 1786 1878 collecti

1044 1899 1212 1933 ordinariis
1239 1899 1420 1933 monasterii
1450 1899 1594 1942 expensis
1620 1899 1785 1942 superfue-

1044 1955 1116 1995 rint,
1141 1954 1260 1997 absque
1287 1953 1429 1996 praecisa
1454 1953 1637 1986 necessitate
1658 1963 1721 1985 non
1738 1964 1787 1986 ex-

1044 2008 1237 2052 pendantur,
1252 2007 1305 2040 sed
1323 2007 1353 2039 in
1372 2006 1547 2039 subsidium
1565 2006 1699 2039 aliorum
1718 2006 1786 2039 sub-

1044 2061 1243 2105 sequentium
1260 2071 1426 2101 annorum,
1445 2060 1558 2103 quibus
1580 2060 1711 2093 sortasse
1733 2060 1787 2092 mi-

1044 2125 1137 2148 nores
1164 2119 1334 2158 proventus
1360 2114 1555 2156 contingent,
1581 2113 1712 2157 provide
1737 2124 1784 2145 re-

1045 2174 1220 2208 serventur,
1239 2167 1327 2201 cuius
1342 2167 1469 2212 quidem
1489 2166 1709 2199 reservationis
1727 2166 1786 2199 dis-

1045 2221 1171 2265 quisitio
1196 2232 1213 2253 a
1238 2220 1381 2264 patribus
1400 2219 1614 2253 visitatoribus
1635 2219 1781 2262 speciali-

1045 2280 1092 2308 ter
1117 2275 1187 2314 tiat,
1213 2274 1254 2306 ita
1279 2279 1311 2307 ut
1336 2274 1464 2307 abbates
1490 2279 1519 2305 et
1544 2272 1711 2312 cellerarii,
1732 2273 1785 2316 qni

1045 2328 1266 2372 compendium
1291 2327 1472 2360 huiusmodi
1494 2326 1669 2369 neglexisse
1693 2337 1784 2359 com-

1044 2382 1124 2425 perti
1148 2382 1272 2421 suerint,
1291 2381 1329 2413 ab
1347 2381 1457 2414 officiis
1473 2380 1536 2412 suis
1552 2379 1588 2412 ad
1610 2379 1785 2423 beneplaci-

1045 2441 1110 2468 tum
1137 2445 1243 2468 sacrae
1265 2434 1519 2477 congregationis
1543 2433 1783 2477 suspendantur:

1081 2508 1090 2533 1
1110 2505 1331 2533 Uoniiinetionem
1346 2507 1372 2532 et
1388 2513 1436 2531 nos
1451 2504 1576 2531 addimus
1591 2506 1630 2538 (n.
1643 2505 1691 2538 τ.).

1078 2552 1093 2577 2
1106 2551 1152 2578 Yel
1165 2551 1216 2586 leg.
1226 2550 1389 2585 privationi
1401 2549 1440 2577 vel
1452 2549 1568 2577 addend.
1580 2557 1688 2585 poenae
1698 2550 1784 2585 (nm).

1811 141 1861 169 An.
1881 141 1909 168 C.
1925 142 1994 169 1660
