2263 3215
303 234 349 260 An.
367 234 395 260 c.
418 233 486 261 1655
531 224 572 258 90

339 826 394 846 Nihil
417 825 489 846 imin<-

306 853 361 873 niodi
399 852 489 873 subsidii

306 885 324 899 ιι
332 879 430 899 luti-*noni

307 906 380 933 pedm
389 906 489 926 declarat,

384 2617 495 2639 Contraria

315 2643 391 2666 reiicit.

500 293 634 326 cumque
658 283 826 326 dignitatis,
845 284 960 327 gradus
985 290 1015 318 et
1039 285 1157 319 ordinis
1177 286 1238 320 sue-

500 334 572 374 rint,
598 345 654 379 per
678 336 865 378 sententias,
891 347 1040 371 censuras
1068 343 1098 371 et
1122 348 1237 381 poenas

501 387 737 428 ecclesiasticas,
763 389 885 432 aliaque
910 396 1087 434 opportuna
1112 391 1188 423 iuris
1210 394 1239 424 et

501 440 570 472 sacti
587 440 950 485 remedia,appellati0ne
966 444 1239 487 postposita,com-

500 493 668 536 pescendo,
690 494 901 538 legitimisque
927 506 1020 539 super
1042 497 1100 529 boc
1128 489 1257 540 haben-‘5

501 545 548 578 dis
573 547 701 579 servatis
726 548 934 590 processibus,
960 550 1138 590 sententias,
1166 546 1257 580 cen-T

501 608 590 631 suras
604 604 633 632 et
652 610 768 643 poenas
783 601 865 644 ipsas
879 603 971 634 etiam
990 602 1108 634 iteratis
1122 600 1240 633 vicibus

503 653 724 695 aggravando,
758 654 957 688 interdictum
996 647 1258 690 ecclesiasticum}

503 706 701 749 apponendo,
717 706 858 740 invocato
876 708 978 748 etiam,
993 711 1144 750 quatenus
1162 717 1240 750 opus
1257 730 1258 734 ,

503 759 610 801 suerit,
636 760 750 794 auxilio
775 761 894 794 braebii
920 760 1079 793 secularis.

549 813 563 856 ἓ
586 812 614 846 Q.
640 813 847 846 Decernentes
865 814 965 846 nullas
982 813 1195 846 immunitates
1213 818 1242 846 et

504 867 728 910 exemptiones,
743 867 832 901 etiam
853 877 888 900 ex
903 868 995 900 causa
1010 867 1240 909 resignationis,

505 921 664 961 cessionis,
690 921 775 962 iuris,
801 921 998 961 concordiae,
1016 921 1241 961 conventionis,

505 975 748 1019 compositionis,
773 981 825 1007 aut
850 975 909 1007 alia
934 985 1132 1018 quacumque
1154 975 1240 1017 gravi

505 1033 534 1060 et
559 1030 691 1061 onerosa
728 1028 891 1061 occasione
923 1038 1123 1071 quocumque
1148 1028 1241 1061 modo

505 1091 677 1121 concessasy
693 1081 845 1123 integram
859 1080 989 1113 subsidii
1002 1080 1181 1114 huiusmodi
1197 1091 1242 1114 so·
1258 1073 1260 1096 ¹¹

504 1134 655 1167 lutionem
682 1134 823 1166 minuere
848 1134 894 1166 vel
921 1133 1083 1177 impedire,
1102 1133 1154 1166 sed
1173 1134 1242 1166 titu-

504 1187 608 1227 larios,
634 1186 913 1226 administratores,
931 1186 1192 1227 usufructuarios,
1213 1193 1243 1220 et

504 1241 580 1274 alias
600 1240 767 1284 pensiones
790 1239 965 1283 praedictas
989 1240 1110 1273 solvere
1127 1240 1242 1273 deben-

506 1297 559 1334 tes,
585 1293 621 1326 ad
646 1293 860 1337 supradictum
882 1298 912 1325 et
936 1293 1062 1326 nomine
1081 1293 1243 1337 pensiona-

504 1348 625 1380 riorum
644 1346 826 1379 solvendum
845 1347 1019 1390 respective
1036 1347 1104 1389 cogi
1120 1353 1148 1380 et
1162 1358 1243 1380 com-

505 1400 579 1444 pelli
601 1411 691 1443 posse
710 1400 764 1443 (ita
782 1405 885 1432 tamen
902 1405 935 1447 ut
953 1399 1021 1443 ipsi,
1042 1400 1164 1433 etiamsi
1183 1400 1242 1433 iuri

505 1454 655 1498 petendae
681 1455 726 1487 vel
752 1454 961 1488 detrahendae
989 1464 1043 1487 seu
1064 1454 1243 1487 retinendae

505 1508 658 1553 portionis
683 1507 901 1551 pensionarios
926 1508 1135 1551 contingentis
1160 1508 1262 1541 iure-·

506 1562 639 1595 iurando
665 1567 716 1594 aut
741 1562 833 1594 etiam
859 1562 890 1593 in
915 1562 1015 1594 forma
1045 1572 1188 1595 camerae
1217 1574 1245 1594 a-

506 1615 677 1659 postolieae
702 1615 859 1658 praefatae
876 1615 1081 1658 amplissima,
1099 1626 1153 1648 seu
1170 1615 1244 1648 alias

506 1668 743 1713 quomodolibet
761 1668 1023 1709 renunciaverint,
1041 1669 1245 1702 nihilominus

507 1722 548 1762 id,
573 1721 656 1765 quod
681 1721 865 1754 eorumdem
890 1721 1162 1765 pensionarioruin
1187 1733 1263 1756 no-i

507 1776 591 1808 mine
617 1776 849 1819 praestiterim,
876 1775 949 1818 ipsis
976 1775 1183 1818 pensionariis
1208 1776 1245 1808 de

508 1839 618 1861 eorum
643 1828 847 1871 pensionibus
871 1828 1027 1861 deducere
1051 1829 1152 1861 libere
1169 1834 1198 1861 et
1214 1828 1263 1860 liu

509 1883 568 1916 cite
593 1882 744 1925 valeant),
780 1881 887 1925 sicque
919 1882 949 1914 in
983 1882 1165 1926 praemissis
1191 1894 1264 1926 peri

509 1945 725 1979 quoscumque
758 1935 875 1967 iudices
908 1936 1085 1968 ordinarios
1110 1941 1140 1968 et
1164 1931 1265 1968 dele-¹

510 1993 598 2031 gatos
629 1988 720 2020 ctiam
754 1998 920 2020 causarum
952 1989 1057 2031 palatii
1083 1989 1246 2032 apostolici

510 2040 668 2074 auditores
700 2046 730 2073 et
761 2042 789 2073 S.
816 2042 849 2073 ll.
876 2041 907 2073 Ε.
934 2042 1129 2082 cardinales,
1155 2042 1266 2074 etiam*

511 2093 550 2126 de
582 2094 678 2126 latere
714 2094 833 2136 legatos
866 2099 895 2126 et
932 2094 1018 2127 Sedis
1050 2095 1248 2138 Apostolioae

511 2147 652 2186 nuncios,
672 2152 700 2179 et
721 2147 797 2179 alios
821 2158 1036 2190 quoscumque
1061 2148 1170 2191 quavis
1193 2159 1249 2181 au-

513 2201 656 2234 ctoritate
680 2205 710 2232 et
734 2204 887 2243 potestate
919 2202 1103 2244 fungentes,
1129 2202 1250 2234 sublata

513 2254 557 2287 eis
582 2259 611 2286 et
636 2263 746 2286 eorum
773 2253 896 2286 cuilibet
925 2255 1032 2297 quavis
1059 2256 1148 2287 aliter
1176 2255 1268 2295 iuqu

514 2307 602 2341 candi
628 2312 659 2340 et
683 2307 909 2350 interpretandi
936 2308 1079 2341 facultate
1100 2313 1129 2340 et
1150 2297 1269 2342 aucto-⁵

513 2361 614 2400 ritate,
640 2360 770 2393 indicari
795 2366 824 2393 ct
849 2360 971 2392 deliniri
996 2361 1126 2402 debere,
1152 2372 1186 2395 ac
1211 2362 1252 2394 ir-

514 2413 608 2445 ritum
635 2417 663 2447 et
684 2413 774 2446 inane
800 2413 952 2457 quidquid
978 2423 1066 2446 secus
1083 2424 1177 2457 super
1206 2415 1252 2446 liis

515 2476 533 2499 a
556 2477 732 2510 quoquam,
758 2467 865 2510 quavis
891 2467 1093 2507 auctoritate,
1119 2468 1253 2501 scienter

515 2520 563 2552 vel
589 2520 781 2562 ignoranter,
807 2519 976 2562 contigerit
994 2520 1150 2560 attentari,
1174 2520 1254 2563 pari-

515 2578 563 2606 ter
587 2572 795 2605 decernimus.

559 2626 573 2669 5
598 2625 627 2658 3.
657 2627 723 2659 *Non
756 2626 952 2659 obstantibus
985 2627 1083 2660 felicis
1108 2627 1254 2661 reeorda-

1084 238 1262 262 BULLARIUM
1288 238 1440 263 ROMANUM

1270 286 1363 320 tionis
1387 285 1536 319 Bonisacii
1554 286 1657 329 Papae
1673 285 1738 319 VIII
1758 286 2009 330 praedecessoris

1271 339 1369 372 nostri
1388 339 1426 371 de
1440 340 1511 380 una,
1526 344 1556 371 et
1571 338 1602 370 in
1619 339 1753 372 concilio
1771 340 1909 382 generali
1927 339 2008 372 edita

1272 393 1308 425 de
1323 391 1444 424 duabus
1461 391 1561 431 dietis,
1576 391 1706 435 aliisque
1722 392 1912 435 apostolicis,
1927 403 1961 425 ae
1980 393 2010 424 in

1255 471 1257 487 ,
1273 444 1501 477 universalibus
1515 444 1823 488 provincialibusque
1837 451 1866 478 et
1879 445 2010 490 synoda-

1274 497 1354 530 libus
1379 496 1519 529 conciliis
1544 496 1645 536 editis,
1663 497 1863 539 generalibus
1877 498 1923 530 vel
1941 508 2010 541 spe-

1274 549 1413 589 cialibus,
1423 548 1695 582 constitutionibus
1709 554 1738 582 et
1752 549 2011 590 ordinationibus,

1274 612 1395 635 necnon
1420 602 1635 642 ecelesiarum,
1661 602 1936 645 monasteriorum,
1961 614 2012 636 ora

1274 655 1393 696 diuum,
1411 656 1705 698 congregationum,
1722 656 1936 700 hospitalium,
1957 657 2014 689 rni-

1276 707 1411 740 litiarum
1427 712 1457 740 et
1480 708 1624 741 locorum
1650 708 1896 752 praedictorum,
1919 709 2011 741 etiam

1276 760 1463 800 iuramento,
1489 760 1727 794 confirmatione
1756 761 1945 804 apostolica,
1966 762 2013 795 vel

1276 813 1383 856 quavis
1408 813 1557 847 firmitate
1577 813 1636 846 alia
1658 813 1822 856 roboratis,
1840 814 1963 847 statutis
1985 820 2014 847 et

1276 866 1570 906 consuetudinibus,
1596 866 1830 907 stabilimends,
1852 867 1962 900 usibus
1985 871 2015 901 et

1276 919 1403 962 naturis,
1419 919 1592 963 privilegiis
1606 930 1741 963 quoque,
1756 920 2014 961 immunitatibus,

1276 974 1539 1018 exemptionibus,
1561 974 1689 1007 indultis
1708 979 1738 1007 et
1762 974 1875 1008 litteris
1891 981 2015 1020 aposto-

1276 1026 1353 1066 licis,
1371 1027 1428 1059 sub
1454 1027 1706 1071 quibuscumque
1731 1027 1900 1060 verborum
1926 1033 2014 1061 teno-

1276 1079 1363 1112 ribus
1389 1086 1418 1113 et
1442 1080 1560 1121 formis,
1585 1091 1620 1113 ac
1645 1091 1715 1120 cum
1739 1081 1902 1124 quibusvis
1922 1081 2013 1114 etiam

1276 1132 1550 1176 derogatoriarum
1575 1134 1795 1177 derogatoriis,
1819 1133 1950 1178 aliisque
1977 1135 2015 1167 es-

1276 1185 1475 1220 ficaeioribus
1508 1192 1536 1220 et
1569 1187 1702 1220 insolitis
1727 1187 1875 1220 clausulis
1899 1192 1929 1221 et
1956 1188 2012 1221 de—

1277 1239 1370 1272 cretis
1388 1240 1480 1272 etiam
1499 1240 1705 1281 irritantibus,
1733 1241 1763 1274 in
1787 1252 1903 1284 genere
1921 1243 1967 1275 vel
1986 1242 2016 1275 in

1277 1293 1390 1336 specie,
1416 1294 1509 1326 etiam
1534 1300 1621 1328 motu
1646 1295 1740 1327 simili
1766 1300 1796 1327 et
1820 1295 2016 1328 consistoria·

1277 1346 1366 1388 liter,
1393 1357 1447 1379 seu
1467 1348 1541 1380 alias
1573 1347 1811 1391 quomodolibet
1840 1350 2016 1390 concessis,

1278 1400 1473 1433 confirmatis
1498 1406 1529 1433 et
1554 1401 1670 1444 pluries
1696 1402 1850 1435 innovatis
1875 1402 2018 1445 (etiamsi

1278 1454 1309 1485 in
1342 1453 1386 1486 eis
1418 1453 1566 1497 praelatis
1599 1458 1628 1487 et
1666 1455 1809 1498 personis
1846 1465 2019 1499 eorumque

1278 1506 1417 1539 ecclesiis
1441 1512 1470 1539 et
1500 1507 1577 1540 locis
1608 1507 1646 1539 ab
1677 1507 1786 1540 eadem
1812 1508 1850 1540 sit
1874 1508 1952 1542 Sede
1976 1508 2020 1541 in-

1261 1560 1418 1600 dultum,
1442 1560 1527 1604 quod
1554 1560 1708 1601 interdici,
1734 1561 1883 1605 suspendi
1897 1562 1944 1594 vel
1970 1572 2021 1595 ex-

1261 1631 1263 1651 2
1279 1612 1505 1646 communicari
1520 1623 1583 1646 non
1601 1613 1721 1657 possint
1737 1624 1794 1657 per
1811 1614 1930 1647 litteras
1949 1625 2021 1659 apo-

1279 1666 1406 1699 stolicas
1430 1676 1494 1699 non
1520 1666 1667 1700 facientes
1691 1667 1815 1710 plenam
1841 1672 1870 1700 et
1895 1678 2020 1712 expres-

1280 1729 1344 1752 sam
1371 1730 1406 1752 ac
1431 1719 1468 1752 de
1493 1720 1591 1753 verbo
1616 1720 1653 1753 ad
1680 1720 1808 1753 verbum
1834 1720 1872 1753 de
1900 1721 2020 1754 indulto

1280 1773 1472 1813 huiusmodi,
1483 1783 1607 1806 necnon
1624 1773 1662 1806 de
1680 1774 1833 1817 personis,
1848 1785 2021 1819 eorumque

1280 1826 1472 1867 nominibus,
1498 1826 1750 1869 cognominibus,
1776 1827 1933 1869 eeclesiis,
1958 1839 2022 1862 mo-

1281 1880 1447 1921 nasteriis,
1481 1880 1644 1913 ordinibus
1668 1886 1698 1913 et
1729 1881 1805 1914 loeis
1839 1881 2020 1915 huiusmodi

1281 1934 1498 1977 mentionem),
1523 1944 1558 1967 ae
1583 1934 1864 1977 promissionibus,
1883 1935 2022 1969 donatio-

1281 1987 1383 2027 nibus,
1408 1987 1663 2030 obligationibus,
1690 1988 1883 2029 iuramentis,
1909 1999 2023 2022 renun-

1282 2040 1478 2081 ciationibus,
1493 2040 1623 2073 vinculis
1644 2047 1673 2074 et
1694 2042 1823 2074 cautelis
1839 2042 1871 2074 in
1887 2044 2024 2086 assigna-

1283 2095 1366 2128 tione
1395 2094 1624 2138 praedictarum
1654 2095 1840 2139 pensionum
1870 2106 1925 2129 seu
1955 2096 2022 2129 illa-

1284 2159 1352 2180 rum
1370 2149 1534 2182 occasione
1548 2148 1785 2191 quomodolibet
1801 2149 1898 2189 sactis;
1910 2149 2023 2192 quibus

1284 2202 1432 2234 omnibus
1454 2207 1483 2234 et
1500 2201 1640 2244 singulis,
1667 2202 1788 2235 etiamsi
1812 2213 1871 2246 pro
1897 2203 2023 2236 illorum

1285 2255 1450 2289 sufficienti
1475 2255 1679 2298 derogatione
1704 2255 1742 2289 de
1772 2256 1833 2288 illis
1850 2267 2024 2300 eorumque

1285 2309 1357 2343 totis
1383 2308 1544 2342 tenoribus
1570 2308 1723 2352 specialis,
1741 2309 1898 2353 specifica,
1916 2309 2025 2343 indivi-

1285 2363 1347 2395 dua
1371 2367 1400 2395 et
1425 2362 1462 2395 de
1487 2361 1582 2394 verbo
1607 2361 1645 2394 ad
1670 2363 1811 2404 verbum,
1832 2373 1896 2396 non
1920 2367 2023 2397 autem

1286 2426 1341 2459 per
1355 2415 1510 2448 clausulas
1527 2416 1690 2458 generales
1707 2415 1790 2448 idem
1808 2416 2023 2460 importantes‚

1287 2469 1402 2502 mentio
1428 2479 1482 2502 seu
1507 2469 1635 2512 quaevis
1663 2469 1722 2502 alia
1745 2469 1898 2513 exquisita
1926 2470 2025 2503 forma

1287 2523 1323 2555 ad
1349 2523 1409 2556 hoc
1434 2523 1585 2556 servanda
1609 2523 1706 2566 soret,
1732 2523 1859 2557 illorum
1883 2523 2025 2556 omnium

1270 2604 1272 2610 ,
1288 2580 1317 2609 et
1341 2577 1536 2619 singulorum
1557 2583 1691 2617 tenores,
1708 2577 1824 2610 formas
1844 2581 1873 2610 et
1890 2577 2026 2611 occasio-

1288 2638 1342 2661 nes
1362 2629 1580 2672 praesentibus
1600 2640 1664 2674 pro
1681 2630 1771 2674 plene
1788 2636 1818 2662 et
1837 2629 2026 2664 sufficienter

2026 239 2075 266 An.
2092 240 2120 266 C.
2141 240 2206 270 ¹655
