2243 3205
35 199 81 226 An.
102 196 128 223 C.
146 195 214 223 1660

823 190 1008 215 ALEXANDER
1032 191 1075 214 vn
1099 190 1147 214 1³1⁸.

228 242 378 276 emanatis
403 241 524 282 litteris,
553 251 685 282 necnon,
710 244 862 285 quatenus
887 249 965 283 opus

226 296 275 337 sit,
300 296 338 329 de
363 297 430 330 iure
455 296 596 342 quaesito
621 306 683 329 non
709 294 856 333 tollendo,
875 305 909 327 ae
927 294 964 326 de

226 349 434 393 exprimendo
459 360 533 382 vcro
555 350 659 381 valore
681 349 711 380 in
739 348 908 381 unionibus
929 358 964 379 ac

226 402 557 436 dismembrationibus
575 408 603 435 et
620 401 881 446 applicationibus
899 401 963 433 sru-

226 461 331 487 ctuum
358 461 387 488 ct
411 455 566 488 bonorum
604 454 909 494 ecelesiasticorum,
935 458 964 485 et

226 508 294 541 aliis
318 508 480 551 quibusvis
499 508 704 541 cancellariae
721 507 898 551 praedictae
916 517 964 539 re-

226 561 307 604 gulis
331 571 348 593 a
371 561 462 594 nobis
487 561 636 594 hactenus
661 561 752 594 editis
777 567 806 593 et
832 561 860 593 in
886 561 964 593 sutu-

224 625 296 646 rum
321 614 584 658 quandocumque
608 625 664 658 per
688 625 745 648 nos
770 615 817 647 vel
842 625 965 647 sueces-

226 677 314 700 sores
338 672 463 700 nostros
488 668 645 700 Romanos
681 666 848 699 Pontifices
873 666 964 698 eden-

225 719 283 760 dis,
307 724 336 753 et
359 720 427 753 aliis
452 720 633 764 apostolicis
654 725 683 752 et
708 720 739 752 in
764 719 963 752 Lateranensi

224 773 393 806 novissime
426 774 584 806 celebrato
616 773 748 806 uniones
784 778 963 816 perpetuas,

224 826 283 859 nisi
309 827 339 859 in
365 827 488 860 casibus
505 837 521 859 a
540 827 606 859 iure
624 826 791 870 expressis,
809 826 876 858 sieri
896 837 965 869 pro-

224 880 366 922 hibente,
392 879 559 923 aliisquc,¹
586 880 816 912 universalibus
841 885 870 912 ct
894 890 965 922 pro-

225 933 410 966 vincialibus
428 934 568 966 conciliis
586 933 686 972 editis,
698 932 898 975 generalibus
917 933 963 965 vel

224 986 710 1030 specialibus,constitutionibus
743 991 772 1018 ct
798 985 965 1018 ordinatio-

223 1040 325 1081 nibus,
350 1050 471 1073 necnon
497 1040 646 1073 ecclesiae
668 1044 697 1072 et
721 1039 856 1071 fabricae
874 1049 964 1082 prae-

224 1093 389 1134 dictarum,
408 1098 437 1126 et
453 1093 520 1125 aliis
538 1092 740 1136 quibuslibet,
754 1097 823 1132 etc.,
839 1102 875 1124 ac
892 1103 962 1124 cum

225 1146 387 1190 quibusvis
412 1147 504 1179 etiam
530 1145 802 1188 derogatoriarum
836 1145 966 1187 deroga-

225 1199 324 1239 toriis,
338 1199 468 1243 aliisque
486 1199 646 1243 quibusvis
667 1198 905 1238 efficacioribus,
926 1198 964 1230 es-

224 1252 420 1285 ficacissimis
445 1258 474 1285 et
499 1252 632 1285 insolitis
658 1252 815 1291 clausulis,
837 1258 905 1292 etc.,
934 1252 964 1283 in

225 1306 418 1339 contrarium
443 1306 691 1350 praemissorum
718 1305 885 1345 concessis,
910 1315 963 1348 ap-

224 1360 364 1403 probatis
388 1364 417 1394 et
442 1360 612 1400 innovatis3
638 1359 751 1403 quibus
772 1359 917 1393 omnibus
935 1364 965 1391 et

224 1414 378 1456 singulis,
408 1414 529 1446 etiamsi
554 1424 611 1457 pro
636 1413 762 1446 illorum
798 1412 964 1445 sufficienti

224 1466 428 1510 derogatione
448 1467 485 1500 de
508 1467 567 1499 illis
586 1477 759 1510 eorumque
780 1466 853 1499 totis
878 1471 964 1499 teno-

224 1519 312 1553 ribus
337 1519 502 1564 speciabs,
527 1519 693 1563 specifica,
719 1523 799 1559 etc.,
825 1519 963 1561 mentio,

225 1583 280 1605 seu
306 1573 434 1616 quaevis
458 1573 518 1605 alia
543 1572 704 1616 expressio
732 1572 887 1612 habenda,
912 1577 965 1604 aut

224 1635 445 1669 quaecumque
470 1625 530 1658 alia
555 1625 709 1668 exquisita
727 1625 826 1658 forma
846 1625 884 1657 ad
904 1625 965 1658 hoc

225 1678 377 1712 servanda
395 1679 484 1719 soret,
503 1679 629 1712 illorum
649 1684 784 1719 tenores,
802 1679 918 1712 formas
936 1685 965 1712 et

225 1732 414 1774 occasiones,
440 1743 476 1765 ac
500 1732 697 1775 singulorum
724 1732 963 1765 canonicatuum

225 1791 254 1818 et
278 1786 541 1830 praebendarum,
565 1785 808 1818 beneficiatuum
827 1790 856 1818 et
874 1786 965 1818 cleri-

225 1845 349 1872 catuum
375 1840 587 1884 praefatorum
605 1839 774 1879 fructuum,
788 1844 856 1879 etc.,
874 1849 965 1872 veros

223 1903 344 1926 annuos
379 1893 551 1926 seeundum
583 1902 782 1926 communem
813 1893 961 1925 aestima-

224 1947 342 1980 tionem
368 1948 489 1980 valores
506 1947 723 1991 praesentibus
748 1957 807 1990 pro
830 1947 921 1990 plene
935 1952 965 1979 et

225 2000 416 2033 sufficienter
437 2000 606 2044 expressis,
627 2005 696 2039 etc.,
714 1999 772 2032 hae
790 1999 858 2032 vice
875 1999 962 2032 dum-

224 2056 307 2086 taxat
331 2053 507 2097 specialiter
531 2058 560 2085 et
585 2063 732 2096 expresse
756 2052 963 2095 derogamus

225 2107 400 2150 ceterisque
417 2106 582 2140 contrariis
596 2106 856 2149 quibuscumque.

269 2160 380 2193 Datum
406 2160 436 2192 in
461 2161 539 2193 Arce
564 2159 752 2203 Gandulphi,
781 2159 964 2192 Albanensis

226 2213 394 2255 dioecesis,
421 2214 479 2246 sub
511 2214 627 2246 annulo
653 2213 838 2254 piscatoris,
863 2213 914 2245 dic
944 2223 962 2246 x

225 2267 298 2300 maii
318 2277 434 2308 tinem,
452 2267 651 2311 pontificatus
668 2266 766 2299 nostri
787 2277 868 2299 anno
894 2276 934 2299 v1.

262 2330 319 2357 Dat.
337 2330 379 2357 die
397 2330 430 2357 10
445 2329 506 2356 maii
524 2330 601 2363 1660,
620 2329 716 2364 pontif.
739 2337 809 2355 anno
825 2336 860 2355 vi.

263 2439 274 2463 1
292 2436 405 2464 Videtur
424 2435 519 2463 deesse
539 2435 682 2471 praeposit.
703 2435 736 2462 in
754 2436 795 2469 (n.
811 2434 856 2467 τ.).

1282 237 1451 271 CCXCVIII.

997 309 1161 344 Proibisce
1186 309 1213 341 le
1239 309 1299 341 lire
1323 320 1337 341 e
1362 308 1530 352 boloynini
1551 307 1632 340 nelle
1652 316 1733 351 pro-

1042 363 1143 396 vincie
1157 362 1192 395 cli
1209 362 1368 405 Βοῑοῃηα,
1395 362 1426 395 F
1426 372 1548 401 erroro,
1566 361 1736 403 Romayna

1041 427 1056 449 e
1080 417 1252 455 Ravenna,
1282 414 1416 448 volendo
1448 415 1503 447 che
1527 415 1560 447 vi
1583 414 1612 446 si
1636 414 1737 446 intro-

1041 469 1167 503 ducano
1192 470 1204 502 z·
1228 469 1317 512 yz'uli
1340 479 1354 501 e
1380 469 1534 501 baiocchi.

1192 550 1355 576 Alexander
1380 548 1459 582 Papa
1477 548 1542 581 vn,

1140 594 1177 620 ad
1192 594 1326 620 futuram
1341 593 1386 620 rei
1406 593 1589 620 memoriam.

1042 663 1199 697 Meditatio
1225 662 1328 696 cordis
1353 662 1452 695 nostri
1477 662 1515 694 ad
1547 671 1583 694 ea
1616 661 1737 705 praeci-

999 727 1059 760 pue
1085 717 1288 757 convertitur‚
1313 725 1371 759 per
1395 726 1476 758 quae
1500 720 1681 748 nostrorum
1707 718 1737 748 et

998 769 1026 802 S.
1042 770 1076 802 R.
1094 770 1126 802 E.
1149 769 1180 802 in
1206 768 1435 813 temporalibus
1459 768 1655 801 subditorum
1681 768 1737 801 uti-

999 823 1136 856 litatibus
1172 824 1351 867 opportuna
1388 822 1509 855 ratione
1553 822 1736 855 consulitur.

998 876 1073 909 Cum
1099 877 1202 920 itaque
1227 876 1314 915 alias,
1332 875 1476 908 videlicet
1493 875 1565 907 (liei
1586 874 1651 907 iulii
1670 885 1738 918 pro-

999 930 1080 962 xime
1105 930 1277 974 praeteriti,
1303 929 1435 962 dilectus
1460 929 1542 961 silius
1567 932 1674 962 noster
1691 928 1739 961 Gi-

999 984 1107 1015 bcrtus
1132 982 1272 1015 eiusdem
1297 982 1326 1015 S.
1357 983 1390 1015 R.
1422 982 1455 1014 Ε.
1481 982 1646 1026 presbyter
1675 992 1739 1014 car-

998 1037 1110 1069 dinalis
1137 1036 1346 1069 Borromaeus
1366 1041 1575 1078 nuncupatus,
1589 1040 1696 1068 noster
1709 1040 1739 1067 et

997 1090 1085 1123 Sedis
1110 1090 1306 1133 Apostolicae
1324 1089 1355 1121 in
1374 1088 1536 1132 provincia
1557 1090 1665 1121 nostra
1683 1088 1739 1121 Ro-

999 1143 1173 1176 mandiolae
1198 1148 1228 1175 et
1252 1143 1420 1175 exarchatu
1447 1143 1609 1174 Ravennae
1633 1141 1671 1174 de
1695 1141 1740 1173 la-

1000 1202 1062 1229 tere
1087 1197 1218 1238 legatus,
1240 1195 1375 1227 edictum
1395 1194 1479 1227 iussu
1505 1200 1613 1227 nostro
1638 1194 1740 1227 edide-

999 1250 1038 1283 rit
1062 1255 1091 1282 et
1116 1248 1247 1281 subinde
1282 1248 1332 1280 die
1357 1258 1410 1281 xiv
1443 1247 1584 1280 eiusdem
1623 1247 1739 1280 mensis

998 1303 1065 1336 iulii
1090 1302 1245 1346 publicari
1270 1301 1379 1334 feccrit
1404 1301 1522 1335 tenoris
1547 1301 1600 1345 qui
1638 1301 1740 1345 sequi-

999 1362 1058 1398 tur,
1073 1356 1237 1389 videlicet:

1042 1412 1056 1454 ξ
1080 1411 1109 1443 l.
1136 1410 1264 1443 Giberto
1289 1409 1370 1442 della
1394 1409 1423 1442 S.
1444 1409 1478 1441 R.
1496 1408 1525 1442 C.
1547 1413 1636 1452 prete
1668 1418 1738 1441 car-

998 1464 1101 1497 dinale
1126 1464 1310 1502 Borromeo‚
1324 1462 1406 1495 della
1430 1462 1594 1506 provincia
1619 1461 1650 1494 di
1677 1462 1738 1495 Ro-

1000 1528 1113 1561 magna
1137 1517 1175 1550 ed
1199 1523 1339 1550 esarcato
1352 1516 1382 1549 di
1408 1517 1553 1549 Ravenna
1577 1516 1615 1548 de
1640 1516 1739 1549 latere

999 1569 1248 1614 legatoAvendo
1262 1570 1291 1602 la
1301 1569 1419 1603 Santita
1437 1569 1466 1601 di
1485 1575 1593 1602 nostro
1611 1569 1737 1611 signore

999 1625 1080 1668 Papa
1104 1623 1291 1657 Alessandro
1317 1623 1378 1662 Vll,
1401 1632 1459 1655 con
1484 1622 1512 1654 la
1537 1632 1593 1654 sua
1617 1621 1739 1654 infinita

998 1678 1156 1721 prudenza
1181 1677 1218 1709 ed
1238 1676 1452 1720 applicazione
1469 1676 1497 1708 al
1518 1675 1666 1719 pubblico
1688 1675 1739 1708 be-

998 1731 1110 1764 neficio
1135 1731 1165 1763 di
1191 1735 1300 1774 questa
1324 1729 1497 1773 provincia,
1516 1729 1596 1762 oltre
1613 1739 1630 1761 a
1654 1733 1738 1761 tante

999 1785 1102 1828 grazie
1116 1783 1359 1828 compartitegli,
1370 1783 1567 1816 considerato
1577 1782 1607 1814 di
1621 1787 1738 1826 quanto

998 1838 1193 1882 pregiudizio
1229 1837 1271 1879 gli
1308 1837 1353 1869 sia
1389 1836 1554 1879 l'ingiusto
1583 1836 1738 1868 accresci-

1000 1897 1104 1924 mento
1129 1891 1178 1924 del
1204 1891 1309 1923 valore
1327 1890 1498 1922 estrinseco
1515 1889 1596 1921 delle
1613 1894 1738 1922 monete

999 1944 1046 1976 col
1072 1944 1163 1986 quale
1188 1952 1332 1984 vengono
1358 1941 1366 1973 i
1392 1941 1459 1973 suoi
1485 1940 1593 1984 popoli
1620 1950 1637 1972 a
1662 1940 1739 1973 rice-

999 2007 1070 2029 vere
1095 2007 1154 2040 per
1178 1997 1206 2029 le
1231 1996 1279 2029 lor
1304 1995 1393 2028 biade
1410 2005 1426 2027 e
1444 1994 1529 2026 frutti
1550 1994 1631 2026 della
1648 1993 1740 2026 solita

998 2051 1092 2084 bonta
1117 2051 1137 2082 il
1162 2060 1272 2093 prezzo
1306 2049 1336 2081 in
1371 2046 1517 2082 moneta¹
1550 2047 1698 2080 calcolate
1723 2056 1740 2078 a

998 2104 1051 2147 piu
1076 2103 1106 2135 di
1131 2103 1236 2146 quello
1252 2103 1308 2135 che
1334 2102 1609 2135 intrinsecamente
1626 2099 1741 2143 vaglio-

997 2167 1048 2197 no,
1074 2157 1110 2190 ed
1136 2156 1255 2189 avendo
1280 2155 1477 2189 considerato
1503 2155 1559 2187 che
1584 2154 1612 2186 le
1638 2153 1740 2197 provi-

997 2210 1089 2249 sioni,
1113 2219 1204 2253 prese
1230 2219 1323 2252 sopra
1344 2208 1392 2241 cio
1417 2208 1455 2240 da
1480 2207 1566 2240 molti
1600 2206 1647 2239 de'
1670 2206 1738 2239 suoi

997 2262 1198 2303 antecessori,
1224 2272 1285 2294 non
1311 2263 1378 2295 solo
1403 2271 1465 2294 non
1485 2261 1589 2293 banno
1614 2264 1739 2303 portato

997 2317 1068 2359 quel
1094 2317 1180 2349 buon
1206 2316 1310 2349 effetto
1335 2316 1393 2348 elie
1418 2315 1441 2348 si
1467 2314 1660 2353 desiderava,
1688 2323 1739 2345 ma

997 2371 1071 2402 tatto
1092 2370 1203 2402 vedere
1221 2379 1280 2402 con
1300 2369 1329 2401 la
1349 2368 1524 2401 successiva
1549 2366 1738 2400 alterazione

998 2423 1055 2456 clio
1080 2433 1203 2466 sempre
1229 2423 1283 2466 pil'l
1307 2423 1331 2454 si
1358 2431 1493 2465 possono
1520 2426 1638 2453 temere
1656 2430 1740 2463 mag-

998 2476 1078 2519 giori
1103 2475 1272 2515 disordini3
1297 2485 1313 2507 e
1344 2474 1542 2518 dipcndendo
1574 2473 1675 2516 questi
1708 2473 1739 2505 in

1036 2595 1044 2620 1
1069 2592 1222 2628 Lugendum
1248 2594 1360 2620 monete
1378 2592 1416 2627 (a.
1432 2592 1481 2626 τ.).

1637 177 1701 211 573
1747 185 1796 212 An.
1815 184 1844 212 c.
1867 185 1934 213 1660

1778 671 1917 692 Prooemium.

1781 1413 1877 1434 Edictum
1897 1413 1937 1434 Lo-

1754 1444 1804 1466 gali.
