2185 3188
29 192 78 220 An.
98 191 128 219 C.
145 191 212 219 1655

56 624 152 645 Annullat
163 630 212 644 con-

28 651 157 672 stitutlonein
174 650 211 671 Ur-

29 678 78 707 bani
88 677 213 704 praedeces-

29 710 89 725 soris.

817 190 1002 215 ALExANDER
1027 191 1072 214 vn
1094 191 1143 214 1³1³.

227 239 330 283 quein
344 238 453 272 eadem
467 238 551 273 Urbe
565 238 727 280 trahenda,
742 238 847 272 subire
859 248 966 271 neces-

227 302 260 325 se
284 297 347 332 est,
372 292 510 336 aliasque
535 293 574 326 ob
601 303 719 333 causas,
736 292 837 324 eidem
858 291 965 324 Ordini

1668 179 1711 212 ⁴13
1759 188 1806 214 An.
1828 187 1856 214 C.
1874 187 1943 219 ¹655

1045 239 1059 282 ἓ
1080 238 1109 272 5.
1134 238 1342 279 Decernentes
1359 242 1541 282 praesentes
1557 236 1676 271 litteras
1692 236 1743 269 sir-
1795 277 1797 279 ¹
1815 250 1940 288 rmffnms

1002 302 1077 331 mas,
1098 291 1215 324 validas
1240 297 1270 324 et
1293 292 1435 324 efficaces
1453 291 1586 323 existere
1611 296 1641 323 ct
1664 276 1840 331 soi-e,{221‘¹‘'³
1871 277 1943 297 “⁹¹⁴⁸

227 356 429 389 summopere
446 346 676 390 dispendiosam
696 351 725 379 et
741 345 866 379 noxiam
885 345 966 378 exis·
1001 355 1036 377 ac
1054 344 1136 377 dicto
1154 343 1251 377 Mario
1269 344 1399 387 eiusque
1417 343 1652 377 successoribus
1670 342 1743 375 dicti

227 404 308 432 tere:
332 399 450 433 idcirco
468 400 549 433 idem
568 401 682 433 Marius
704 400 791 443 prior
812 399 967 442 generalis

226 452 317 485 nohis
327 453 488 486 humiliter
501 453 672 497 supplicari
686 454 768 493 fecit,
782 458 816 486 ut
833 453 864 486 in
882 463 968 496 prae-

227 505 331 538 missis
359 512 536 550 opportune
563 506 730 550 providerc
757 506 796 539 de
824 506 967 549 benigni-

228 563 289 591 tate
314 559 487 602 apostolica
512 559 726 602 dignaremur.

272 612 287 655 ἓ
310 612 339 645 4.
366 613 427 646 Nos
447 613 553 656 igitur,
571 613 703 646 fratrum
730 612 966 656 provinciarum

228 665 409 700 huiusmodi
441 667 656 700 commoditati
685 667 850 699 consulere
881 677 968 699 eum-

228 719 362 763 demque
379 721 510 753 Marium
537 721 676 764 priorem
697 720 877 763 generalem
903 717 970 763 s'pe-

227 773 358 806 cialibus
376 773 534 806 l'avoribus
558 779 587 806 et
612 773 720 815 gratiis
745 773 894 817 prosequi
920 783 970 806 vo-

228 826 336 867 lentes,
359 832 389 859 ct
406 836 423 859 a
440 827 602 870 quibusvis
627 827 969 867 excomrmmicationis,

227 880 440 923 suspensionis
466 886 496 913 et
520 880 694 921 interdicti,
720 880 851 924 aliisque
875 881 970 913 eccle-

227 933 358 966 siasticis
383 934 558 973 sententiis,
583 933 725 966 censuris
750 939 779 966 et
803 933 927 977 poenis,
953 944 969 965 a

228 987 297 1019 iure
322 987 368 1020 rel
392 987 431 1020 ab
456 987 592 1028 bomine,
610 987 719 1031 quavis
740 987 905 1021 occasione
922 987 968 1019 vel

228 1042 322 1073 causa
346 1040 432 1081 latis,
461 1041 485 1073 si
515 1041 629 1084 quibus
653 1041 890 1084 quomodolibet
917 1041 967 1073 inr-

229 1094 361 1127 nodatus
386 1094 499 1135 existit,
522 1094 561 1127 ad
586 1094 731 1127 effectum
756 1095 969 1138 praesentium

228 1147 389 1180 dumtaxat
406 1148 672 1193 consequendum,
688 1148 801 1181 harum
819 1149 899 1182 serie
919 1149 971 1182 ab·

229 1202 383 1235 solventes
411 1209 441 1234 et
471 1202 648 1235 absolutum
685 1203 752 1236 sore
785 1208 969 1244 censentes,

229 1254 407 1288 huiusmodi
425 1255 705 1299 supplicationibus
723 1256 873 1296 inclinati,
890 1256 971 1289 ordi-

229 1308 386 1341 nationem
404 1309 555 1352 praedicti
575 1309 690 1342 Urbani
707 1309 969 1352 praedecessoris,

230 1366 264 1393 ut
291 1362 402 1394 fratres
429 1361 623 1395 baccalaurei
648 1363 884 1406 provinciarum
910 1363 969 1396 Ita-

231 1415 290 1447 liae
306 1415 430 1448 Ordinis
453 1416 603 1459 praedicti
621 1417 752 1450 Romam
773 1417 891 1459 gradus
909 1429 971 1451 ma-

232 1467 351 1507 gisterii
370 1468 399 1500 in
417 1470 506 1501 sacra
523 1469 681 1511 theologia
698 1470 887 1513 suscipIendi
901 1482 970 1504 cau-

232 1522 266 1552 sa
285 1521 389 1553 venire
409 1531 445 1554 ac
469 1521 543 1553 inibi
562 1522 592 1554 in
610 1523 786 1565 praesentia
804 1524 971 1557 cardinalis

232 1574 418 1616 protectoris
450 1578 479 1608 et
510 1574 626 1617 prioris
661 1576 815 1618 generalis
846 1576 970 1610 Ordinis

232 1627 410 1659 huiusmodi
434 1638 492 1671 pro
517 1634 659 1671 tempore
684 1629 882 1662 existentium
901 1641 972 1663 exa-

232 1680 343 1712 minari
368 1680 512 1722 debeant,
530 1692 566 1714 ac
583 1682 740 1715 consectas
764 1682 900 1726 desuper
918 1684 972 1717 Ur-

231 1733 302 1765 bani
320 1733 573 1777 praedecessoris
588 1735 706 1768 litteras
720 1736 884 1779 praefatas,
899 1747 971 1780 apo-

230 1786 339 1819 stolica
354 1787 549 1827 auctoritate,
563 1792 673 1820 tenore
690 1789 915 1832 praesentium,
933 1800 968 1822 ex

229 1849 313 1872 nunc
330 1839 360 1872 in
378 1846 566 1884 perpetuum
587 1852 781 1884 revocamus,
800 1853 969 1884 cassamus,

230 1892 391 1926 irritamus
415 1899 446 1927 et
469 1894 684 1935 annullamus;
702 1906 737 1928 ac
754 1895 855 1928 eidem
873 1896 969 1930 Mario

229 1956 313 1980 nunc
337 1952 367 1980 et
390 1957 450 1991 pro
474 1953 619 1992 tempore
644 1948 787 1982 existenti
812 1949 886 1983 dicti
912 1950 969 1984 Or-

230 1999 311 2033 dinis
336 2000 436 2043 priori
464 2001 603 2044 generali
634 2002 810 2036 facultatem
841 2013 970 2047 promo-

230 2053 321 2086 vendi
352 2053 390 2086 ad
423 2055 596 2097 magisterii
628 2055 659 2087 in
689 2057 779 2088 sacra
809 2056 969 2100 theologia

230 2106 364 2148 gradum
394 2108 505 2141 fratres
535 2108 756 2142 baccalaureos
785 2110 965 2153 provincia-

230 2171 299 2192 rum
321 2161 532 2204 praefatarum
558 2162 589 2195 in
613 2162 722 2195 iisdem
742 2164 870 2197 omnino
887 2170 968 2197 statu

230 2218 260 2245 ct
277 2215 420 2247 terminis
445 2215 476 2247 in
500 2215 613 2259 quibus
636 2218 689 2250 illa
713 2217 812 2261 priori
829 2218 967 2261 generali

229 2267 368 2300 ciusdem
381 2267 505 2302 Ordinis
518 2269 600 2304 iuxta
614 2270 696 2304 illius
711 2271 967 2304 constitutionum

229 2330 247 2352 a
271 2320 350 2354 Sede
366 2321 545 2365 Apostolica
570 2324 813 2367 approbatarum
839 2325 970 2368 disposi-

230 2374 357 2415 tionem,
375 2381 540 2419 antequam
561 2377 683 2410 litterae
700 2378 815 2411 Urbani
836 2379 968 2422 praede-

230 2429 373 2472 cessoris,
393 2435 426 2462 ut
450 2431 661 2473 praemittitur
686 2436 860 2472 revocatae,
885 2442 967 2465 ema-

229 2487 350 2523 narent,
365 2483 603 2526 quomodolibet
627 2484 833 2528 competebat,
851 2490 882 2518 ct
903 2495 966 2518 non

1002 396 1127 430 Ordinis
1145 396 1305 440 prioribus
1324 397 1525 439 generalibus
1544 402 1574 429 et
1593 396 1744 428 fratribus

1002 451 1237 494 provinciarum
1263 451 1444 483 huiusmodi
1476 450 1658 494 plenissime
1681 449 1744 483 sus-

1003 504 1130 547 sragari,
1148 510 1177 536 et
1194 503 1232 536 ab
1250 503 1311 536 illis
1336 509 1366 536 ct
1389 503 1457 536 aliis
1483 503 1744 546 quibuscumque,

1003 557 1041 589 ad
1062 568 1142 601 quos
1163 562 1282 600 spectat
1300 562 1328 589 et
1346 567 1403 600 pro
1420 562 1563 600 tempore
1580 556 1744 600 spectabit,

1004 610 1140 643 cuiusvis
1151 616 1247 643 status
1261 614 1289 644 et
1304 609 1491 643 conditionis
1504 609 1629 649 suerint,
1640 609 1746 642 ctiam-

1004 664 1028 696 si
1041 664 1250 696 cardinalatus
1264 664 1402 706 fulgeant
1415 663 1576 706 dignitate,
1587 662 1746 695 inviolabi-

1004 717 1074 749 liter
1102 723 1132 750 et
1160 717 1345 750 inconcusse
1377 722 1530 760 perpetuo
1562 716 1744 756 observari,

1005 770 1112 815 sicque
1133 770 1164 802 in
1185 769 1367 814 praemissis
1390 780 1447 813 per
1466 779 1683 813 quoscumque
1701 768 1747 801 iu-

1004 823 1088 857 dices
1113 824 1291 857 ordinarios
1316 830 1346 856 et
1370 823 1540 866 delegatos,
1561 823 1653 856 etiam
1679 832 1748 856 cau-

1005 888 1110 910 sarum
1128 877 1234 922 palatii
1259 877 1423 921 apostolici
1441 876 1614 917 auditores,
1633 882 1663 909 et
1679 886 1750 909 san-

1007 937 1074 964 ctae
1094 932 1253 965 Romanae
1274 931 1430 965 Ecclesiae
1450 931 1634 971 cardinales,
1655 930 1748 963 etiam

1006 984 1044 1018 de
1068 985 1166 1018 latere
1189 985 1326 1028 legatos,
1353 984 1485 1017 iudicari
1505 989 1534 1017 et
1554 984 1677 1017 definiri
1698 984 1750 1017 de-

1006 1039 1096 1079 bere,
1117 1049 1153 1072 ac
1178 1038 1303 1072 irritum
1329 1044 1359 1071 et
1383 1038 1484 1079 inane,
1502 1038 1526 1071 si
1548 1049 1637 1071 secus
1654 1049 1749 1082 snper

1007 1091 1055 1124 his
1080 1102 1096 1124 a
1121 1102 1297 1136 quoquam,
1315 1092 1424 1136 quavis
1440 1092 1636 1133 auctoritate,
1653 1092 1750 1125 scien-

1006 1151 1054 1178 ter
1079 1146 1125 1178 vel
1152 1146 1344 1188 ignoranter,
1369 1146 1538 1188 contigerit
1561 1146 1714 1180 attentari.

1049 1200 1110 1243 §6
1137 1200 1205 1232 'Non
1230 1199 1425 1233 obstantibus
1446 1199 1614 1243 praedictis
1631 1200 1747 1233 Urbani

1004 1253 1258 1296 praedecessoris
1286 1253 1415 1294 litteris,
1440 1253 1571 1297 aliisque
1597 1254 1747 1287 constitu-

1005 1307 1142 1340 tionibus
1160 1312 1189 1340 et
1205 1307 1455 1340 ordinationibus
1472 1307 1664 1350 apostolicis,
1681 1317 1750 1340 nec-

1004 1371 1077 1401 non,
1091 1366 1246 1404 quatenus
1263 1371 1344 1404 opus
1361 1360 1410 1401 sit,
1427 1360 1501 1394 dicti
1519 1360 1653 1401 Ordinis,
1672 1361 1750 1394 eius-

1004 1425 1065 1459 que
1089 1415 1336 1459 prorinciarum,
1356 1414 1449 1447 etiam
1472 1414 1658 1457 iuramento,
1676 1425 1750 1448 con-

1005 1468 1182 1502 firmatione
1198 1468 1383 1512 apostolica⁷
1405 1468 1452 1500 rel
1473 1468 1580 1511 quavis
1601 1467 1749 1500 firmitate

1005 1521 1065 1553 alia
1082 1521 1249 1562 roboratis,
1266 1521 1389 1554 statutis
1410 1526 1440 1554 et
1459 1521 1748 1561 consuetudinibus,

1005 1574 1177 1617 privilegiis
1197 1585 1334 1618 quoque,
1352 1575 1479 1607 indultis
1497 1580 1527 1607 et
1546 1574 1658 1607 litteris
1673 1585 1748 1619 apo-

1006 1628 1132 1667 stolicis,
1151 1628 1181 1660 in
1198 1628 1392 1661 contrarium
1410 1628 1657 1671 praemissorum
1675 1639 1749 1672 quo-

1006 1681 1178 1714 modolibet
1207 1681 1381 1721 concessis,
1406 1681 1606 1725 approbatis,
1632 1681 1747 1714 contir-

1006 1734 1097 1766 matis
1130 1739 1160 1766 et
1190 1733 1363 1774 innovatis;
1395 1734 1509 1778 quibus
1541 1734 1688 1767 omnibus
1720 1739 1750 1767 et.

1005 1786 1147 1829 singulis,
1167 1787 1294 1820 illorum
1313 1793 1439 1820 tenores
1455 1787 1673 1831 praesentibus
1690 1798 1748 1831 pro

1004 1840 1095 1883 plene
1113 1845 1143 1873 ct
1160 1841 1352 1874 sufficienter
1369 1841 1526 1885 expressis
1543 1851 1579 1874 ac
1594 1841 1633 1874 de
1650 1842 1747 1875 verbo

1004 1893 1043 1926 ad
1063 1894 1195 1927 verbum
1213 1894 1338 1927 insertis
1358 1894 1520 1935 habentes,
1541 1894 1601 1927 illis
1620 1894 1696 1928 alias
1716 1894 1747 1927 in

1004 1957 1061 1980 suo
1084 1947 1201 1981 robore
1226 1947 1465 1991 permansuris,
1489 1947 1527 1980 ad
1555 1947 1746 1991 praemisso-

1004 2012 1074 2035 rum
1100 2002 1245 2035 ess'ectum
1271 2002 1329 2035 hac
1354 2002 1420 2035 rice
1444 2002 1622 2046 specialiter
1645 2008 1676 2035 et
1699 2013 1749 2035 ex-

1004 2065 1113 2098 presse
1141 2055 1349 2099 derogamus3
1375 2055 1553 2099 ceterisque
1581 2055 1748 2089 contrariis

1003 2109 1266 2152 quibuscumque.

1047 2163 1159 2195 Datum
1185 2163 1313 2203 Romae,
1337 2163 1419 2207 apud
1445 2164 1474 2196 S.
1500 2163 1629 2196 Mariam
1655 2163 1747 2196 Maio-

1003 2227 1087 2258 rem,
1110 2216 1168 2249 sub
1194 2217 1311 2249 annulo
1336 2216 1518 2257 Piscatoris,
1540 2216 1589 2249 die
1615 2226 1647 2249 ιιι
1672 2216 1747 2248 iunii

1003 2279 1120 2310 atoctsv,
1142 2270 1341 2313 pontificatus
1366 2270 1465 2303 nostri
1488 2280 1569 2302 anno
1591 2280 1608 2302 1.

1039 2332 1096 2359 Dat.
1115 2332 1157 2359 die
1173 2332 1190 2359 3
1205 2332 1271 2360 iunii
1290 2333 1368 2366 1655,
1390 2333 1488 2368 pontis.
1506 2341 1576 2360 anno
1593 2340 1611 2359 1.

1789 1207 1903 1229 Contrariis
1913 1208 1948 1228 ile-

1763 1239 1823 1262 rogat

1346 2465 1406 2499 vll.

229 2535 329 2576 aliter,
346 2536 531 2569 auctoritate
549 2542 575 2569 ct
596 2542 702 2570 tenore
728 2538 896 2582 praedictis
923 2550 967 2571 re-
982 2528 984 2568 Ι
1000 2543 1146 2576 Ahsolri!
1171 2542 1447 2586 archiepiscopum
1472 2543 1747 2586 Caesarauynsm-

230 2589 396 2624 stituimus.

1044 2602 1124 2626 num
1144 2602 1164 2626 ιι
1184 2593 1327 2627 censuris
1345 2593 1493 2633 inc-ursis,
1514 2603 1548 2626 eo
1564 2593 1643 2636 quia
1666 2592 1745 2625 obli-
