2202 3190
429 164 493 196 844

471 226 774 270 proclamationibus
788 227 989 261 sacerdotum
1008 234 1037 262 et
1054 239 1125 273 pro-

473 279 628 312 fessorum
663 279 840 321 vocalium,
868 291 949 324 quae
980 282 1062 316 siunt
1093 282 1125 314 in

471 333 628 375 capitulo,
657 333 766 366 adesse
798 344 861 367 non
893 336 1034 378 possint,
1066 346 1125 369 nec

470 386 545 429 ipsis
564 397 699 430 usquam
724 388 769 421 sas
795 388 834 421 sit
859 398 1054 433 quemquam
1075 400 1124 422 sa-

469 441 635 473 cerdotum
677 447 730 474 aut
766 441 955 476 clericorum
996 443 1123 486 profes-

469 503 577 526 sorum
604 499 633 527 et
659 495 815 528 vocalium
841 496 1042 540 superiorum
1063 496 1123 540 pri-

468 546 563 579 vatim
597 547 645 580 vel
677 548 780 591 palam
809 547 840 581 in
870 549 1009 592 capitulo
1041 560 1117 592 pro-

468 601 606 633 clamare
624 628 632 642 ,
675 601 731 633 sed
774 603 997 635 tantummodo
1036 601 1120 646 apud

467 653 664 696 superiorem
701 655 855 698 conqueri
896 661 926 688 et
965 654 1118 688 iustitiam

467 706 640 748 postulare,
667 706 740 739 710.

379 758 519 792 CCCLVI.
548 760 736 801 Declaratio,
763 761 849 804 quod
874 762 1034 795 revocatio
1054 761 1118 805 pri-

465 812 654 856 vilegiorum
681 820 710 846 et
735 815 972 858 exemptionum
994 814 1117 859 regula-

465 866 554 899 ribus
572 878 796 901 concessorum
814 874 844 902 et
861 868 1016 902 subiectio
1033 879 1115 902 nun-

464 919 512 953 cio
537 921 711 963 apostolico
739 921 920 965 Hispaniae,
946 923 985 955 ab
1008 923 1117 956 Urha-

464 984 525 1007 nus
538 974 606 1007 vllt
638 975 719 1008 sacta
737 975 831 1008 etiam
850 977 1025 1009 monachos
1044 988 1117 1011 con-

463 1027 658 1070 gregationis
674 1028 845 1072 Hispaniae
862 1029 987 1063 Ordinis
1008 1030 1038 1063 S.
1060 1032 1116 1064 Be-

462 1079 580 1112 nedicti
613 1082 876 1125 comprehendat,
908 1094 980 1116 cum
1014 1085 1114 1124 nova,

462 1139 619 1176 quatenus
645 1145 723 1178 opus
749 1135 804 1177 sit,
832 1137 1019 1170 eorumdem
1045 1137 1113 1180 pri-

462 1187 649 1229 vilegiorum
674 1194 704 1222 et
729 1189 964 1233 exemptionum
990 1200 1117 1224 revoca-

460 1239 559 1281 tione,
588 1240 666 1273 7¹11.

373 1292 529 1327 CCCLVII.
559 1293 767 1328 Confirmatio
796 1294 915 1329 decreti
943 1306 1118 1340 congrega-

462 1347 558 1380 tionis
594 1348 817 1391 episcoporum
844 1354 874 1382 et
907 1350 1113 1393 regularium,

462 1412 526 1444 quo
559 1401 712 1435 fratribus
746 1402 974 1446 Cappuccinis,
1009 1404 1116 1437 aliisve

462 1455 631 1488 cuiuslibet
650 1455 775 1488 Ordinis
790 1456 1002 1498 regularibus,
1021 1468 1118 1490 novo-

465 1518 534 1540 rum
553 1513 768 1541 conventuum
799 1518 854 1542 seu
875 1508 1045 1543 domorum
1068 1520 1117 1543 re-

462 1561 621 1603 gularium
646 1561 850 1596 fundationes
879 1568 909 1596 et
942 1563 1117 1597 erectiones

462 1615 580 1657 absque
613 1614 702 1648 Sedis
734 1616 933 1659 Apostolicae
971 1618 1116 1661 expressa

462 1667 590 1701 licentia
614 1668 838 1711 prohibentur,
864 1669 937 1703 713.

373 1719 546 1755 CCCLvul.
575 1722 780 1756 Confirmatio
798 1722 916 1756 decreti
943 1734 1115 1767 congrega-

462 1775 555 1807 tionis
591 1776 815 1819 episcoporum
853 1782 884 1810 et
919 1777 1114 1820 regularium

460 1839 555 1872 super
580 1830 799 1863 observatione
823 1830 862 1862 ab
887 1830 1060 1864 Ordinariis
1085 1836 1115 1863 et

461 1881 530 1914 aliis
563 1882 723 1915 iudicibus
756 1883 908 1925 delegatis
940 1894 1113 1927 regnorum

460 1934 684 1978 Hispaniarum
710 1936 945 1969 constitutionis
972 1936 1114 1970 Clemen—

463 1987 501 2020 tis
521 1988 584 2020 VIII
609 1994 638 2022 et
664 1989 806 2031 Gregorii
824 1988 878 2022 XV
895 1989 933 2022 de
957 2000 1112 2023 novorum

460 2047 675 2074 conventuum
700 2041 928 2083 erectionibus,
951 2042 1036 2075 circa
1060 2054 1113 2087 ap-

461 2094 661 2136 pellationem
679 2094 897 2138 suspensivam
912 2107 970 2139 pro
987 2096 1113 2140 provin-

462 2148 509 2180 cia
534 2148 689 2191 Burgensi
710 2148 837 2181 Ordinis
858 2149 1014 2183 Minorum
1046 2160 1114 2183 san-

462 2200 503 2233 cti
530 2201 701 2241 Francisci,
729 2201 804 2234 715.

374 2252 517 2287 CCCLIX.
550 2254 746 2298 Approbatio
783 2256 1047 2291 constitutionum
1084 2262 1114 2290 et

462 2308 723 2341 reformationum
754 2309 963 2352 collegiorum
992 2310 1111 2354 Capra-

462 2359 599 2394 nicensis
616 2366 646 2393 et
663 2361 793 2394 Nardini
818 2372 890 2394 cum
915 2362 1113 2407 suppressio-

462 2423 500 2446 ne
526 2415 715 2456 protectoris
739 2415 815 2449 dicti
846 2417 968 2458 collegii
995 2416 1112 2459 Capra-

462 2466 665 2508 niccnsis,ac‚
680 2474 835 2512 quatenus
859 2480 939 2512 opus
963 2470 1012 2510 sit,
1033 2480 1112 2503 nova

462 2521 624 2552 concessio
649 2521 892 2562 iurisdictionis,
918 2524 1064 2566 gubernii
1081 2530 1112 2558 et

462 2571 597 2607 aliorum
613 2574 755 2612 eiusdem
775 2575 901 2620 collegii
925 2577 1110 2615 custodibus

974 175 1070 200 BULLA
1076 175 1151 200 RIUM
1176 174 1328 199 ROMANUM

1266 234 1297 262 et
1321 227 1587 272 gubernatoribus
1614 228 1914 264 archiconfraterni-

1267 281 1338 315 tatis
1354 281 1409 314 SS.
1430 280 1597 315 Salvatoris
1629 281 1668 314 ad
1700 280 1813 316 Sancta
1837 282 1915 316 San-

1265 339 1389 368 ctorum
1414 335 1499 368 iuxta
1521 334 1655 368 formam
1679 335 1914 379 praedictarum

1265 388 1540 430 constitutionum,
1571 387 1644 421 716.

1175 440 1305 475 CCCLX.
1335 441 1507 486 Abrogatio
1532 443 1639 476 statuti
1664 453 1721 486 per
1741 442 1915 487 capitulum

1262 496 1408 538 generale
1433 495 1566 529 militiae
1591 496 1624 529 S.
1649 495 1753 530 iacobi
1775 495 1814 529 de
1836 495 1914 539 Spa-

1261 549 1314 582 tha
1339 559 1421 582 anno
1439 560 1564 583 iunctm
1584 549 1657 583 faeti
1682 560 1776 593 super
1800 549 1915 593 proba-

1260 602 1346 635 tione
1370 602 1543 636 nobilitatis
1566 613 1709 643 avorum,
1736 607 1810 644 etc„
1838 601 1912 636 723.

1172 654 1320 689 CCCLXI.
1350 656 1526 697 Statutum,
1544 662 1579 690 ut
1603 656 1635 689 in
1655 655 1818 700 provincia
1833 656 1914 689 Por-

1259 709 1409 752 tugalliae
1435 709 1518 743 tertii
1544 709 1670 743 Ordinis
1696 708 1727 742 S.
1747 708 1911 742 Francisci

1259 761 1445 795 observetur
1469 762 1632 796 decretum
1661 761 1832 796 cardinalis
1855 760 1912 794 Ve-

1258 815 1326 847 ralli
1363 817 1554 860 protectoris
1592 815 1720 850 Ordinis
1755 815 1913 849 Minorum

1255 869 1395 903 eiusdem
1407 871 1506 904 sancti
1518 870 1676 903 Francisci
1691 870 1729 902 de
1738 869 1914 904 Observan-

1257 919 1312 963 tia,
1340 934 1404 967 quo
1430 930 1570 965 cavetur,
1594 929 1629 957 ut
1649 924 1825 958 sententiae
1849 923 1914 968 pri-

1255 975 1390 1009 vationis
1411 977 1495 1011 vocis
1520 977 1638 1010 activae
1656 982 1686 1011 et
1701 977 1856 1022 passivae,
1876 987 1911 1011 ac

1256 1028 1479 1071 inhabilitatis,
1501 1041 1518 1062 a
1542 1030 1758 1074 superioribus
1783 1029 1910 1065 Ordinis

1256 1081 1347 1122 latae,
1362 1093 1427 1116 non
1454 1083 1700 1128 promulgentur
1716 1083 1749 1117 in
1768 1084 1837 1127 ipso
1854 1084 1903 1118 ele

1257 1136 1370 1170 ctionis
1395 1142 1481 1177 actu,
1504 1143 1598 1180 atque
1624 1138 1669 1171 sic
1693 1138 1911 1182 promulgatae

1258 1190 1381 1223 vocales
1412 1189 1545 1224 minime
1576 1190 1739 1232 afficiant,
1766 1190 1827 1224 nisi
1854 1199 1912 1235 per

1257 1254 1400 1277 mensem
1415 1249 1488 1277 ante
1503 1244 1622 1278 fuerint
1639 1244 1814 1285 intimatae,
1833 1243 1908 1279 723.

1170 1295 1333 1330 CCCLXII.
1362 1297 1514 1331 Concedit
1545 1297 1696 1331 undecim
1729 1308 1909 1342 congrega-

1257 1349 1397 1383 tionibus
1431 1351 1636 1392 monasticis,
1662 1356 1697 1384 ut
1720 1351 1848 1394 capiant
1872 1351 1911 1385 ad

1257 1413 1412 1444 censum,
1444 1410 1498 1438 aut
1530 1404 1592 1438 alio
1625 1405 1712 1439 licito
1744 1410 1911 1440 contractu

1258 1457 1469 1501 quadraginta
1505 1458 1605 1492 millia
1639 1464 1728 1492 scuta
1763 1464 1910 1493 monetae

1255 1521 1312 1554 pro
1348 1511 1452 1555 prima
1483 1512 1642 1546 solutione
1677 1523 1731 1547 sex
1766 1512 1907 1546 decima-

1255 1575 1339 1605 rum,
1369 1565 1440 1598 7226.

1168 1617 1344 1653 CCCLXIII.
1374 1617 1580 1652 Confirmatio
1605 1619 1790 1653 concordati
1807 1619 1841 1653 in
1858 1630 1909 1654 ca-

1255 1671 1357 1715 pitulo
1371 1671 1512 1715 generali
1526 1671 1655 1705 Ordinis
1669 1673 1826 1706 Minorum
1840 1683 1910 1706 san-

1256 1725 1296 1758 cti
1322 1725 1482 1759 Francisci
1507 1725 1581 1758 sacti
1606 1726 1687 1759 circa
1717 1726 1908 1760 electionem

1256 1779 1433 1813 definitoris
1461 1779 1635 1822 generalis,
1662 1778 1749 1823 quod
1776 1779 1828 1812 hic
1855 1789 1908 1812 as-

1255 1838 1399 1865 sumatur
1417 1831 1597 1865 alternatim
1613 1843 1650 1865 ex
1666 1831 1839 1875 provinciis
1851 1832 1908 1866 Re-

1254 1885 1461 1918 collectorum
1486 1884 1575 1928 regni
1601 1885 1731 1927 Galliae,
1760 1884 1834 1918 734.

1166 1938 1336 1973 CCCLXIV.
1347 1939 1493 1972 Diversae
1508 1938 1725 1972 ordinationes
1741 1939 1826 1972 circa
1840 1949 1908 1972 ma-

1252 1992 1367 2035 gistros
1391 1990 1606 2035 privilegiatos
1630 1991 1811 2035 provinciae
1836 2002 1907 2025 san-

1253 2044 1293 2078 cti
1318 2044 1476 2078 Guillelmi
1507 2043 1660 2078 Franciae
1687 2044 1813 2078 Ordinis
1838 2055 1907 2078 ere-

1253 2098 1403 2131 mitarum
1429 2098 1459 2131 S.
1485 2097 1665 2141 Augustini,
1693 2097 1766 2131 733.

1165 2150 1323 2185 CCCLXV.
1351 2151 1497 2184 Diversae
1523 2151 1740 2185 ordinationes
1757 2152 1790 2184 in
1806 2161 1905 2196 nego-

1252 2204 1295 2237 tio
1320 2205 1491 2238 decanatus
1515 2204 1780 2248 metropolitanae
1805 2204 1905 2240 eccle—

1251 2257 1315 2290 siae
1340 2257 1536 2299 Bisnntinae,
1564 2257 1637 2291 7:35.

1163 2310 1338 2345 CCCLXVI.
1374 2311 1536 2344 Innovatio
1574 2310 1835 2345 constitutionum
1872 2317 1905 2345 et

1251 2364 1451 2397 decretorum
1486 2364 1519 2396 in
1553 2366 1693 2399 favorem
1726 2365 1904 2399 sententiae

1250 2418 1422 2450 asserentis
1463 2417 1601 2450 animam
1639 2417 1749 2452 heatae
1787 2417 1903 2452 Mariae

1250 2469 1387 2513 Virginis
1411 2470 1444 2503 in
1469 2470 1516 2503 sui
1535 2470 1697 2505 creatione
1722 2477 1753 2505 et
1777 2471 1810 2504 in
1833 2481 1902 2504 eor-

1249 2534 1309 2567 pus
1344 2523 1504 2557 infusione
1541 2535 1557 2557 a
1593 2530 1723 2568 peccato
1756 2522 1902 2568 originali

1248 2582 1479 2618 praeservatam
1501 2577 1600 2615 fuisse
1625 2577 1805 2619 editorum,
1824 2575 1898 2612 739.
