2185 3188
46 206 97 233 An.
115 206 142 232 C.
162 205 228 233 1655

73 373 165 399 Dei-egat
181 378 229 393 con·

47 400 123 421 trariis.

839 200 1026 225 ALEXANntin
1051 201 1094 223 x'tt
1121 199 1168 222 ΓΡ.

243 251 356 285 sticum
380 250 579 295 apponendo,
600 255 639 291 et,
657 254 810 294 quatenus
828 259 906 292 opus
935 248 984 288 sit,

243 304 418 339 invocando
443 304 593 337 auxilium
617 303 740 336 brachii
765 301 924 335 secularis.

289 359 304 402 g
329 357 379 391 18.
405 359 473 391 Non
501 357 697 391 obstantibus
723 355 925 400 praemissis,
951 365 986 388 ae

244 411 313 456 piae
338 412 510 445 memoriae
529 410 677 444 Bonisacii
695 410 795 453 Papae
816 409 880 442 Vlll
900 419 987 453 prae-

246 464 420 497 decessoris
450 464 568 508 pariter
598 463 697 496 nostri
726 462 764 495 de
788 463 872 502 una,
897 466 927 494 et
956 461 986 494 in

247 517 379 551 coneilio
404 517 543 561 generali
568 517 649 550 edita
671 516 708 549 de
733 515 854 548 duabus
878 515 986 555 dietis,

246 570 419 604 dummodo
436 571 517 603 ultra
536 575 600 603 tres
620 569 717 602 dietas
742 568 854 612 aliquis
881 568 987 611 vigore
1003 590 1005 595 >

246 624 459 668 praesentium
490 623 529 656 ad
560 622 708 655 iudicium
733 632 796 654 non
825 621 987 661 trahatur,

247 687 370 711 necnon
405 675 622 710 Lateranensis
658 674 781 708 concilii
818 674 1006 707 novissime*

248 731 395 764 celebrati
430 720 469 763 de
504 735 590 763 certo
615 729 810 762 notariorum
835 738 987 767 numero,

249 784 369 817 etiamsi
394 783 433 816 ad
458 784 544 816 illum
571 783 711 816 nondum
733 782 898 814 deventum
926 781 989 813 sue-

247 838 306 880 rit,
331 837 380 871 cui
405 848 462 882 per
486 838 546 870 hoc
570 837 645 870 alias
669 837 824 879 derogare
848 846 911 868 non
936 835 986 867 in-

249 892 421 934 tendimus,
447 902 482 925 ac
507 891 544 924 de
569 901 721 924 consensu
746 889 934 934 praestando
959 889 989 921 in

248 946 463 991 pensionibus,
482 951 511 978 et
536 945 698 989 quibusvis
723 944 790 976 aliis
816 943 907 976 etiam
933 953 990 986 per

248 1009 307 1033 nos
330 1005 360 1032 et
384 999 495 1032 Sedem
520 998 711 1042 praedictam
733 996 822 1030 editis
840 1002 870 1029 et
887 996 917 1028 in
935 1007 990 1039 po-

250 1058 368 1087 sterum
401 1053 529 1086 edendis
561 1051 766 1085 cancellariae
799 1050 990 1094 apostolicae

249 1107 390 1150 regulis,
413 1117 449 1140 ac
478 1107 557 1151 stylo
589 1106 619 1138 in
653 1104 808 1138 similibus
841 1104 992 1136 haetenus

251 1161 428 1200 observato,
453 1170 489 1192 ac
514 1158 699 1192 recolendae
725 1157 895 1190 memoriae
920 1156 990 1189 Ale-

251 1213 361 1246 xandri
380 1214 480 1257 Papae
498 1213 535 1245 Vl
553 1213 645 1244 etiam
666 1209 918 1255 praedecessoris
936 1220 991 1241 no-

253 1267 308 1300 stri
334 1267 456 1299 tertiam
482 1271 604 1310 partem
630 1265 785 1297 bonorum
809 1262 993 1295 ecclesiasti-

254 1330 362 1353 corum
393 1329 535 1352 camerae
566 1318 745 1362 praedictae
777 1316 884 1348 deberi
914 1316 993 1347 inter

255 1374 314 1406 alia
338 1373 532 1416 disponente,
557 1381 680 1404 necnon
704 1370 842 1403 eiusdem
869 1370 992 1402 Bonisa-

257 1427 296 1459 cii
321 1427 396 1466 Vlll,
420 1436 476 1469 per
501 1436 592 1469 quam
627 1424 844 1457 concessiones
875 1424 994 1456 fructus

257 1481 289 1513 in
314 1480 454 1513 absentia
477 1478 670 1522 percipiendi
695 1478 760 1510 sine
778 1478 995 1521 praefinitione

258 1533 410 1576 temporis
435 1533 502 1565 fieri
528 1532 753 1575 prohibentur,
777 1541 812 1562 ac
836 1531 904 1573 piae
929 1541 995 1562 me-

257 1587 376 1619 moriae
400 1586 445 1619 Pii
472 1586 571 1629 Papae
597 1586 632 1617 lv
661 1584 912 1628 praedecessoris
940 1594 995 1627 pa-

257 1639 334 1671 riter
354 1638 453 1671 nostri
475 1638 512 1670 de
532 1638 652 1680 gratiis,
674 1638 901 1680 qualecumque
920 1637 995 1669 inte-

257 1703 343 1725 resse
360 1703 503 1725 camerae
521 1691 710 1734 apostolieae
726 1691 997 1731 concernentibus,

257 1746 288 1778 in
316 1746 398 1778 dieta
431 1747 555 1778 camera
586 1747 668 1776 intra
692 1748 812 1777 eertum
848 1749 920 1775 tunc
945 1755 997 1776 ex-

257 1810 400 1844 pressum
433 1804 555 1842 tempus
587 1797 822 1841 praesentandis
854 1801 883 1830 et
916 1798 997 1839 regi-

257 1853 410 1893 strandis,
435 1853 476 1886 ita
501 1852 584 1896 quod
613 1856 793 1896 praesentes
824 1852 855 1884 in
888 1852 996 1884 eadem

258 1909 382 1941 camera
400 1907 485 1939 nullo
506 1916 642 1949 unquam
666 1911 807 1949 tempore
829 1906 998 1948 registrare

259 1961 446 1999 teneamini,
471 1971 506 1992 ac
531 1960 641 1992 similis
666 1959 851 1992 recolendae
880 1970 999 1991 memo-

258 2015 322 2047 riae
358 2014 474 2047 Urbani
511 2014 610 2057 Papae
646 2013 710 2046 Vlll
747 2013 999 2056 praedecessoris

258 2068 356 2101 nostri
381 2067 419 2099 de
444 2067 646 2111 pensionibus
670 2066 745 2098 alias
765 2067 923 2098 translatis
943 2066 999 2098 ite-

259 2133 330 2154 rum
366 2131 428 2154 non
463 2120 706 2159 transferendis,
742 2130 777 2152 ac
816 2120 1000 2163 quorumvis

259 2175 392 2208 aliorum
419 2175 631 2207 Romanorum
662 2174 847 2207 Pontificum
874 2173 1001 2217 praede-

261 2239 421 2261 cessorum
458 2231 638 2261 nostrorum
672 2233 702 2260 et
735 2227 897 2270 quibusvis
932 2227 1000 2259 aliis

260 2280 448 2325 apostolicis,
465 2291 500 2313 ac
525 2280 555 2312 in
580 2280 809 2312 universalibus
829 2280 1001 2323 provincia-

260 2335 405 2378 libusque
435 2339 464 2365 et
495 2333 693 2378 synodalibus
722 2333 861 2366 conciliis
893 2333 1000 2374 editis,

261 2387 459 2431 generalibus
484 2387 530 2420 vel
556 2387 753 2431 specialibus,
775 2387 999 2421 constitutioni-

262 2441 321 2474 bus
345 2446 374 2473 et
398 2440 657 2481 ordinationibus,
675 2451 796 2474 necnon
822 2442 953 2483 legibus,
970 2452 1001 2474 e-

262 2495 336 2527 tiam
364 2494 580 2537 imperialibus
605 2498 634 2527 et
659 2495 912 2538 municipalibus,
939 2500 999 2527 tam

263 2547 374 2587 Urbis,
399 2557 492 2591 quam
519 2547 649 2579 aliarum
671 2547 828 2581 civitatum
855 2553 884 2580 et
909 2549 997 2581 loco-

263 2611 355 2642 rum,
389 2601 418 2633 in
451 2601 566 2645 quibus
598 2600 679 2634 cives
713 2601 875 2645 originarii
905 2603 1000 2636 creati

1685 199 1727 217 ἐκ)

1018 247 1158 287 existitis,
1177 251 1206 279 et
1222 246 1404 290 quarumvis
1418 244 1633 286 ecclesiarum,
1653 255 1758 277 mona-

1018 301 1198 340 steriorum,
1223 299 1373 333 Ordinum
1399 304 1428 331 et
1453 299 1616 342 hospitalis
1640 297 1760 341 praedi-

1019 358 1163 394 ctorum,
1189 363 1311 386 necnon
1336 353 1520 396 quorumvis
1552 351 1759 392 collegiorum

1019 412 1049 439 et
1080 406 1258 440 officiorum
1289 406 1389 438 dictae
1418 406 1544 445 euriae,
1571 415 1759 447 regnorum,

1019 460 1266 504 provinciarum,
1290 465 1320 492 et
1345 459 1447 499 Urbis,
1472 470 1508 491 ae
1532 459 1664 491 aliarum
1691 458 1761 491 civi-

1020 518 1118 548 tatum
1143 519 1173 547 et
1197 514 1352 553 locorum,
1370 523 1405 545 ae
1423 523 1566 545 camerae
1592 512 1762 556 praedicto-

1020 579 1101 609 rum,
1120 568 1212 601 etiam
1232 568 1419 604 iuramento,
1437 567 1675 599 confirmatione
1691 576 1763 608 apo-

1021 622 1144 662 stolica,
1163 621 1211 653 vel
1228 621 1288 652 alia
1306 621 1414 663 quavis
1432 621 1579 652 lirmitate
1597 619 1763 659 roboratis,

1021 674 1142 708 statutis
1166 679 1196 706 et
1220 673 1509 714 consuetmlinibus,
1535 671 1763 711 stabilimentis,

1022 727 1129 760 usibus
1150 732 1179 759 et
1196 727 1317 759 naturis
1336 726 1471 764 (etiamsi
1497 726 1534 758 de
1560 725 1620 757 illis
1641 735 1765 757 servan-

1022 781 1078 821 dis,
1096 786 1126 813 et
1145 790 1207 813 non
1232 779 1437 823 impetrandis
1457 779 1569 812 litteris
1585 777 1765 821 apostolicis

1022 840 1132 867 contra
1160 844 1217 873 ea,
1242 843 1300 865 nec
1328 833 1421 865 etiam
1450 833 1488 864 ab
1516 832 1578 864 alio
1615 831 1661 863 vel
1697 831 1766 863 aliis

1023 887 1198 931 impetratis
1234 892 1287 919 aut
1315 887 1390 918 alias
1418 885 1657 929 quomodolibet
1692 894 1766 917 con-

1023 940 1118 974 cessis
1140 940 1266 981 utendo,
1285 950 1339 972 vos
1364 950 1422 983 per
1440 949 1494 971 vos
1518 939 1565 970 vel
1586 943 1768 981 procurato-

1024 1005 1073 1027 res
1094 999 1213 1028 vestros
1238 994 1455 1038 praestiteritis
1481 994 1585 1026 l'orsan
1618 993 1768 1025 haetenus

1025 1049 1071 1080 vel
1098 1059 1151 1081 vos
1176 1048 1207 1080 in
1232 1053 1392 1091 posterum
1418 1053 1579 1090 praestare
1601 1045 1769 1088 contigerit

1024 1103 1262 1145 iuramentum),
1291 1101 1465 1145 privilegiis
1487 1111 1624 1144 quoque,
1643 1099 1769 1132 indultis

1025 1163 1054 1189 et
1079 1157 1191 1188 litteris
1217 1156 1409 1199 apostolicis,
1431 1155 1521 1187 dictis
1536 1154 1686 1195 ecclesiis,
1706 1164 1771 1186 mo—

1026 1210 1185 1249 nasteriis,
1210 1208 1380 1242 Ordinibus
1401 1215 1431 1240 et
1448 1206 1674 1251 hospitalibus¹,
1701 1207 1769 1239 illo-

1026 1275 1095 1296 rum
1120 1263 1329 1307 praesulibus,
1355 1273 1410 1294 seu
1435 1261 1616 1294 oratoribus
1634 1266 1663 1293 et
1681 1271 1771 1304 supe-

1028 1317 1165 1350 rioribus
1181 1345 1188 1357 ,
1217 1327 1252 1349 ac
1285 1315 1466 1358 magistris,
1490 1315 1769 1359 praeceptoribus,

1027 1371 1197 1414 prioribus,
1222 1370 1385 1408 militibus,
1403 1370 1496 1401 etiam
1522 1369 1666 1408 antianis,
1687 1368 1770 1412 eapi-

1029 1425 1108 1465 tulis,
1123 1423 1338 1463 conventibus,
1352 1423 1530 1455 civitatibus
1545 1427 1574 1454 et
1592 1422 1679 1460 loeis,
1694 1422 1773 1454 aliis-

1029 1490 1089 1522 que
1119 1477 1288 1522 praedictis
1322 1477 1449 1509 illorum
1482 1475 1772 1515 communitatilnis,

1031 1531 1307 1570 universitatibus,
1339 1531 1471 1573 aliisque
1496 1529 1649 1573 personis,
1676 1529 1769 1562 etiam

1030 1585 1285 1629 particularilms,
1310 1594 1433 1616 necnon
1458 1583 1716 1626 archiepiscopis,
1743 1593 1772 1615 e-

1033 1639 1169 1682 piscopis
1194 1644 1224 1670 et
1248 1638 1316 1670 aliis
1341 1637 1525 1678 Ordinariis,
1541 1637 1634 1668 etiam
1662 1637 1773 1669 iisdem

1031 1693 1252 1733 cardinalibus,
1278 1702 1313 1723 ac
1331 1691 1431 1723 dictae
1448 1690 1554 1723 curiae
1573 1690 1772 1732 officialibus,

1033 1747 1222 1789 illorumque
1236 1745 1388 1787 collegiis,
1406 1755 1441 1777 ac
1459 1744 1551 1776 etiam
1568 1744 1773 1784 decimarum,

1032 1800 1249 1843 pedagiorum,
1276 1798 1469 1841 gabellarmn
1496 1802 1526 1830 et
1551 1808 1682 1830 onerum
1705 1808 1774 1830 exa-

1032 1853 1172 1886 ctoribus
1198 1858 1226 1884 et
1252 1851 1512 1895 appaltatoribus,
1538 1856 1567 1883 et
1587 1851 1720 1883 aliorum
1740 1862 1773 1885 o-

1032 1917 1142 1939 nerum
1163 1904 1428 1948 redemptoribus,
1446 1905 1502 1937 sub
1524 1904 1774 1948 quibuscumque

1033 1960 1194 1993 tenoribus
1223 1964 1249 1991 ct
1284 1959 1416 1998 formis,
1448 1969 1483 1991 ac
1517 1970 1587 1991 eum
1614 1959 1774 2002 quibusvis

1033 2014 1124 2046 etiam
1151 2012 1424 2055 dcrogatoriarum
1451 2012 1669 2055 derogatoriis,
1695 2013 1775 2045 aliis-

1032 2078 1092 2112 que
1119 2067 1347 2100 efficacioribus
1365 2072 1393 2098 et
1412 2066 1544 2099 insolitis
1562 2067 1722 2107 clausulis,
1740 2077 1774 2099 ae

1034 2121 1229 2154 irritantibus
1255 2125 1283 2153 et
1308 2120 1376 2152 aliis
1409 2119 1564 2160 decretis,
1596 2131 1653 2164 per
1680 2131 1773 2164 quos-

1033 2183 1169 2217 cumque
1202 2174 1360 2206 Romanos
1393 2173 1560 2205 Pontifices
1591 2174 1774 2217 praedeces-

1034 2238 1121 2260 sores
1149 2232 1296 2267 nostros,
1321 2237 1357 2259 ac
1389 2226 1481 2259 etiam
1515 2237 1572 2259 nos
1604 2231 1633 2261 ct
1663 2227 1773 2260 Sedent

1034 2281 1238 2325 praedictam,
1263 2280 1355 2313 etiam
1382 2281 1652 2321 consistorialiter,
1678 2291 1711 2313 ae
1737 2281 1775 2313 de

1034 2335 1218 2368 eorumdem
1236 2334 1441 2367 cardinalium
1461 2335 1603 2375 consilio,
1615 2335 1707 2367 etiam
1720 2345 1775 2379 per

1034 2389 1162 2422 modum
1188 2388 1293 2421 statuti
1311 2393 1340 2421 et
1357 2388 1589 2421 constitutionis
1610 2393 1775 2433 perpetuo·

1035 2454 1116 2482 rum,
1134 2452 1169 2474 ac
1190 2447 1276 2474 motu
1297 2446 1326 2474 et
1343 2442 1470 2474 scicntia
1490 2441 1655 2482 similibus,
1673 2443 1775 2487 deque

1034 2495 1225 2540 apostolicae
1249 2495 1410 2538 potestatis
1435 2495 1640 2538 plenitudine,
1666 2497 1713 2529 vel
1738 2496 1775 2529 ad

1074 2612 1081 2638 l
1102 2611 1201 2639 Forsan
1217 2611 1361 2647 legendum
1378 2611 1517 2648 hospitali
1536 2614 1575 2647 (n.
1591 2612 1638 2647 T.).

1780 196 1819 220 tn,
1843 196 1858 218 Γ,
1892 196 1955 221 1’Ἷ5ῗι
