2243 3205
24 206 75 232 An.
90 202 119 230 C.
142 202 205 230 ¹661

94 422 208 452 Derogatio

29 451 187 472 contrariorum.

817 200 1004 226 ALEXANDER
1028 199 1072 224 vll
1096 200 1144 224 PP.

221 259 273 283 ras
293 253 323 284 et
346 259 464 294 poenas
489 250 571 294 ipsas
588 250 680 284 etiam
706 249 825 283 iteratis
846 249 965 282 vicibus

223 303 442 347 aggravando,
470 303 614 336 invocato
646 303 738 335 etiam
763 303 802 336 ad
833 303 914 345 hoc,
940 303 965 335 si

223 367 305 401 opus
330 356 432 399 fuerit,
458 356 574 390 auxilio
599 356 720 389 brachii
747 356 906 389 secularis.

268 410 284 454 ἓ
307 410 337 443 4.
363 410 431 443 Non
460 410 679 450 obstantibus,
705 410 810 454 quoad
842 409 967 452 singula

223 464 413 507 praemissa,
443 464 694 508 quibuscumque
729 463 880 507 oppositis
913 463 967 496 de-

224 516 498 550 terminationibus
523 527 575 550 seu
605 516 842 549 definitionibus
866 516 968 549 dietae

223 569 423 614 provinciae,
448 570 541 602 etiam
575 580 632 613 per
657 570 781 613 priores
806 569 968 612 generales

225 623 350 658 Ordinis
368 623 572 663 confirmatis,
590 633 625 656 ac
650 623 839 667 specialilius
856 622 969 655 litteris

225 682 256 710 et
280 677 434 711 mandatis
455 677 640 710 eorumdem
666 677 812 721 priorum
838 687 970 719 gencra-

225 730 302 763 lium
317 730 408 763 aliter
427 730 676 773 disponentibus,
693 740 815 763 necnon
836 740 969 772 congre-

226 783 361 827 gationis
377 783 592 827 praefatorum
607 783 813 816 cardinalium
825 782 969 821 decretis,

227 847 263 870 ac
274 837 373 870 felicis
387 836 615 870 recordationis
625 836 774 869 Bonis-acii
790 837 890 880 Papae
905 835 969 868 Vlll

226 890 480 936 praedecessoris
503 889 602 923 nostri
629 890 667 922 de
691 891 765 930 una,
785 900 821 922 ac
845 888 969 922 concilii

228 944 384 989 generalis
402 944 440 977 de
464 944 585 977 duabus
602 944 703 984 dietis,
723 942 896 976 dummodo
913 942 970 974 ali-

229 997 299 1042 quis
329 997 515 1031 auctoritate
547 997 762 1041 praesentium
792 996 875 1029 ultra
908 1001 971 1028 tres

229 1051 329 1084 dietas
353 1051 384 1084 in
409 1050 559 1084 iudicium
584 1060 648 1083 non
672 1050 826 1090 trahatur,
840 1050 971 1092 aliisque

231 1104 505 1138 constitutionibus
522 1108 552 1138 et
575 1103 827 1136 ordinationibus
846 1106 972 1146 aposto-

230 1159 308 1200 licis,
326 1168 459 1198 necnon,
476 1163 631 1201 quatenus
651 1168 732 1200 opus
752 1157 799 1197 sit,
817 1156 973 1200 praefato—

231 1223 302 1246 rum
327 1212 452 1246 Ordinis
477 1217 507 1244 et
531 1211 724 1255 provinciae,
749 1211 881 1253 aliisque
905 1209 973 1253 qui-

231 1265 360 1307 busvis,
386 1265 480 1298 etiam
511 1265 711 1305 iuramento,
736 1263 974 1297 confirmatione

231 1319 415 1365 apostolica,
433 1319 481 1352 vel
501 1319 610 1362 quavis
628 1318 777 1351 firmitate
798 1317 857 1350 alia
883 1317 975 1350 robo-

232 1374 320 1415 ratis,
339 1373 463 1407 statutis
491 1378 521 1406 et
541 1372 831 1412 consuetudinibus,
848 1371 974 1415 privile-

234 1428 294 1472 giis
311 1438 448 1471 quoque,
466 1426 594 1459 indultis
611 1431 641 1458 et
664 1426 779 1459 litteris
793 1424 976 1469 apostolicis

235 1482 267 1514 in
291 1480 484 1515 contrarium
502 1479 750 1524 praemissorum
777 1478 977 1522 quomodoli-

234 1535 287 1569 bet
317 1533 491 1574 concessis,
523 1533 717 1566 confirmatis
745 1537 775 1564 et
800 1531 976 1571 innovatis;

235 1588 351 1633 quibus
369 1587 516 1621 omnibus
541 1591 571 1618 et
588 1586 731 1629 singulis,
749 1585 874 1618 illorum
895 1590 979 1617 teno-

237 1652 288 1675 res
313 1640 533 1685 praesentibus
551 1651 608 1684 pro
628 1641 719 1684 plene
741 1644 769 1672 et
787 1639 979 1672 sufficienter

237 1695 394 1740 expressis
410 1705 446 1728 ac
470 1694 508 1727 de
529 1694 624 1727 verbo
649 1693 686 1726 ad
705 1693 837 1726 verbum
856 1693 979 1725 insertis

236 1749 407 1789 habentes,
433 1747 493 1780 illis
525 1748 600 1780 alias
625 1748 655 1780 in
679 1757 736 1780 suo
761 1747 877 1780 robore
902 1758 976 1790 per-

239 1802 407 1843 mansuris,
425 1802 463 1835 ad
474 1802 722 1846 praemissorum
741 1801 899 1841 effectum,
922 1800 980 1833 hac

238 1856 306 1890 vice
330 1856 500 1897 dumtaxat,
526 1855 704 1899 specialiter
722 1858 751 1888 et
768 1865 915 1898 expresse
932 1854 981 1887 dc-

239 1919 406 1952 1·0gamus;
432 1908 608 1952 ceterisque
641 1908 808 1942 contrariis
844 1907 980 1952 quibus-

240 1973 387 2006 cumque.

283 2016 394 2049 Datum
421 2016 549 2057 Romae,
573 2015 656 2059 apud
680 2015 709 2049 S.
735 2015 862 2047 Mariam
887 2014 982 2048 Maio-

240 2080 319 2111 rem,
333 2069 391 2102 sub
408 2070 523 2102 annulo
533 2069 710 2111 PiscatoriS,
723 2068 773 2102 die
785 2079 837 2102 xix
855 2079 982 2102 norem-

239 2123 306 2157 bris
330 2133 455 2165 MnchJ,
476 2123 676 2167 pontificatus
696 2123 795 2156 nostri
824 2133 906 2156 anno
929 2133 982 2156 v11.

277 2185 335 2213 Dat.
357 2185 400 2213 die
418 2186 448 2212 19
468 2185 626 2212 novembris
644 2185 720 2220 1661,
738 2184 833 2220 pontif.
851 2193 920 2212 anno
936 2191 982 2211 vlt.

538 2320 689 2354 CCCLXV.

244 2392 397 2426 Diversae
421 2392 643 2426 ordinationes
675 2392 709 2425 in
740 2393 866 2436 neyotio
894 2392 985 2425 deca-

289 2450 387 2479 natus
411 2446 681 2489 metropolitanae
699 2446 847 2479 ecclesiae
870 2446 988 2479 Bisan-

292 2499 381 2532 tinae
393 2497 412 2531 ¹.

285 2615 295 2641 1
318 2613 354 2641 Ex
375 2613 481 2650 Regcst.
503 2614 528 2640 in
548 2614 649 2641 Seni-et.
672 2614 749 2642 Brev.

1001 2522 1005 2581 l

1193 248 1362 275 Alexander
1381 248 1461 281 Papa
1480 247 1543 280 vu,

1141 294 1177 319 ad
1192 292 1326 319 futuram
1345 292 1390 320 rei
1410 292 1591 320 memoriam.

1044 354 1183 388 Iustitiae
1207 354 1302 398 exigit
1326 355 1406 388 ratio
1428 358 1460 388 ut
1487 355 1645 387 Romanus
1665 354 1741 386 Pon-

1000 408 1084 449 tifex,
1098 408 1257 441 Ecclesiae
1271 408 1456 441 universalis
1473 408 1619 451 regimini
1637 407 1742 440 divina

1000 461 1199 506 providentia
1231 462 1440 505 praepositus,
1465 461 1505 495 ita
1530 472 1562 494 se
1586 461 1743 505 praemio-

1001 526 1072 548 rum
1098 525 1132 548 ac
1156 525 1331 559 poenarum
1357 514 1481 547 fidelem
1507 515 1656 558 praebeat
1680 513 1743 546 dis-

1001 568 1229 615 pensatorem¹,
1252 574 1294 610 ut,
1313 580 1392 613 quos
1415 569 1546 613 propria
1567 569 1681 601 virtute
1709 579 1745 601 ac

1003 623 1124 656 meritis
1155 623 1268 666 dignos
1299 628 1329 655 et
1360 622 1558 666 Apostolicae
1590 622 1660 655 Sedi
1692 622 1746 665 (ut

1003 687 1060 720 par
1085 676 1144 720 est)
1170 675 1352 709 obedientes
1380 675 1557 718 agnoverit,
1583 674 1691 717 gratiis
1716 679 1747 707 et

1003 730 1162 763 favoribus
1187 734 1411 773 prosequatur,
1436 739 1489 761 eos
1514 734 1618 761 autem
1634 755 1641 769 ,
1667 739 1745 771 quos

1003 784 1116 816 animis
1148 784 1351 827 moribusque
1377 783 1555 827 depravatis
1584 788 1746 816 contuma-

1004 848 1055 871 ces
1072 848 1107 871 ac
1122 837 1363 881 inobsequentes
1392 837 1562 880 experitur,
1584 836 1665 868 iusta
1685 836 1747 868 ani-

1005 890 1222 923 madversione
1254 891 1407 923 coerceat.
1437 890 1481 922 lta
1505 888 1587 921 enim
1613 888 1666 922 fiet
1688 892 1745 928 ut,

1006 944 1173 977 virtutibus
1198 954 1233 977 ac
1257 943 1358 976 vitiis‘2
1378 944 1518 986 congrua
1537 942 1748 975 retributione

1005 997 1169 1038 distinctis,
1188 1002 1218 1029 et
1238 997 1308 1029 illae
1332 996 1506 1040 plurimum
1528 996 1702 1028 excitentur
1719 997 1749 1028 et

1006 1051 1083 1083 haec
1114 1050 1214 1083 valide
1249 1055 1512 1094 compescantur,
1548 1054 1641 1093 atque
1677 1048 1749 1081 inde

1007 1110 1112 1148 optata
1143 1104 1354 1148 tranquillitas
1386 1109 1416 1136 et
1447 1113 1508 1147 pax
1542 1102 1573 1135 in
1608 1101 1749 1135 muneris

1006 1158 1172 1202 pastoralis
1189 1158 1373 1191 executione
1391 1157 1429 1189 ad
1448 1157 1675 1201 omnipotentis
1695 1155 1749 1189 Dei

1007 1212 1141 1255 gloriam
1167 1217 1410 1254 consequantur.

1053 1267 1067 1309 ἓ
1092 1266 1121 1298 sl.
1142 1266 1313 1309 Siquidem,
1332 1276 1402 1298 cum
1422 1265 1496 1298 alias
1512 1275 1579 1305 nos,
1598 1263 1750 1297 ecclesiae

1008 1319 1189 1352 BisuutInae
1221 1319 1497 1362 archiepiscopum
1531 1323 1560 1350 ct
1591 1323 1751 1361 pastorem

1010 1373 1161 1415 eligentes
1182 1383 1218 1404 ac
1232 1372 1451 1416 praeficientes
1469 1371 1677 1403 venerabilem
1696 1370 1753 1402 sra-

1010 1432 1090 1459 trem
1115 1426 1261 1458 Ioannem
1281 1425 1427 1458 Iacobum
1453 1424 1577 1457 Fauche
1598 1424 1635 1456 dc
1659 1424 1754 1456 Dom-

1011 1479 1100 1523 pred,
1122 1479 1290 1511 decanatus
1316 1478 1450 1522 primam
1478 1478 1593 1510 ibidem
1624 1477 1755 1520 dignita-

1013 1539 1073 1565 tem
1099 1538 1169 1576 post
1194 1532 1406 1576 pontificalem
1433 1532 1623 1575 apostolicae
1652 1530 1755 1574 provi-

1013 1586 1091 1619 sioni
1117 1586 1271 1627 affectam,
1290 1596 1382 1629 quam
1410 1585 1460 1617 ille
1485 1590 1558 1617 tunc
1583 1584 1754 1624 obtinebat,

1013 1640 1104 1673 nobis
1122 1640 1300 1683 specialiter
1316 1639 1409 1672 etiam
1428 1638 1705 1678 reservaverimus,
1719 1648 1755 1670 ac

1015 1693 1204 1737 praedictam
1232 1692 1477 1725 reservationem
1503 1691 1642 1734 capitulo
1663 1696 1692 1723 ct
1709 1701 1756 1723 ca-

1014 1746 1128 1779 nonico
1153 1745 1293 1778 eiusdem
1327 1745 1476 1777 ecclcsiae
1501 1744 1617 1777 nostris
1642 1744 1755 1776 litteris

1015 1801 1045 1833 in
1064 1801 1165 1833 forma
1186 1799 1291 1832 Brevis
1320 1799 1400 1831 datis
1432 1799 1490 1831 sub
1516 1799 1632 1831 annulo
1658 1798 1757 1830 Pisca-

1015 1854 1129 1888 eatoris
1154 1854 1204 1887 die
1230 1863 1305 1886 xxV1
1331 1852 1480 1886 februarii
1502 1853 1596 1885 huius
1621 1851 1693 1884 anni
1714 1851 1756 1884 in-

1015 1909 1185 1949 sinuantes,
1210 1907 1336 1940 eosdem
1359 1906 1585 1947 monuerimus,
1603 1911 1634 1938 ut
1654 1915 1758 1949 perso-

1015 1973 1070 1995 nas
1095 1961 1212 2005 optime
1239 1960 1376 2001 meritas,
1402 1971 1438 1992 ac
1462 1959 1590 1992 servitio
1615 1959 1680 1999 Dei,
1705 1970 1757 1992 ec-

1016 2015 1193 2058 clesiaeque
1218 2014 1365 2057 aptiores,
1382 2013 1471 2045 nobIs
1496 2023 1552 2045 suo
1577 2011 1758 2045 testiinonio

1017 2069 1205 2113 quamcitius
1230 2068 1393 2109 referrent,
1419 2065 1571 2110 quarum¹
1598 2066 1688 2098 unica
1712 2066 1759 2098 di-

1017 2123 1118 2165 gnitas
1144 2121 1241 2165 probe
1266 2120 1403 2153 conterri
1430 2125 1552 2163 posset,
1578 2125 1671 2163 prout
1691 2130 1758 2161 nos,

1017 2176 1103 2210 omni
1129 2186 1336 2219 personarum
1362 2174 1543 2217 acceptioue
1568 2174 1760 2217 postposita,

1019 2231 1188 2263 collaturos
1202 2229 1464 2267 asseveravimus,
1483 2228 1542 2260 illis
1561 2228 1677 2260 interea
1694 2238 1761 2270 spe-

1019 2284 1139 2317 cialiter
1165 2283 1342 2315 inhibentes
1367 2292 1405 2314 ne
1430 2281 1505 2324 quid
1531 2281 1614 2314 eirca
1641 2280 1760 2313 dictum

1020 2338 1202 2371 decanatum
1229 2341 1282 2369 aut
1304 2335 1410 2368 decani
1430 2335 1614 2367 electionem
1632 2337 1763 2376 agerent

1021 2391 1066 2423 vel
1093 2394 1298 2431 attentarent,
1324 2389 1550 2431 cuiuscumque
1580 2391 1761 2431 praetensae

1058 2482 1067 2507 1
1091 2480 1158 2506 Male
1178 2479 1242 2505 edit.
1265 2479 1344 2505 lllain.
1366 2478 1430 2513 legit
1448 2477 1692 2512 dispensationem
1714 2486 1763 2513 pro

1020 2526 1248 2559 dispensatorem
1270 2528 1305 2557 (n.
1325 2524 1372 2557 T.).

1055 2570 1071 2596 2
1093 2568 1190 2595 Eadem
1207 2568 1271 2594 edit.
1289 2568 1354 2603 legit
1368 2568 1431 2595 vicit
1447 2576 1494 2602 pro
1510 2569 1588 2596 viliis
1604 2575 1642 2601 tn.
1659 2572 1708 2601 Τ.).

1055 2614 1071 2640 3
1091 2612 1156 2640 lleic
1176 2612 1252 2640 deest
1272 2620 1319 2640 vox
1342 2612 1393 2639 ιιηί
1413 2615 1449 2648 (a.
1466 2613 1514 2647 T.).

1645 187 1708 221 735
1754 196 1803 223 An.
1820 196 1848 223 c.
1871 195 1935 222 1661

1783 366 1925 386 Prooemium.

1792 1274 1870 1293 {tiatira
1887 1273 1949 1293 huius

1767 1300 1933 1321 Constitutiouis.
