2243 3205
41 164 91 192 An.
110 163 139 191 C.
158 162 225 190 ¹659

185 412 187 414 Ι
236 379 401 402 causarum
422 369 527 413 palatii
560 369 724 413 apostolici
756 368 925 409 auditores,
943 378 995 401 ac

36 1078 144 1101 Contraria
155 1080 216 1100 tollit.

836 158 1020 183 ALEXANDER
1046 158 1091 182 vn
1115 159 1163 182 PP.

236 214 342 253 tegros
366 207 495 242 effectus
519 209 626 243 sortiri
650 212 680 243 et
696 208 850 248 obtinere,
871 207 977 251 sIcque

236 266 266 297 et
288 273 352 296 non
377 262 468 296 aliter
485 262 516 295 in
537 262 719 307 praemissis
736 272 794 306 per
811 272 978 306 quoscum-

235 326 296 360 que
313 316 431 349 iudices
452 316 631 349 ordinarios
648 320 678 349 et
694 316 864 359 delegatos,
884 315 976 347 etiam

235 423 375 456 eiusdem
390 423 418 456 S.
433 423 467 456 R.
485 423 518 456 E.
541 422 752 456 camerarium
773 426 802 455 et
820 422 897 455 alios
915 432 978 454 car-

234 476 365 517 dinales,
394 476 487 509 etiam
513 476 551 509 dc
575 477 673 509 latere
702 477 831 519 legatos,
856 485 978 509 necnon

234 530 415 575 praedictae
449 540 592 564 camerae
628 535 753 563 nostrae
788 529 978 574 apostolicae

234 583 450 628 praesidentes
483 583 615 617 clericos
648 588 678 616 et
710 583 787 616 alios
823 583 978 627 quoslibet

235 637 383 671 officiales
408 642 438 670 et
464 637 623 670 ministros
646 646 845 680 quacumque
868 641 977 669 aucto-

233 691 325 725 ritate
349 696 380 724 et
403 694 556 735 potestate
573 690 737 733 fungentes
755 694 785 724 et
804 690 977 729 suncturos‚

234 744 356 778 sublata
373 744 418 778 eis
438 749 468 777 et
488 755 599 778 eorum
617 744 745 777 cuilibet
762 744 870 788 quavis
888 744 978 777 aliter

233 798 392 831 iudicandi
410 803 440 831 et
464 797 691 841 interpretandi
713 798 859 831 facultate
876 801 907 832 et
923 808 977 830 au-

233 850 387 893 ctoritate,
416 851 550 884 iudicari
576 855 605 884 et
629 850 754 883 definiri
780 851 917 891 debere,
942 861 977 884 ac

232 905 356 939 irritum
386 908 416 939 et
448 905 562 945 inane,
587 904 612 937 si
645 915 734 938 secus
763 915 858 948 super
887 905 936 938 his
961 915 977 938 a

233 969 409 1002 quoquam,
426 958 535 1002 quavis
560 958 756 998 auctoritate,
775 957 908 991 scienter
929 959 977 991 vel

233 1012 427 1056 ignoranter,
452 1011 621 1055 contigerit
644 1011 799 1045 attentari.

277 1067 292 1110 ἓ
321 1067 350 1100 6.
382 1067 451 1100 Non
483 1065 679 1099 obstantibus
708 1065 901 1109 praemissis,
930 1076 975 1108 ac,

232 1125 386 1164 quatenus
410 1129 489 1164 opus
514 1119 563 1161 sit,
588 1119 697 1152 nostra
715 1124 745 1151 et
769 1119 976 1152 concellariae

232 1170 421 1218 apostolicae
454 1173 563 1216 regula
592 1172 630 1205 de
655 1182 719 1205 non
748 1172 886 1206 tollendo
907 1173 975 1205 iure

231 1227 373 1272 quaesito
387 1254 395 1268 ,
415 1231 445 1260 et
468 1227 566 1260 felicis
589 1226 820 1260 recordationis
845 1226 890 1259 Pii
919 1227 974 1259 Pa-

230 1292 288 1326 pae
317 1282 354 1315 IV
378 1281 630 1326 praedecessoris
657 1280 757 1314 nostri
793 1280 831 1313 de
865 1280 975 1323 gratiis

230 1335 460 1380 qualecumque
496 1335 647 1368 interesse
682 1334 783 1367 dictae
828 1344 973 1367 camerae

231 1389 492 1424 concernentibus
524 1389 555 1421 in
586 1388 696 1421 eadem
732 1389 859 1421 camera
893 1388 974 1420 intra

231 1449 353 1478 certum
375 1447 447 1477 tunc
471 1453 655 1487 expressum
682 1447 805 1486 tempus
828 1452 974 1485 praesen-

231 1498 343 1540 tandis,
358 1497 429 1531 etin
452 1497 534 1530 illius
548 1496 638 1530 libris
661 1495 876 1539 registrandis,
897 1495 974 1528 itaut

230 1556 412 1597 praesentes
449 1550 564 1583 ibidem
596 1549 790 1593 praesentari
827 1554 856 1581 et
890 1549 973 1592 regi-

230 1605 324 1639 strari
347 1614 510 1648 nunquam
529 1613 657 1637 necesse
681 1603 730 1643 sit,
751 1602 883 1646 aliisque
903 1613 974 1636 con-

231 1659 444 1693 stitutionibus
476 1663 506 1691 et
540 1657 792 1692 ordinationibus
817 1657 969 1701 apostoli-

231 1713 285 1755 cis,
305 1712 428 1756 legibus
453 1721 588 1756 quoque,
615 1711 706 1744 etiam
732 1710 972 1754 imperialibus,

230 1777 353 1800 necnon
375 1766 570 1810 principatus
587 1764 755 1798 Messerani
772 1769 802 1797 et
819 1763 974 1797 marchio-

229 1824 321 1854 natus
345 1819 524 1864 Crepacorii
548 1818 805 1863 praedictorum,
837 1828 874 1851 ac
906 1817 973 1850 aliis

231 1874 415 1918 quibusvis,
440 1873 533 1906 etiam
569 1873 767 1912 iuramento,
799 1871 970 1905 confirma-

231 1928 316 1962 tione
339 1927 521 1972 apostolica,
543 1926 592 1959 vel
617 1925 726 1970 quavis
742 1926 891 1959 firmitate
914 1925 974 1958 alia

231 1982 396 2023 roboratis,
422 1980 554 2023 statutis,
579 1980 708 2021 usibus,
733 1980 819 2024 stylis
844 1984 874 2012 et
898 1990 973 2013 con-

230 2035 458 2077 suetudinibus,
473 2035 565 2068 etiam
585 2033 900 2074 immemorabilibus,
913 2033 974 2078 pri-

230 2089 352 2132 vilegiis
376 2098 502 2132 quoque
517 2115 524 2128 ,
548 2087 676 2121 indultis
705 2092 734 2120 ct
759 2087 870 2120 litteris
896 2098 973 2131 apo-

230 2143 358 2185 stolicis,
379 2142 436 2175 sub
461 2142 712 2186 quibuscumque
737 2141 906 2175 verborum
932 2147 975 2174 te-

230 2196 361 2230 noribus
379 2201 408 2229 et
424 2196 545 2242 formis,
562 2206 597 2228 ac
614 2206 684 2228 cum
702 2195 863 2239 quibusvis
880 2195 972 2228 etiam

230 2250 504 2293 derogatoriarum
531 2249 751 2292 derogatoriis,
776 2249 907 2292 aliisque
933 2249 972 2281 ef-

230 2303 432 2348 ficacioribus
457 2308 486 2335 et
512 2302 645 2336 insolitis
670 2302 827 2342 clausulis,
845 2312 881 2334 ac
906 2302 974 2334 irri-

231 2356 367 2390 tantibus
392 2361 422 2389 et
446 2356 514 2389 aliis
548 2355 702 2397 decretis,
725 2355 755 2387 in
785 2365 901 2398 genere
926 2355 971 2387 vel

230 2410 261 2443 in
286 2410 401 2454 specie,
428 2421 463 2443 ac
488 2410 563 2442 alias
589 2410 619 2442 in
651 2409 844 2443 contrarium
876 2419 969 2452 prae-

230 2464 399 2497 missorum
424 2463 662 2508 quomodolibet
691 2463 868 2503 concessis,
897 2473 971 2496 con-

229 2518 363 2550 firmatis
388 2523 417 2550 et
448 2517 625 2557 innovatis;
645 2517 759 2560 quibus
780 2517 927 2550 omnibus
944 2522 990 2549 et*

231 2571 381 2615 singulis,
411 2571 531 2604 etiamsi
558 2582 615 2614 pro
649 2571 774 2603 illorum
807 2570 972 2605 sufficienti

311 2633 389 2662 Bull.
411 2634 494 2662 Rom.
517 2648 550 2653 -
575 2633 632 2662 Vol.
653 2632 729 2661 XVI.
875 2634 909 2661 59

1011 206 1216 250 derogatione
1233 207 1271 241 de
1299 208 1359 242 illis
1377 218 1552 253 eorumque
1576 208 1648 242 totis
1668 213 1757 242 teno-

1011 260 1099 293 ribus
1119 260 1272 304 specialis,
1298 262 1455 305 specifica,
1470 273 1618 306 expressa
1635 267 1664 296 et
1682 262 1759 295 indi-

1012 313 1114 355 vidua,
1131 324 1167 347 ac
1181 314 1218 346 de
1236 315 1332 348 verbo
1353 316 1389 348 ad
1410 316 1552 357 verbum,
1570 327 1633 350 non
1650 322 1754 350 autem

1012 377 1069 410 per
1086 367 1240 400 clausulas
1258 369 1420 410 generales
1436 369 1517 401 idem
1539 370 1757 413 importantes‚

1012 420 1130 453 mentio
1147 431 1201 453 seu
1215 422 1343 464 quaevis
1360 422 1419 454 alia
1437 423 1597 466 expressio
1615 423 1758 456 habenda

1012 479 1064 506 aut
1089 474 1193 517 aliqua
1217 474 1277 507 alia
1311 476 1463 519 exquisita
1496 477 1595 509 forma
1627 477 1664 509 ad
1697 477 1758 510 hoc

1013 528 1165 561 servanda
1189 528 1285 570 foret,
1317 529 1444 561 illorum
1471 535 1615 573 tenoreS,
1641 531 1758 564 formas

1013 586 1043 614 et
1067 580 1249 614 occasiones
1274 583 1497 625 praesentibus
1528 594 1586 626 pro
1611 584 1703 627 plene
1728 589 1758 617 et

1013 634 1204 668 sufficienter
1229 636 1398 679 expressis,
1420 637 1552 669 servatis
1577 642 1606 669 et
1631 637 1757 670 insertis

1013 688 1185 732 respective
1211 688 1373 731 habentes,
1395 690 1455 722 illis
1480 691 1554 723 alias
1574 690 1604 722 in
1629 701 1685 724 suo
1710 702 1758 725 ro-

1012 741 1090 775 bore
1120 743 1345 786 permansuris,
1371 743 1408 775 ad
1434 744 1680 787 praemissorum
1708 745 1754 778 es-

1012 795 1138 836 sectum,
1163 796 1222 829 hac
1248 796 1313 829 viee
1337 797 1509 837 dumtaxat,
1530 797 1708 841 specialiter
1728 803 1758 830 et

1012 860 1159 893 expresse
1176 850 1384 893 derogamus,
1399 851 1574 894 ceterisque
1592 851 1758 884 contrariis

1012 903 1274 948 quibuscumque.

1055 957 1166 990 Datum
1192 957 1223 989 in
1247 958 1326 990 Arce
1362 957 1538 1002 Gandulpbi
1573 957 1757 991 Albanensis

1011 1010 1174 1051 dioecesis,
1199 1010 1256 1043 sub
1281 1012 1397 1044 annulo
1414 1011 1600 1052 Piscatoris,
1626 1011 1675 1044 die
1701 1021 1757 1044 vm

1011 1064 1084 1097 maii
1105 1074 1231 1105 MDCLix,
1251 1065 1453 1109 pontificatus
1480 1065 1579 1098 nostri
1602 1075 1683 1099 anno
1704 1076 1733 1098 v.

1047 1127 1106 1155 Dat.
1123 1127 1165 1155 die
1184 1128 1198 1155 8
1215 1128 1277 1155 maii
1296 1128 1372 1161 1659,
1395 1128 1493 1163 pontis.
1516 1136 1586 1156 anno
1602 1136 1628 1155 v.

1313 1299 1446 1333 CCXLII.

1010 1389 1186 1432 Confirmat
1210 1393 1333 1422 statuta
1358 1389 1445 1422 edita
1469 1390 1506 1422 in
1530 1390 1676 1433 capitulo
1701 1401 1754 1434 qe-

1052 1444 1160 1477 merati
1181 1444 1332 1477 Toletano
1354 1455 1416 1488 pro
1431 1444 1603 1488 provincia
1620 1445 1651 1478 S.
1677 1445 1755 1478 Tho-

1052 1508 1123 1530 mae
1147 1497 1287 1542 apostoli
1303 1498 1339 1530 in
1356 1497 1457 1530 India
1478 1496 1644 1531 Orientali
1663 1497 1755 1532 Ordi-

1051 1550 1102 1583 πίε
1126 1551 1271 1594 fratrum
1295 1551 1463 1583 asinorum
1487 1551 1593 1583 sancti
1616 1551 1754 1584 Franci-

1051 1604 1097 1638 δεῖ
1120 1603 1157 1637 (Ie
1183 1603 1397 1638 observantia
1420 1609 1697 1648 nuncupatorum.

1202 1694 1369 1721 Alexander
1394 1695 1472 1728 Papa
1492 1695 1555 1726 Vll,

1154 1739 1191 1766 ad
1210 1739 1344 1766 futuram
1363 1740 1409 1767 rei
1423 1740 1604 1767 memoriam.

1052 1818 1210 1852 Militantis
1235 1819 1393 1852 Ecclesiae
1422 1819 1568 1863 regimini
1593 1830 1650 1864 per
1675 1820 1752 1854 ines-

1009 1872 1135 1906 fabilem
1167 1872 1291 1905 divinae
1326 1873 1474 1907 bonitatis
1504 1873 1751 1915 abundantiam,
1776 1915 1779 1916 7

1008 1927 1095 1960 nullo
1120 1926 1193 1960 licet
1218 1927 1405 1960 meritorum
1434 1932 1617 1961 nostrorum
1644 1928 1752 1961 suffra-

1009 1980 1071 2023 gio,
1097 1980 1282 2024 praepositi,
1300 1980 1361 2021 illa,
1386 1991 1466 2024 quae
1488 1992 1547 2024 pro
1572 1981 1653 2014 felici
1672 1982 1753 2014 cbri-

1009 2034 1190 2067 stifidelium
1209 2034 1266 2067 sub
1283 2034 1369 2067 suavi
1388 2034 1552 2078 religionis
1570 2034 1644 2078 iugo
1662 2036 1752 2068 Altis-

1009 2088 1078 2121 simi
1103 2088 1263 2132 obsequiis
1294 2089 1546 2132 mancipatorum
1578 2089 1752 2123 directione

1008 2142 1139 2186 provide
1163 2142 1332 2175 constituta
1357 2153 1424 2175 esse
1453 2143 1693 2186 dignoscuntur,
1720 2144 1752 2176 li-

1009 2196 1136 2238 benter,
1163 2206 1234 2228 cum
1259 2206 1276 2228 a
1300 2196 1391 2229 nobis
1416 2197 1551 2240 petitur,
1577 2197 1751 2240 apostolico

1009 2248 1182 2282 munimine
1209 2249 1410 2290 roboramus,
1436 2255 1466 2282 et
1493 2250 1567 2282 alias
1596 2260 1751 2293 prospero

1008 2303 1191 2336 eorumdem
1221 2303 1472 2336 christifidelium
1503 2303 1650 2346 regimini
1675 2314 1749 2337 con-

1007 2356 1095 2399 gruis
1133 2356 1309 2390 rationibus
1352 2356 1520 2400 providere
1565 2356 1727 2389 studemus
1743 2385 1750 2398 ‚

1007 2415 1101 2454 prout
1126 2411 1157 2442 in
1181 2410 1314 2444 Domino
1343 2411 1557 2454 conspicimus
1582 2410 1751 2445 salubriter

1007 2463 1167 2507 expedire.

1662 149 1728 185 465
1776 158 1826 186 An.
1842 158 1870 186 c.
1894 159 1962 188 1659

1795 1829 1936 1852 Prooemium.

1052 2518 1066 2559 ξ
1095 2517 1120 2549 l.
1147 2516 1268 2560 Exponi
1294 2516 1448 2560 siquidem
1474 2516 1564 2549 nobis
1587 2526 1691 2560 nuper
1712 2516 1750 2550 se·
1792 2524 1951 2549 Exposnmsra·

1765 2552 1817 2570 trum
1846 2550 1950 2571 Minoi-um

1007 2575 1114 2604 cerunt
1144 2571 1248 2603 dilecti
1283 2571 1337 2602 tilii
1372 2570 1514 2603 minister
1546 2570 1749 2614 provincialis
1765 2576 1949 2598 deotmot-vanua.
