2185 3188
82 185 130 212 An.
147 183 177 209 C.
198 183 267 210 1656

882 178 1066 203 ALEXANDER
1088 179 1132 202 VH
1152 179 1200 202 PP.

280 239 333 262 sae
357 228 538 273 capitularis
556 228 657 262 dictae
675 227 824 262 ecclesiae
850 226 1020 260 seminario

281 282 511 325 Salisburgensi
533 282 758 326 applicatarum
786 281 926 322 defectu,
952 290 1023 312 ncc-

281 345 343 369 non
369 335 627 378 gravaminibus,
653 335 683 367 in
708 334 822 378 quibus
847 333 939 366 iidem
965 343 1019 366 ea-

283 388 386 423 nonici
412 399 470 432 pro
495 388 676 422 defensione
701 388 817 421 iurium
843 386 1018 430 archiepis»

282 442 440 486 copalium
458 443 608 476 ecclesiae
633 441 814 475 huiusmodi
833 450 1023 474 concurrere

282 496 392 536 solent,
408 501 529 529 mature
547 495 762 535 consideratis,
777 505 813 528 ac
831 493 1024 527 inhaerendo

282 549 443 583 destinatis
474 550 512 583 ab
544 550 610 583 eius
634 548 877 593 praedecessore
901 547 1020 580 arcliie-

282 603 414 646 piscopo
447 603 540 636 etiam
578 601 810 645 Salisburgensi
855 612 936 644 quae
973 600 1043 632 ille=

283 662 384 690 morte
409 660 597 700 praeventus
622 655 796 689 executioni
833 654 1025 688 demandare

282 719 344 743 non
369 710 483 753 potuit)
504 720 601 742 unum
627 709 785 742 redditum
812 719 949 742 annuum
972 720 1025 741 sex

283 763 416 795 millium
435 763 630 796 florenorum
650 767 793 795 monetae
815 761 938 794 illarum
957 772 1026 805 par-

284 816 371 857 tium,
396 816 434 848 ad
460 814 601 849 mensas¹
622 826 676 858 seu
695 825 852 848 cameram
871 815 1026 858 archiepi-

282 869 441 913 scopalem
455 872 647 902 memoratae
661 869 810 901 ecclesiae
821 873 1026 912 spectantem,

282 922 430 966 praefatis
455 922 614 956 canonicis
635 927 664 955 et
690 922 839 966 capitulo,
865 932 919 954 seu
944 932 1027 954 men-

284 987 336 1009 sae
361 976 527 1020 capitulari
553 976 703 1008 eeclesiae
734 975 913 1019 praedictae
947 986 1023 1018 per-

284 1035 379 1073 petuo
404 1029 584 1072 assignavit,
604 1020 646 1062 'co
672 1029 804 1062 consilio
824 1034 858 1062 ut
884 1029 1026 1062 tenuitati

284 1083 463 1116 reddituum
490 1083 740 1127 praebendarum
759 1082 860 1116 dictae
878 1083 1028 1115 ecclesiae

285 1136 467 1170 consulatur
491 1141 520 1168 ct
544 1146 696 1168 numerus
720 1136 924 1169 residentium
946 1136 1028 1179 apud

285 1190 427 1222 eamdem
453 1190 616 1223 ecclesiam
643 1190 867 1223 canonicorum
894 1200 964 1222 cum
983 1190 1029 1221 di-

238 1249 247 1254 ‘
285 1243 347 1276 vini
373 1244 476 1277 cultus
500 1244 695 1277 incremento
716 1249 878 1286 augeatur.

330 1297 345 1340 ξ
364 1297 393 1329 2.
412 1297 487 1331 Cum
513 1302 628 1336 autem,
647 1297 727 1329 sicut
748 1297 857 1329 eadem
876 1296 1029 1340 expositio

195 1344 199 1353 ⁴
215 1342 219 1354 ¹
235 1341 270 1377 *‘.¹.
287 1350 506 1394 subiungebat,
520 1350 622 1383 dictus
647 1350 861 1383 tluidobaldus
878 1350 1030 1393 arebicpi-

253 1395 271 1434 ιἰἶ
288 1415 411 1448 scopus,
426 1405 548 1437 tametsi
574 1404 679 1436 credat
705 1404 949 1446 assignationem
977 1404 1031 1436 bu-

224 1448 234 1460 „
258 1451 265 1456 ,

290 1458 423 1491 iusmodi
456 1458 549 1491 etiam
583 1458 613 1490 in
643 1458 870 1501 praeiudicium
902 1457 967 1489 cius
999 1458 1030 1489 in

289 1511 450 1554 praedicta
465 1511 597 1545 ecclesia
615 1522 833 1544 successorum
849 1511 1030 1550 subsistere,

291 1565 374 1597 illam
399 1565 604 1598 nihilominus
630 1576 688 1608 pro
714 1564 847 1597 firmiori
874 1564 957 1597 illius
984 1575 1031 1596 va-

290 1618 408 1651 liditate
433 1619 622 1662 apostolicae
640 1617 889 1651 confirmationis
905 1623 1031 1650 nostrae

290 1672 405 1705 robore
431 1672 620 1705 communiri
642 1682 845 1715 summopere
863 1671 1030 1704 desideret:

290 1735 357 1767 nos,
378 1725 465 1768 pium
492 1725 630 1758 eiusdem
657 1725 843 1758 Guidobaldi
862 1724 1032 1768 archiepis-

291 1779 360 1822 copi
379 1790 436 1822 pio
450 1779 545 1812 divini
564 1780 665 1812 cultus
685 1785 856 1822 augrmjeulo
873 1778 1032 1819 affectum,

291 1843 384 1876 quem
418 1833 449 1865 in
480 1833 662 1877 praemissis
694 1833 892 1867 laudabiliter
921 1838 1028 1865 osten<

291 1887 346 1927 dit,
364 1887 536 1931 plurimum
558 1887 589 1919 in
614 1886 746 1919 Domino
765 1886 1031 1927 commendantes,

292 1940 457 1984 ipsumque
490 1940 721 1973 Guidobaldum
757 1940 1031 1983 archiepiscopum

292 2003 414 2027 necnon
439 1992 611 2037 capitulum
639 1999 667 2025 et
689 1993 856 2026 canonicos
876 1994 1033 2036 praefatos

293 2046 482 2090 specialibus
508 2046 667 2079 favoribus
692 2052 722 2078 ct
746 2046 855 2089 gratiis
885 2046 1032 2089 prosequi

294 2100 444 2139 volentes,
463 2105 491 2131 et
516 2110 626 2132 eorum
647 2099 821 2142 singulares
847 2109 998 2142 personas
1017 2109 1034 2131 a

294 2153 456 2197 quibusvis
481 2154 822 2194 excommuaicationis,
848 2153 1031 2197 suspensio-

295 2207 342 2240 nis
378 2212 408 2239 et
442 2207 620 2247 interdicti,
651 2207 781 2250 aliisque
817 2207 1034 2240 ecclesiasticis

295 2260 470 2300 sententiis,
495 2260 636 2293 censuris
661 2265 690 2293 ct
715 2260 838 2304 poenis,
860 2272 876 2292 a
895 2261 961 2292 iure
988 2260 1033 2292 rel

295 2313 334 2346 ab
360 2313 506 2354 bomine,
535 2314 643 2357 quavis
671 2314 835 2347 occasione
869 2314 915 2346 rel
941 2314 1034 2346 eausa

296 2366 380 2407 latis,
410 2367 433 2399 si
463 2367 577 2410 ‹ptibus
602 2367 839 2410 quomodolibet
868 2367 1034 2400 innodatae

297 2420 442 2460 existunt,
468 2420 505 2452 ad
531 2420 675 2453 ell'cctum
709 2420 920 2464 praesentium
947 2420 1035 2452 duui-

1700 169 1759 201 171

1056 231 1162 259 ventes
1191 233 1219 258 et
1251 226 1408 260 absolutas
1433 227 1498 260 sore
1524 231 1707 266 censentes,
1729 236 1798 270 sup-

1058 279 1278 323 plicationibus
1308 280 1382 313 dicti
1414 279 1601 313 Guidobaldi
1629 279 1799 323 archiepis-

1057 333 1126 376 copi
1152 333 1279 366 nomine
1308 333 1398 366 nobis
1431 344 1526 378 super
1551 334 1611 367 hoc
1637 332 1798 366 humiliter

1058 386 1212 429 porrectis
1238 386 1388 426 inclinati,
1406 387 1649 430 assignationem
1675 385 1798 430 praefa-

1058 443 1161 473 torum
1177 449 1229 472 sex
1249 440 1381 471 millium
1397 440 1589 473 florenorum
1605 440 1642 472 ad
1660 440 1799 473 savorem

1059 493 1282 526 canonicorum
1310 498 1339 526 et
1364 493 1490 536 capituli
1517 503 1571 526 seu
1597 503 1723 526 mensae
1754 503 1801 525 ca-

1059 546 1202 590 pitularis
1219 545 1399 579 huiusmodi
1419 546 1541 587 factam,
1562 550 1594 580 ut
1614 547 1800 591 praefertur,

1060 602 1094 632 ea
1121 605 1225 632 tamen
1251 600 1330 642 lege,
1353 605 1386 632 ut
1411 599 1574 643 quidquid,
1599 604 1631 634 ut
1650 600 1801 643 praemit-

1061 654 1146 694 titur,
1163 654 1356 697 assignatum
1378 659 1433 695 est,
1459 653 1489 686 in
1514 659 1719 696 augmentum
1737 654 1800 687 dis-

1061 707 1267 740 tributionum
1287 707 1542 750 quotidianarum
1561 718 1617 750 per
1634 707 1802 740 canonicos

1061 761 1211 794 ecclesiae
1240 761 1418 804 praedictae
1446 760 1598 793 lucrifieri
1620 761 1801 794 solitarum'

1061 814 1160 854 cedat,
1175 825 1232 847 nec
1246 814 1300 847 ulli
1322 814 1462 847 canonici
1484 814 1623 847 eiusdem
1643 815 1803 854 ecclesiae,

1061 868 1119 901 nisi
1145 868 1170 900 si
1196 869 1247 911 qui
1284 867 1397 900 divinis
1422 867 1533 901 officiis
1558 868 1589 900 in
1615 867 1667 900 illa
1693 868 1804 900 intere-

1063 927 1144 959 runt,
1162 921 1274 954 exinde
1294 921 1466 965 quidquam
1482 921 1668 964 percipiant,
1683 925 1804 964 aposto-

1063 975 1121 1007 lica
1139 975 1335 1017 auctoritate,
1357 980 1465 1007 tenore
1485 974 1711 1018 praesentium,
1730 985 1804 1007 con-

1062 1029 1226 1061 firmamus
1251 1034 1281 1061 et
1305 1028 1536 1072 approbamus,
1560 1028 1685 1072 illisque
1711 1028 1806 1062 invio-

1062 1081 1165 1114 labilis
1189 1082 1383 1126 apostolicae
1407 1082 1565 1114 firmitatis
1595 1081 1696 1115 robur
1721 1082 1802 1114 adii-

1063 1135 1173 1175 cimus,
1189 1145 1225 1168 ae
1243 1145 1353 1168 omnes
1377 1141 1407 1168 et
1432 1135 1573 1177 singulos
1588 1135 1665 1167 iuris
1682 1141 1711 1167 ct
1736 1135 1806 1168 sacti

1063 1189 1213 1231 desectus,
1231 1189 1254 1221 si
1273 1189 1326 1232 qui
1352 1188 1488 1232 desuper
1505 1188 1744 1232 quomodolibet
1765 1189 1808 1220 in-

1065 1243 1266 1283 tervenerint,
1293 1243 1486 1286 supplemus.

1108 1296 1164 1339 §3
1178 1297 1387 1329 Decernentes
1399 1301 1578 1339 praesentes
1595 1296 1715 1328 litteras
1729 1306 1808 1328 sem-

1066 1362 1121 1394 per
1143 1352 1261 1391 firmas,
1280 1350 1397 1383 validas
1415 1356 1443 1383 et
1458 1350 1600 1383 efficaces
1625 1350 1758 1383 existere
1779 1356 1809 1382 et

1065 1405 1141 1446 fore,
1160 1415 1195 1438 ac
1210 1404 1271 1437 illis
1285 1404 1322 1436 ad
1333 1414 1412 1447 quos
1430 1409 1546 1447 spectat
1561 1409 1587 1436 et
1600 1409 1807 1447 protempore

1064 1457 1218 1500 spectabit
1242 1457 1422 1500 plenissime
1448 1457 1625 1499 suffragari,
1640 1462 1667 1489 et
1687 1456 1725 1488 ab
1748 1457 1808 1489 illis

1066 1511 1290 1543 inviolabiliter
1315 1511 1495 1551 observari,
1521 1511 1627 1554 sieque
1656 1511 1685 1542 in
1711 1521 1805 1553 prae-

1067 1563 1169 1596 missis
1187 1574 1244 1607 per
1261 1574 1477 1607 quoscumque
1497 1563 1613 1596 iudices
1631 1563 1809 1596 ordinarios

1065 1622 1095 1649 ct
1119 1617 1290 1660 delegatos,
1312 1618 1404 1650 etiam
1431 1627 1595 1649 cansarum
1615 1617 1719 1660 palatii
1738 1627 1809 1659 apo<

1066 1670 1166 1703 stoliei
1200 1671 1370 1713 auditores,
1401 1671 1531 1703 iudicari
1558 1676 1585 1703 ct
1608 1670 1731 1703 definiri
1752 1670 1807 1703 dc-

1067 1723 1151 1764 bere,
1169 1734 1204 1756 ac
1230 1724 1355 1756 irritum
1377 1730 1406 1757 ct
1430 1724 1530 1763 inane,
1552 1724 1575 1755 si
1602 1734 1692 1756 secus
1711 1734 1806 1767 super

1068 1777 1115 1808 liis
1137 1787 1153 1808 a
1174 1788 1345 1820 quoquam,
1363 1777 1473 1820 quavis
1490 1777 1687 1815 auctoritate,
1713 1777 1810 1809 scien-

1068 1836 1114 1862 ter
1140 1830 1185 1863 x‘cl
1213 1831 1406 1873 ignoranter,
1420 1830 1587 1873 contigerit
1608 1830 1763 1864 attentari.

1112 1883 1169 1926 {le
1184 1884 1252 1916 Non
1266 1884 1474 1923 obstantibus,
1488 1889 1644 1927 quatenus
1662 1895 1741 1928 opus
1759 1885 1807 1925 sit,

1068 1937 1165 1969 felicis
1191 1937 1419 1971 recordationis
1451 1938 1535 1971 l‘auli
1563 1938 1586 1970 ll
1619 1944 1649 1971 et
1673 1938 1807 1971 aliorum

1069 1992 1282 2024 Romanorui‘n
1309 1991 1496 2024 Pontificum
1528 1992 1808 2035 praedeeessortuu

1069 2051 1251 2078 nostrorum
1267 2045 1304 2077 de
1320 2045 1414 2078 rebus
1435 2045 1640 2078 ecclesiarum]
1656 2055 1718 2079 non
1739 2046 1810 2078 alic-

1069 2099 1187 2140 naudis,
1209 2109 1245 2131 ac
1262 2100 1369 2132 nostra
1391 2103 1420 2132 et
1438 2099 1641 2132 cancellariae
1667 2100 1811 2143 apostoli-

1069 2163 1122 2185 cae
1140 2152 1250 2195 regula
1271 2151 1307 2185 de
1324 2152 1570 2195 applicationum
1587 2158 1810 2196 perpetuarum

1069 2205 1361 2238 confirmationibus
1380 2205 1614 2238 committemus
1632 2205 1669 2237 ad
1695 2211 1809 2248 partes,

1069 2258 1185 2292 vocatis
1199 2269 1335 2302 quorum
1351 2258 1488 2300 interest7
1504 2264 1529 2291 et
1550 2258 1587 2291 de
1604 2258 1809 2301 exprimendo

1069 2312 1099 2344 in
1124 2311 1185 2344 illis
1210 2322 1284 2345 vero
1310 2312 1424 2353 valore,
1450 2312 1581 2355 aliisque
1607 2311 1806 2345 constitutio-

1069 2365 1161 2398 nibus
1183 2369 1212 2398 et
1235 2364 1486 2398 ordinationibus
1507 2365 1697 2407 apostolicis,
1716 2365 1808 2398 etiam

1069 2418 1308 2459 couciliaribus⁷
1335 2429 1456 2451 necnon
1485 2418 1682 2462 supradictae
1716 2419 1812 2451 cccle-

298 2479 379 2506 taxat
397 2474 662 2519 consequendum,
685 2474 796 2506 barum
826 2475 905 2506 serie.
926 2474 1027 2507 absol·
1070 2472 1142 2512 siae,
1160 2472 1252 2503 ctiam
1271 2471 1464 2510 iuramento,
1486 2471 1724 2504 confirmatione
1741 2482 1812 2515 apo-

336 2592 344 2617 l
365 2589 471 2617 Videtur
488 2588 630 2624 legendum
649 2598 774 2616 inensam
791 2593 827 2620 (R.
846 2596 893 2625 ]’.,,

1107 2545 1115 2569 l
1135 2542 1255 2569 Absurde
1281 2542 1345 2568 edit.
1368 2542 1449 2569 Maia.
1472 2542 1536 2577 legit
1555 2543 1741 2571 sollicitatam
1764 2551 1810 2578 pro

1068 2590 1221 2616 solitarum
1241 2594 1265 2623 ιΙ(
1292 2588 1338 2622 Τ.).

1812 177 1860 204 An.
1878 176 1906 203 C.
1928 177 1997 205 1656

1851 1306 1963 1326 suci-etum
1982 1312 2006 1325 tt*-

1824 1336 1894 1352 rimus(

1852 1890 1961 1912 Contraria
1977 1897 2007 1912 FO-

1825 1918 1884 1939 selu.
