2185 3188
25 183 74 210 An.
93 181 121 209 C.
137 181 206 208 1656

61 349 202 371 Soet-clarium

22 382 68 397 cuni
88 375 203 402 privnlcgdz
220 388 225 392 -

22 403 115 429 deputat.

47 1466 142 1496 Facuttas
168 1472 201 1487 se-

20 1496 111 1514 cretam.

813 178 999 202 ALEXANDER
1023 178 1067 202 vlt
1091 178 1138 202 PP.

219 228 288 261 fidis
313 231 342 261 et
372 226 573 270 diligentibus
603 227 679 260 viris
711 226 843 259 libenter
868 237 955 259 com-

219 281 380 314 mittimus.

263 335 277 378 ξ
302 334 331 366 sl.
357 334 399 367 De
425 336 476 367 tua
502 334 606 379 itaque
631 334 782 377 singulari
812 339 841 366 ct
866 332 955 366 nobis

219 398 279 419 iam
305 387 428 431 pridem
454 389 619 431 perspecta
655 387 715 419 tide
740 392 770 419 et
795 386 954 429 diligentia

218 440 387 484 plurimum
416 441 444 473 in
471 441 604 474 Domino
629 441 834 480 confidentes,
855 439 956 472 visita-

217 495 309 528 tionis
327 501 451 528 nostrae
477 495 676 539 apostolicae,
694 504 787 537 quam
809 493 973 526 omnibuss

217 549 316 581 almae
338 549 428 582 Urbis
457 549 586 592 eiusque
610 548 770 581 districtus
795 547 933 581 ccelesiis
948 575 973 588 ,,

217 602 424 645 monasteriis⁷
443 602 582 645 locisque
602 601 698 634 saeris
723 607 749 634 et
776 601 845 645 piis,
872 610 973 638 secu-,¹

217 655 335 688 laribus
360 661 390 688 et
410 656 622 698 regularibus,
643 655 852 698 universoque
870 655 955 687 clero

217 715 242 740 et
264 709 381 753 populo
399 719 531 742 romano
557 709 736 749 indiximus,
755 719 790 740 ar.
811 719 867 752 per
888 718 957 741 nos-

218 762 378 806 metipsos,
389 773 442 795 seu
457 763 624 795 nonnullos
639 762 832 795 venerabiles
844 762 956 795 fratres

217 820 341 849 nostros
361 816 389 849 S.
412 816 445 848 R.
465 809 497 848 E.
521 815 694 848 cardinales
711 815 748 848 ad
775 815 804 847 id
830 814 973 850 ceaulin-t

218 873 300 903 tores
317 880 333 902 a
350 869 440 903 nobis
458 875 644 913 assumptos,
664 870 725 902 Deo
743 869 846 911 dante,
868 869 955 902 obire

217 922 416 965 intendimus,
444 928 472 956 te
497 923 700 957 secretarium
727 923 874 955 duximus
899 922 954 955 eli-

216 976 363 1019 gendum,
378 981 472 1020 prout
493 976 585 1009 etiam
608 987 664 1020 per
689 981 869 1020 praesentes
889 987 955 1008 mu-

215 1040 273 1062 nus
291 1030 449 1064 secretarii
477 1030 655 1063 huiusmodi
674 1041 744 1063 cum
763 1029 909 1063 omnibus
927 1026 973 1062 et?

215 1083 346 1126 singulis
371 1083 580 1124 facultatibus,
605 1083 853 1123 auctoritatibus,
868 1093 956 1126 prae-

215 1137 375 1180 rogativis,
399 1137 570 1181 privilegiis
592 1143 621 1170 et
639 1137 770 1179 iuribus,
796 1147 876 1180 quae
897 1136 955 1169 tale

215 1190 353 1224 officium
380 1191 531 1224 obtinenti
557 1196 586 1224 et
610 1191 767 1224 exercenti
785 1190 957 1234 quomodo-

215 1244 290 1277 libet
314 1250 493 1288 competere
518 1249 649 1288 possunt
673 1250 702 1277 et
726 1243 851 1285 debent,
868 1249 954 1276 motu

217 1298 346 1341 proprio
362 1298 414 1331 tibi
426 1299 652 1332 committimus
667 1304 696 1331 et
717 1297 954 1338 demandamus,

217 1357 307 1395 teque
332 1351 535 1385 secretarium
563 1351 746 1385 visitationis
776 1351 955 1395 praedictae

216 1415 370 1446 creamus,
396 1405 615 1439 constituimus
641 1409 669 1439 et
694 1405 891 1449 deputamus.

260 1458 275 1501 ἓ
300 1457 329 1491 02.
355 1459 467 1491 Dantes
488 1458 542 1490 tibi
563 1459 686 1502 plenam
713 1464 742 1491 et
767 1458 898 1491 liberam
917 1458 972 1490 sax-¹

217 1512 363 1546 cultatem
400 1512 538 1546 eiusdem
577 1513 761 1546 visitationis
804 1512 954 1552 decreta,

216 1570 338 1608 statuta,
364 1566 587 1607 ordinationes,
604 1566 757 1606 mandata,
775 1571 954 1610 praecepta,

217 1618 427 1661 inhibitiones,
445 1620 692 1660 informationes,
710 1620 888 1660 relationes,
906 1630 955 1653 or-

214 1672 317 1706 dinem
349 1678 379 1706 et
403 1673 516 1706 seriem
542 1673 721 1714 adnotandi,
746 1673 953 1715 describendi,

215 1733 245 1760 et
269 1727 299 1760 in
323 1727 456 1769 libellos,
481 1738 535 1761 seu
561 1728 816 1770 commentarios,
838 1727 901 1760 sire
926 1738 954 1760 e-

215 1781 288 1814 tiam
314 1781 344 1813 in
368 1781 493 1826 publica
513 1788 542 1815 et
567 1781 745 1815 authentica
766 1781 954 1814 documenta

216 1838 245 1869 et
255 1834 461 1868 instrumenta
472 1835 644 1879 redigendi,
657 1841 822 1878 ceteraque
839 1834 953 1875 omnia,

216 1888 338 1931 singula
366 1893 396 1922 et
423 1899 639 1933 quaecumque
668 1889 705 1921 ad
732 1888 813 1922 idem
839 1899 954 1922 munus

217 1942 386 1985 spectantia
411 1942 538 1986 gerendi
565 1948 595 1975 et
623 1942 808 1984 exercendi,
834 1942 953 1977 etiamsi

217 1999 322 2029 notam
340 2001 369 2029 et
386 1997 618 2041 expressionem
638 1997 837 2041 requirerent
856 1996 955 2039 magis

218 2049 402 2092 specialem,
427 2055 456 2083 et
480 2049 536 2083 sub
569 2051 707 2093 generali
732 2050 954 2084 commissione

218 2103 396 2136 huiusmodi
425 2114 487 2137 non
519 2104 667 2137 venirent.
694 2105 755 2138 Nos
786 2104 869 2137 enim
896 2115 973 2138 vo-=

218 2156 322 2190 tumus
339 2157 384 2197 iis,
396 2168 474 2201 quae
488 2168 504 2190 a
519 2163 547 2190 te
564 2158 601 2191 de
619 2159 714 2191 rebus
732 2159 762 2191 in
781 2159 955 2192 visitatione

218 2211 314 2252 gestis
342 2215 371 2245 ct
402 2211 551 2245 ordinatis
584 2212 658 2245 fient
685 2217 715 2258 et
746 2212 954 2254 emanabunt,

218 2264 413 2299 documentis
437 2270 467 2297 et
491 2266 655 2309 scripturis
681 2268 732 2299 tua
757 2277 851 2299 manu
869 2272 898 2300 et
918 2267 956 2300 si-

219 2328 279 2360 gno
312 2318 440 2351 munitis
472 2319 595 2361 plenam
628 2325 720 2363 atque
750 2319 954 2353 indubitatam

219 2371 312 2403 tidem
338 2382 418 2404 nunc
452 2376 481 2404 et
510 2372 670 2415 perpetuis
695 2372 807 2406 suturis
834 2376 954 2417 tempo-

219 2425 318 2466 ribus,
344 2431 405 2458 tam
433 2425 461 2458 in
487 2425 612 2466 iudicio,
637 2437 730 2469 quam
756 2432 843 2459 extra
869 2427 954 2469 illud,

220 2479 349 2512 omnino
376 2478 493 2520 baberi,
519 2490 619 2523 neque
644 2479 682 2512 ad
708 2479 736 2512 id
762 2479 955 2523 probationis

220 2531 346 2564 alterius
371 2532 595 2565 adminiculum
622 2533 748 2576 requiri.
782 2533 826 2566 Tu
859 2533 955 2576 igitur

222 2586 250 2617 in
276 2585 377 2618 delato
403 2586 456 2618 tibi
483 2597 611 2619 numere
639 2587 677 2618 ita
704 2592 732 2619 tc
757 2597 840 2629 gere,
863 2592 890 2619 ut
921 2587 953 2619 ti-

990 227 1104 259 demet
1128 225 1323 268 diligentiam
1343 236 1502 269 nunquam
1518 236 1533 259 a
1553 230 1581 258 te
1594 225 1729 258 defuisse

990 280 1151 312 laetemur.

1035 334 1143 366 Datum
1167 334 1297 373 Romae,
1312 334 1392 377 apud
1407 334 1435 366 S.
1453 334 1588 373 Petrum,
1603 333 1660 365 sub
1679 343 1730 364 an-

991 387 1064 419 nulo
1087 387 1261 427 Piscatoris,
1283 387 1331 419 dic
1358 397 1420 420 xxn
1452 387 1581 419 ianuarii
1602 396 1729 426 minervi,

990 441 1190 484 pontificatus
1215 441 1312 473 nostri
1339 452 1419 473 anno
1447 452 1464 473 1.

1026 504 1079 531 ital,
1100 505 1142 531 dic
1160 506 1192 530 ’.ΗΖ
1208 504 1324 532 ianuarii
1346 506 1420 535 tabu,
1439 505 1528 539 pontif
1554 514 1623 530 atino
1641 511 1656 530 t.

1294 648 1419 680 Lxxtt'.

991 729 1164 773 Depulalio
1188 729 1380 761 canceltarii
1411 740 1463 760 seu
1491 730 1635 761 actuarii
1660 740 1732 761 cmc<

1034 793 1145 814 surum
1172 793 1282 814 sacrae
1306 782 1502 814 visitationis
1527 782 1730 825 apostolieae.

1079 863 1191 890 Dilecto
1213 863 1274 889 filio
1295 863 1420 896 Iosepho
1441 863 1640 896 Patamouae,

1149 908 1323 941 presbytero
1344 907 1571 940 Policastrensi,

1186 960 1352 987 Alexander
1372 961 1449 993 Papa
1469 960 1530 987 vtt.

1263 1023 1377 1050 Dilecta
1399 1022 1457 1055 fili,

1025 1068 1155 1095 salutem
1177 1071 1207 1094 et
1228 1067 1425 1101 apostoticam
1444 1067 1693 1095 benedictionem.

1033 1139 1075 1171 De
1101 1139 1253 1181 singulari
1277 1140 1328 1171 tua
1351 1138 1411 1171 tide
1438 1145 1467 1171 et
1485 1139 1646 1182 diligentia
1665 1140 1730 1183 plu-

990 1193 1104 1225 rimum
1124 1192 1154 1224 in
1174 1192 1305 1225 Domino
1323 1191 1569 1232 contlde11tes‚te
1587 1193 1729 1226 omnium

990 1250 1019 1280 et
1043 1256 1315 1290 ‹piarumcumque
1348 1245 1449 1277 litium
1480 1251 1509 1278 et
1539 1256 1729 1287 causarum,

990 1304 1050 1331 tam
1067 1299 1317 1342 civilinm,quam
1332 1299 1552 1340 criminalium,
1567 1299 1731 1333 occasione

990 1353 1174 1386 visitationis
1199 1358 1325 1385 nostrae
1350 1352 1555 1395 apostolieae,
1581 1363 1674 1395 quam
1700 1353 1731 1385 in

989 1406 1136 1438 omnibus
1167 1405 1265 1438 almae
1300 1405 1390 1438 Urbis
1423 1411 1450 1438 et
1481 1405 1546 1438 eius
1571 1406 1730 1439 districtus

989 1459 1129 1492 ecclesiis
1147 1465 1174 1492 et
1194 1459 1403 1499 monasteriis,
1421 1459 1560 1503 locisque
1586 1460 1684 1493 sacris
1701 1466 1731 1493 et

989 1514 1059 1557 piis,
1087 1513 1287 1556 regularibus
1313 1519 1342 1545 et
1363 1513 1577 1553 secularibus,
1603 1514 1729 1547 univer—

989 1578 1086 1611 soque
1111 1568 1196 1600 clero
1212 1573 1241 1600 et
1265 1568 1382 1611 populo
1401 1578 1532 1600 romano
1552 1567 1729 1608 indiximus,

990 1626 1145 1655 motarum
1182 1627 1211 1653 ct
1247 1621 1276 1652 in
1307 1621 1447 1653 futurum
1482 1620 1728 1663 movendarum,

989 1685 1111 1708 necnon
1139 1674 1280 1707 ciusdem
1313 1674 1498 1707 visitationis
1528 1680 1668 1707 actorum
1695 1685 1731 1708 ac

988 1728 1188 1762 decretorum
1207 1737 1492 1771 (piorumcumque,
1508 1728 1730 1761 cancellarium

988 1787 1018 1814 et
1050 1781 1225 1814 actuarium
1263 1792 1335 1814 cum
1371 1780 1517 1814 omnibus
1537 1786 1565 1813 ct
1599 1781 1731 1823 singulis

989 1835 1187 1868 facultatibus
1218 1840 1247 1867 et
1272 1834 1533 1875 auctoritatilms,
1566 1845 1646 1878 quae
1672 1835 1731 1867 tale

989 1889 1127 1922 officium
1152 1888 1309 1921 exercenti
1336 1887 1575 1931 ‹piomodolibet
1601 1898 1730 1932 compe-

990 1948 1054 1975 tere
1075 1947 1207 1986 possunt
1232 1947 1261 1974 et
1281 1940 1404 1982 debent,
1426 1941 1596 1984 apostolica
1624 1946 1731 1975 aucto-

990 1996 1090 2038 ritate,
1110 1999 1216 2029 tenore
1242 1994 1466 2038 praesentium,
1487 2005 1642 2035 creamus,
1660 2005 1732 2028 cou-

990 2049 1147 2081 stituimus
1173 2052 1202 2082 et
1227 2048 1422 2091 deputamus.

1035 2104 1049 2146 g
1075 2102 1102 2135 2.
1129 2102 1241 2135 Dantes
1264 2101 1319 2135 tibi
1345 2102 1468 2145 plenam
1488 2107 1515 2134 et
1537 2101 1668 2134 liberam
1689 2100 1729 2134 sa⁴

991 2157 1137 2190 cultatem
1157 2166 1265 2189 omnes
1288 2161 1317 2187 et
1344 2155 1484 2197 singulos
1504 2160 1591 2187 actus
1617 2159 1645 2189 et
1675 2161 1731 2187 tcr-

993 2211 1092 2243 minos
1118 2220 1223 2243 coram
1259 2209 1415 2242 iudicibus
1441 2219 1475 2241 ac
1502 2209 1731 2241 venerabilibus

991 2264 1140 2298 fratribus
1165 2263 1281 2297 nostris
1305 2262 1334 2296 S.
1351 2263 1384 2295 P..
1400 2263 1432 2295 E.
1450 2262 1661 2295 cardinalibus
1679 2274 1730 2295 su·

992 2329 1048 2362 per
1068 2318 1175 2351 eadem
1200 2317 1373 2351 visitatione
1398 2328 1453 2360 p·:r
1480 2327 1536 2349 nos
1561 2316 1731 2360 assumptis

991 2375 1019 2404 et
1043 2371 1196 2414 deputatis
1222 2370 1375 2410 servandi,
1401 2381 1435 2403 ac
1461 2370 1586 2403 decreta
1611 2375 1640 2402 et
1665 2380 1732 2402 sen-

991 2426 1101 2459 tentias
1127 2436 1182 2468 per
1207 2435 1260 2458 eos
1285 2435 1342 2468 pro
1369 2430 1511 2468 tempore
1537 2423 1676 2457 sancienda
1702 2429 1731 2456 et

991 2479 1163 2523 respective
1196 2477 1441 2522 promulgandas
1473 2477 1664 2517 annotandi,
1696 2488 1731 2510 ac

989 2532 1205 2571 describendi,
1230 2536 1260 2564 et
1286 2531 1317 2563 in
1340 2530 1465 2574 publica
1498 2536 1528 2563 et
1551 2530 1731 2563 authentica

991 2588 1216 2626 instrumenta,
1249 2585 1272 2617 si
1299 2595 1377 2627 opus
1410 2584 1521 2625 fuerit,
1548 2583 1729 2626 redigendi,

1630 167 1692 200 ‘1‘17
1739 175 1788 202 An.
1808 175 1837 203 C.
1861 176 1927 203 t656

1772 1144 1929 1165 (lma-littidum

1745 1177 1779 1191 rr·
1798 1177 1800 1184 ¹
