2243 3205
262 236 300 261 Αη
328 235 347 258 C
377 235 442 261 tt357

290 2311 352 2330 U<um
363 2312 450 2329 ann-‘ila-

267 2338 449 2362 ruwpraesrribit.

488 225 553 258 3⁵24

460 283 562 315 forsan
589 280 780 320 vacantibus,
806 286 835 313 et
861 280 891 312 in
916 286 1076 323 posterum
1102 289 1198 323 quan-

460 334 637 376 documque
662 333 827 373 vacaturis,
849 343 906 376 per
930 343 987 365 nos
1011 333 1058 364 vel
1092 333 1199 366 Roma-

458 397 515 419 nos
541 386 705 419 Pontifices
730 396 929 419 successores
953 391 1077 418 nostros
1101 391 1127 418 et
1150 386 1200 417 Se-

459 440 529 471 dem
557 439 767 482 Apostolicam
794 443 846 471 aut
871 439 948 471 alios
981 448 1198 482 quoscumque

459 492 551 524 etiam
578 492 703 535 speciali
723 494 797 525 nota
814 497 843 525 et
864 493 1062 536 expressione
1076 492 1197 534 dignos,

458 546 550 577 etiam
577 545 786 578 cardinalatus
807 546 927 579 honore
945 545 1108 587 fulgentes,
1127 554 1199 587 qua-

460 598 504 630 vis
520 598 705 630 auctoritate
722 598 882 642 provisum
902 608 959 641 pro
975 603 1115 641 tempore
1134 598 1199 629 sue-

459 652 499 685 rit
526 652 582 693 (ita
605 651 687 695 quod
713 661 823 684 eorum
860 651 973 693 singuli
1000 651 1197 683 medietatem

458 704 599 738 omnium
625 709 655 737 et
679 704 877 747 singulorum
898 704 1067 743 fructuum,
1094 702 1197 735 reddi-

459 763 557 799 tuum,
572 761 791 800 proventuum,
813 757 940 798 iurium,
962 756 1198 795 obventionum,

458 820 580 843 necnon
598 810 854 843 distributionum
880 809 1146 852 quotidianarum,
1164 818 1198 840 ac

458 864 746 896 emolumentorum
789 872 1067 906 quoruincuimpie
1104 861 1196 904 primi

458 916 530 949 anni
541 927 670 949 suorum
685 916 926 949 beneficiatuuin
942 919 970 948 et
984 915 1198 953 clericatuuin‚

459 970 601 1014 quamvis
625 969 694 1002 aliis
726 969 876 1002 oneribus
907 979 960 1001 seu
993 968 1198 1012 pensionibus

459 1027 587 1065 gravata
603 1022 746 1062 existant,
767 1022 903 1054 fabricae
924 1022 1103 1065 praedictae
1124 1021 1198 1053 dare

459 1082 489 1108 et
514 1076 694 1119 persolvere
719 1075 847 1108 omnino
872 1080 902 1106 et
926 1075 1042 1117 absque
1064 1074 1126 1106 ulla
1153 1074 1198 1106 di-

459 1129 642 1169 minutione,
660 1129 746 1161 omni
772 1132 801 1161 et
825 1138 1024 1171 quacumque
1042 1127 1197 1170 exceptio—

458 1192 507 1224 ne,
532 1182 742 1226 appellatione
759 1187 789 1213 et
810 1192 939 1214 recursu
958 1180 1083 1224 penitus
1101 1191 1199 1213 semo-

460 1235 518 1275 tis,
544 1235 688 1267 similiter
719 1234 854 1268 debeant
879 1239 908 1266 et
934 1234 1110 1276 teneantur)
1142 1243 1197 1265 au-

459 1287 601 1320 ctoritate
619 1293 649 1320 et
674 1292 782 1320 tenore
799 1286 966 1330 praedictis
984 1285 1197 1325 extendimus;

459 1347 490 1374 et
518 1341 724 1374 nibilominus
760 1340 960 1373 medietatem
998 1339 1138 1372 omnium
1169 1345 1199 1371 et

459 1395 656 1438 singulorum
695 1396 876 1434 fructuum,
901 1393 1103 1433 reddituum,
1129 1404 1200 1437 pro-

461 1452 609 1482 ventuum
625 1475 632 1488 ,
657 1447 796 1487 iurium,
821 1446 1058 1486 obventionum,
1083 1447 1200 1479 emolu-

461 1507 651 1540 mentorum,
677 1512 711 1533 ae
737 1501 992 1534 distributionum
1009 1500 1201 1543 quotidiana-

460 1566 530 1587 rum
557 1555 649 1598 primi
675 1554 747 1587 anni
780 1554 922 1586 omnuim
949 1560 976 1586 et
1003 1554 1198 1596 singulorum

461 1608 704 1641 beneficiatuum
732 1611 761 1641 et
785 1607 988 1640 clericatuiun
1010 1607 1199 1649 huiusmodi,

460 1666 532 1705 post
556 1662 768 1705 provisionem
793 1661 831 1693 de
856 1661 915 1693 illis
950 1660 1122 1693 faciendam
1148 1660 1201 1693 de-

462 1715 713 1754 currendorum,
745 1713 845 1746 eidem
871 1714 1008 1746 fabricae
1038 1714 1093 1756 (ita
1118 1714 1200 1757 quod

461 1767 580 1811 pariter
604 1767 696 1800 liceat
720 1767 857 1810 capitulo
883 1772 912 1798 et
937 1767 1096 1799 canonicis
1117 1777 1202 1810 prae·

462 1821 553 1854 dictis
586 1820 746 1864 ipsiusque
778 1819 915 1853 fabricae
948 1820 1144 1861 camerario,
1173 1825 1202 1852 et

463 1874 530 1907 aliis
555 1874 593 1906 ab
620 1873 736 1906 eisdem
759 1873 895 1916 capitulo
916 1878 946 1906 et
970 1873 1128 1906 canonicis
1149 1873 1202 1906 de-

463 1927 580 1970 putatis
597 1937 651 1959 seu
669 1926 865 1970 deputandis,
879 1926 979 1958 dictae
997 1925 1133 1958 fabricae
1150 1936 1203 1959 no-

464 1980 557 2021 mine,
576 1980 707 2023 propria
723 1979 919 2019 auctoritate,
933 1979 1074 2011 eamdem
1091 1979 1203 2011 medie-

465 2038 558 2065 tatem
583 2032 696 2065 debitis
713 2032 908 2076 temporibus
926 2032 1102 2075 percipere,
1120 2042 1155 2064 ae
1173 2032 1202 2063 in

464 2086 562 2130 ipsius
589 2086 724 2118 fabricae
749 2095 824 2118 usus
848 2090 1042 2125 convertere,
1066 2084 1203 2117 cuiusvis

464 2141 590 2174 lieentia
614 2140 748 2183 desuper
773 2139 901 2171 minime
919 2138 1081 2182 requisita)
1099 2144 1204 2171 aueto-

464 2194 553 2228 ritate
579 2199 608 2226 et
633 2199 741 2226 tenore
766 2192 894 2236 paribus
920 2192 1025 2225 itidem
1051 2197 1204 2236 perpetuo

464 2246 670 2290 applicamus.

509 2300 524 2343 ᾗ
547 2299 577 2332 li.
603 2300 747 2332 Volentes
775 2304 805 2332 et
835 2299 975 2332 districte
1008 2299 1200 2342 praecipien-

466 2357 510 2388 tes
545 2358 578 2386 ut
615 2353 761 2386 dimidiae
793 2358 922 2386 annatae
955 2353 1134 2385 huiusmodi
1166 2352 1204 2384 ab

465 2408 544 2450 illis,
569 2408 622 2452 qui
648 2407 848 2441 canonicatus
873 2412 903 2439 et
926 2406 1131 2450 praebendas,
1157 2406 1202 2438 vel

464 2461 669 2494 beneficiatus
685 2466 738 2494 aut
759 2461 924 2494 clericatus
942 2461 1118 2504 praedictos
1138 2470 1203 2492 res-

464 2515 583 2558 pective
608 2524 666 2557 pro
686 2519 828 2558 tempore
846 2513 1107 2557 quandocumque
1128 2512 1205 2545 obti-

465 2567 598 2609 nebunt,
627 2567 868 2610 persolvendaef,
896 2571 926 2599 et
954 2566 1089 2599 fabricae
1119 2575 1205 2609 prae-

467 2622 587 2664 dictae,
612 2621 692 2655 sicut
722 2621 952 2664 praemittitur,
976 2620 1150 2664 applicatae
1175 2623 1205 2652 et

1042 231 1218 255 ntttJAntmt
1246 229 1399 253 Romnum

1233 277 1476 321 appropriatae,
1502 277 1563 307 una
1588 285 1658 307 cum
1684 277 1786 307 annua
1819 275 1972 318 perpetua

1234 330 1383 373 pensione
1409 329 1618 361 ducentorum
1644 333 1805 360 scutorum
1823 337 1840 360 a
1857 337 1973 360 memo-

1235 390 1301 415 rato
1326 383 1484 415 Clemente
1510 381 1750 424 praedecessore
1772 391 1866 423 super
1883 390 1973 413 cano-

1234 437 1354 467 nicatus
1379 441 1408 467 et
1434 435 1630 478 praebendae
1656 433 1793 466 ciusdem
1813 433 1972 475 ecclesiae,

1234 498 1312 531 quos
1344 487 1475 519 dilectus
1508 487 1590 519 tilius
1615 486 1763 528 Virgilius
1789 485 1973 519 Panxirolus

1234 541 1270 573 ad
1291 550 1439 584 praesens
1460 540 1589 580 obtinet,
1607 540 1771 580 fructibus,
1789 539 1973 580 redditibus,

1236 594 1462 637 proventibus,
1488 593 1762 627 distributionibus
1786 597 1816 626 et
1847 592 1971 625 emolu·-

1236 647 1348 680 1nentis
1373 647 1527 679 universis
1552 646 1708 689 imposita,
1734 655 1830 689 penes
1847 644 1972 688 deposi-

1235 701 1349 732 tarium
1375 710 1433 742 pro
1459 705 1599 742 tempore
1636 699 1819 732 existentem
1845 697 1974 742 capituli

1235 758 1265 785 et
1279 753 1502 785 canonicorum
1518 752 1750 795 praedictorum
1766 751 1973 794 deponantur,

1235 805 1358 839 nonnisi
1395 816 1453 849 pro
1489 805 1586 848 ipsius
1620 805 1770 838 eeclesiae
1803 809 1971 836 manuten-

1235 859 1318 891 tione
1343 863 1372 892 et
1398 859 1625 891 restauratione
1658 857 1906 902 impendendae;
1936 856 1974 890 de

1234 913 1348 955 quibus
1374 912 1529 944 t'abricerii
1563 912 1695 954 singulis
1719 912 1808 943 annis
1833 915 1973 944 exactam

1235 965 1388 997 rationem
1416 965 1558 1005 reddere,
1583 970 1622 1006 et,
1649 964 1673 997 si
1699 964 1773 1007 quid
1799 963 1974 1007 supererit,

1235 1018 1309 1050 illud
1336 1018 1366 1050 in
1388 1019 1579 1061 emptionem
1598 1023 1642 1050 tot
1659 1018 1801 1050 locorum
1821 1016 1974 1050 montium

1234 1072 1436 1103 cameralium
1462 1082 1524 1103 non
1551 1071 1735 1103 vacabiliuin
1762 1069 1800 1102 ad
1829 1069 1975 1102 eumdem

1235 1125 1380 1157 effic—ctum
1396 1125 1541 1158 investire
1557 1130 1729 1163 teneantur3
1748 1123 1869 1158 sublata
1890 1123 1975 1156 omni

1235 1179 1379 1212 facultate
1404 1179 1539 1222 capitulo
1565 1184 1594 1211 et
1619 1179 1777 1211 canonicis
1794 1177 1973 1222 praedictis,

1235 1243 1408 1275 corumque
1432 1232 1623 1276 depositario
1648 1237 1677 1264 et
1702 1231 1910 1271 exactoribus,
1937 1230 1976 1263 de

1235 1287 1294 1318 illis
1319 1286 1408 1319 aliter
1428 1285 1625 1329 disponendi,
1645 1285 1702 1317 sub
1719 1285 1820 1328 poena
1839 1284 1976 1328 capitulo

1234 1339 1485 1372 contrafacienti'
1511 1338 1688 1371 resolvendi
1706 1338 1835 1381 duplum
1853 1337 1892 1370 de
1906 1347 1978 1380 pro·

1235 1394 1325 1436 prio,
1351 1393 1433 1436 quod
1466 1393 1600 1425 fabricae
1630 1392 1807 1436 praedictae
1839 1391 1976 1435 applica-

1235 1452 1298 1478 tum
1317 1454 1481 1479 censeatur
1499 1446 1565 1489 ipso
1584 1446 1679 1485 facto;
1699 1444 1873 1477 fabriceriis
1892 1454 1976 1484 vero,

1235 1500 1314 1531 ultra
1348 1509 1481 1542 poenam
1506 1498 1677 1542 praefatam
1694 1525 1701 1538 ,
1726 1497 1818 1530 etiam
1850 1507 1976 1531 excom-

1235 1553 1454 1586 municationis
1469 1562 1505 1585 eo
1521 1552 1587 1596 ipso
1607 1551 1826 1592 incurrendae,
1844 1551 1868 1583 si
1886 1561 1976 1584 secus

1234 1606 1400 1649 disponere
1427 1611 1478 1638 aut
1503 1606 1593 1638 aliter
1618 1606 1777 1638 resolvere
1808 1615 1974 1649 praesum-

1235 1659 1362 1702 pserint.

1279 1713 1293 1755 g
1318 1713 1346 1745 5.
1362 1713 1405 1745 Ac
1427 1712 1631 1745 decernentes
1652 1712 1779 1745 easdem
1797 1716 1977 1756 praesentes

1236 1765 1370 1806 litteras,
1395 1769 1425 1798 et
1449 1765 1478 1797 in
1504 1766 1548 1797 eis
1579 1769 1723 1799 contenta
1748 1775 1976 1808 quaecumque,

1236 1819 1328 1852 etiam
1354 1829 1389 1851 ex
1416 1828 1453 1851 co
1478 1818 1561 1861 quod
1588 1818 1760 1862 capitulum
1779 1823 1809 1851 et
1833 1818 1975 1852 canonici

1235 1882 1270 1904 ac
1302 1871 1397 1903 ceteri
1434 1867 1610 1914 praedicti,
1642 1870 1734 1903 aliive
1763 1870 1976 1914 quicumque,

1236 1924 1328 1956 etiam
1355 1923 1481 1967 speciali
1508 1929 1537 1956 et
1562 1923 1720 1956 individua
1745 1923 1904 1957 mentione
1923 1923 1975 1956 di-

1236 1977 1298 2021 gni,
1317 1978 1410 2010 etiam
1436 1977 1646 2010 cardinalatus
1675 1983 1728 2009 aut
1751 1977 1813 2010 alia
1830 1987 1979 2021 quacum-

1237 2041 1296 2074 que
1321 2030 1492 2073 dignitate,
1528 2030 1747 2074 praerogativa
1781 2030 1828 2062 vel
1857 2030 1977 2063 honore

1237 2084 1370 2127 praediti
1399 2094 1453 2117 seu
1479 2085 1654 2126 fungentes,
1673 2084 1702 2116 in
1728 2083 1911 2127 praemissis
1935 2083 1978 2115 in-

1239 2142 1353 2169 teresse
1377 2137 1539 2177 habentes,
1557 2147 1611 2169 seu
1636 2137 1752 2169 habere
1777 2135 1977 2180 quomodoli-

1238 2190 1289 2223 bet
1313 2190 1559 2234 praetendentes,
1579 2190 1640 2222 illis
1661 2200 1723 2223 non
1748 2189 1976 2230 consenserint,

1237 2248 1290 2276 aut
1313 2243 1350 2275 ad
1376 2254 1411 2276 ea
1436 2243 1536 2277 vocati
1562 2248 1592 2275 et
1616 2242 1734 2284 auditi,
1760 2252 1813 2275 seu
1843 2251 1976 2283 causae,

1238 2301 1366 2340 propter
1381 2307 1458 2340 quas
1476 2296 1560 2339 ipsae
1582 2299 1760 2339 praesentes
1780 2300 1976 2335 emanarunt,

1237 2350 1398 2391 adductae,
1426 2349 1614 2390 vei-incanae,
1634 2354 1687 2382 aut
1711 2349 1895 2382 iustificatae
1912 2349 1979 2382 nul-

1238 2403 1358 2436 latenus
1373 2407 1425 2435 aut
1442 2413 1505 2436 non
1523 2402 1714 2435 sufficienter
1732 2402 1858 2442 fuerint,
1872 2412 1927 2434 seu
1940 2411 1976 2434 ex

1237 2457 1297 2489 alia
1319 2466 1517 2499 quacumque
1534 2455 1733 2499 quantumvis
1754 2454 1861 2496 itista⁹‚
1876 2455 1929 2499 pia
1948 2458 1978 2487 et

1238 2510 1434 2554 privilegiata
1467 2511 1582 2553 eausa,
1607 2510 1731 2552 colore,
1756 2512 1918 2553 praetextu
1949 2511 1979 2541 et

1275 2582 1284 2608 1
1304 2581 1370 2609 Male
1385 2581 1449 2609 edit.
1470 2581 1549 2609 Main.
1571 2581 1634 2616 legit
1648 2579 1976 2616 contrafaciendi(n.1·.).

1272 2627 1288 2653 ‘2
1309 2626 1379 2654 Edit.
1395 2626 1474 2653 Matri.
1492 2626 1556 2662 legit
1570 2627 1656 2655 iuxta
1670 2626 1707 2661 (n.
1721 2626 1769 2661 τ.).

1988 226 2034 253 An.
2052 226 2080 253 C.
2101 226 2162 257 ¹65¹!
2211 228 2216 240 ⁶

2003 1744 2008 1748 .
2022 1717 2130 1738 Decretum
2143 1715 2168 1737 ir·
2214 1732 2215 1737 ,

1993 1746 2063 1764 tutans.
