2243 3205
26 165 74 191 An.
89 163 118 190 C.
137 161 206 190 1659

65 910 207 934 Residentiam

29 941 48 961 in
68 938 207 960 conso-sinna-

28 967 80 988 libns
101 968 207 991 poeniten-

29 993 93 1013 tiariis
106 997 208 1018 praes-cri-

30 1019 65 1040 hit.

816 157 1001 183 ALEXANDER
1025 158 1070 182 vn
1094 159 1141 182 ΡΙ).

218 209 292 241 dere
315 217 378 241 non
406 213 555 252 poterunt
582 208 702 251 absque
729 207 855 242 licentia
884 206 957 240 dicti

218 260 386 294 cardinalis
411 262 540 295 maioris
564 261 796 305 poenitentiarii
820 270 904 294 nunc
930 263 959 294 et

217 323 275 357 pro
293 318 437 358 tempore
457 314 628 355 existentis,
647 314 711 358 qui,
728 324 786 358 pro
807 313 878 347 data
898 312 958 346 sibi

218 377 235 399 a
251 367 384 401 Domino
401 368 579 412 prudentia,
593 368 749 402 licentiam
767 366 958 408 huiusmodi,

217 420 352 455 instante
388 423 571 466 praeposito
602 422 741 466 generali
774 421 958 466 praedicto,

218 484 335 517 negare
360 485 423 508 non
448 475 573 509 debebit
589 476 648 508 nisi
674 486 710 509 ex
735 475 823 508 iustis
848 474 958 516 causis,

219 537 296 570 quas
319 539 356 561 eo
381 539 464 569 casu,
489 534 585 572 prout
608 529 701 561 etiam
719 529 841 572 quoties
859 528 959 560 eidem

221 590 344 615 summo
363 583 604 625 poenitentiario
618 583 777 615 videretur
794 582 906 625 aliquis
923 592 959 614 ex

220 635 388 677 praedictis
407 636 667 679 poenitentiariis,
685 636 887 669 dissentiente
907 646 960 669 eo-

220 687 291 720 dem
303 689 483 733 praeposito
501 689 651 732 generali,
668 689 888 731 removendus,
905 699 962 722 no-

221 741 269 774 bis
303 752 359 775 seu
384 753 442 786 pro
467 748 610 786 tempore
640 743 783 776 existenti
820 743 961 776 Romano

221 790 362 828 Pontifici
387 796 511 837 reseret,
537 796 708 839 apostoliea
730 796 875 829 mandata
903 796 962 829 liae

222 848 253 880 in
277 859 311 881 re
335 848 470 882 fideliter
494 855 718 893 exequuturus.

266 902 281 945 ἓ
316 901 368 935 10.
400 902 550 935 Volumus
581 906 684 936 autem
720 908 754 935 ut
794 903 961 936 memorati

224 955 362 989 minores
386 956 619 1000 poenitentiarii
644 956 675 989 in
694 956 825 990 basilica
844 957 964 1001 praedi-

224 1011 271 1043 cta
295 1009 463 1050 resideant,
488 1009 596 1053 ibique
621 1010 653 1042 in
670 1020 744 1043 suae
762 1010 894 1055 quisque
914 1021 964 1043 na-

224 1062 317 1096 tionis
335 1063 615 1097 confessionalibus
632 1063 777 1097 assistant
790 1069 819 1096 et
838 1069 964 1107 praesto

225 1116 307 1158 sint,
332 1127 368 1149 ac
393 1127 668 1161 quorumcumque
692 1116 942 1151 christifidelium
957 1145 964 1159 ,

225 1170 344 1204 scilieet
356 1171 506 1215 propriae
517 1171 651 1215 quisque
664 1171 799 1204 nationis
815 1172 964 1215 primum,

225 1228 273 1264 et,
305 1223 352 1257 his
381 1234 444 1257 non
469 1225 664 1267 extantibus,
690 1225 823 1258 aliorum
851 1226 963 1266 etiam,

225 1277 350 1320 quando
364 1288 454 1311 casus
468 1278 645 1321 contigerit,
663 1288 799 1322 quorum
817 1278 966 1312 idiomata

226 1331 369 1372 calleant,
394 1332 606 1365 consessiones
632 1332 877 1365 sacramentales
902 1332 967 1365 dili-

226 1390 337 1427 genter
361 1384 489 1419 audiant
513 1385 560 1418 bis
584 1385 616 1418 in
640 1385 712 1426 die,
737 1396 851 1429 nempe
876 1396 967 1419 mane

226 1437 264 1470 ab
289 1437 378 1471 initio
403 1438 545 1471 matutini
581 1449 681 1482 usque
704 1438 742 1471 ad
767 1439 861 1472 finem
893 1440 963 1473 offi-

227 1491 348 1524 ciorum
374 1491 552 1525 divinorum
579 1492 913 1533 antemeridianorum‚
939 1498 968 1526 et

226 1549 296 1587 post
320 1544 484 1578 meridiem
509 1545 547 1577 ab
573 1545 661 1579 initio
682 1556 885 1589 vesperarum
911 1557 968 1590 per

226 1597 303 1631 duas
327 1597 422 1631 horas
448 1598 627 1637 continuas;
653 1598 747 1642 idque
772 1609 880 1632 omnes
906 1600 968 1632 sin-

227 1651 308 1694 gulis
333 1651 463 1685 maioris
487 1651 703 1685 hebdomadae
721 1657 751 1685 et
776 1652 857 1685 intra
882 1658 968 1686 octa-

227 1714 297 1737 vam
323 1704 482 1737 Pascbatis
512 1705 765 1738 Resurrectionis
789 1705 969 1739 Dominicae

228 1757 349 1799 diebus,
359 1768 492 1795 ,necnon
506 1758 537 1791 in
551 1759 725 1792 Nativitatis
739 1759 873 1800 Domini,
896 1760 969 1792 Pen-

228 1817 369 1855 tecostes,
396 1812 528 1856 singulis
553 1813 584 1845 B.
611 1813 726 1846 Mariae
751 1813 887 1856 Virginis
902 1840 909 1853 ,
934 1824 969 1847 ac

229 1872 408 1900 sanctorum
436 1867 651 1911 apostolorum
670 1867 752 1900 Petri
771 1872 801 1900 et
825 1867 922 1908 Pauli,
941 1874 971 1901 et

229 1922 362 1954 aliorum
387 1922 613 1965 apostolorum,
631 1922 806 1965 ceterisque
823 1921 970 1956 omnibus

231 1980 261 2007 et
286 1974 418 2017 singulis
443 1975 528 2008 sestis
549 1975 622 2007 anni
639 1975 759 2015 diebus,
784 1976 969 2019 praesertim

230 2027 269 2061 de
292 2033 480 2072 praecepto,
516 2028 630 2071 vigiliis
666 2029 759 2061 etiam
792 2030 970 2069 consuetis,

231 2086 395 2124 praeterea
419 2081 550 2124 singulis
574 2081 684 2115 diebus
708 2081 832 2115 veneris
856 2082 971 2115 mensis

231 2135 347 2175 martii,
373 2145 495 2168 necnon
520 2135 727 2169 iubilaeorum
749 2140 779 2168 et
803 2136 970 2169 stationum

232 2189 264 2222 in
277 2189 387 2222 eadem
404 2189 534 2222 basilica
547 2189 745 2222 existentium
764 2190 971 2233 temporibus,

233 2254 269 2276 ac
293 2243 422 2286 insuper
446 2243 708 2287 quandocumque
733 2243 763 2275 id
789 2243 833 2276 eis
858 2254 893 2276 ex
918 2244 973 2275 ali-

234 2299 295 2341 qua
316 2298 410 2329 causa
432 2296 613 2340 particulari
645 2307 661 2328 a
690 2296 906 2339 superioribus
932 2297 974 2328 in-

235 2350 376 2383 iunctum
401 2350 511 2390 fuerit,
536 2354 589 2382 aut
613 2349 748 2382 charitas
772 2349 975 2392 poenitentia-

235 2404 357 2437 riorum
382 2403 535 2443 suadebit,
553 2408 605 2435 aut
623 2403 791 2436 necessitas
813 2403 975 2446 poeniten-

237 2457 314 2490 tium
339 2456 518 2500 postulabit,
545 2455 765 2488 inviolabiliter
789 2456 974 2496 observent,

237 2510 268 2543 in
293 2510 405 2544 ceteris
430 2520 505 2543 vero
530 2509 690 2543 ferialibus
719 2509 792 2542 anni
816 2509 927 2543 diebus
944 2509 975 2542 id

236 2565 345 2599 saltem
370 2575 428 2609 pro
453 2564 544 2599 tertia
568 2563 752 2598 eorumdem
770 2564 976 2608 poenitentia-

1644 148 1711 183 437

992 206 1112 239 riorum
1138 212 1227 250 parte
1251 208 1360 241 sedulo
1385 207 1584 252 adimpleant.
1618 207 1663 240 Ab
1684 207 1733 240 his

993 264 1096 292 tamen
1118 265 1273 293 rectorem
1294 261 1447 304 praedicti
1473 261 1596 304 collegii
1622 261 1734 304 excipi-

994 323 1073 353 mus,
1099 313 1163 356 qui,
1185 324 1255 346 cum
1282 313 1348 347 eius
1374 314 1467 347 officii
1493 316 1587 347 eausa
1613 314 1731 347 multo-

993 366 1050 399 ties
1076 366 1215 409 legitime
1241 367 1280 399 sit
1299 367 1478 411 impeditus,
1500 368 1662 411 praedicto
1685 378 1736 400 ex-

993 420 1210 464 cipiendarum
1235 421 1468 455 confessionum
1490 423 1624 463 muneri,
1642 425 1736 466 prout

994 473 1166 506 secundum
1184 474 1346 518 propriam
1364 475 1588 508 conscientiam
1609 475 1735 519 poterit,

994 527 1170 561 satisfaciet.

1039 581 1053 624 ξ
1077 580 1128 613 Η.
1150 581 1316 614 Praeterea
1337 581 1513 625 praedictos
1531 586 1687 616 rectorem
1706 588 1736 615 et

994 635 1133 668 minores
1158 635 1417 679 poenitentiarios
1442 636 1473 668 in
1498 636 1643 669 omnibus
1664 637 1735 680 qui-

995 688 1065 721 dem
1103 688 1185 728 illis,
1215 699 1295 732 quae
1326 689 1560 732 poenitentiarii
1596 689 1735 722 officium

996 734 1209 784 concernunt,
1241 742 1473 785 iurisdictioni,
1507 742 1675 776 visitationi
1708 748 1738 776 et

996 795 1181 828 coercitioni
1218 796 1383 828 memorati
1421 795 1540 828 Nicolai
1571 795 1738 828 cardinalis

996 859 1080 882 nunc
1104 854 1135 881 et
1159 860 1216 892 pro
1242 854 1385 893 tempore
1419 849 1578 882 existentis
1611 849 1739 882 maioris

997 902 1227 945 poenitentiarii
1260 901 1419 936 subiectos
1444 912 1511 935 esse
1536 901 1653 935 debere
1679 902 1736 935 de-

998 955 1167 996 cernimus,
1193 955 1270 988 adeo
1284 960 1319 988 ut
1336 955 1366 988 in
1385 955 1594 998 gravioribus,
1615 955 1739 988 nonnisi

998 1009 1078 1043 sacto
1103 1009 1193 1053 prius
1219 1009 1318 1042 verbo
1342 1009 1507 1043 nobiscum
1525 1015 1555 1042 et
1572 1020 1643 1042 cum
1669 1020 1740 1042 suc-

999 1063 1177 1097 cessoribus
1203 1063 1330 1104 nostris,
1356 1068 1466 1096 contra
1491 1073 1544 1096 eos
1569 1063 1738 1106 procedat:

999 1117 1030 1149 in
1055 1117 1092 1149 iis
1117 1127 1203 1157 vero,
1228 1127 1308 1161 quae
1336 1117 1373 1150 ad
1399 1117 1594 1160 disciplinam
1621 1117 1742 1159 regula-

999 1181 1078 1211 rem,
1093 1170 1222 1213 regulae
1238 1170 1483 1210 observantiam,
1502 1169 1740 1203 constitutiones

999 1229 1030 1256 et
1054 1223 1194 1256 instituta
1218 1223 1381 1257 Societatis
1405 1223 1599 1267 praedictae,
1625 1233 1661 1256 ac
1689 1234 1742 1256 oe-

1000 1277 1178 1311 conomiam
1203 1283 1233 1310 et
1265 1278 1458 1321 gubernium
1496 1278 1541 1310 rei
1579 1277 1742 1310 familiaris

1000 1332 1175 1374 pertinent,
1201 1331 1296 1364 iidem
1322 1335 1427 1365 rector
1451 1336 1481 1364 et
1506 1331 1643 1364 minores
1668 1341 1742 1374 poe-

1000 1385 1172 1418 nitentiarii
1207 1395 1278 1417 cum
1310 1385 1459 1418 universa
1491 1395 1600 1417 eorum
1626 1384 1745 1417 familia

1001 1443 1178 1471 memorato
1203 1438 1383 1481 praeposito
1415 1438 1554 1481 generali
1580 1438 1745 1471 Societatis

1002 1491 1071 1524 Iesu
1091 1491 1272 1524 immediate
1290 1491 1505 1534 subiacebunt,
1524 1493 1683 1524 reservata
1705 1496 1744 1524 ta-

1002 1556 1074 1578 men
1091 1556 1217 1590 semper
1234 1546 1456 1589 superioritate
1471 1545 1656 1578 visitationis
1673 1556 1745 1589 apo-

1002 1599 1139 1641 stolicae,
1166 1599 1215 1632 cui
1241 1599 1279 1632 ad
1304 1605 1447 1633 nostrum
1474 1604 1503 1632 et
1527 1609 1585 1643 pro
1603 1604 1744 1642 tempore

1003 1652 1161 1686 existentis
1186 1653 1318 1686 Romani
1352 1652 1510 1686 Pontificis
1541 1656 1650 1686 nutum
1677 1652 1745 1685 sub-

1003 1716 1084 1746 esse,
1110 1717 1145 1739 ac
1176 1706 1350 1749 peculiares
1375 1705 1555 1739 reddituum
1581 1706 1655 1739 dicti
1680 1706 1744 1739 col-

1004 1759 1075 1802 legii
1100 1760 1238 1793 rationes
1262 1760 1394 1793 reddere
1418 1760 1587 1793 debebunt.

1048 1814 1063 1857 ἓ
1088 1814 1138 1846 19.
1166 1814 1339 1856 Postremo,
1358 1813 1517 1857 abrogatis
1534 1814 1564 1846 in
1578 1813 1688 1858 primis
1707 1814 1746 1846 sa-

1004 1868 1171 1901 cultatibus
1196 1868 1342 1901 omnibus
1374 1868 1550 1901 minoribus
1582 1868 1745 1912 poeniten-

1004 1921 1103 1954 tiariis
1117 1932 1133 1954 a
1146 1922 1446 1965 praedecessoribus
1463 1922 1579 1955 nostris
1594 1922 1746 1955 hactenus

1005 1975 1171 2017 concessis,
1197 1975 1314 2008 eisdem
1341 1975 1519 2009 minoribus
1543 1976 1747 2019 poenitentia-

1005 2028 1081 2070 riis,
1114 2029 1265 2072 quamdiu
1297 2029 1328 2062 in
1360 2029 1494 2072 collegio
1519 2029 1693 2062 manserint
1718 2035 1748 2061 et

1005 2083 1144 2116 officium
1173 2083 1304 2116 minoris
1331 2083 1563 2127 poenitentiarii
1600 2093 1748 2117 exercue-

1006 2137 1069 2169 rint
1094 2137 1263 2177 dumtaxat,
1289 2147 1397 2170 omnes
1415 2141 1445 2171 et
1461 2137 1600 2179 singulas
1624 2137 1748 2170 faculta-

1007 2195 1051 2222 tes
1083 2201 1142 2233 pro
1172 2190 1240 2223 soro
1273 2191 1483 2223 conscientiae
1508 2190 1537 2222 in
1564 2190 1746 2233 particulari

1008 2242 1121 2274 tabella
1146 2243 1276 2286 proprio
1301 2243 1374 2277 dicti
1400 2243 1518 2276 Nicolai
1544 2253 1626 2275 nunc
1644 2247 1673 2275 et
1690 2252 1747 2285 pro

1008 2302 1150 2339 tempore
1171 2296 1299 2329 maioris
1318 2296 1548 2340 poenitentiarii
1566 2296 1746 2328 charactere

1009 2350 1132 2381 firmata
1156 2354 1186 2381 et
1210 2349 1348 2382 ciusdem
1382 2349 1485 2391 sigillo
1517 2349 1636 2381 munita
1661 2349 1747 2381 iussu

1009 2407 1116 2435 nostro
1141 2401 1324 2445 descriptas,
1339 2413 1373 2434 ac
1392 2401 1422 2433 in
1448 2402 1536 2434 libris
1562 2408 1622 2434 tam
1643 2402 1749 2445 poeni-

1010 2455 1145 2489 tentiarii
1171 2455 1299 2488 maioris
1329 2466 1422 2499 quam
1441 2455 1564 2498 collegii
1591 2455 1746 2489 dictorum

1010 2509 1266 2554 presbyterorum
1283 2508 1505 2551 registrandas,
1520 2514 1550 2542 et
1566 2509 1700 2543 ulterius
1718 2510 1749 2542 in

1011 2563 1082 2597 aula
1107 2563 1247 2597 eiusdem
1267 2562 1391 2606 collegii
1416 2563 1518 2607 palam
1539 2563 1748 2608 exponendas,

1755 158 1844 186 An.G.
1866 159 1935 188 1659

1773 594 1937 615 Poenitenttarii

1752 621 1836 647 quando
1869 621 1937 641 subii-

1752 649 1834 668 ciantui·
1861 647 1937 668 maiori

1751 675 1915 700 poenitentiario
1932 689 1938 698 ,

1752 704 1773 721 et
1796 702 1880 727 quando
1903 707 1937 727 ze-

1752 728 1818 749 nerali
1841 728 1937 751 Societa-

1753 755 1778 775 tis
1794 754 1847 776 lesu.

1825 1822 1945 1842 Facultates

1769 1852 1944 1875 poenitentiario-

1771 1882 1822 1897 rum.
