2243 3205
0 1013 4 1071 l

0 1109 2 1122 ι

0 1154 4 1175 l

0 1077 2 1088 t

0 1139 2 1149 ι

0 1184 9 1302 4.

0 1340 8 1494 st

14 717 19 862 ξ

14 865 20 1238 t

15 1253 21 1527 l

16 1568 23 1850 t

20 2034 23 2085 Ι

74 184 126 212 An.
142 183 172 212 C.
191 182 255 211 1661

95 618 182 642 Hotiva.

123 1903 247 1930 Sequuntur

20 1943 21 1947 ,
62 1929 148 1952 motiva.

865 178 1050 204 ALEXANDER
1075 179 1118 203 vn
1138 179 1186 203 Pr.

269 229 516 274 praesulumque
540 232 569 264 et
592 229 788 273 principum,
813 228 1012 273 aliorumque

270 282 383 317 Christi
407 283 600 317 famulorum
623 283 703 317 votis
722 293 780 316 nos
804 281 938 315 libenter
963 292 1012 314 an-

268 337 408 379 nuimus,
417 343 512 381 prout
524 338 648 372 matura
662 336 912 371 consideratione
926 346 1012 380 prae-

269 390 364 423 missa
396 390 434 423 ad
459 390 684 434 omnipotentis
708 390 763 423 Dei
788 389 941 432 gloriam,
973 389 1012 421 ad

269 443 428 477 Ecclesiae
445 443 618 477 catholicae
641 443 737 477 decus
762 448 792 475 et
817 442 1011 486 praesidium

268 498 301 530 in
324 498 458 532 Domino
482 497 651 531 salubriter
674 497 821 542 expedire
846 497 1011 540 cognosci-

268 562 347 584 mus.

311 605 327 648 5
350 604 380 638 1.
406 604 482 638 Cum
507 605 611 647 itaque
632 604 814 637 carissimus
839 603 869 636 in
887 603 1010 638 Christo

266 657 350 690 silius
380 663 488 691 noster
518 657 694 691 Ludovicus
727 668 782 691 rex
814 657 1010 690 Francorum

267 710 556 753 christianissimus,
590 712 650 743 una
675 721 747 743 cum
779 710 1011 743 venerabilibus

266 765 416 798 fratribus
441 764 688 809 archiepiscopis
721 768 751 797 et
775 764 949 808 episcopis,
975 775 1010 797 ae

266 819 414 852 universo
439 819 546 859 clero,
570 818 758 862 proceribus
794 822 824 851 et
856 818 1009 850 universi-

266 872 383 905 tatibus
407 872 584 905 studiorum
607 873 804 915 generalium
826 871 913 915 regni
940 871 1010 905 Gal-

266 926 392 967 liarum,
416 936 541 959 necnon
565 926 728 960 carissima
753 926 784 958 in
802 926 925 960 Christo
946 925 1010 958 filia

265 984 373 1013 nostra
390 980 477 1013 Anna
490 979 685 1013 Francorum
704 979 963 1013 christianissima
980 984 1010 1011 et

265 1033 433 1067 Henriceta
446 1033 575 1076 Angliae
594 1033 734 1075 illustris,
744 1033 871 1076 reginae
890 1033 1009 1074 viduae,

265 1097 301 1120 ac
324 1086 457 1120 dilectus
473 1086 557 1120 filius
575 1086 689 1120 nobilis
706 1086 753 1119 vir
770 1086 900 1120 Carolus
917 1086 1007 1119 Ema-

263 1141 336 1174 nuel
354 1140 528 1174 Sabaudiae
552 1140 626 1180 dux,
651 1144 681 1173 et
705 1139 901 1173 Pedemontii
926 1139 1009 1183 prin-

263 1204 360 1238 ceps,
384 1198 478 1237 atque
510 1193 676 1226 universus
708 1193 792 1227 Ordo
823 1193 1007 1226 monialium

263 1246 455 1280 Visitationis
469 1246 581 1279 Beatae
594 1246 708 1279 Mariae
721 1246 869 1289 Virginis,
887 1257 904 1279 a
917 1256 1007 1279 servo

262 1301 317 1334 Dei
345 1300 515 1334 Francisco
547 1300 584 1333 de
613 1300 698 1333 Sales
724 1299 874 1344 episcopo
908 1300 1007 1334 Gene-

262 1353 350 1387 vensi
370 1353 549 1394 institutus,
574 1353 762 1397 praesertim
789 1363 862 1386 vero
876 1353 1006 1387 dilectae

262 1408 294 1441 in
319 1408 443 1442 Christo
467 1408 550 1441 filiae
567 1408 712 1452 superior
729 1413 759 1441 ct
773 1407 924 1441 moniales
942 1419 1006 1441 mo-

261 1461 392 1495 nasterii
417 1461 525 1505 oppidi
549 1461 688 1501 Annesii,
709 1461 899 1494 Genevensis
923 1461 1006 1494 dioc-

262 1516 353 1557 cesis,
378 1515 618 1560 impetraverint
642 1515 716 1548 alias
747 1515 786 1548 ad
810 1515 869 1548 hac
891 1515 1005 1548 Sancta

261 1570 341 1605 Sede
367 1569 557 1610 facultatem,
579 1574 612 1602 ut
636 1579 805 1613 processus
829 1569 941 1602 tierent
958 1580 1005 1602 su-

260 1633 319 1668 per
342 1633 406 1657 non
430 1623 533 1665 cultu,
559 1633 595 1655 ac
618 1633 714 1666 super
739 1622 941 1666 inquisitione
966 1622 1004 1655 de

260 1677 325 1710 vita
349 1680 379 1710 et
403 1676 545 1710 moribus
576 1676 778 1719 heroicisque
815 1676 1003 1717 virtutibus,

260 1741 297 1764 ac
322 1729 360 1763 de
381 1729 551 1772 miraculis,
566 1729 682 1773 quibus
696 1729 874 1773 praedictus
894 1740 1004 1763 servus

260 1784 315 1818 Dei
339 1784 526 1817 Franciscus
558 1783 596 1816 de
621 1783 706 1817 Sales
730 1783 852 1827 fulgere
876 1794 999 1816 assere-

259 1838 369 1879 batur,

305 1892 321 1936 ἓ
340 1892 370 1925 02.
388 1892 529 1935 Cumque
546 1890 749 1936 postmodum
767 1900 935 1934 processus
948 1891 1003 1925 hu-

260 1946 397 1980 iusmodi
421 1946 579 1980 confectos
603 1945 808 1989 congregatio
841 1945 1002 1978 venerabi-

259 2001 337 2034 lium
356 2000 491 2033 fratrum
519 2004 704 2033 nostrorum
735 1999 763 2033 S.
785 1999 820 2032 R.
841 1999 874 2032 E.
904 2000 1003 2032 cardi-

259 2053 379 2087 nalium
403 2053 500 2087 saeris
531 2052 644 2086 ritibus
675 2052 855 2096 praeposita
879 2058 1002 2086 mature

259 2107 477 2151 acerrimeque
498 2105 696 2147 discusserit,
714 2116 750 2139 ac
767 2105 805 2139 de
820 2116 931 2139 eorum
950 2117 1001 2139 va-

259 2162 378 2195 liditate
409 2172 445 2195 ac
474 2160 645 2194 relevantia
677 2165 821 2193 constare
854 2159 997 2193 declara-

260 2216 356 2259 verit,
379 2225 495 2259 nempe
529 2214 568 2247 de
595 2213 689 2247 huius
720 2213 803 2247 servi
833 2213 887 2246 Dei
921 2214 1001 2247 vitae

259 2270 374 2304 eximia
398 2269 571 2311 sanctitate,
592 2268 676 2301 etde
700 2267 825 2301 assiduo
850 2267 999 2301 virtutum

259 2324 528 2367 theologicarum,
553 2321 760 2355 cardinalium
775 2348 782 2362 ‚
805 2327 1000 2354 ceterarum-

258 2388 320 2424 que
343 2377 485 2411 omnium
507 2375 669 2416 exerciti03
686 2375 795 2417 immo,
819 2375 901 2408 ultra
920 2376 999 2408 mul-

258 2432 397 2477 tiplicem
422 2436 452 2464 et
475 2430 589 2463 miram
622 2429 855 2469 haereticorum
884 2429 922 2462 ad
950 2440 1000 2463 vc-

257 2485 384 2519 ritatem
418 2483 491 2517 fidei
529 2483 701 2517 catholicae
737 2483 997 2524 conversionem,

258 2549 330 2574 eum
347 2548 459 2572 novem
481 2536 632 2570 miracula
651 2537 825 2580 insigniora
848 2537 915 2570 cius
931 2537 998 2570 obi—

258 2597 325 2626 tum
362 2595 579 2634 consequuta,
604 2591 765 2624 communi
801 2590 889 2634 quasi
921 2600 997 2624 voce

360 2655 438 2685 Butt.
453 2655 537 2683 Rom.
549 2669 582 2673 —-—
602 2653 661 2682 Vol.
679 2653 755 2681 XVI.
935 2652 970 2680 94

1046 229 1242 262 sanctitatem
1267 229 1334 262 eius
1360 228 1519 270 testantia,
1543 229 1635 273 plene
1659 229 1789 273 probari

1046 282 1221 323 censuerit,
1254 292 1335 326 quae
1366 283 1480 316 selecta
1516 294 1552 316 cx
1588 283 1788 326 processibus

1046 335 1271 368 intercessione
1295 336 1460 369 memorati
1478 336 1636 369 Francisci
1661 336 1699 369 ab
1725 348 1789 370 om-

1045 388 1199 432 nipotenti
1216 389 1279 422 Deo
1304 388 1386 422 edita
1406 394 1626 430 recenserunt,
1648 400 1683 423 ac
1696 401 1788 434 prae-

1046 442 1137 485 cipue
1158 441 1293 475 duorum
1315 447 1515 476 mortuorum
1533 444 1705 484 suscitatio,
1724 455 1791 477 cae-

1046 495 1139 528 cinati
1160 495 1360 536 illuminatio,
1378 502 1613 530 contractorum
1635 507 1670 531 ac
1691 508 1785 541 prae-

1046 549 1205 582 clusorum
1231 560 1248 582 a
1272 550 1432 583 nativitate
1457 551 1559 583 subita
1590 562 1625 584 ac
1650 551 1789 595 perfecta

1045 602 1177 643 sanatio,
1192 612 1313 646 nosque
1327 602 1554 636 declarationes
1569 604 1661 637 hasce
1676 615 1790 648 appro-

1044 655 1241 696 baverimus;
1267 656 1411 700 ideoque,
1431 667 1504 689 cum
1525 658 1582 701 ipsi
1609 658 1703 690 iidem
1725 669 1790 691 car-

1045 709 1164 742 dinales
1189 720 1297 743 coram
1321 710 1412 743 nobis
1437 711 1632 754 congregati,
1653 711 1788 755 praeviis

1045 763 1139 796 etiam
1165 764 1383 797 consultorum
1415 764 1597 807 suffragiis,
1623 766 1787 798 unanimes

1044 817 1271 851 affirmaverint
1291 828 1394 862 posse,
1415 818 1679 862 quandocumque
1697 820 1788 852 nobis

1045 871 1146 903 visum
1170 871 1288 912 suerit,
1314 871 1353 904 ad
1385 873 1557 905 solemnem
1587 872 1679 905 huius
1705 874 1788 906 servi

1043 924 1097 957 Dei
1123 924 1390 958 canonizationem
1423 930 1490 959 tuto
1519 925 1670 970 procedi,
1695 931 1788 969 atque

1043 977 1170 1011 interim
1208 978 1366 1021 indulgeri
1407 984 1439 1012 ut
1477 979 1560 1012 idem
1600 979 1787 1012 Franciscus

1043 1037 1244 1075 nuncupetur
1268 1032 1390 1073 Beatus,
1416 1043 1452 1065 ae
1477 1032 1633 1076 aliquibus
1654 1033 1685 1064 in
1710 1033 1787 1066 locis

1043 1085 1080 1117 de
1105 1096 1142 1118 eo
1168 1090 1330 1130 tamquam
1357 1086 1395 1119 de
1427 1086 1611 1120 Confessore
1636 1087 1786 1120 Pontiticc

1043 1138 1182 1172 officium
1209 1144 1238 1172 et
1263 1139 1359 1172 missa
1384 1140 1510 1173 recitari
1539 1150 1575 1173 ac
1602 1140 1786 1174 solemniter

1043 1192 1198 1225 celebrari
1224 1193 1361 1236 possint:

1086 1246 1101 1289 g
1125 1245 1154 1278 3.
1180 1246 1260 1279 Hine
1284 1252 1331 1279 est
1355 1247 1439 1291 quod
1463 1257 1531 1288 nos,
1548 1247 1607 1291 piis
1628 1248 1785 1292 supplica-

1043 1299 1179 1332 tionibus
1215 1300 1355 1333 inclinati
1388 1301 1492 1344 regis,
1518 1301 1723 1344 reginarum,
1749 1313 1784 1335 ac
1803 1317 1832 1329 -ιι-

1040 1352 1232 1395 praesulum,
1252 1354 1307 1396 qui
1323 1353 1415 1386 etiam
1434 1354 1472 1386 ad
1496 1364 1553 1387 nos
1571 1354 1784 1388 venerabilem

1040 1406 1171 1439 fratrem
1192 1406 1365 1440 IIenricum
1383 1407 1565 1451 episcopum
1584 1407 1784 1441 Aniciensem

1040 1459 1098 1492 liae
1123 1469 1218 1503 super
1245 1470 1279 1493 re
1303 1470 1407 1503 nuper
1438 1460 1635 1503 ablegarunt,
1661 1471 1783 1494 necnon

1040 1513 1220 1546 carissimae
1234 1513 1266 1545 in
1283 1514 1406 1547 Christo
1423 1513 1505 1547 filiae
1524 1519 1651 1547 nostrae
1668 1515 1781 1548 Mariae

1039 1566 1207 1599 Theresiae
1219 1567 1304 1610 regis
1317 1567 1512 1600 Francorum
1531 1568 1674 1610 coniugis
1691 1568 1778 1600 cliri-

1039 1620 1257 1662 stianissimae,
1271 1631 1306 1654 ac
1323 1621 1496 1654 Sabaudiae
1521 1621 1619 1662 ducis,
1633 1621 1781 1654 aliorum-

1038 1685 1098 1718 que
1123 1675 1347 1718 praefatorum,
1373 1675 1434 1708 illis
1459 1677 1617 1719 propensa
1641 1675 1781 1718 benigni-

1039 1734 1099 1761 tate
1113 1728 1248 1762 libenter
1261 1728 1444 1769 annuimus;
1456 1739 1502 1770 ac,
1513 1728 1551 1761 de
1565 1729 1779 1772 praefatorum

1038 1782 1245 1816 cardinalium
1264 1782 1396 1815 consilio
1420 1787 1449 1815 et
1475 1782 1616 1814 unanimi
1640 1792 1778 1825 assensu⁷

1037 1837 1224 1869 auctoritate
1249 1836 1444 1880 apostolica,
1471 1841 1578 1869 tenore
1602 1836 1779 1870 litterarum

1037 1890 1269 1935 praesentium,
1294 1890 1494 1933 indulgemus
1519 1895 1553 1922 ut
1584 1889 1638 1922 Dei
1670 1900 1779 1923 servus

1037 1944 1223 1978 Franciscus
1248 1944 1286 1977 de
1310 1944 1408 1985 Sales,
1428 1944 1502 1977 olim
1527 1943 1695 1987 episcopus
1719 1944 1777 1977 Ge-

1036 1998 1190 2038 nevensis,
1219 1998 1250 2030 in
1269 2002 1432 2042 posterum
1451 1997 1534 2030 Beati
1559 1990 1686 2030 no'mine
1702 2007 1779 2030 nun-

1037 2058 1180 2096 cupetur,
1206 2052 1335 2095 ciusque
1355 2062 1470 2095 corpus
1494 2056 1524 2084 et
1549 2051 1699 2095 reliquiae
1725 2062 1777 2084 ve-

1036 2106 1190 2139 nerationi
1224 2105 1365 2138 fidelium
1391 2106 1477 2148 (non
1503 2110 1606 2138 tamen
1640 2105 1670 2137 in
1695 2116 1772 2148 pro-

1036 2160 1230 2194 cessionibus
1261 2159 1532 2203 circumserenda)
1557 2164 1775 2203 exponantur,

1035 2214 1186 2256 imagines
1206 2223 1334 2257 quoque
1351 2213 1446 2246 radiis
1476 2223 1531 2245 seu
1552 2212 1774 2256 splendoribus

1035 2272 1238 2307 exornentur,
1263 2272 1355 2310 atque
1385 2266 1422 2299 de
1447 2277 1484 2300 eo
1509 2266 1686 2299 celebretur
1711 2266 1774 2298 olli-

1035 2321 1117 2355 cium
1135 2324 1165 2354 et
1182 2320 1277 2353 missa
1293 2319 1331 2353 de
1345 2320 1529 2354 Cont'essore
1547 2320 1696 2352 Pontilice
1714 2320 1775 2352 sin-

1034 2373 1115 2418 gulis
1146 2374 1235 2406 annis
1270 2373 1354 2405 iuxta
1388 2372 1531 2405 rubricas
1562 2372 1711 2405 breviarii
1744 2378 1773 2406 ct

1034 2427 1168 2461 missalis
1193 2427 1326 2467 romani,
1351 2425 1401 2458 die
1425 2425 1544 2458 scilieet
1569 2436 1649 2460 xxix
1670 2426 1773 2459 ianua-

1033 2481 1088 2524 rii,
1114 2491 1175 2525 qua
1200 2481 1267 2513 eius
1301 2479 1625 2523 corporisdepositio
1659 2480 1690 2512 in
1715 2491 1769 2513 ec-

1032 2534 1127 2568 clesia
1152 2533 1336 2567 monialium
1361 2533 1411 2566 SS.
1431 2532 1620 2568 Visitationis
1644 2534 1771 2568 Annesii

1030 2589 1063 2623 in
1086 2587 1240 2624 Sabaudia
1264 2587 1423 2622 celebrata
1444 2586 1512 2622 suit.

1693 172 1756 206 745
1803 181 1852 208 Α11.
1870 181 1898 208 C.
1921 181 1985 209 1661

1845 1256 1986 1277 confirmatur

1800 1286 1862 1308 prout
1880 1290 1900 1303 111
1915 1284 1983 1304 rubri·

1800 1316 1816 1326 ,.,
