2263 3215
260 191 310 218 An.
327 191 355 218 C.
377 191 444 218 1657

276 944 387 964 tii-rimatio
397 949 446 964 rnn-

260 975 379 992 warnorum.

491 181 554 215 02OE
1032 189 1210 215 erimantum

459 240 569 273 eodem
596 239 755 282 episcopo,
780 238 895 271 auditis
919 238 1075 282 deputatis
1092 238 1130 271 ab
1145 239 1200 271 eis-

458 293 529 325 dem
555 292 669 333 cleris,
694 302 814 325 necnon
847 302 864 324 a
889 291 1013 325 civitate
1044 291 1217 336 praescri-¹

458 347 551 379 batur
578 351 645 379 taxa
665 345 904 390 proportionata
925 345 1050 378 utilitati
1068 350 1098 378 et
1117 356 1199 378 com-

458 399 601 432 moditati
626 399 777 443 privatae,
803 409 897 442 quam
916 398 1081 432 occasione
1099 398 1199 430 dictae
1216 397 1217 405 ¹

458 452 554 495 pestis
579 462 733 496 personae
750 451 980 485 ecclesiasticae
1000 455 1198 494 receperunt,

458 516 555 549 super
591 516 653 548 quo
689 505 762 538 dicti
800 504 938 549 episcopi
975 503 1198 537 conscientiam

459 568 649 599 oneramus;
674 558 839 601 dictaeque
864 563 951 590 taxae
976 556 1102 589 eaedem
1128 566 1198 599 per-

459 622 553 645 sonae
579 612 808 645 ecclesiastieae
839 611 970 645 ulterius
999 610 1217 652 contribuere,

459 675 522 698 non
546 665 727 705 debebunt,
763 665 817 698 sed
849 664 1046 708 exemptione
1082 674 1116 695 ac
1142 663 1196 695 im-

461 718 612 751 munitate
626 718 744 751 eisdem
762 729 798 751 ex
816 717 1023 761 dispositione
1036 726 1198 749 sacrorum
1216 728 1218 738 v

461 780 627 811 canonum,
650 768 858 802 conciliorum
884 773 914 800 et
939 766 1198 800 constitutionum

460 824 703 867 apostolicarum
745 827 943 866 competente
979 821 1077 853 libere
1116 830 1196 862 gau-

460 877 562 911 deant.

505 931 561 974 53.
580 932 648 965 Non
662 930 858 964 obstantibus
872 928 1065 973 praemissis,
1079 937 1200 961 necnon

460 985 658 1030 apostolicis,
683 996 718 1018 ac
744 985 774 1017 in
799 983 1047 1022 universalibus,
1072 981 1200 1026 provin-

460 1038 654 1082 cialibusque
672 1044 701 1071 et
717 1037 920 1082 synodalibus
940 1035 1080 1069 conciliis
1101 1034 1201 1075 editis,

459 1092 660 1134 generalibus
684 1092 732 1124 vel
752 1090 951 1134 specialibus,
969 1088 1200 1122 constitutioni-

459 1145 517 1178 bus
542 1150 571 1178 et
596 1144 864 1185 ordinationibus,
890 1149 930 1183 et,
951 1148 1104 1186 quatenns
1122 1152 1201 1185 opus

459 1198 512 1239 sit,
542 1198 670 1232 maioris
695 1203 725 1231 et
748 1198 880 1231 aliarum
907 1196 1110 1230 ecclesiarum
1127 1222 1134 1235 ,
1166 1206 1201 1228 ac

460 1252 735 1292 monasteriorum,
753 1255 975 1289 conventuum,
993 1248 1199 1291 collegiorum

460 1311 489 1338 et
509 1305 634 1348 piorum
661 1305 803 1337 locorum
829 1302 1041 1347 quorumlibet
1069 1301 1201 1335 civitatis

459 1358 648 1401 praedictae,
667 1363 696 1390 et
721 1357 788 1389 aliis
813 1355 985 1399 quibusvis,
1003 1355 1094 1387 etiam
1122 1355 1201 1387 iura-

460 1416 575 1453 mento,
601 1410 841 1444 confirmatione
865 1409 1046 1453 apostoliea,
1064 1408 1110 1440 vel
1129 1418 1201 1451 qua—

460 1465 504 1497 sis
538 1464 685 1497 firmitate
721 1463 782 1496 alia
818 1462 992 1502 roboratis,
1024 1461 1146 1494 statutis
1172 1465 1201 1494 et

459 1517 740 1551 consuetudinibus
756 1543 763 1557 ,
793 1516 967 1560 privilegiis
994 1525 1130 1559 quoque,
1156 1515 1200 1547 in-

459 1570 554 1603 dultis
571 1576 600 1602 et
616 1569 729 1602 litteris
746 1568 937 1613 apostolicis,
958 1568 988 1600 in
1006 1567 1199 1600 contrarium

459 1623 707 1667 praemissorum
746 1621 984 1666 quomodolibet
1023 1621 1200 1662 concessis,

459 1676 653 1711 confirmatis
674 1681 704 1709 et
729 1675 899 1715 innovatis,
916 1674 1030 1719 quibus
1055 1675 1201 1708 omnibus

460 1737 490 1763 et
515 1731 656 1774 singulis,
682 1730 809 1764 illorum
836 1735 959 1763 tenores
983 1728 1201 1773 praesentibus

460 1795 519 1829 pro
544 1785 635 1829 plene
664 1790 693 1818 et
722 1784 912 1818 sufficienter
938 1782 1094 1826 expressis
1110 1793 1145 1816 ac
1163 1783 1201 1815 de

461 1839 558 1872 verbo
590 1839 628 1872 ad
653 1839 784 1872 verbum
810 1837 934 1871 insertis
961 1837 1120 1877 habentes,
1141 1836 1201 1869 illis

460 1893 536 1925 alias
554 1893 584 1925 in
604 1903 662 1926 suo
682 1893 798 1926 robore
818 1891 1042 1935 permansuris,
1060 1890 1097 1923 ad
1116 1900 1202 1933 prae-

461 1947 630 1980 missorum
657 1946 822 1988 effectum,
851 1945 909 1978 hac
934 1945 999 1978 vice
1032 1944 1219 1988 dumtaxat„

461 2000 638 2044 specialiter
663 2006 693 2032 et
717 2009 863 2043 expresse
888 1998 1098 2041 derogamus3
1124 2003 1201 2030 cete-

461 2054 568 2097 risque
592 2053 758 2086 contrariis
782 2052 1042 2096 quibuscumque.

505 2107 615 2139 Datum
641 2107 758 2140 Romae
786 2105 869 2149 apud
894 2106 922 2139 S.
953 2105 1078 2137 Mariam
1105 2105 1200 2137 Maio-

462 2169 528 2192 rem
554 2160 613 2192 sub
632 2159 747 2192 annulo
773 2158 949 2198 piscatoris,
974 2157 1023 2190 die
1052 2167 1094 2190 vu
1120 2168 1200 2190 mar-

463 2214 496 2246 tii
521 2223 660 2255 atDCLvn,
679 2213 879 2257 pontificatus
903 2212 1001 2245 nostri
1027 2222 1107 2244 anno
1127 2221 1156 2244 n.

499 2275 556 2302 Dat.
574 2275 616 2301 die
634 2275 647 2301 7
665 2274 751 2302 martii
772 2274 847 2309 1657,
865 2273 959 2309 pontis·
976 2281 1046 2300 aimo
1062 2280 1088 2300 tt.

771 2398 893 2432 CXLVI.

462 2478 520 2519 Ne,
541 2478 575 2511 ob
592 2478 805 2512 dissensiones
822 2479 908 2511 inter
922 2477 1102 2521 principem
1123 2477 1203 2509 Mas—

507 2533 615 2565 serani
631 2536 659 2564 el
680 2542 752 2565 snos
769 2530 926 2565 vassallos
943 2534 1108 2571 vertentes,
1126 2530 1204 2563 iura

507 2585 598 2619 Sectis
612 2585 825 2630 Apostolicnv,
839 2597 875 2617 ια·
892 2584 1076 2618 iurisdictio
1092 2589 1119 2617 el
1135 2584 1201 2617 loca
1219 2593 1220 2598 ¹

1236 189 1390 214 ROMANUM

1278 238 1358 271 (licei
1380 236 1596 280 principalem,
1618 235 1677 279 qni
1696 234 1829 278 feudum
1842 234 1872 269 S.
1887 234 1924 269 R.
1937 233 1973 268 E.

1277 291 1397 331 existit,
1421 289 1558 333 aliquod
1584 289 1818 322 detrimentum
1840 288 1974 332 patian-

1279 350 1341 384 tur,
1362 349 1390 377 et
1411 348 1446 376 nt
1477 343 1609 386 facilius
1638 342 1851 376 dissensiones
1877 351 1974 385 prae-

1276 397 1415 440 scriptae
1432 396 1576 439 componi
1599 395 1733 439 possint,
1757 395 1891 438 deputat
1914 405 1974 438 qu-

1279 450 1480 483 bernatorem
1511 449 1547 482 in
1572 449 1656 481 dicto
1681 448 1873 492 principatu
1899 457 1972 481 cum

1277 503 1412 536 dirersis
1431 502 1644 545 facultatibus
1659 500 1676 534 ¹.

1358 582 1472 610 Dilecto
1492 582 1554 609 filio
1575 582 1693 609 Iuliano
1713 581 1845 614 Laureti,

1403 628 1477 655 iuris
1498 627 1658 661 utriusque
1679 626 1804 660 doctori,

1429 682 1595 709 Alexander
1617 682 1696 715 Papa
1715 681 1778 708 vll.

1508 753 1622 780 Dilecte
1643 752 1701 784 fili,

1282 798 1410 824 salutem
1425 800 1455 824 et
1471 797 1666 830 apostolicam
1679 795 1930 824 benedictionem.

1278 877 1368 911 'ruis‘2
1382 878 1414 910 in
1429 887 1487 911 nos
1501 881 1531 911 et
1543 877 1623 910 hanc
1636 881 1775 910 sanctam
1788 876 1900 910 Sedem
1913 875 1975 909 fide

1235 936 1265 964 et
1289 931 1465 973 devotione,
1490 940 1610 964 necnon
1629 930 1816 972 integritate,
1830 928 1974 963 doctrina

1235 990 1265 1017 et
1290 995 1396 1017 rerum
1423 983 1633 1027 gerendarum
1655 993 1725 1024 usu,
1749 982 1881 1026 aliisque
1908 982 1975 1015 lau·

1235 1037 1391 1070 dabilibus
1415 1038 1565 1070 virtutum
1592 1042 1716 1070 tuarum
1742 1035 1865 1069 meritis
1888 1035 1976 1069 indu-

1235 1092 1346 1132 cimur,
1365 1097 1397 1124 ut
1415 1097 1443 1124 te
1460 1091 1516 1132 rei,
1534 1101 1613 1134 quae
1630 1090 1721 1123 nobis
1738 1089 1872 1122 maxime
1889 1089 1976 1123 cordi

1235 1150 1292 1185 est,
1310 1144 1576 1177 administrandae
1593 1143 1727 1176 libenter
1746 1142 1976 1187 praeficiamus,

1235 1198 1326 1231 firma
1351 1208 1405 1242 spe
1423 1198 1454 1230 in
1470 1198 1603 1231 Domino
1621 1197 1701 1238 freti,
1719 1202 1749 1229 te
1773 1196 1857 1229 iuxta
1872 1195 1975 1229 datam

1237 1251 1291 1284 tibi
1318 1262 1335 1284 a
1359 1251 1493 1285 Domino
1517 1249 1715 1294 prudentiam
1741 1249 1898 1283 desiderio
1922 1259 1977 1283 no-

1235 1310 1300 1338 stro
1325 1304 1482 1337 cumulate
1507 1303 1748 1337 satisfacturum.

1279 1358 1294 1401 ξ
1311 1358 1339 1390 l.
1361 1358 1436 1391 Cum
1455 1357 1571 1401 itaque,
1589 1356 1670 1390 sicut
1688 1355 1877 1400 accepimus,
1896 1355 1977 1388 inter

1235 1410 1382 1444 dilectum
1415 1409 1515 1442 silium
1547 1409 1686 1442 nobilem
1716 1408 1819 1441 virum
1844 1408 1975 1441 Paulum

1236 1464 1361 1497 Bessum
1377 1462 1557 1496 Ferret-ium
1569 1462 1704 1495 Fliscum
1716 1462 1890 1506 principem
1903 1461 1977 1495 Mas-

1235 1518 1348 1558 serani,
1373 1528 1408 1550 ac
1433 1516 1651 1550 universitates
1675 1521 1705 1549 et
1729 1515 1873 1549 homines
1896 1516 1976 1549 loco-

1236 1581 1305 1604 rum
1324 1571 1396 1604 dieti
1415 1570 1620 1614 principatus,
1634 1569 1688 1613 qui
1709 1569 1834 1602 seudum
1852 1574 1975 1603 sanctae

1236 1625 1395 1657 Romanae
1420 1623 1577 1656 Ecclesiae
1602 1623 1714 1665 existit,
1732 1632 1843 1666 graves
1860 1622 1976 1656 dissen-

1235 1679 1339 1712 siones
1365 1688 1419 1711 seu
1445 1676 1640 1710 differentiae
1658 1682 1837 1709 versantur:
1853 1686 1920 1716 nos,
1937 1686 1975 1709 ne

1236 1736 1404 1775 propterea
1423 1731 1492 1763 iura
1507 1735 1613 1763 nostra
1628 1735 1657 1762 ct
1671 1729 1758 1763 Sedis
1770 1729 1975 1773 Apostolicae,

1236 1795 1271 1817 ac
1289 1783 1464 1817 iurisdictio
1489 1783 1519 1816 in
1543 1783 1627 1816 dicto
1643 1782 1832 1827 principatu,
1846 1782 1976 1827 eiusque

1236 1837 1351 1882 oppida
1390 1847 1443 1879 seu
1482 1837 1549 1870 loca
1589 1836 1716 1880 aliquod
1751 1836 1976 1870 detrimentum

1236 1891 1404 1935 patiantur,
1423 1890 1580 1933 simulque
1606 1900 1760 1934 prospero
1786 1889 1912 1923 illorum
1930 1900 1977 1922 re-

1235 1943 1344 1987 gimini
1370 1948 1399 1976 et
1423 1943 1601 1986 gubernio,
1630 1953 1666 1976 ac
1701 1942 1834 1976 faciliori
1858 1942 1978 1976 dissen-

1235 1997 1359 2029 sionum
1404 1996 1468 2028 sive
1506 1995 1756 2028 differentiarum
1797 1994 1977 2029 huiusmodi

1235 2048 1466 2093 compositioni,
1484 2054 1634 2092 quantum
1661 2059 1732 2081 eum
1753 2048 1885 2082 Domino
1905 2058 1978 2092 pos-

1235 2113 1354 2145 sumus,
1376 2102 1540 2135 consulere
1565 2102 1715 2143 volentes,
1735 2107 1822 2135 motu
1845 2101 1977 2146 proprio

1236 2162 1265 2189 et
1289 2167 1323 2189 ex
1350 2157 1435 2189 certa
1461 2156 1591 2189 scientia
1617 2166 1653 2189 ac
1678 2157 1801 2189 matura
1828 2155 1978 2188 delibera-

1236 2211 1319 2243 tione
1342 2209 1467 2249 nostris,
1486 2214 1515 2242 te
1539 2209 1612 2243 dicti
1637 2209 1842 2253 principatus,
1863 2219 1900 2242 ac
1920 2213 1978 2242 ter·

1238 2273 1353 2302 rarum,
1370 2262 1572 2306 oppidorum,
1598 2267 1785 2303 castrorum,
1803 2261 1924 2295 areium
1948 2267 1978 2295 et

1236 2316 1468 2358 fortalitiorum,
1484 2326 1520 2349 ae
1536 2316 1678 2350 locorum
1692 2324 1978 2360 quorumcumque,

1236 2370 1330 2403 etiam
1356 2369 1483 2413 speciali
1508 2371 1581 2402 nota
1600 2374 1630 2401 et
1648 2368 1848 2413 expressione
1872 2368 1979 2412 digno-

1237 2434 1319 2464 rum,
1347 2423 1378 2455 in
1400 2429 1430 2456 et
1453 2423 1510 2455 snb
1535 2423 1618 2456 dicto
1643 2423 1821 2466 principatu
1845 2431 1978 2466 quomo-

1274 2506 1282 2529 t
1303 2503 1338 2529 Ex
1361 2504 1470 2538 Regest.
1489 2504 1514 2528 in
1530 2503 1633 2530 Seeret.
1652 2502 1728 2529 Brev.

1271 2548 1287 2574 2
1300 2547 1364 2575 Vide
1376 2548 1457 2575 alium
1475 2548 1546 2575 cirea
1562 2547 1612 2575 hoc
1627 2547 1739 2575 feudum
1755 2546 1978 2573 Constitutionem

1238 2592 1336 2619 Urbani
1355 2592 1412 2618 vtlJ
1431 2593 1454 2618 in
1473 2597 1535 2619 toni.
1553 2599 1608 2625 xtv,
1626 2600 1685 2627 pag.
1709 2591 1809 2626 46501.
1827 2591 1875 2626 Τ.).

1987 185 2033 213 An.
2054 186 2083 214 C.
2101 187 2161 219 1657

2017 885 2150 907 Prooemium.

2011 1361 2109 1382 lulianum
2117 1361 2166 1382 Lau·

1992 1390 2058 1409 retum
2068 1387 2167 1414 principa·

1991 1417 2024 1436 tus
2056 1414 2167 1437 Masneraut

2002 1441 2158 1468 gubernatorem
2206 1449 2210 1459 u

1991 1470 2056 1489 creat.
