2202 3190
2195 0 2202 148 l

272 185 320 212 An.
341 184 368 212 C.
388 184 452 213 1661

278 881 391 902 Decretum
403 885 463 907 prae·

277 909 379 928 insertum
389 906 462 928 confir·

279 936 330 955 mat.

507 176 570 210 700
1046 186 1224 212 auctamuu
1250 186 1404 211 Romnum
1577 174 1583 180 ”
1988 190 2040 217 An.
2061 189 2092 218 c.
2109 190 2174 219 1661
2200 150 2202 175 Ι

2201 231 2202 245 i

472 238 613 266 mentum
639 233 795 266 dictorum
822 233 967 267 undecim
992 234 1124 267 millium
1150 239 1209 268 tre-

472 291 636 319 centorum
661 286 869 330 quadraginta
886 287 1021 321 duorum
1048 293 1209 321 scutorum

472 344 502 371 et
527 338 750 381 septemdecim
780 339 964 381 solidorum,
990 346 1020 373 et
1044 351 1105 373 non
1131 341 1210 373 ulte—

472 391 548 430 rius,
566 391 726 432 duratura,
751 393 790 425 ad
814 394 902 426 cuius
926 394 1113 427 solutionem
1137 404 1211 427 con-

473 454 602 476 currere
638 450 667 477 et
700 446 901 480 contribuere
937 447 1070 480 debeant
1094 457 1212 487 omnes,

474 502 536 528 tam
564 498 765 531 ecclesiastici
790 510 883 542 quam
909 500 1066 533 seculares
1082 527 1090 540 ,
1114 510 1209 543 prae-

475 549 603 582 cedente
627 555 735 584 nostro
760 557 789 584 et
813 551 913 585 dictae
946 553 1033 585 Sedis
1059 552 1210 595 benepla-

475 603 537 635 cito
563 603 756 646 imponatur:
775 605 864 638 nobis
878 611 1048 649 propterea
1062 605 1212 648 praedicti

477 663 671 699 exponentes
684 657 846 690 humiliter
871 658 1039 702 supplicari
1065 658 1213 699 fecerunt,

476 713 510 740 ut
534 708 606 741 dicti
633 709 797 753 hospitalis
823 710 947 754 inopiae
973 716 1003 743 et
1027 710 1155 753 egestati
1185 710 1214 742 in

476 763 656 804 praemissis
677 768 855 807 opportune
879 764 1057 807 providere,
1077 767 1107 797 et
1123 768 1156 796 ut
1173 763 1217 795 in-

476 814 525 847 fra
546 815 710 858 indulgere
724 816 761 849 de
778 817 969 859 benignitate
985 816 1157 860 apostolica
1175 815 1217 847 di-

479 878 659 910 gnaremur.
673 870 734 902 Nos
754 869 862 912 igitur,
880 869 1005 902 eosdem
1024 874 1217 912 exponentes

479 922 666 966 specialibus
692 923 850 956 favoribus
874 929 904 956 et
928 923 1037 965 gratiis
1070 921 1217 966 prosequi

479 976 628 1015 volentes,
649 981 806 1009 eteorum
833 976 1008 1018 singulares
1032 985 1181 1019 personas
1202 985 1219 1007 a

479 1029 642 1072 quibusvis
670 1029 1013 1069 excommunicationis,
1041 1028 1219 1072 suspensio-

479 1081 546 1121 nis,
578 1087 607 1114 et
638 1082 813 1122 interdicti,
846 1082 977 1125 aliisque
1002 1082 1220 1115 ecclesiasticis

481 1135 659 1178 sententiis,
677 1135 818 1168 censuris
842 1141 872 1168 et
895 1135 1014 1179 poenis,
1039 1146 1055 1168 a
1080 1135 1148 1168 iure
1172 1135 1220 1167 vel

481 1188 521 1220 ab
546 1188 693 1229 homine,
718 1188 827 1232 quavis
863 1189 1026 1222 occasione
1056 1189 1103 1221 vel
1128 1190 1221 1221 causa

482 1241 574 1282 latis,
606 1242 631 1274 si
656 1242 769 1285 quibus
793 1242 1031 1285 quomodolibet
1056 1242 1221 1276 innodatae

483 1295 630 1336 existunt,
656 1295 694 1328 ad
718 1295 863 1329 effectum
888 1295 1099 1339 praesentium
1125 1295 1218 1328 dum-

484 1354 566 1382 taxat
590 1349 856 1392 consequendum,
882 1349 993 1382 harum
1019 1349 1100 1382 serie
1124 1349 1223 1381 absol-

484 1408 591 1436 ventes
616 1408 646 1435 et
669 1403 828 1436 absolutas
852 1403 919 1435 sore
949 1408 1126 1444 censentes,
1159 1403 1220 1435 hu-

486 1456 621 1490 iusmodi
647 1456 928 1500 supplicationibus
949 1456 1098 1496 inclinati,
1115 1456 1223 1488 frater·

485 1510 573 1544 nitati
598 1515 668 1542 tuae
701 1520 758 1553 per
789 1513 968 1553 praesentes
999 1509 1225 1543 committimus

487 1569 518 1597 et
542 1564 734 1604 mandamus,
759 1568 921 1607 quatenus,
947 1563 1082 1597 constito
1108 1563 1164 1596 tibi
1189 1563 1226 1596 de

486 1617 640 1658 narratis,
665 1622 695 1649 et
718 1616 890 1650 dummodo
922 1617 998 1649 cleri
1030 1616 1161 1649 civitatis
1197 1622 1227 1648 et

488 1670 648 1703 districtus
684 1670 865 1703 huiusmodi
902 1670 932 1702 in
963 1670 1074 1713 primis
1100 1675 1129 1702 et
1158 1675 1228 1702 ante

489 1724 594 1757 omnia
624 1723 751 1756 accedat
787 1733 954 1762 assensus,
985 1729 1020 1756 ut
1050 1723 1228 1767 praedictae

489 1787 644 1821 personae
670 1776 898 1810 ecclesiasticae
928 1776 1091 1819 utriusque
1116 1786 1228 1816 sexus,

491 1837 553 1864 tam
579 1831 736 1863 seculares
761 1841 854 1874 quam
880 1830 1017 1863 cuiusvis
1041 1829 1165 1863 Ordinis
1186 1840 1230 1863 re-

492 1884 627 1926 gulares,
650 1883 833 1916 eorumdem
860 1882 992 1916 civitatis
1009 1888 1039 1915 et
1059 1883 1229 1924 districtus,

492 1937 530 1969 ad
555 1936 741 1970 solutionem
767 1936 945 1980 praedictae
973 1935 1113 1978 gabellae
1138 1947 1231 1979 super

494 1990 624 2032 singulis
651 1989 807 2022 mensuris
832 1988 925 2022 tritici
951 1994 981 2021 et
1005 1989 1065 2022 olei
1086 1989 1117 2021 in
1142 1989 1232 2023 dictis

495 2043 618 2076 civitate
644 2048 674 2075 et
697 2042 840 2075 districtu
876 2042 1029 2075 vendendi
1055 2048 1083 2075 et
1109 2043 1231 2076 emendi

495 2096 635 2139 legitime
660 2095 869 2139 imponendae
894 2105 1085 2128 concurrere
1110 2101 1139 2128 et
1158 2106 1231 2129 con-

496 2149 635 2182 tribuere
660 2154 823 2181 teneantur
847 2158 904 2191 pro
929 2150 995 2180 rat-‘l
1014 2153 1043 2180 et
1062 2148 1233 2191 quantitate

496 2213 554 2246 per
579 2209 606 2235 te
631 2208 660 2235 et
684 2201 824 2234 ciusdem
850 2201 926 2234 cleri
951 2201 1115 2245 deputatos
1135 2205 1235 2235 taxan-

497 2256 536 2288 da
561 2266 615 2289 seu
640 2255 870 2295 concordanda,
895 2255 1017 2299 ipsique
1044 2260 1234 2298 exponentes

498 2309 651 2352 gabellam
688 2309 806 2352 ipsam,
831 2314 893 2341 tam
929 2319 946 2341 a
980 2309 1066 2341 laicis
1100 2319 1193 2352 quam
1219 2320 1235 2341 a

499 2362 666 2405 praedictis
689 2362 907 2395 ecclesiasticis
932 2362 1074 2405 personis
1091 2362 1237 2395 seculari-

502 2415 558 2448 bus
583 2426 618 2447 ac
643 2415 779 2447 cuiusvis
803 2413 946 2456 Ordinis,
972 2415 1236 2457 congregationis,

502 2478 537 2501 ac
569 2479 660 2500 sexus
685 2468 900 2510 regularibus,
926 2468 1070 2510 exigere,
1096 2469 1237 2512 recipere

503 2526 533 2553 ct
556 2531 745 2564 recuperare
778 2522 877 2554 libere
902 2526 931 2554 et
955 2521 1038 2554 licite
1063 2522 1184 2565 possint
1208 2527 1237 2555 et

505 2573 645 2615 valeant,
670 2573 711 2606 ita
736 2578 838 2607 tamen
867 2579 900 2607 ut
924 2579 1094 2618 proventus
1120 2575 1236 2608 contri-

1243 234 1382 267 butionis
1417 245 1473 268 seu
1497 235 1638 278 gabellae
1662 236 1841 270 huiusmodi
1866 237 1898 270 in
1921 247 1977 270 ex-

1245 287 1426 320 tinctionem
1452 291 1569 321 tantum
1602 288 1683 321 aeris
1714 289 1806 321 alieni
1830 290 1980 333 praedicti

1245 340 1407 383 hospitalis
1432 346 1461 373 et
1480 352 1543 374 non
1569 342 1599 374 in
1623 343 1701 375 alios
1720 353 1794 375 usus
1820 348 1850 377 et
1873 354 1982 376 causas

1246 392 1337 425 etiam
1363 394 1617 436 urgentissimas,
1642 395 1734 427 etiam
1760 395 1982 437 urgentissima

1246 445 1384 488 qualibet
1408 456 1443 478 ac
1463 457 1556 489 quam
1577 458 1725 490 praesens
1747 448 1786 480 sit
1808 448 1984 490 urgentiori

1246 499 1431 531 necessitate
1453 509 1515 532 non
1539 500 1690 540 obstante,
1716 500 1890 533 successive
1916 510 1985 533 con-

1247 556 1419 591 vertantur,
1445 557 1474 584 et
1498 552 1535 584 ad
1560 553 1643 586 bunc
1667 553 1811 586 effectum
1837 557 1986 597 computa

1248 608 1418 646 proventus
1443 605 1622 638 huiusmodi
1650 606 1678 638 in
1703 605 1765 638 fine
1788 606 1882 649 primi
1903 606 1985 648 anni,

1249 660 1278 689 et
1294 655 1406 688 deinde
1423 657 1593 697 cuiuslibet
1606 658 1730 700 mensis,
1749 669 1855 692 coram
1869 663 1899 691 te
1919 658 1987 702 ipso

1249 708 1406 751 liqffldari,
1432 715 1462 742 et
1485 710 1599 744 solutio
1624 711 1702 744 facta
1726 711 1872 754 hospitali
1900 721 1988 755 prae-

1250 761 1312 794 sato
1334 761 1494 795 iustificari
1520 763 1648 797 omnino
1673 763 1815 806 debeant,
1839 763 1989 807 alioquin,

1251 814 1298 846 bis
1322 815 1468 848 omnibus
1492 821 1522 849 et
1546 817 1677 859 singulis
1702 822 1807 849 exacte
1831 826 1894 850 non
1924 827 1990 849 ser-

1251 868 1349 909 vatis,
1375 874 1405 901 et
1429 869 1453 901 si
1485 869 1515 901 in
1548 870 1653 913 aliquo
1689 870 1842 904 desectum
1876 870 1990 911 fuerit,

1251 932 1399 964 praesens
1424 923 1524 965 gratia
1548 934 1585 957 eo
1610 923 1678 967 ipso
1702 924 1788 957 nulla
1811 924 1936 968 penitus
1961 929 1991 957 et

1253 974 1387 1007 invalida
1412 976 1523 1009 existat
1547 982 1576 1009 et
1600 987 1658 1019 pro
1683 987 1745 1009 non
1774 977 1854 1010 facta
1878 976 1992 1010 hahea-

1254 1034 1313 1069 tur,
1338 1039 1439 1072 neque
1460 1030 1612 1073 praedicti
1633 1030 1835 1063 ecclesiastici
1860 1030 1992 1063 ulterius

1254 1082 1292 1114 ad
1316 1082 1498 1116 huiusmodi
1523 1083 1788 1116 contributionem
1806 1094 1861 1116 seu
1889 1083 1993 1126 gabel-

1255 1136 1315 1168 lam
1343 1142 1522 1177 teneantur,
1546 1142 1599 1169 aut
1624 1136 1826 1170 contribuere
1850 1136 1993 1178 debeant,

1254 1200 1312 1223 nec
1336 1190 1457 1233 possint
1481 1190 1574 1222 etiam
1600 1190 1785 1231 voluntarie,
1809 1190 1994 1224 auctoritate

1256 1244 1362 1276 nostra
1388 1243 1558 1287 apostolica
1583 1243 1735 1277 concedas
1763 1249 1793 1277 et
1821 1243 1994 1287 indulgeas,

1256 1307 1292 1329 ac
1316 1296 1471 1329 licentiam
1498 1302 1527 1329 et
1555 1297 1733 1330 facultatem
1767 1297 1902 1341 desuper
1937 1307 1993 1340 op-

1258 1356 1426 1395 portunam
1452 1351 1625 1394 elargiaris.

1302 1404 1369 1447 §3
1403 1405 1611 1437 Decernentes
1655 1408 1835 1447 praesentes
1874 1404 1996 1438 litteras

1259 1457 1385 1498 firmas,
1415 1456 1532 1489 validas
1564 1462 1594 1489 et
1625 1456 1766 1489 efficaces
1803 1456 1937 1490 existere
1968 1462 1998 1490 et

1260 1511 1336 1550 sore,
1354 1520 1389 1543 ac
1406 1509 1476 1552 illis,
1494 1510 1530 1542 ad
1548 1520 1627 1553 quos
1649 1514 1769 1554 spectat
1794 1515 1822 1543 et
1846 1510 1999 1554 spectabit

1260 1563 1292 1596 in
1316 1563 1467 1603 futurum,
1492 1562 1673 1606 plenissime
1698 1562 1882 1606 suffragari,
1908 1566 1938 1597 et
1960 1563 1998 1596 ab

1261 1617 1322 1649 illis
1346 1617 1521 1660 respective
1558 1616 1781 1649 inviolabiliter
1819 1616 1999 1657 observari,

1262 1670 1369 1715 sicque
1390 1670 1421 1702 in
1444 1669 1625 1714 praemissis
1649 1680 1707 1713 per
1726 1680 1943 1714 quoscumque
1957 1670 2000 1703 iu-

1263 1724 1346 1756 dices
1366 1723 1543 1757 ordinarios
1567 1728 1597 1756 et
1621 1723 1790 1766 delegatos,
1813 1723 1906 1756 etiam
1931 1734 2000 1757 cau-

1263 1787 1367 1810 sarum
1404 1777 1510 1820 palatii
1546 1776 1710 1820 apostolici
1752 1776 1929 1817 auditores,
1965 1787 2001 1810 ac

1263 1831 1292 1864 S.
1312 1831 1344 1863 R.
1371 1830 1403 1863 E.
1430 1830 1613 1870 cardinales,
1637 1830 1729 1862 etiam
1747 1829 1785 1862 de
1805 1830 1903 1862 latere
1919 1830 2002 1873 lega-

1264 1888 1311 1916 tos
1336 1888 1365 1916 et
1389 1883 1489 1916 dictae
1514 1883 1600 1916 Sedis
1625 1883 1777 1923 nuncios,
1810 1883 1940 1916 iudicari
1973 1889 2003 1917 et

1265 1936 1387 1969 definiri
1409 1936 1540 1976 debere,
1572 1946 1607 1968 ac
1632 1936 1755 1969 irritum
1782 1941 1808 1969 et
1840 1936 1952 1977 inane,
1977 1937 2002 1970 si

1266 2000 1355 2022 secus
1387 1999 1482 2032 super
1514 1989 1562 2022 liis
1585 1999 1602 2021 a
1626 2000 1795 2033 quoquam,
1821 1990 1929 2033 quavis
1954 2000 2004 2023 au-

1266 2043 1419 2082 ctoritate,
1437 2042 1571 2075 scienter
1589 2043 1635 2075 vel
1654 2042 1845 2085 ignoranter,
1864 2043 2003 2086 contige-

1266 2097 1307 2129 rit
1331 2096 1485 2129 attentari.

1312 2151 1326 2193 ς
1355 2149 1384 2182 4.
1418 2150 1486 2182 Non
1516 2149 1709 2183 obstantibus
1742 2149 1943 2192 apostolicis,
1968 2160 2004 2183 ac

1268 2202 1298 2235 in
1324 2202 1554 2235 universalibus
1578 2202 1885 2246 provincialibusque
1909 2208 1940 2236 et
1959 2213 2005 2247 sy-

1268 2247 1432 2288 nodalibus
1456 2256 1597 2291 conciliis
1615 2256 1716 2296 editis,
1737 2255 1937 2298 generalibus
1957 2257 2005 2288 vel

1269 2308 1466 2352 specialibus,
1492 2308 1766 2342 constitutionibus
1789 2313 1819 2341 et
1838 2308 2006 2342 ordinatio-

1270 2361 1382 2402 nibus,
1407 2371 1529 2394 necnon
1564 2362 1692 2395 maioris
1713 2366 1743 2394 et
1767 2361 1898 2394 aliarum
1923 2372 2003 2405 qua-

1271 2415 1388 2447 rumvis
1420 2414 1645 2454 ecclesiarum,
1681 2415 1944 2448 monasteriorum
1977 2419 2008 2447 et

1270 2468 1500 2512 praedictorum
1527 2468 1669 2501 locorum
1696 2468 1828 2500 civitatis
1853 2473 1882 2500 et
1906 2468 2007 2501 distri-

1270 2526 1337 2556 ctus
1362 2521 1551 2561 huiusmodi,
1576 2532 1611 2554 ac
1636 2521 1805 2562 Ordinem,
1826 2531 2005 2564 congrega-

1271 2574 1389 2607 tionum
1415 2580 1445 2607 et
1465 2574 1677 2608 institutorum
1711 2583 2004 2618 quorumcumque,

2038 1415 2155 1436 clausulae.

2025 2181 2037 2185 Ἰ
2089 2154 2198 2180 Derogauo

2019 2182 2177 2204 contrariorum.
