2243 3205
263 219 311 245 An.
329 217 357 245 c.
380 216 448 245 ¹660
493 206 557 240 524

273 492 342 513 Tutior
357 499 442 514 concor-

259 520 315 540 dian.

460 264 561 297 (lictae
590 263 621 296 in
652 262 793 296 dominio
816 263 1030 297 Helvetiorum
1056 270 1086 297 et
1110 264 1194 297 Rhe-

461 318 586 350 thorum
611 316 728 357 nuncii,
742 316 931 360 compositio
948 327 1003 350 seu
1021 317 1198 357 transactio,

460 376 555 415 prout
579 371 757 404 continetur
775 370 806 403 in
833 370 992 414 scriptura
1010 371 1128 404 tenoris
1144 370 1196 414 qui

459 425 601 468 sequitur
615 451 622 465 ‚
647 424 806 457 videlicet:

508 490 521 509 «
540 477 615 511 Cum
641 477 672 509 in
696 477 937 520 exequutionem
955 476 1062 510 Brevis
1077 481 1199 520 aposto-

459 530 509 563 lici
544 541 561 562 a
600 535 724 563 sanctae
761 530 932 563 memoriae
970 530 1097 563 Urbano
1133 529 1197 561 Vlll

459 584 516 616 sub
537 584 586 616 die
610 594 629 617 v
655 583 770 616 mensis
795 584 919 627 augusti
944 593 1086 617 uncxmu
1110 593 1199 626 expe-

458 637 536 677 diti,
567 641 597 670 et
630 647 647 669 a
679 641 802 669 sanctae
838 636 1010 669 memoriae
1044 637 1197 669 Innocen-

459 690 500 723 tio
518 691 541 723 Χ
566 690 624 723 suh
650 690 700 723 die
725 700 788 723 xvii
813 690 952 723 octobris
968 699 1103 723 nncxbtv
1128 699 1198 722 con-

457 744 583 787 firmati,
601 755 697 788 super
717 745 835 776 asserta
860 743 1066 776 conventione
1086 742 1123 776 de
1144 753 1198 774 an—

457 808 497 831 no
522 807 638 830 ‚vincht
674 797 749 829 inita
785 797 865 830 inter
902 795 1196 829 reverendissimum

457 851 607 884 dominun
622 851 804 895 episcopum
819 855 848 882 et
865 849 1034 893 capitulum
1048 849 1197 883 Cui-iensc

457 915 493 937 ex
508 906 569 937 una
583 909 612 937 et
636 904 780 937 dominos
801 903 945 935 abbatem
963 902 1196 943 Fabariensem,

456 958 733 998 Dissertinensem,
754 956 1036 990 Mariamontanum
1063 960 1093 988 et
1117 956 1194 988 Ein-

456 1011 624 1044 sildensem
650 1021 686 1044 ex
718 1011 815 1043 altera
849 1014 957 1053 parte,
990 1009 1084 1042 fuerit
1115 1019 1196 1042 anno

455 1065 625 1109 praeterito
641 1065 699 1098 sub
713 1064 763 1097 die
776 1073 874 1097 xxv111
887 1063 1075 1107 septembris
1091 1073 1195 1096 MDCLv

455 1119 493 1151 ab
518 1118 731 1153 illustrissimo
755 1117 885 1150 domino
910 1116 1060 1149 Federico
1086 1116 1196 1149 Boi-ro-

456 1182 545 1205 maeo
561 1171 677 1205 nuncio
693 1170 866 1215 apostolico
884 1169 985 1202 eidem
1003 1168 1131 1202 domino
1146 1169 1196 1201 ab·

455 1226 518 1258 bati
532 1224 752 1258 Dissertinensi
763 1228 792 1257 et
802 1222 978 1264 conventui,
989 1222 1195 1266 praecedente

455 1278 531 1312 reali
556 1278 713 1311 solutione
729 1277 777 1309 bis
795 1271 929 1309 millium
950 1275 1145 1308 florenorum
1163 1275 1193 1307 in

455 1332 652 1376 episcopatus
677 1329 851 1363 subsidium
877 1329 1117 1373 applicatarum⁷
1138 1328 1194 1360 ad-

455 1384 590 1418 iudicata
625 1383 805 1417 omnimoda
841 1388 870 1415 et
903 1381 1006 1415 totalis
1038 1381 1194 1424 exemptio

454 1441 621 1482 propterea
646 1435 691 1471 et¹
723 1434 903 1469 monasterii
929 1445 947 1466 a
979 1433 1193 1467 iurisdictione

456 1490 707 1524 reverendissimi
733 1488 874 1533 episcopi
910 1487 1053 1520 moderni
1080 1492 1110 1520 et
1134 1498 1194 1531 pro

455 1550 598 1589 tempore
623 1544 793 1584 existentis,
811 1544 873 1575 una
891 1552 963 1575 cum
984 1541 1124 1574 ecclesiis
1140 1551 1194 1585 pa-

455 1598 647 1632 rochialibus
661 1606 833 1640 earumque
850 1595 1009 1635 filialibus,
1022 1604 1102 1638 quae
1119 1594 1194 1627 alias

454 1652 492 1685 ad
516 1651 590 1685 dicti
614 1650 796 1684 monasterii
832 1648 1118 1693 praesentationem
1145 1648 1193 1680 vel

453 1711 654 1750 patronatum
680 1703 883 1748 spectabant,
908 1702 956 1735 vel
992 1701 1085 1736 etiam
1110 1711 1193 1735 nunc

454 1764 604 1805 spectant,
630 1759 810 1801 multaeque
829 1759 999 1801 propterea
1024 1755 1194 1789 contentio-

454 1824 509 1847 nes
534 1814 615 1846 inter
646 1812 823 1857 praedictas
851 1816 965 1855 partes,
987 1809 1107 1842 ratione
1138 1809 1189 1842 iu-

454 1867 645 1900 risdictionis
670 1864 860 1910 episcopalis
888 1874 924 1896 ac
954 1867 1139 1907 praetensae
1163 1867 1193 1895 et

454 1921 627 1965 respective
647 1929 814 1954 concessae
831 1917 1049 1961 exemptionis,
1066 1922 1192 1950 exortae

453 1976 579 2017 suerint,
593 1975 754 2019 multaque
778 1973 871 2006 etiarn
896 1971 1023 2005 dissidia
1043 1981 1193 2015 provene-

454 2030 517 2062 rint
541 2029 622 2062 inter
646 2026 886 2062 communitates
901 2052 909 2067 ,
934 2024 1136 2068 magistratus
1164 2028 1194 2058 et

452 2084 605 2128 populum
630 2083 785 2115 dictarum
811 2080 1035 2125 parochiarum
1053 2084 1083 2112 et
1102 2090 1192 2123 prae-

453 2138 548 2172 fatum
574 2136 800 2170 monasterium
826 2134 948 2168 ratione
973 2133 1051 2166 iuris
1080 2134 1188 2166 confe-

453 2191 541 2224 rendi
562 2190 660 2224 dictas
681 2189 839 2231 ecclesias,
855 2187 939 2232 quod
956 2186 994 2219 ad
1010 2186 1092 2230 ipsas
1110 2197 1193 2220 com-

453 2245 619 2278 munitates
644 2243 818 2287 respective
847 2247 989 2286 spectare
1018 2240 1190 2281 asseritur3

452 2300 525 2333 hinc
550 2305 596 2332 est
619 2298 703 2342 quod
728 2296 887 2341 cupientes
903 2295 1005 2329 dictae
1022 2300 1128 2339 partes
1145 2305 1192 2328 ec-

452 2353 626 2387 clesiastica
661 2358 691 2386 et
705 2351 886 2385 christiana
910 2349 1062 2384 charitate
1086 2349 1191 2393 quiete

452 2411 482 2441 et
505 2407 712 2440 amicabiliter
732 2406 847 2447 vivere,
863 2404 1044 2448 nullamque
1064 2403 1190 2436 acatho-

451 2461 519 2494 licis
544 2461 720 2495 facultatem
745 2459 915 2505 praebere,
941 2469 1002 2502 qua
1027 2458 1059 2491 in
1083 2458 1191 2492 ortho-

451 2514 550 2548 doxae
572 2514 646 2548 fidei
669 2513 853 2548 discrimina
888 2512 1044 2546 inhiantes
1067 2510 1193 2556 possint

488 2635 499 2661 1
513 2634 598 2662 Voces
607 2636 764 2669 propterea
774 2636 801 2661 et
813 2632 936 2662 videntur
946 2630 1086 2660 abundare
1097 2628 1189 2665 (11:1³.)-

1035 215 1212 240 BULLARIUM
1236 214 1389 239 ROMANUM

1233 263 1264 296 in
1289 261 1441 296 eiusmodi
1468 261 1567 295 turbis
1591 260 1758 305 proficere,
1774 262 1805 294 in
1829 261 1968 295 eiusdem

1232 316 1350 349 domini
1371 315 1475 348 nuncii
1497 314 1661 347 arbitrium
1677 324 1747 347 suas
1762 324 1870 347 omnes
1883 325 1970 358 prae-

1233 370 1390 403 tensiones
1416 369 1611 413 supradictas
1635 367 1826 401 remiserunt
1843 373 1872 401 et
1889 378 1971 401 com-

1231 423 1456 467 promiserunt;
1471 423 1522 466 qui
1537 422 1668 466 proinde
1682 421 1719 454 ad
1738 421 1968 465 infrascriptam

1232 476 1475 509 declarationem
1509 476 1633 509 devenit
1656 475 1694 508 ab
1719 476 1852 518 utraque
1881 479 1970 518 parte

1232 529 1466 574 acceptandam,
1481 534 1510 562 et
1533 539 1596 562 non
1615 529 1676 562 alio
1695 528 1788 562 modo
1805 528 1969 560 valituram

1232 583 1291 616 nisi
1316 588 1479 627 quatenus
1493 582 1686 617 Sanctissimi
1707 580 1968 625 approbationem

1231 642 1261 669 et
1285 636 1556 669 confirmationem
1582 635 1740 675 sortiatur,
1761 634 1849 667 cuius
1866 633 1970 677 dispo-

1232 689 1335 722 sitioni
1354 695 1486 733 utraque
1505 699 1578 732 pars
1594 687 1770 720 humillime
1787 687 1947 720 subiacet:

1276 753 1295 776 1.
1331 742 1420 782 Quod
1455 740 1628 786 perpetua¹
1661 740 1752 773 firma
1777 744 1968 781 remanente,

1231 800 1271 837 et,
1296 801 1450 840 quatenus
1467 806 1546 839 opus
1570 795 1619 837 sit,
1641 794 1678 827 de
1703 804 1785 827 novo
1809 794 1969 833 concessa,

1231 849 1413 895 omnimoda
1438 853 1467 882 et
1492 848 1578 882 totali
1603 847 1803 891 exemptione
1828 846 1969 880 eiusdem

1230 903 1349 936 domini
1386 902 1506 935 abbatis
1543 907 1573 934 et
1608 911 1825 934 successorum
1859 900 1969 944 suique

1230 955 1466 989 Dissertinensis
1488 954 1669 988 monasterii
1692 959 1723 987 et
1746 952 1969 996 religiosorum

1230 1009 1381 1042 ecclesiae
1401 1008 1614 1042 conventualis
1632 1012 1662 1040 et
1679 1007 1820 1040 omnium
1833 1006 1968 1040 aliorum

1230 1063 1397 1104 bonorum,
1422 1062 1633 1106 granciarum,
1653 1061 1917 1106 pertinentiarum
1934 1064 1969 1102 ,et

1229 1117 1468 1161 quomodolibet
1492 1126 1686 1149 annexorum
1712 1115 1743 1148 in
1763 1125 1889 1148 omnem
1907 1124 1969 1147 am-

1228 1171 1360 1215 pliorem
1398 1170 1531 1203 sormam
1561 1175 1591 1203 et
1625 1169 1753 1203 modum
1782 1167 1968 1212 (dummodo

1229 1223 1415 1268 supradictis
1441 1223 1622 1257 nominibus
1642 1232 1703 1256 non
1723 1221 1847 1256 veniant
1870 1221 1968 1254 eccle-

1228 1278 1292 1310 siae
1327 1277 1523 1321 parochiales
1553 1287 1607 1309 seu
1643 1286 1751 1309 earum
1790 1275 1900 1307 filiales
1935 1274 1968 1308 in

1229 1331 1400 1375 praeterito
1436 1334 1597 1363 contractu
1635 1339 1803 1372 expressae
1839 1338 1894 1361 seu
1928 1327 1967 1360 de

1228 1395 1309 1418 novo
1341 1394 1399 1428 pro
1425 1385 1501 1416 cura
1537 1382 1713 1415 animarum
1742 1381 1924 1426 erigendae)
1949 1391 1967 1414 a

1228 1437 1444 1470 iurisdictione
1466 1436 1607 1469 moderni
1634 1441 1664 1468 et
1687 1435 1914 1478 cuiuscumque
1934 1435 1968 1467 in

1228 1492 1367 1525 futurum
1393 1501 1450 1534 pro
1476 1495 1617 1533 tempore
1642 1488 1801 1521 existentis
1826 1487 1966 1532 episcopi

1228 1545 1388 1580 Curiensis
1406 1544 1499 1577 etiam
1523 1543 1626 1587 quoad
1647 1542 1918 1576 confirmationem
1936 1545 1968 1574 et

1228 1599 1479 1632 benedictionem
1506 1598 1652 1630 abbatum
1685 1607 1742 1640 per
1767 1596 1855 1630 Sedis
1881 1596 1966 1640 Apo-

1227 1653 1355 1687 stolicae
1372 1651 1505 1685 nuncios
1522 1651 1569 1683 vel
1587 1661 1645 1694 per
1664 1650 1743 1684 alios
1767 1649 1805 1682 de
1824 1650 1967 1693 ipsorum

1227 1705 1448 1739 commissione
1473 1704 1643 1738 catholicos
1661 1702 1813 1735 antistites
1830 1712 1888 1746 pro
1905 1711 1968 1734 ma-

1227 1760 1287 1793 iori
1312 1759 1459 1791 abbatum
1485 1757 1708 1791 commoditate
1727 1755 1825 1799 gratis
1849 1755 1968 1799 impen-

1226 1812 1381 1853 dendam,
1407 1811 1576 1844 reducatur
1608 1809 1841 1854 praedictarum
1867 1808 1967 1841 eccle-

1227 1867 1343 1900 siarum
1373 1872 1402 1899 et
1423 1865 1646 1909 parochiarum
1671 1872 1866 1906 suarumque
1889 1861 1969 1896 fitia-

1227 1921 1303 1954 lium
1324 1924 1421 1954 status
1438 1919 1475 1952 ad
1493 1920 1571 1953 iuris
1588 1917 1767 1951 communis
1783 1922 1813 1949 et
1840 1925 1965 1949 sacrum

1227 1984 1381 2007 canonum
1407 1972 1649 2017 praescriptum,
1676 1971 1753 2004 itaut
1776 1969 1909 2014 pristina
1934 1979 1966 2002 e-

1227 2027 1348 2060 iusdem
1367 2026 1507 2070 episcopi
1533 2024 1709 2058 iurisdictio
1727 2023 1876 2057 ecclesias
1892 2022 1966 2056 visi-

1227 2080 1311 2113 tandi
1344 2085 1372 2113 et
1398 2079 1578 2122 corrigendi
1605 2084 1666 2110 tam
1691 2077 1844 2121 populum
1870 2086 1964 2120 quam

1225 2133 1381 2178 parochos
1406 2138 1436 2166 et
1459 2132 1657 2176 cappellanos
1687 2130 1799 2164 iisdem
1824 2128 1965 2163 ecclesiis

1225 2188 1441 2227 inservienteS,
1467 2192 1560 2230 atque
1578 2195 1688 2219 causas
1704 2184 1741 2217 ad
1760 2182 1896 2217 tribunal
1914 2193 1965 2217 ec-

1225 2240 1432 2276 clesiasticum
1458 2238 1694 2283 quomodolibet
1718 2242 1895 2282 spectantes
1912 2247 1965 2270 ex·

1224 2294 1379 2340 pediendi‚
1405 2293 1572 2336 omniaque
1597 2292 1657 2324 alia
1685 2288 1817 2324 faciendi
1843 2294 1874 2325 et
1903 2295 1959 2323 sta·

1225 2349 1347 2392 tuendi,
1372 2349 1466 2392 pleno
1492 2347 1560 2380 iure
1584 2345 1749 2390 pertineat,
1773 2354 1836 2378 non
1862 2348 1964 2379 tamen

1224 2403 1262 2437 de
1286 2413 1367 2436 novo
1381 2402 1544 2446 acquisito,
1561 2400 1614 2434 sed
1635 2402 1765 2440 tantum,
1785 2409 1821 2432 ac
1835 2398 1859 2432 si
1876 2408 1964 2443 prae-

1224 2457 1305 2490 dicta
1331 2455 1488 2500 exemptio
1512 2454 1634 2488 nullum
1663 2452 1766 2497 quoad
1789 2452 1870 2486 hanc
1893 2462 1965 2496 par-

1225 2514 1286 2545 tem
1311 2509 1421 2544 sortita
1444 2509 1553 2542 suisset
1576 2507 1741 2541 effectum:

1262 2628 1273 2654 1
1296 2627 1398 2655 Forsan
1415 2627 1554 2661 perpetuo
1571 2624 1610 2660 (a.
1628 2622 1677 2658 r).

1983 212 2032 239 An.
2048 211 2077 239 C.
2097 211 2164 240 ¹600
