2243 3205
64 169 115 196 An.
132 167 161 194 C.
183 166 251 194 1662

83 1028 161 1049 Annuit
169 1027 249 1055 petitis.

864 155 1048 191 AiAExANDEa
1073 166 1117 189 vn
1141 165 1189 189 Pr.

261 214 294 247 in
312 219 501 258 perpetuum
528 215 578 248 die
602 215 680 248 festo
698 215 743 248 Ss.
762 214 843 248 Petri
862 220 892 247 et
916 215 1002 247 Pauli

261 268 412 302 solvendo
445 269 483 302 de
515 280 672 303 consensu
709 269 896 302 dilectorum
923 268 1004 301 filio-

261 332 332 354 rum
359 323 486 366 capituli
516 329 546 355 et
576 323 799 356 canonicorum
829 322 930 355 dictae
955 333 1005 354 ec—

261 375 399 417 clesiae,
433 387 469 409 ac
505 382 664 409 reservato
704 382 813 409 nostro
850 381 880 408 et
917 375 1005 408 Sedis

261 429 461 472 Apostolicae
491 430 708 473 beneplacito,
748 435 902 473 perpetuo
936 439 1006 461 con-

262 482 401 522 cesserit,
420 493 490 515 cum
517 483 586 515 aliis
611 483 845 517 conditionibus
862 482 955 515 licitis
977 486 1007 515 et

261 535 412 575 honestis,
436 542 531 579 prout
555 536 585 568 in
611 537 739 579 publico
765 536 900 579 desuper
925 545 1003 568 con--

261 589 342 622 secto
368 589 578 623 instrumento
604 590 733 623 uberius
765 590 880 622 dicitur
906 590 1005 622 conti-

261 642 358 682 neri;
390 643 481 676 nobis
513 649 681 687 propterea
713 644 787 676 dicti
821 643 1006 675 Franciscus

262 696 524 740 archiepiscopus
560 702 590 729 et
622 697 794 737 Fabritius,
831 702 1006 728 asserentes

263 750 498 783 concessionem
536 751 716 784 huiusmodi
760 751 789 783 in
830 751 1006 783 evidentem

262 803 443 847 praedictae
475 805 625 838 ecclesiae
656 804 767 837 cedere
792 809 822 837 et
847 814 1005 838 cessuram

263 869 332 891 esse
356 859 530 900 utilitatem,
555 858 718 891 humiliter
735 858 906 902 supplicari
931 858 1008 890 sece-

263 917 348 953 runt,
367 917 400 944 ut
417 912 476 945 sibi
494 912 629 956 desuper
645 917 824 955 opportune
841 911 1007 955 providere

263 963 302 997 de
323 964 515 1008 benignitate
540 965 712 1009 apostolica
737 964 954 1007 dignaremur.

309 1018 324 1061 ἓ
348 1017 378 1051 3.
403 1019 466 1052 Nos
490 1018 597 1061 igitur,
618 1018 688 1051 illos
709 1018 898 1061 specialibus
923 1018 1006 1050 savo-

263 1071 352 1105 ribus
377 1077 407 1104 et
431 1072 541 1114 gratiis
564 1071 714 1116 prosequi
736 1072 885 1111 volentes,
904 1076 934 1104 et
959 1081 1008 1103 eo-

263 1136 334 1158 rum
355 1125 530 1168 singulares
554 1136 706 1169 personas
733 1136 749 1157 a
771 1124 932 1168 quibusvis
954 1135 1007 1157 ex-

263 1179 558 1213 communicationis
572 1179 786 1223 suspensionis
800 1184 828 1211 et
841 1178 1007 1219 interdicti,

263 1232 396 1277 aliisque
418 1233 638 1266 ecclesiasticis
663 1233 834 1273 sententiis,
865 1232 1007 1265 censuris

263 1292 293 1320 et
309 1287 430 1331 poenis,
455 1298 472 1320 a
501 1287 569 1320 iure
595 1287 642 1320 vel
668 1287 706 1319 al)
731 1287 868 1326 homine,
898 1286 1007 1330 quavis

263 1341 429 1374 occasione
444 1341 492 1374 vel
510 1343 604 1374 causa
632 1341 713 1381 latis,
738 1341 762 1373 si
789 1340 903 1384 quibus
928 1350 1006 1383 quo-

263 1394 436 1428 modolibet
453 1395 616 1428 innodatae
641 1394 787 1434 existunt,
801 1394 839 1426 ad
860 1393 1005 1426 effectum

263 1449 479 1492 praesentium
498 1448 657 1481 dumtaxat
671 1447 938 1491 consequendum,
952 1447 1005 1479 lia-

264 1511 334 1534 rum
370 1501 451 1535 serie
476 1502 671 1535 absolventes
696 1507 726 1534 ct
753 1501 912 1534 absolutas
940 1501 1006 1533 sore

264 1561 437 1598 censentes,
458 1555 639 1588 huiusmodi
661 1555 943 1599 supplicationibus
964 1554 1007 1586 in-

264 1609 593 1650 clinati,-sraternitati
619 1613 700 1649 tuae,
727 1610 821 1641 frater
846 1607 1005 1651 episcope,

265 1662 329 1707 qui,
353 1668 388 1695 ut
411 1663 572 1703 asseritur,
593 1662 777 1695 Ordinarius
796 1661 930 1694 vicinior
948 1661 1007 1693 exi-

264 1715 329 1755 stis,
355 1725 390 1748 ac
414 1715 595 1748 discretioni
622 1722 701 1757 tuae,
728 1716 771 1748 titi
797 1710 923 1754 decan‘e,
950 1725 1007 1757 per

264 1774 445 1813 praesentes
481 1769 707 1802 committimus
743 1774 770 1801 ct
800 1768 1006 1805 mandamus,

265 1827 429 1866 quatenus,
447 1822 470 1855 si
488 1828 517 1855 et
536 1829 712 1866 postquam,
731 1822 848 1855 vocatis
873 1822 925 1865 qui
945 1822 1006 1854 sue-

265 1876 330 1909 rint
355 1876 515 1917 evocandi,
540 1888 576 1909 ac
601 1877 784 1920 praemissis
809 1876 957 1909 omnibus
978 1882 1007 1908 ct

266 1929 419 1973 singulis,
444 1930 636 1973 illorumque
660 1930 904 1963 circumstantiis
930 1930 1004 1961 uni-

265 1983 365 2016 versis
390 1983 477 2027 prius
502 1994 607 2016 coram
634 1983 722 2016 vobis
747 1982 944 2026 speciticatis,
970 1983 1008 2015 de

267 2037 469 2071 concessione
501 2037 702 2078 huiusmodi,
727 2037 875 2081 quodque
900 2037 951 2069 illa
976 2037 1006 2069 in

267 2090 441 2124 evidentem
469 2095 661 2124 memoratae
692 2091 842 2124 ecclesiae
867 2090 956 2124 cedat
980 2097 1009 2123 ct

267 2144 304 2179 sit
329 2155 455 2178 cessura
480 2144 667 2185 utilitatem,
692 2144 780 2178 vobis
816 2145 1006 2178 coniunctim

266 2198 494 2242 procedentes¹
520 2199 659 2241 legitime
685 2199 879 2239 constiterit,
912 2209 1008 2242 super

267 2263 329 2296 quo
354 2258 487 2286 vestram
514 2252 651 2295 dictique
676 2252 832 2285 Francisci
858 2252 1008 2296 arhiepis-

268 2306 338 2350 copi
353 2306 576 2339 conscientiam
590 2316 768 2347 oneramus,
782 2306 923 2339 eamdem
939 2316 1008 2339 con-

269 2360 442 2393 cessionem
468 2359 498 2392 in
524 2359 650 2392 seudum
677 2359 759 2393 dicto
785 2360 952 2394 Francisco
978 2370 1008 2392 e-

268 2411 380 2456 iusque
404 2413 642 2446 successoribus
667 2423 683 2445 a
708 2419 884 2446 memorato
917 2413 1008 2446 Fran-

269 2465 352 2498 cisco
386 2464 645 2510 archiepiscopo,
670 2465 750 2499 sicut
773 2465 1006 2510 praemittitur,

305 2582 316 2608 1
339 2581 431 2609 Potius
449 2581 508 2616 lege
525 2581 745 2616 procedentibus
762 2582 800 2616 (a.
818 2583 865 2616 T.).

1038 213 1161 254 factam,
1176 214 1417 258 confectumque
1432 214 1568 258 desuper
1592 214 1782 248 instrumen-

1039 272 1115 309 tum,
1142 278 1212 300 cum
1239 268 1385 301 omnibus
1403 274 1433 301 et
1453 268 1585 311 singulis
1607 268 1638 300 in
1655 279 1692 301 eo
1710 278 1782 301 con-

1040 321 1141 361 tentis,
1166 321 1240 354 alias
1265 327 1369 354 tamen
1393 322 1486 355 licitis
1504 328 1533 355 et
1558 322 1708 363 honestis,
1735 321 1783 354 di-

1040 379 1171 417 ctaeque
1197 375 1346 408 ecclesiae
1364 376 1492 408 utilibus
1510 380 1539 409 et
1554 375 1714 419 proficuis,
1733 385 1784 407 au-

1041 428 1185 460 ctoritate
1209 431 1318 461 nostra
1342 429 1514 472 apostolica
1539 428 1733 461 confirmetis
1754 433 1784 460 et

1040 481 1234 525 approbetis,
1250 482 1372 526 illisque
1389 481 1576 514 inviolabilis
1593 481 1783 525 apostolicae

1041 535 1199 568 firmitatis
1225 536 1323 569 robur
1347 536 1499 568 adiiciatis
1517 564 1524 577 ,
1555 547 1589 569 ac
1622 546 1730 570 omnes
1755 540 1785 568 et

1041 589 1183 632 singulos
1200 590 1276 622 iuris
1299 595 1329 622 et
1353 590 1424 623 sacti
1450 590 1599 631 desectus,
1625 590 1649 622 si
1675 589 1727 633 qui
1753 589 1784 621 in

1042 643 1101 675 illis
1134 644 1374 687 quomodolibet
1402 644 1648 684 intervenerint,
1673 642 1784 676 eadem

1041 697 1228 730 auctoritate
1248 697 1427 741 suppleatis.

1086 751 1101 794 ξ
1124 750 1153 783 4.
1188 752 1255 784 Non
1281 751 1476 784 obstantibus
1507 751 1605 784 felicis
1632 750 1780 784 recorda-

1042 805 1136 837 tionis
1172 805 1257 837 Pauli
1282 805 1324 845 V,
1350 810 1379 837 et
1403 804 1537 837 aliorum
1569 805 1783 837 Romanorum

1043 858 1230 891 Pontificum
1245 858 1525 902 praedecessorum
1541 863 1733 897 nostrorum,
1747 857 1784 890 de

1042 911 1136 944 rebus
1162 912 1317 945 Ecclesiae
1341 922 1402 944 non
1429 910 1611 951 alienandis,
1637 911 1784 943 constitu-

1044 965 1180 998 tionibus
1199 971 1228 997 et
1248 964 1498 998 ordinationibus
1512 964 1704 1008 apostolicis,
1717 974 1785 996 nec-

1042 1029 1115 1058 non,
1129 1023 1281 1061 quatenus
1296 1029 1374 1062 opus
1395 1018 1447 1058 sit,
1478 1017 1658 1061 praedictae
1683 1017 1783 1049 eccle-

1042 1072 1105 1105 siae
1129 1072 1381 1113 Tarraconensis,
1400 1072 1491 1104 etiam
1511 1071 1697 1112 iuramento,
1711 1080 1784 1102 con-

1043 1126 1220 1158 firmatione
1237 1126 1420 1169 apostolica,
1437 1125 1484 1158 vel
1503 1125 1611 1168 quavis
1637 1124 1784 1156 firmitate

1042 1179 1100 1210 alia
1119 1179 1284 1220 roboratis,
1300 1179 1421 1212 statutis
1442 1184 1471 1211 et
1492 1177 1783 1217 consuetudinibus,

1042 1232 1217 1275 ceterisque
1242 1232 1410 1265 contrariis
1433 1232 1695 1275 quibuscumque.

1085 1286 1196 1318 Datum
1221 1286 1357 1325 Romae,
1382 1285 1464 1329 apud
1486 1285 1515 1318 S.
1538 1286 1666 1318 Mariam
1688 1285 1783 1317 Maio-

1041 1350 1119 1379 rem,
1138 1339 1195 1371 sub
1220 1340 1336 1372 annulo
1356 1339 1534 1379 Piscaioris,
1549 1339 1598 1371 die
1623 1349 1641 1371 x
1666 1338 1785 1370 februa-

1041 1393 1078 1425 rii
1097 1403 1237 1435 MDCan,
1259 1393 1462 1436 pontificatus
1487 1393 1587 1425 nostri
1608 1402 1689 1424 anno
1707 1402 1761 1425 vn.

1078 1455 1133 1481 ltat.
1151 1456 1195 1482 die
1213 1456 1245 1482 10
1260 1455 1389 1482 februarii
1409 1455 1483 1489 1662,
1501 1455 1595 1490 pontif.
1615 1463 1686 1481 anno
1702 1460 1747 1480 vn.

1320 1599 1503 1632 CCCLXXX.

1043 1679 1254 1720 Confirmatio
1279 1678 1398 1711 decreti
1429 1678 1465 1711 m
1489 1678 1607 1711 ultimo
1639 1677 1783 1721 capitulo

1085 1732 1232 1775 yencrali
1247 1731 1379 1765 Ordinis
1395 1733 1538 1774 fratrum
1558 1731 1663 1763 sancti
1680 1730 1784 1764 Paua·

1082 1786 1188 1828 primi
1212 1786 1362 1818 cremitae
1380 1785 1414 1817 in
1431 1795 1529 1828 rcyno
1553 1783 1784 1827 Portayalliae

1085 1840 1175 1882 sacti,
1199 1843 1235 1871 at
1260 1840 1295 1871 in
1312 1843 1476 1882 posteram
1493 1842 1706 1870 amoveantur
1723 1837 1784 1869 dis-

1085 1894 1164 1926 creti
1188 1893 1310 1925 vocales
1328 1892 1521 1935 mincapali,
1546 1893 1604 1934 qai
1625 1902 1685 1934 pro
1710 1902 1785 1934 quo-

1087 1947 1163 1979 libet
1188 1950 1344 1978 conventa
1369 1945 1511 1978 eiusdem
1544 1944 1680 1978 Ordinis
1705 1955 1781 1977 con-

1086 2010 1215 2033 currere
1240 2004 1267 2032 et
1293 2010 1398 2032 rrocem
1431 1999 1468 2032 in
1501 1998 1644 2042 capitulo
1671 1998 1784 2031 habere.

1086 2052 1256 2086 solebant¹.

1237 2135 1405 2161 Alexander
1425 2134 1504 2167 Papa
1522 2133 1584 2166 Vll,

1181 2182 1215 2206 ad
1233 2180 1367 2206 futuram
1387 2179 1431 2206 rei
1452 2178 1637 2206 memoriam.

1087 2252 1101 2294 ξ
1126 2251 1155 2283 1,
1181 2250 1302 2294 Exponi
1328 2250 1418 2283 nobis
1435 2260 1536 2293 nuper
1557 2248 1627 2281 sccit
1651 2248 1782 2281 dilectus

1042 2304 1124 2336 silius
1139 2307 1327 2347 procurator
1340 2302 1497 2345 generalis
1511 2301 1635 2335 Ordinis
1651 2302 1781 2333 fratrum

1042 2357 1139 2389 sancti
1177 2356 1263 2389 Pauli
1300 2356 1394 2399 primi
1433 2355 1583 2388 eremitae
1617 2355 1648 2386 in
1684 2364 1782 2397 regno

1042 2411 1252 2453 I'ortugalliac
1270 2409 1477 2450 consistentis,
1492 2408 1576 2452 quod
1594 2408 1624 2440 in
1642 2408 1782 2452 capitulo

1041 2464 1181 2508 generali
1199 2463 1273 2497 dicti
1291 2463 1415 2497 Ordinis
1435 2463 1605 2496 novissime
1623 2462 1781 2496 celebrato

1082 2582 1089 2607 t
1107 2580 1144 2607 Ex
1160 2580 1267 2615 Regest.
1284 2580 1310 2606 in
1325 2579 1427 2606 Secret.
1444 2580 1523 2606 Brev.

1684 153 1748 190 763
1796 165 1846 191 An.
1864 165 1892 192 c.
1913 163 1982 193 1662

1870 763 1984 790 Derogaiin

1800 791 1960 811 contrariorum.

1824 2255 1941 2282 Exposittu.
