2263 3215
296 196 342 220 Αιι.
361 196 388 221 c.
416 196 479 223 ¹057
527 186 590 218 272

312 363 332 382 (ἶι
343 366 426 383 ηῑιειιπιε
438 363 472 383 ilc·

302 392 356 414 ngat.

334 2168 395 2189 fidas
411 2171 466 2190 tran·

283 2197 418 2222 nummorum.

487 253 657 286 quoquam,
677 243 785 286 quavis
805 244 1001 285 auctoritate,
1021 245 1156 278 scienter
1182 247 1228 279 vel
1246 248 1248 262 ¹

488 296 681 338 ignoranter,
702 297 870 339 contigerit
894 298 1050 330 attentari.
1246 271 1248 323 i

532 350 548 390 ξ
565 348 594 381 3.
610 349 677 382 Non
693 349 899 390 obstantibus,
913 356 1066 394 quatenus
1089 362 1166 395 opus
1181 353 1229 392 sit,

488 400 525 433 de
542 411 604 433 non
630 401 767 434 tollendo
792 401 860 435 iure
879 403 1032 446 quaesito,
1055 404 1229 447 ceterisque
1246 426 1247 446 ;

488 453 603 486 nostris
622 459 649 486 et
671 455 876 488 cancellariae
893 456 1081 499 apostolicae
1102 457 1229 499 regulis,
1245 450 1247 455 ⁷

489 511 520 538 ct
543 506 610 538 aliis
632 507 906 541 constitutionibus
931 514 960 541 et
980 497 1247 554 ordinationibusf

489 559 667 602 apostolicis
681 587 688 601 ,
714 560 805 592 etiam
842 561 1062 595 conciliaribus
1076 590 1083 603 ,
1108 556 1246 608 necnon}

489 612 670 645 carumdem
697 614 901 647 ecclesiarum
927 625 982 647 seu
1007 614 1206 648 basilicarum
1222 613 1246 657 ,¹

488 664 581 697 ctiam
596 665 781 708 iuramento,
795 668 1033 702 confirmatione
1047 668 1228 712 apostolica,

489 718 535 750 vel
549 718 608 750 alia
624 718 731 762 quavis
750 720 897 753 firmitate
915 720 1080 763 roboratis,
1095 721 1227 762 statutis,
1245 747 1246 751 ,

488 771 777 813 consuetudinibus,
798 772 890 806 etiam
916 772 1246 813 immemoi'abilibus,;

487 823 659 867 privilegiis
690 835 826 868 quoque,
845 825 972 858 indultis
987 830 1016 859 et
1031 825 1142 858 litteris
1155 835 1228 869 apo·
1244 817 1246 859 i

488 876 623 917 stolicis,
645 877 702 910 sub
719 878 974 922 quibuscumque
999 879 1168 912 verborum
1190 865 1246 912 te-i

486 929 618 962 noribus
637 935 666 963 et
680 930 799 972 formis,
812 941 847 964 ac
866 942 936 964 cum
958 931 1118 975 quibusvis
1135 932 1226 965 etiam

486 982 758 1026 derogatoriarum
782 983 1001 1027 derogatoriis,
1027 990 1057 1018 et
1075 984 1144 1018 aliis
1161 985 1226 1018 effi-

489 1034 666 1068 cacioribus
691 1040 719 1068 et
745 1036 877 1069 insolitis
903 1037 1028 1070 clasulis
1040 1042 1069 1070 et
1084 1037 1227 1080 decretis,

489 1088 581 1122 etiam
597 1088 801 1130 irritantibus,
817 1090 847 1122 in
865 1100 981 1133 genere
1000 1090 1048 1123 vel
1066 1090 1097 1123 in
1114 1090 1227 1134 specie,

487 1142 579 1175 etiam
605 1148 691 1175 motu
725 1143 856 1186 proprio
887 1148 917 1176 et
949 1143 1228 1184 consistorialiter,

486 1202 539 1230 aut
552 1196 626 1229 alias
639 1195 878 1240 quomodolibet
891 1196 1123 1229 incontrarium
1141 1207 1228 1240 prae-

487 1251 655 1285 missorum
685 1251 851 1293 concessis,
876 1251 1071 1285 confirmatis
1105 1255 1135 1285 et
1158 1252 1226 1295 plu-

487 1306 548 1340 rics
562 1306 731 1345 innovatis;
748 1305 861 1349 quibus
874 1305 1019 1338 omnibus
1037 1311 1066 1339 et
1086 1305 1226 1348 singulis,

487 1360 606 1393 etiarnsi
631 1371 688 1404 pro
713 1358 879 1392 sufficienti
896 1369 1006 1392 eorum
1023 1357 1227 1402 derogatione

486 1413 524 1446 de
560 1413 620 1446 illis
653 1423 826 1456 eorumque
857 1412 930 1445 totis
961 1411 1122 1445 tenoribus
1150 1422 1223 1455 spe-

486 1467 583 1508 cialis,
607 1466 763 1510 specifica,
784 1475 931 1509 expressa
951 1470 981 1498 ct
1004 1465 1174 1505 individua,
1191 1476 1226 1498 ac

485 1521 522 1553 de
536 1519 634 1552 verbo
654 1518 690 1551 ad
713 1518 853 1560 verbum,
872 1528 934 1551 non
948 1522 1051 1551 autem
1067 1529 1124 1562 per
1142 1519 1225 1551 clau-

485 1573 568 1606 sulas
593 1572 755 1615 generales
779 1571 861 1604 idem
887 1570 1116 1614 importantes,
1143 1581 1226 1604 men-

485 1627 527 1660 tio
560 1636 616 1659 seu
648 1625 706 1658 alia
736 1625 863 1669 quaevis
892 1624 1053 1668 expressio
1086 1624 1225 1657 facienda

484 1686 537 1714 aut
560 1680 663 1724 aliqua
695 1679 753 1711 alia
786 1678 939 1722 exquisita
970 1678 1071 1711 forma
1103 1679 1139 1711 ad
1165 1679 1225 1712 hoc

484 1733 635 1767 servanda
661 1733 751 1773 foret,
775 1732 901 1765 illorum
934 1731 1076 1765 omnium
1102 1737 1131 1764 et
1155 1732 1222 1764 sin-

484 1788 630 1831 gulorum
657 1790 797 1829 tenores,
828 1787 942 1819 formas
979 1791 1009 1819 et
1044 1786 1224 1819 occasiones

484 1840 702 1885 praesentibus
726 1851 784 1883 pro
805 1840 896 1883 plene
914 1844 943 1872 et
964 1839 1154 1872 sufficienter
1172 1850 1223 1872 cx-

482 1894 608 1938 pressis,
634 1893 764 1926 servatis
789 1898 817 1925 et
835 1892 958 1926 insertis
983 1893 1156 1936 respective
1175 1893 1241 1930 lia:

483 1947 600 1989 bentes,
622 1946 682 1980 illis
705 1946 780 1979 alias
809 1946 839 1978 in
867 1956 924 1978 suo
944 1945 1059 1979 robore
1083 1955 1224 1989 perman-

483 2001 574 2041 suris,
596 2000 633 2033 ad
659 2000 905 2044 praemissorum
939 1999 1085 2032 effectum
1107 2000 1224 2043 specia-

482 2053 552 2086 liter
585 2059 614 2086 et
648 2063 795 2097 expresse
823 2052 1027 2096 derogamus3
1049 2053 1223 2096 ceterisque

1080 198 1199 221 nubtiis:
1206 200 1210 221 l
1217 199 1255 221 UM
1286 199 1435 222 ROMANUM

459 2120 462 2124 ’
483 2105 649 2139 contrariis
674 2105 935 2149 quibuscumque.

527 2160 542 2203 ἓ
572 2159 600 2191 4.
628 2158 777 2192 Volumus
810 2163 913 2191 autem
948 2162 980 2192 ut
1008 2159 1222 2202 praesentium

483 2212 700 2255 transumptis
721 2211 813 2245 etiam
840 2211 1018 2256 impressis,
1042 2222 1134 2245 manu
1161 2212 1219 2244 ali-

482 2266 571 2300 cuius
583 2266 697 2300 notarii
711 2265 829 2310 publici
846 2265 1032 2310 subscriptis
1043 2293 1050 2306 ,
1076 2271 1106 2299 et
1119 2265 1222 2309 sigillo

481 2329 636 2364 personae
668 2319 698 2352 in
731 2319 942 2352 ecclesiastica
973 2319 1124 2362 dignitate
1150 2329 1223 2353 con-

482 2374 608 2407 stitutae
633 2373 779 2413 munitis,
805 2372 912 2405 eadem
939 2383 1069 2416 prorsus
1090 2373 1167 2405 sides
1192 2372 1221 2405 in

483 2427 598 2460 iudicio
623 2430 652 2460 et
676 2431 762 2459 extra
788 2426 863 2458 illud
889 2426 1006 2469 ubique
1023 2425 1221 2465 adhibeatur,

483 2490 562 2524 quae
594 2479 670 2523 ipsis
704 2479 923 2523 praesentibus
948 2479 1171 2520 adhiberetur,
1196 2478 1220 2511 si

483 2532 585 2566 forent
609 2532 763 2565 exhibitae
788 2533 835 2565 vel
861 2538 1014 2565 ostensae.

527 2586 639 2621 Datum
665 2586 804 2627 Romae,
827 2585 911 2630 apud
931 2586 960 2620 S.
986 2586 1135 2629 Petrum,
1164 2585 1221 2619 sub

2017 197 2065 222 An.
2085 197 2110 222 C.
2131 198 2190 226 1657

1264 246 1381 279 annulo
1402 245 1580 284 piscatoris,
1598 244 1646 277 die
1675 254 1704 277 ix
1730 244 1838 287 aprilis
1863 254 2001 284 unchn,

1266 299 1467 342 pontificatus
1491 297 1589 331 nostri
1614 308 1696 330 anno
1721 296 1773 330 11⁴.

1300 360 1357 386 Dat.
1375 359 1418 386 die
1432 360 1448 386 9
1464 359 1580 394 aprilisv
1598 360 1675 390 1657,
1694 359 1787 394 pontif.
1804 367 1874 385 anno
1891 365 1930 384 ιιι.

1592 500 1673 533 CLll.

1265 581 1356 621 Quod
1381 582 1416 613 in
1441 592 1538 624 reqno
1565 581 1731 614 Navarrae
1755 581 1930 623 quotannis
1958 590 2002 613 re-

1307 634 1414 667 colant
1449 635 1530 677 fesia
1563 638 1751 667 sanctorum
1786 633 1935 666 Fir-mini
1973 637 2002 666 el

1306 687 1476 720 Francisci
1504 687 1639 720 Xaverz‘i
1671 691 1839 729 tamquam
1868 685 1906 718 de
1929 686 1998 718 Pa-

1308 741 1408 772 tronis
1433 750 1530 783 aeque
1549 739 1790 783 principalibus
1807 739 1887 771 dicei
1908 738 2003 781 reym'

1307 803 1344 825 cx
1367 797 1534 836 praecepto
1551 792 1720 825 Ecclesiae.

1456 871 1621 899 Alexander
1639 871 1718 905 Papa
1737 870 1807 904 vn,

1387 915 1423 942 ad
1438 918 1614 949 perpetuam
1633 915 1679 942 rei
1699 914 1869 942 memoriam

1306 985 1503 1019 Sacrosancti
1515 985 1708 1029 apostolatus
1721 984 1826 1026 officii,
1839 984 1929 1018 nobis
1944 994 2001 1028 per
2043 997 2178 1020 Prooemium.

1262 1037 1484 1072 abundantiam
1504 1038 1627 1071 divinae
1647 1037 1797 1071 bonitatis
1821 1037 1908 1070 nullo
1929 1036 2001 1070 licet

1262 1097 1444 1126 nostrorum
1471 1092 1623 1136 suffragio
1640 1092 1828 1126 meritorum
1850 1090 1999 1135 impositi,

1261 1145 1401 1178 debitum
1427 1145 1576 1190 exposcit,
1602 1150 1635 1178 ut
1660 1144 1850 1178 venerationi
1877 1149 1999 1177 sancto-

1262 1210 1331 1232 rum
1353 1199 1474 1232 Domini
1497 1199 1528 1231 in
1553 1198 1645 1232 terris
1670 1198 1853 1241 augendae,
1878 1207 1999 1231 necnon

1262 1252 1512 1286 christifidelium
1539 1251 1757 1296 tranquillitati
1772 1257 1802 1284 et
1819 1251 1998 1284 animorum

1262 1305 1449 1339 concordiae
1474 1304 1704 1347 conciliandae,
1730 1309 1882 1348 quantum
1907 1303 1999 1337 nobis

1261 1370 1297 1392 cx
1322 1359 1383 1393 alto
1408 1359 1600 1399 conceditur,
1626 1358 1817 1392 studeamus.

1305 1413 1319 1456 g
1344 1413 1371 1445 l.
1392 1413 1507 1455 ltaque,
1524 1412 1563 1444 ad
1583 1411 1735 1445 sedandas
1749 1420 1859 1454 graves
1873 1414 1903 1444 ct
1915 1420 2000 1443 scan-

1260 1465 1382 1499 dalosas
1400 1465 1627 1506 contentiones,
1641 1474 1756 1508 magno
1770 1474 1841 1497 curn
1855 1463 2000 1508 publicae

1260 1519 1374 1563 quietis
1391 1525 1420 1552 et
1437 1519 1615 1552 animarum
1640 1518 1749 1551 salutis
1769 1517 1951 1551 discrimine
1968 1516 1999 1550 in

1261 1582 1358 1616 regno
1384 1572 1540 1605 Navarrae
1561 1572 1621 1604 iam
1647 1571 1700 1605 diu
1725 1581 1819 1615 super
1852 1576 2000 1614 patrona-

1261 1626 1342 1658 tibus
1360 1630 1539 1664 sanctorum
1554 1624 1685 1658 Firmini
1700 1624 1846 1669 martyris
1862 1628 1891 1657 et
1907 1623 2000 1656 Fran-

1259 1679 1332 1712 cisci
1348 1678 1471 1712 Xavcrii
1485 1678 1673 1711 confessoris
1694 1677 1854 1718 excitatas,
1869 1677 1999 1721 paterna

1259 1733 1410 1766 charitate
1423 1731 1532 1765 scdulo
1550 1731 1668 1772 intenti,
1686 1742 1721 1764 ac
1740 1735 1907 1775 propterea
1924 1740 1998 1764 con-

1258 1785 1428 1819 siderantes
1445 1784 1528 1828 quod
1549 1784 1752 1827 congregatio
1771 1782 1998 1816 venerabilium

1258 1839 1389 1871 fratrum
1415 1843 1596 1872 nostrorum
1623 1843 1746 1871 sanctae
1772 1838 1929 1871 Romanae
1946 1837 1999 1871 Ec-

1240 1892 1371 1925 'clesiae
1396 1891 1601 1925 cardinalium
1635 1892 1732 1925 sacris
1766 1890 1877 1924 ritibus
1901 1900 1996 1934 prae-

1257 1945 1432 1988 positorum
1465 1955 1586 1978 necnon
1607 1944 1712 1977 dilecti
1742 1944 1797 1976 filii
1824 1943 1998 1988 cappellani

1239 1998 1355 2031 'nostri
1381 2003 1410 2031 et
1435 2007 1601 2031 causarum
1626 1998 1731 2041 palatii
1757 1997 1922 2041 apostolici
1947 2007 1999 2030 au-

1257 2052 1385 2091 ditores,
1410 2062 1443 2084 re
1461 2051 1580 2095 pluries
1606 2055 1727 2085 mature
1747 2051 1902 2095 perpensa
1920 2051 1998 2084 acri-

1257 2112 1366 2149 terque
1380 2104 1532 2143 discussa,
1554 2104 1757 2148 probationes
1774 2104 1848 2137 hinc
1867 2103 1939 2137 inde
1955 2104 1998 2136 al-

1257 2160 1332 2192 latas
1355 2158 1457 2191 neutri
1483 2157 1621 2201 partium
1642 2157 1716 2190 satis
1738 2156 1916 2200 suffragari,
1934 2156 1998 2190 imo

1257 2212 1287 2244 in
1305 2211 1449 2256 pluribus
1466 2221 1518 2244 eas
1532 2211 1666 2244 deficere
1683 2210 1914 2254 dignoscentes,
1929 2220 1997 2243 rem

1257 2265 1371 2309 ipsam,
1397 2264 1488 2297 etiam
1523 2274 1593 2297 cum
1628 2263 1745 2307 ingenti
1781 2263 1917 2307 partium
1946 2273 1997 2296 ea-

1256 2318 1399 2352 rumdem
1425 2317 1590 2362 dispendio
1622 2317 1773 2361 gravique
1793 2316 1997 2350 incommodo

1255 2374 1414 2414 nunqua'm
1447 2371 1495 2403 vel
1524 2380 1594 2403 sero
1620 2369 1804 2403 difficillime
1829 2369 1997 2403 terminan-

1255 2425 1342 2466 dam,
1369 2423 1538 2457 indecisam
1564 2422 1749 2465 dimiserint,

1299 2479 1314 2523 ,ξ
1338 2477 1367 2511 2.
1402 2479 1485 2511 Motu
1519 2477 1670 2521 proprio,
1701 2486 1763 2509 non
1795 2475 1834 2509 ad
1863 2475 2015 2510 alicuius.
2037 2478 2204 2505 '’r-”ivibus

2011 2511 2031 2527 in
2049 2504 2136 2527 rubi-let.

1292 2551 1301 2575 1
1327 2549 1365 2575 Ab
1386 2549 1518 2574 electione
1539 2547 1685 2583 legendum
1702 2555 1749 2574 αη.
1770 2546 1802 2567 111
1815 2548 1850 2581 (a.
1867 2546 1915 2579 T.).

1289 2593 1304 2620 2
1314 2593 1433 2620 Erronee
1442 2593 1475 2620 ad
1485 2601 1566 2627 marg-
1575 2592 1617 2619 ed.
1630 2591 1712 2621 Μαίη.
1722 2591 1772 2627 leg.
1782 2591 1799 2617 9
1807 2590 1994 2626 triartii(a.1·).
