2185 3188
91 164 141 192 An.
157 163 186 192 C.
208 163 276 192 ¹655

119 1605 250 1631 approbato
259 1608 279 1626 et

96 1632 226 1652 confirmatio
242 1632 280 1653 de-

95 1658 227 1679 liberationis
244 1665 277 1679 ve-

95 1685 196 1706 nerabilis
240 1685 279 1706 lin-

96 1717 149 1737 guae
187 1712 278 1733 Provin-

95 1738 152 1759 eite-

886 162 1071 186 ALEXANDER
1095 161 1140 184 vlt
1164 162 1212 185 PP.

288 211 328 245 de
351 210 477 252 Sollers,
490 210 668 256 dependent
688 211 726 244 de
742 210 773 243 la
794 210 1030 243 commendet-ie

289 264 328 298 de
351 264 557 309 Mompellier,
570 264 625 298 des
643 269 808 309 aussytost,
825 274 886 307 que
904 263 1031 296 viendra

289 319 306 350 3
323 328 459 362 vacquer
484 319 512 351 la
528 318 610 352 dicte
628 317 869 356 commenderie‚
894 316 1031 360 prendra
1048 331 1050 346 1

289 371 319 404 16
340 371 412 404 11116
435 371 474 404 (16
494 371 524 404 13
547 370 781 405 commendet-ie
805 369 843 403 de
866 369 1032 402 Barbanta·

288 434 328 457 ne
351 434 390 457 en
414 429 527 469 payant
555 435 595 458 au
627 435 686 469 pro
718 427 794 457 rata
825 423 870 456 les
899 423 1031 466 charges

289 483 319 511 et
331 477 531 522 impositions
544 477 729 512 ordinaires.
745 476 835 509 Enfin
850 486 930 509 nous
948 486 1032 509 som-

289 541 356 564 mes
375 532 494 564 d'advis
513 532 588 575 qu'il
606 541 638 564 se
655 531 721 563 face
741 535 843 563 toutes
871 530 916 563 les
936 540 1031 574 pour-

289 585 385 618 suites
408 586 552 629 requises
569 590 599 618 et
614 584 807 617 necessaires
820 594 902 628 pour
917 583 1031 616 rendre

290 638 410 672 valable
423 644 453 672 et
469 638 663 671 irrevocable
688 638 715 671 le
735 637 854 671 susdict
877 638 1031 670 desmem-

289 692 434 726 brement
457 697 487 725 et
511 692 608 725 union
635 691 689 724 des
722 691 880 724 membres
909 690 1029 724 suscri-

288 749 357 790 ptes
381 755 419 778 en
443 745 471 777 la
495 745 594 778 forme
618 745 769 788 marqucEe
794 756 831 790 cy
858 744 976 786 dessus,
1002 748 1032 776 et

289 808 329 832 en
359 798 437 832 faire
467 799 511 831 les
539 799 731 842 poursuittes
762 808 820 842 par
852 803 955 831 toutes
987 798 1032 830 les

289 851 374 885 voies
390 851 470 884 dites
489 857 519 884 et
535 851 737 885 necessaires.
762 851 802 885 Ce
819 851 872 894 qui
893 851 1032 884 entendu

289 915 346 949 par
369 910 440 938 tous
463 905 507 938 les
532 905 695 948 seigneurs
720 905 758 938 de
782 905 812 937 la
836 904 918 937 dicte
939 914 1032 937 vene-

290 959 377 992 rable
396 959 510 1003 langue
527 964 582 992 ont
598 959 662 992 este
679 958 798 991 d‘advis
827 963 857 991 et
874 958 912 991 de
940 957 1034 1002 l'opi—

290 1012 365 1046 nion
389 1012 443 1045 des
467 1012 619 1045 susdictes
643 1013 806 1055 seigneurs
839 1011 1033 1045 commissai-

290 1076 350 1108 res,
371 1070 402 1099 et
425 1071 479 1099 ont
503 1066 663 1110 approuve
692 1070 722 1100 et
746 1071 897 1111 consenty
913 1077 952 1099 au
970 1076 1033 1099 sus-

290 1119 372 1152 dicte
388 1119 674 1153 desmembrement
697 1125 727 1152 ct
743 1120 839 1153 union
856 1119 911 1152 des
935 1119 1033 1152 dictes

291 1173 449 1206 membres
473 1183 511 1206 en
535 1173 564 1206 la
589 1173 690 1206 forme
715 1185 751 1218 cy
775 1173 895 1214 dessus,
912 1173 941 1206 16
967 1177 1033 1207 tout

291 1230 382 1270 ayant
405 1226 472 1259 este
496 1226 634 1258 delibet-e
660 1236 717 1270 par
735 1226 805 1259 voix
831 1231 861 1259 et
876 1226 1031 1267 ballottes‚

291 1279 418 1313 nemine
450 1279 661 1323 discrepante.
691 1280 747 1312 Les
778 1290 970 1323 procureurs
994 1279 1032 1312 de

293 1332 322 1365 la
339 1333 505 1365 venerable
521 1333 634 1376 langue
652 1332 689 1365 de
706 1333 865 1366 Provence
876 1360 883 1373 ,
900 1333 929 1366 le
950 1343 1033 1366 com—

295 1385 446 1418 mendeur
470 1385 508 1418 de
533 1386 677 1419 Vallence
701 1386 880 1428 Guarrane,
906 1387 935 1419 16
960 1386 1032 1419 6116-

297 1438 393 1471 vatter
416 1438 454 1471 de
473 1438 618 1472 Causans.
636 1439 768 1473 Estraict
789 1440 831 1472 du
854 1440 932 1473 livre
949 1440 987 1472 de
1004 1440 1032 1472 la

296 1489 463 1523 venerable
490 1492 603 1534 langue
621 1502 677 1535 par
694 1503 766 1537 moy
789 1493 956 1526 secretaire
980 1493 1034 1525 d’i-

296 1543 383 1583 celle,
407 1543 490 1576 frere
513 1544 634 1577 Dannes
659 1544 717 1577 Pre
742 1550 771 1577 et
795 1545 973 1578 secretaire.

339 1596 354 1639 ἓ
377 1596 407 1629 2.
425 1597 630 1641 Quapropter,
648 1597 857 1631 laudabilibus
875 1599 1034 1642 obsequiis

293 1649 426 1682 fratrum
463 1650 597 1683 militum
633 1651 812 1694 praedictae
847 1652 1034 1685 venerabilis

294 1702 439 1746 linguae,
479 1713 654 1746 eorumque
694 1705 969 1738 commoditatibus
1004 1712 1034 1739 et

292 1756 544 1799 promotionibus
569 1757 809 1800 prospicientes
828 1762 961 1801 votoque
982 1769 1032 1791 an-

292 1813 444 1852 nuentes,
469 1809 603 1842 invicem
637 1814 760 1843 maturo
797 1814 826 1844 et
861 1811 1032 1846 deliberato

292 1863 433 1905 consilio,
460 1863 499 1896 de
523 1864 632 1896 nostra
657 1866 742 1896 certa
768 1864 909 1905 scientia,
930 1870 1033 1898 aucto-

291 1915 382 1949 ritate
415 1916 576 1950 ordinaria
608 1917 701 1950 liuius
733 1918 813 1950 sacri
839 1923 1031 1958 conventus,

292 1980 354 2012 qua
373 1969 544 2012 fungimur,
559 1970 685 2003 indultis
703 1971 884 2014 apostolicis
902 1971 1030 2013 suffulti,

293 2022 441 2066 omnique
465 2023 526 2056 3110
551 2023 674 2057 meliori
700 2024 816 2065 modo,
841 2024 906 2057 viso
938 2026 1030 2057 etiam

294 2086 459 2120 consensu,
484 2081 545 2111 tam
570 2088 627 2122 per
656 2078 863 2121 praelibatum
888 2084 1030 2112 nostrum

293 2130 490 2172 magistrum,
515 2142 608 2174 quam
633 2141 689 2175 per
715 2132 926 2164 venerandum
953 2133 1029 2164 reli-

292 2183 416 2226 giosum
437 2184 468 2216 in
488 2184 610 2218 Christo
630 2185 720 2218 nobis
744 2185 1030 2228 praeclarissimum

292 2237 420 2270 fratrem
437 2237 609 2271 Dionisium
627 2238 665 2271 de
686 2239 861 2272 Pollastron
878 2239 1031 2280 Lailliere,

291 2290 391 2323 nostri
408 2290 533 2324 Ordinis
549 2302 698 2334 magnum
716 2292 1031 2332 commendatarium,

292 2343 462 2386 specialem
496 2345 725 2388 expectativam
757 2350 787 2378 et
818 2346 1030 2379 antianitatem

291 2396 330 2429 ad
354 2396 531 2441 prioratum
556 2398 750 2441 praedictum
775 2399 805 2432 S,
830 2399 945 2441 AEgidii
970 2400 1028 2432 113-

292 2448 429 2491 hemam,
450 2450 488 2483 ad
512 2450 596 2484 hunc
627 2451 772 2485 effectum
802 2463 950 2496 expresse
978 2464 1031 2486 co-

292 2513 360 2536 ram
377 2504 469 2537 nobis
487 2504 582 2537 hodie
599 2505 758 2548 praestito,
776 2511 806 2539 et
823 2506 889 2539 sine
910 2507 1031 2550 praeiu-

291 2556 374 2592 dicio
390 2563 643 2603 praeceptorum,
657 2569 675 2591 a
688 2569 823 2603 quorum
837 2559 1032 2593 commendis

1067 209 1210 242 membra
1234 215 1264 242 et
1287 209 1388 250 bona,
1409 209 1446 243 de
1471 209 1584 253 quibus
1608 209 1722 251 agitur,
1748 209 1811 241 dis-

1066 266 1196 305 gregata
1216 267 1246 295 et
1266 263 1352 295 unita
1368 263 1563 307 dependent,
1581 262 1810 307 praeinsertam

1067 316 1328 349 deliberationem
1360 317 1517 360 praefatae
1552 322 1678 350 nostrae
1710 326 1806 349 vene-

1067 370 1182 403 randae
1200 370 1325 413 linguae
1344 371 1526 403 Provinciae
1547 371 1757 415 approbantes
1781 375 1811 403 et

1067 424 1301 464 confirmantes,
1322 424 1464 457 decretas
1485 425 1515 457 in
1540 428 1576 457 ea
1601 424 1812 457 dismembra-

1067 478 1168 510 tiones
1193 482 1223 510 et
1247 478 1400 518 uniones,
1426 483 1518 521 atque
1550 477 1811 511 commendarum

1067 530 1252 571 erectiones,
1271 530 1355 564 iuxta
1375 531 1508 563 sormam
1527 536 1556 563 et.
1575 535 1715 564 tenorem
1733 531 1812 563 eius-

1067 583 1138 616 dem
1164 583 1409 624 deliberationis,
1435 589 1465 616 et
1489 584 1547 616 sub
1573 584 1686 625 modis⁷
1708 584 1812 616 decla-

1068 636 1242 669 rationibus
1269 642 1299 669 et
1323 636 1555 670 conditionibus
1581 636 1707 670 itidem¹
1737 647 1811 671 con-

1068 690 1159 723 tentis
1185 695 1215 722 et
1239 690 1406 733 expressis,
1427 690 1569 731 facimus,
1595 700 1811 734 segregamus,

1068 744 1204 786 unimus,
1226 744 1378 786 erigimus
1396 749 1425 776 et
1441 744 1643 784 instituimus,
1660 755 1696 777 ac
1724 755 1813 788 prae-

1068 797 1164 829 sentis
1188 797 1298 840 scripti
1323 797 1500 841 patrocinio
1519 797 1762 840 communimus,
1780 798 1813 831 il-

1068 851 1175 894 lasque
1199 850 1323 883 debitae
1347 850 1561 894 exequutioni,
1578 862 1634 884 suo
1659 857 1812 895 tempore,

1068 904 1233 936 observata
1258 904 1464 948 dispositione
1481 905 1673 948 praemissae
1693 905 1812 939 delibe-

1069 958 1210 998 rationis,
1228 957 1411 990 demandari
1436 958 1593 999 volumus,
1614 959 1812 992 decernimus

1069 1016 1099 1043 et
1122 1011 1317 1052 ordinamus,
1338 1011 1431 1044 salvis
1453 1017 1557 1044 tamen
1585 1023 1620 1045 ac
1645 1012 1812 1045 reservatis

1069 1074 1192 1108 semper
1209 1065 1356 1098 omnibus
1375 1070 1404 1097 et
1421 1065 1674 1109 quibuscumque
1690 1065 1812 1098 iuribus

1068 1117 1168 1150 nostri
1193 1118 1372 1151 communis
1396 1118 1509 1151 aerarii
1534 1118 1688 1162 impositis
1709 1123 1738 1151 et
1758 1118 1813 1150 im-

1068 1171 1231 1214 ponendis,
1250 1182 1285 1204 36
1307 1172 1555 1205 mortuariorum
1574 1177 1603 1204 et
1622 1171 1810 1213 vacantium,

1069 1225 1110 1257 ita
1131 1230 1165 1257 ut
1190 1225 1226 1258 iis
1252 1226 1429 1259 nullatenus
1456 1226 1567 1268 quovis
1592 1230 1736 1269 tempore
1760 1225 1812 1257 ali-

1067 1278 1151 1321 quod
1176 1278 1405 1322 praeiudicium
1431 1284 1616 1322 generatum
1635 1284 1810 1312 censeatur.

1069 1331 1298 1375 praecipientes
1323 1332 1476 1365 universis
1502 1337 1531 1364 et
1555 1332 1687 1375 singulis
1711 1332 1812 1365 dictae

1068 1385 1180 1418 domus
1201 1391 1327 1418 nostrae
1352 1385 1511 1425 fratribus,
1536 1396 1736 1429 quacumque
1761 1395 1812 1418 au-

1068 1439 1222 1478 ctoritate,
1239 1438 1400 1481 dIgnitate‚
1415 1438 1581 1482 officioque
1598 1438 1812 1481 fungentibus,

1068 1492 1287 1535 praesentibus
1305 1498 1334 1525 et
1347 1492 1471 1533 suturis,
1490 1492 1520 1524 in
1536 1492 1669 1525 virtutae
1688 1497 1812 1525 sanctae

1068 1545 1277 1585 obedientiae,
1294 1556 1332 1578 ne
1350 1551 1460 1578 contra
1484 1551 1665 1589 praesentes
1689 1550 1812 1579 nostras

1069 1598 1328 1638 confirmationis,
1354 1598 1498 1639 unionis,
1523 1598 1812 1631 dismembrationis

1069 1656 1099 1682 et
1123 1651 1290 1684 erectionis
1319 1651 1438 1684 litteras
1477 1652 1672 1695 aliquatenus
1709 1653 1813 1685 facere

1069 1705 1116 1736 vel
1142 1705 1247 1737 venire
1272 1710 1484 1748 praesumant,
1512 1705 1566 1737 sed
1592 1715 1643 1737 eas
1668 1705 1813 1739 studeant

1069 1756 1291 1789 inviolabiliter
1316 1757 1494 1790 observare.
1524 1758 1557 1790 ln
1582 1758 1671 1791 cuius
1696 1759 1740 1791 rei
1766 1764 1812 1792 te-

1068 1809 1251 1842 stimonium
1277 1811 1362 1844 bulla
1387 1818 1494 1844 nostra
1515 1814 1692 1846 communis
1713 1814 1813 1857 plum-

1068 1862 1124 1894 bea
1138 1864 1356 1905 praesentibus
1373 1870 1420 1897 est
1435 1876 1582 1908 appensa.
1605 1867 1714 1900 Datum
1731 1868 1813 1900 Meti-

1069 1922 1115 1948 tae
1141 1916 1172 1948 in
1197 1923 1354 1950 conventu
1379 1923 1487 1952 nostro
1507 1920 1557 1952 die
1576 1930 1674 1954 xxvln
1696 1921 1811 1954 mensis

1069 1969 1141 2001 maii
1166 1980 1292 2003 tttDCLtv.
1314 1971 1350 2004 Et
1370 1972 1443 2015 quia
1460 1972 1501 2004 ita
1519 1983 1551 2005 se
1572 1973 1665 2006 habet
1686 1974 1810 2016 veritas,

1068 2023 1210 2066 factaque
1235 2024 1319 2056 fideli
1352 2035 1423 2058 cum
1453 2026 1599 2068 originali
1625 2027 1810 2068 collatione,

1068 2077 1261 2109 concordare
1296 2079 1527 2121 comperimus;
1553 2080 1622 2113 ideo
1655 2080 1685 2112 in
1717 2080 1811 2114 huius

1068 2131 1111 2163 rei
1138 2132 1352 2164 testimonium
1379 2133 1464 2165 bulla
1489 2137 1596 2167 nostra
1621 2134 1810 2176 magistralis

1069 2184 1098 2216 in
1124 2186 1196 2217 cera
1222 2186 1312 2228 nigra
1329 2188 1549 2230 praesentibus
1577 2193 1623 2221 est
1644 2189 1809 2232 impressa.

1068 2238 1177 2270 Datum
1210 2239 1330 2272 Melitae
1360 2241 1391 2273 in
1420 2247 1575 2274 conventu
1606 2248 1731 2283 nostro,
1759 2242 1809 2275 die

1069 2302 1167 2325 xxvttt
1193 2294 1310 2326 mensis
1335 2294 1407 2326 maii
1433 2305 1558 2328 mucuv.
1578 2295 1753 2338 Registrata
1778 2295 1810 2328 in

1068 2345 1262 2378 cancellaria.

1144 2399 1254 2432 Frater
1280 2400 1416 2433 loANNEs
1442 2401 1637 2435 Fnimfflscus
1663 2402 1807 2443 ΗΑΒΕιΑ,

1309 2454 1605 2488 vicecancellarius.

1157 2505 1238 2538 Loco
1263 2506 1287 2548 -l-
1311 2506 1415 2549 sigilli.

1106 2570 1115 2596 t
1140 2568 1240 2596 Forsan
1259 2569 1367 2597 ibibem
1387 2570 1535 2606 legendum
1554 2573 1592 2607 (11.
1608 2572 1656 2607 1.).

1728 152 1769 184 19
1816 161 1869 187 An.
1889 159 2006 188 C.1655
