2263 3215
273 211 321 237 An.
338 209 367 237 e.
390 209 456 236 1656
501 199 566 233 246

341 1760 473 1780 lnnnrenllns

291 1787 376 1807 ‹laninat
399 1793 474 1813 propo-

290 1817 377 1834 sitiones
390 1813 474 1840 praedi-

291 1843 343 1861 etas.

474 268 525 289 ras
554 265 633 299 quae
657 255 795 288 animum
821 258 964 287 nostrum
996 253 1119 287 assidue
1149 253 1216 296 pul-

473 315 552 350 sant,
572 309 623 341 illa
649 309 679 341 in
705 307 815 352 primis
840 307 926 341 cordi
946 313 1000 349 est,
1023 312 1055 340 ut
1076 306 1215 340 Ecclesia

473 362 527 395 Dei
549 362 640 395 nobis
657 372 692 394 cx
712 361 774 395 alto
791 361 969 401 commissa,
987 360 1128 404 purgatis
1146 370 1215 403 pra-

475 426 584 448 varum
599 415 782 459 opinionum
800 415 973 455 erroribus,
988 419 1054 447 tuto
1070 414 1215 453 militare,

475 474 504 500 et
530 475 689 511 tamquam
715 468 801 500 navis
825 468 856 500 in
882 467 1032 511 tanquillo
1058 467 1146 506 mari,
1168 476 1215 498 se-

476 521 555 553 datis
580 521 721 553 omnium
746 524 966 564 tempestatum
1004 519 1157 553 fructibus
1182 528 1216 550 ac

476 574 625 618 procellis
654 584 764 607 secure
789 573 947 616 navigare,
966 579 995 606 et
1015 572 1053 605 ad
1074 577 1215 616 optatum

477 627 584 660 salutis
609 633 735 671 portum
762 627 927 671 pervenire
952 626 1068 670 possit,
1090 636 1147 669 pro
1172 619 1235 656 rci'

477 680 629 723 gravitate
655 690 761 713 coram
787 679 942 723 aliquibus
960 679 989 712 S.
1008 679 1042 711 R.
1064 678 1094 710 E.
1117 676 1217 710 cardi-

478 734 600 767 nalibus
624 734 662 767 ad
687 734 717 766 id
743 733 919 778 specialiter
943 732 1066 776 saepius
1091 740 1219 773 congre—

478 788 558 830 gatis
582 798 598 819 a
623 787 767 831 pluribus
793 787 823 819 in
848 788 936 819 saci-a
963 785 1122 828 theologia
1148 794 1216 816 ma-

479 840 586 883 gistris
614 840 737 873 easdem
765 840 903 883 quinque
924 838 1166 883 propositiones,
1187 841 1220 869 ut

479 905 574 937 supra
598 893 688 927 nobis
712 893 852 935 oblatas,
879 893 1009 925 fecimus
1039 890 1219 934 singillatim

481 947 647 990 diligenter
672 946 855 986 examinari,
874 956 1048 989 eorumque
1073 944 1222 986 suffragia

482 1006 545 1032 tum
566 1010 640 1033 voce
658 1005 722 1032 tum
752 999 869 1043 scripto
890 999 986 1032 relata
1012 1003 1133 1030 mature
1154 1007 1223 1030 con-

482 1053 700 1094 sideravinius,
721 1052 912 1096 cosdemque
933 1052 1112 1095 magistros,
1131 1050 1223 1083 variis

482 1118 589 1142 coram
613 1107 704 1141 nobis
727 1108 803 1141 actis
828 1105 1134 1150 congregationibus,
1155 1114 1225 1148 pro-

482 1161 543 1194 lixe
568 1171 664 1204 super
689 1160 807 1194 eisdem
837 1171 871 1193 ac
897 1170 992 1203 super
1017 1169 1125 1191 earum
1150 1168 1226 1201 qua-

483 1214 560 1247 libet
583 1214 771 1248 disserentes
803 1213 988 1247 audirimus.
1017 1212 1092 1246 Cum
1121 1216 1224 1244 autem

483 1268 521 1301 ab
546 1268 633 1302 initio
659 1267 876 1301 huiuscemodi
902 1266 1105 1299 discussionis
1126 1265 1163 1298 ad
1180 1264 1226 1297 di-

484 1322 590 1355 vinum
617 1320 849 1365 implorandum
874 1320 1024 1353 auxilium
1055 1319 1225 1352 multorum

484 1374 718 1408 chistitidelium
744 1384 853 1418 preces
886 1380 950 1406 tum
988 1372 1133 1417 privatim
1160 1377 1224 1403 tum

484 1428 610 1472 publice
631 1427 861 1468 indixissemus,
884 1426 1086 1470 postmodum
1108 1424 1226 1458 iteratis

486 1481 602 1514 eisdem
629 1480 845 1521 sei-ventttiusg
872 1491 907 1513 ac
933 1490 989 1524 per
1013 1490 1070 1512 nos
1095 1477 1226 1513 sollicite

488 1535 655 1578 implorata
682 1534 778 1568 sancti
804 1534 940 1577 Spiritus
958 1532 1144 1572 assistentia,
1162 1537 1227 1564 tan-

487 1588 557 1621 dem
576 1588 681 1621 divino
698 1586 847 1620 1111111111012
863 1587 995 1626 favente,
1013 1585 1051 1618 ad
1073 1584 1228 1618 infrascri-

487 1642 590 1686 ptam³
606 1641 789 1675 devenimus
805 1640 1050 1674 declarationem
1073 1644 1101 1672 ct
1120 1637 1228 1671 desini-

489 1695 615 1729 tionem.

533 1749 548 1792 g
571 1748 600 1782 3.
623 1749 757 1781 Primam
783 1748 1014 1792 praedictarum
1041 1744 1230 1790 propositio-

488 1812 583 1835 num:
614 1815 626 1834 «
652 1802 763 1845 Aliqua
783 1802 836 1834 Dei
863 1804 1028 1845 praecepta
1048 1798 1229 1833 hominibus

490 1856 578 1890 iustis
604 1856 779 1889 volentibus
797 1861 827 1888 et
851 1854 1037 1888 conantibus
1058 1852 1230 1887 secundum

490 1915 669 1953 praesentes
687 1919 763 1953 qiias
784 1908 901 1941 habent
917 1908 998 1940 vires
1018 1912 1090 1940 sunt
1117 1906 1230 1949 impos—

491 1963 601 2005 sibilia,
621 1963 707 1996 deest
722 1972 847 2005 quoque
865 1961 925 1994 illis
949 1960 1059 2003 gratia,
1078 1969 1139 2002 qua
1157 1968 1230 2002 pos-

491 2016 592 2050 sibilia
617 2016 692 2050 siant
710 2027 742 2048 »ι
766 2014 977 2055 temerariam,
999 2013 1137 2057 impiam,
1154 2012 1231 2044 blas-

492 2070 654 2114 phemam,
669 2069 866 2101 anathemate
880 2068 1058 2101 damnatam
1081 2071 1110 2099 et
1127 2066 1232 2099 haerc-

494 2123 585 2157 ticam
600 2123 806 2163 declaramus,
820 2128 850 2155 et
865 2121 908 2155 uti
928 2122 1019 2154 talem
1038 2120 1231 2153 damnamus.

538 2176 728 2210 Secundam:
752 2188 764 2207 (ι
787 2175 931 2208 Interiori
958 2173 1077 2217 gratiae
1105 2173 1134 2205 in
1152 2177 1232 2206 statu

492 2235 623 2263 naturae
633 2229 736 2272 lapsae
747 2238 905 2272 nunquam
919 2227 1074 2260 resistitur
1085 2240 1097 2258 »
1107 2238 1112 2258 z
1128 2226 1234 2258 hacre-

495 2285 586 2317 ticam
602 2283 809 2325 declaramus,
820 2285 849 2316 et
863 2282 907 2315 uti
929 2282 1019 2316 talem
1039 2281 1232 2313 damnamus.

537 2337 690 2371 Tertiam:
715 2349 726 2368 ε
746 2336 791 2369 Λᾶ
817 2335 1002 2369 merendum
1021 2340 1051 2368 et
1068 2334 1233 2367 demeren-

534 2437 540 2460 t
562 2434 627 2462 Puto
644 2434 802 2469 ferventius
818 2441 865 2469 pro
880 2432 1057 2467 ferventibus
1072 2439 1131 2458 esse
1145 2431 1235 2465 legen-

496 2479 560 2506 dum
579 2483 619 2511 (n.
635 2479 684 2511 1.).

531 2525 547 2549 ‘2
568 2523 636 2550 Edit.
654 2524 735 2551 Malu.
752 2523 834 2550 habet
850 2523 970 2550 Demino
985 2522 1114 2549 Numine
1131 2522 1167 2556 (n.
1184 2519 1233 2552 1.).

532 2569 548 2594 3
564 2568 630 2595 Male
645 2569 673 2595 in
688 2568 745 2595 loco
762 2568 857 2603 parall.
874 2575 922 2594 nos
938 2567 1059 2594 dedimus
1082 2565 1234 2600 infrascri-

498 2616 561 2649 μίας
580 2613 617 2647 (a.
631 2613 681 2647 1.).

1057 205 1236 230 BULLARIUM
1262 205 1414 230 ROMANUM

1249 254 1323 286 dum
1348 253 1379 285 in
1403 256 1483 285 statu
1513 255 1642 283 naturae
1666 251 1769 294 lapsae
1793 260 1856 284 non
1880 250 1985 294 requi-

1250 307 1331 339 ritur
1349 306 1379 338 in
1399 304 1526 338 homine
1543 303 1670 337 libertas
1687 302 1915 347 a2necessitate‚
1932 301 1986 335 sed

1250 359 1364 392 sufficit
1388 358 1515 390 libertas
1532 367 1549 389 a
1566 356 1726 390 coactione
1744 366 1771 388 »:
1797 355 1986 388 haereticam

1250 413 1456 452 declaramus,
1482 417 1512 444 et
1535 410 1579 443 uti
1605 411 1697 443 talem
1722 410 1916 442 damnamus.

1298 465 1462 504 Quartam:
1492 477 1505 496 <i
1524 463 1765 507 Semipclagiani
1785 462 1988 497 admittebant

1252 518 1479 563 praevenientis
1499 517 1617 561 gratiae
1645 517 1805 550 interioris
1827 515 1990 550 necessita-

1253 576 1313 606 tem
1339 572 1376 605 ad
1401 571 1542 614 singulos
1566 575 1663 610 actus,
1686 570 1779 602 etiam
1804 569 1841 602 ad
1867 568 1990 602 initium

1253 625 1335 665 tidei,
1353 630 1382 658 et
1400 625 1431 657 in
1455 624 1515 657 hoc
1540 629 1629 656 erant
1653 622 1813 663 haeretici,
1831 621 1915 666 quod
1932 621 1992 654 vel-

1254 680 1317 711 lent
1341 689 1408 711 eam
1433 678 1565 721 gratiam
1600 677 1692 709 talem
1723 686 1788 709 esse
1814 675 1863 709 cui
1888 679 1992 719 posset

1254 733 1389 766 humana
1415 732 1557 765 voluntas
1587 730 1733 763 resistere
1758 729 1805 762 vel
1830 729 1991 772 obtempe-

1255 797 1324 819 rare
1345 797 1371 818 »z
1390 786 1497 818 salsam
1524 790 1553 817 et
1577 784 1765 817 haereticam
1787 782 1992 822 declaramus,

1255 844 1285 872 et
1309 839 1353 873 uti
1378 839 1469 873 talem
1495 839 1690 871 damnamus.
1964 836 1966 838 ’

1299 893 1458 932 Quintam:
1485 906 1497 924 α
1516 891 1801 935 Semipelagianum
1820 895 1865 923 est
1889 889 1993 923 dicere

1256 948 1413 981 Christum
1434 957 1493 991 pro
1507 946 1652 980 omnibus
1670 945 1797 979 omnino
1815 943 1995 977 hominibus

1258 1005 1415 1035 mortuum
1441 1011 1518 1043 esse,
1543 1004 1595 1033 aut
1619 999 1804 1042 sanguinem
1828 997 1944 1031 fudisse
1966 1007 1994 1029 »t

1258 1054 1377 1095 salsam,
1395 1054 1605 1093 temerariam,
1630 1052 1862 1092 scandalosam‚
1887 1056 1934 1091 et,
1955 1050 1997 1083 in-

1259 1108 1413 1141 tellectam
1432 1118 1468 1141 eo
1490 1117 1582 1140 sensu
1601 1112 1633 1139 ut
1656 1105 1796 1139 Christus
1820 1114 1879 1149 pro
1897 1104 1997 1138 salute

1259 1161 1420 1194 dumtaxat
1444 1161 1748 1205 praedestinatorum
1775 1163 1917 1192 mortuus
1941 1158 1996 1197 sit,

1260 1215 1398 1259 impiam,
1419 1214 1645 1258 blasphemam,
1663 1212 1935 1253 contumeliosam,
1955 1211 1999 1244 di-

1260 1269 1349 1302 vinae
1375 1268 1480 1312 pietati
1505 1268 1726 1311 derogantem,
1752 1272 1782 1299 et
1807 1265 1998 1299 haereticam

1261 1323 1469 1363 declaramus,
1486 1328 1515 1355 et
1540 1322 1584 1355 uti
1611 1321 1701 1354 talem
1728 1320 1941 1356 damnamus„

1306 1377 1321 1419 §
1345 1376 1373 1408 4,
1399 1376 1580 1409 Mandamus
1599 1375 1693 1417 igitur
1713 1373 1861 1407 omnibus
1877 1371 2000 1406 christi-

1261 1429 1405 1463 fidelibus
1423 1429 1585 1472 utriusque
1603 1438 1705 1468 sexus,
1719 1437 1758 1460 ne
1772 1427 1810 1460 de
1827 1426 1916 1460 dictis
1931 1436 2001 1470 pro-

1261 1482 1469 1527 positionibus
1493 1481 1629 1523 sentire,
1654 1481 1789 1521 docere,
1818 1479 2001 1524 praedicare

1262 1537 1352 1569 aliter
1376 1541 1585 1580 praesumant,
1604 1545 1697 1578 quam
1714 1535 1746 1568 in
1763 1534 1821 1567 hac
1845 1533 2001 1577 praesenti

1262 1592 1370 1623 nostra
1401 1589 1611 1622 declaratione
1636 1592 1665 1622 et
1689 1587 1871 1621 definitione
1902 1586 2002 1620 conti-

1263 1648 1365 1685 netur,
1382 1642 1439 1676 sub
1457 1642 1599 1676 censuris
1615 1647 1645 1675 et
1665 1641 1774 1685 poenis
1797 1643 1906 1674 contra
1930 1639 2003 1673 hae-

1263 1698 1377 1731 reticos
1401 1702 1432 1730 et
1455 1707 1565 1730 eorum
1583 1695 1719 1728 fautores
1737 1694 1766 1727 in
1787 1694 1854 1727 iure
1878 1703 2004 1738 expres-

1264 1751 1315 1784 sis.
1333 1750 1546 1794 Praecipimus
1573 1749 1690 1793 pariter
1707 1748 1855 1781 omnibus
1875 1747 2004 1791 patriar-

1265 1805 1345 1847 chis,
1373 1802 1640 1847 archiepiscopis,
1670 1801 1827 1845 episcopis
1842 1828 1849 1841 ,
1873 1800 2004 1845 aliisque

1264 1859 1407 1892 locorum
1418 1857 1600 1897 Ordinariis‚
1612 1865 1734 1889 necnon
1748 1854 1924 1888 haereticae
1937 1864 2006 1897 pra-

1266 1911 1367 1944 vitatis
1384 1910 1634 1955 inquisitoribus,
1655 1914 1688 1942 ut
1706 1908 1953 1942 contradictores
1975 1911 2006 1941 et

1267 1965 1399 1999 rebelles
1416 1974 1632 2008 quoscumque
1649 1973 1705 2007 per
1723 1972 1871 1995 censuras
1888 1966 1919 1994 et
1934 1971 2006 2005 poe-

1266 2030 1321 2052 nas
1346 2018 1542 2062 praedictas,
1571 2017 1747 2060 ceterisque
1779 2015 1856 2049 iuris
1881 2020 1911 2048 et
1934 2014 2006 2048 fact-i

1267 2072 1404 2105 remedia
1422 2076 1609 2115 opportuna,
1625 2070 1766 2102 invocato
1781 2069 1873 2103 etiam
1884 2067 2006 2108 adhoc,

1267 2127 1292 2160 si
1317 2137 1395 2170 opus
1419 2125 1524 2164 suerit,
1551 2124 1667 2158 auxilio
1691 2123 1812 2156 brachii
1837 2122 2006 2164 secularis,

1268 2179 1396 2212 omnino
1414 2179 1579 2211 coerceant
1603 2183 1632 2210 ct
1650 2180 1859 2220 compescant.
1878 2175 1946 2208 Non
1964 2174 2007 2207 in-

1269 2232 1428 2265 tendentes
1454 2237 1557 2264 tamen
1577 2241 1634 2274 per
1659 2230 1738 2263 hanc
1762 2228 2008 2262 declarationem

1268 2291 1298 2320 et
1316 2286 1529 2319 definitionem
1557 2295 1650 2328 super
1676 2283 1843 2328 praedictis
1868 2282 2007 2326 quinque

1268 2339 1536 2384 propositionibus
1561 2339 1682 2378 saetam,
1702 2336 1877 2381 approbare
1902 2335 2009 2368 ullate-

1268 2404 1326 2426 nus
1350 2393 1425 2425 alias
1449 2392 1623 2436 opiniones,
1649 2400 1728 2435 quae
1753 2389 1953 2423 continentur
1978 2388 2009 2421 in

1270 2447 1429 2491 praedicto
1461 2446 1542 2479 libro
1567 2445 1701 2479 Cornelii
1726 2443 1867 2477 lansenii.
2000 2444 2003 2447 ’

1304 2510 1399 2536 Datum
1412 2510 1523 2542 Romae,
1539 2508 1608 2543 apud
1619 2507 1645 2534 S.
1659 2506 1768 2534 Mariam
1783 2505 1922 2540 Maiorem,
1937 2511 2008 2532 anno

1270 2554 1461 2581 incarnationis
1483 2553 1633 2580 Dominicae
1648 2557 1756 2584 uncmu,
1772 2550 1859 2586 pridie
1878 2548 2008 2576 kalendas

1269 2599 1345 2633 iunii,
1363 2598 1533 2634 pontificatus
1549 2597 1631 2624 nostri
1647 2604 1718 2624 anno
1734 2601 1770 2622 tx.
1957 2603 1960 2605 “

2001 195 2050 224 Au.
2065 196 2094 224 C.
2111 197 2173 227 ¹65ss
2205 218 2208 241 3

2036 1366 2188 1391 mand-tumi-
2206 1371 2207 1391 1
2221 1379 2226 1388 .

2014 1402 2062 1417 nem
2077 1394 2187 1418 consentin
2204 1403 2220 1413 .»

2015 1422 2128 1450 praedietis
2142 1425 2188 1449 pro-

2015 1448 2159 1476 positionibus.
