2243 3205
270 243 319 268 An.
335 241 365 268 c.
385 241 451 269 ¹658
495 232 559 266 :328

469 297 559 323 veant
584 290 625 330 ii,
651 291 703 334 qui
737 291 847 323 iisdem
872 291 1062 324 instruendis
1087 292 1207 325 incum-

469 344 554 384 bunt,
580 354 617 375 ne
643 344 672 375 in
698 348 859 387 posterum
887 344 967 376 ullus
991 345 1028 377 ad
1053 345 1207 388 baptisma

468 395 658 437 admittatur,
675 396 740 439 qui,
759 401 894 429 veterem
914 397 1072 430 bominem
1085 408 1120 429 ac
1135 408 1206 440 gen-

470 448 551 481 tilios
576 457 680 482 mores
716 460 846 492 prorsus
882 455 1016 490 exutus,
1048 450 1204 483 Christum

468 502 558 545 plene
588 512 650 535 non
676 502 832 543 induerit,
858 508 885 535 et
911 503 941 535 in
967 503 1026 536 [ide
1051 503 1090 536 sit
1115 503 1203 536 suffi-

468 554 586 587 cienter
611 555 790 588 instructus.

514 618 563 640 xv.
589 608 740 647 Quoniam
767 619 839 641 xero
865 613 911 651 (ut
934 609 1048 641 veritas
1073 608 1139 652 ipsa
1156 608 1206 641 do-

468 660 528 703 cet)
546 670 639 693 nemo
662 665 763 704 potest
783 660 889 694 venire
907 660 945 693 ad
962 661 1128 702 Christum,
1147 660 1204 692 nisi

470 714 558 747 Pater
583 714 725 747 caelestis
758 725 829 747 eum
864 714 1012 755 traxerit,
1038 718 1206 747 monentur

467 766 689 807 ecclesiastici,
722 772 785 801 tum
815 768 981 809 seculares,
1015 772 1078 800 tum
1104 777 1202 809 regu-

468 819 558 861 lares,
584 820 742 864 ceterique
769 821 821 864 qui
847 821 1045 853 ethnicorum
1074 830 1204 852 eonver-

468 873 608 906 sionibus
633 874 705 906 dant
730 885 869 918 operam,
900 879 933 906 ut
966 874 1034 906 illos
1062 883 1125 906 non
1158 883 1204 905 ve-

468 927 652 967 xationibus,
677 927 973 971 pollicitationibus,
997 930 1050 960 aut
1074 926 1122 968 vi,
1152 926 1204 959 sed

467 979 552 1012 vei-bi
578 979 630 1012 Dei
656 980 887 1023 praedieatione
909 985 939 1013 et
963 980 1117 1013 bonorum
1136 990 1205 1022 ope·

466 1043 536 1064 rum
551 1033 694 1076 exemplo
708 1033 745 1065 ad
764 1032 952 1076 baptismum
968 1032 1124 1072 inducant,
1139 1043 1205 1075 per-

466 1091 638 1118 scrutantes
654 1086 822 1129 praecipue
841 1086 1007 1128 diligenter
1024 1096 1086 1129 quo
1099 1085 1161 1117 fine
1176 1091 1204 1118 et.

466 1137 575 1181 spiritu
593 1138 748 1171 ducantur
777 1138 829 1182 qui
856 1137 1007 1182 baptizari
1035 1138 1202 1181 postulant.

510 1201 570 1224 va.
590 1191 671 1224 Nihil
689 1202 828 1235 prorsus,
845 1201 883 1223 ne
901 1191 1026 1234 quidem
1045 1190 1101 1223 sub
1119 1201 1205 1233 prae-

466 1249 550 1276 textu
569 1244 704 1287 pietatiS,
719 1244 846 1287 parochi
863 1248 922 1277 tam
942 1244 1098 1276 seculares
1109 1253 1203 1286 quam

466 1297 628 1339 regulares
641 1308 658 1329 a
671 1297 735 1330 suis
748 1297 947 1341 parochianis
957 1302 1153 1340 quaestucnt‚
1163 1301 1202 1338 et,

465 1350 489 1382 si
511 1350 586 1394 quid
610 1361 667 1393 pro
688 1350 836 1383 festorum
859 1349 1071 1383 celebratione
1092 1354 1204 1393 sponte

465 1403 503 1435 ab
529 1403 564 1435 iis
590 1403 754 1444 tribuatur,
784 1403 903 1446 integre
929 1403 959 1435 in
984 1413 1052 1435 eam
1078 1413 1202 1435 causam

466 1457 632 1497 insumant,
664 1462 694 1489 et
718 1456 870 1500 quidquid
894 1461 1036 1500 superest
1060 1455 1204 1500 pauperi-

465 1510 523 1543 bus
548 1510 686 1543 eiusdem
718 1510 886 1554 parochiae
917 1510 1130 1553 dispensetur;
1162 1510 1203 1541 ita

466 1569 499 1596 ut
516 1563 715 1606 quantumvis
740 1563 869 1595 minima
890 1563 1044 1595 ariditatis
1064 1562 1203 1605 suspicio

465 1627 481 1649 a
508 1616 579 1649 viris
603 1616 821 1649 ecclesiasticis
849 1616 937 1649 absit.

511 1680 582 1703 xvn.
609 1671 670 1703 Pro
699 1670 863 1713 temporali
895 1669 1049 1712 regimine
1074 1670 1200 1703 confra-

465 1724 643 1757 ternitatum
670 1724 866 1758 existentium
892 1724 922 1756 in
948 1723 1086 1756 eeclesiis
1111 1734 1204 1766 regu-

465 1778 577 1811 larium
602 1778 790 1821 deputentur
814 1777 845 1809 in
869 1782 1029 1821 posterum
1056 1777 1204 1810 officiales

465 1831 632 1871 seculares,
658 1831 709 1873 qui
736 1830 915 1863 reddituum
941 1829 1203 1863 administrationi

465 1883 663 1925 incumbant,
696 1884 872 1916 nullatenus
896 1883 1095 1926 regularibus
1119 1885 1155 1915 ea
1173 1883 1203 1915 in

465 1948 499 1970 rc
525 1948 592 1970 sese
616 1936 841 1979 ingerentibus.

509 2000 595 2024 xvn1.
621 1990 695 2023 Cum
718 1990 800 2023 Goae
818 1994 846 2022 ct
867 1989 897 2021 in
921 1988 1135 2021 adiacentibus
1161 1989 1204 2022 in-

466 2044 540 2076 sulis
558 2044 685 2076 vetitum
711 2043 750 2075 sit
775 2043 907 2076 ethnicis
932 2042 1009 2076 ritus
1034 2042 1203 2085 gentilitios

466 2098 592 2141 publice
612 2107 769 2139 exercere,
787 2096 926 2129 districte
951 2096 1138 2139 prohibetur
1158 2107 1204 2129 ec-

466 2150 646 2184 clesiasticis
674 2160 713 2182 ne
737 2150 853 2182 eisdem
880 2149 1071 2193 permittant,
1089 2155 1119 2182 et
1138 2160 1204 2182 ma-

466 2204 547 2237 xime
568 2203 664 2247 (quod
685 2203 770 2235 nefas
787 2204 846 2245 est)
865 2201 963 2245 turpis
988 2202 1066 2234 lucri
1091 2203 1203 2244 gratia,

466 2257 618 2290 cadavera
648 2256 847 2289 ethnicorum
873 2255 944 2288 inde
968 2256 1143 2299 asportari,
1171 2261 1205 2288 ut

465 2310 550 2342 iuxta
570 2309 736 2353 profanum
762 2308 945 2341 eorumdem
964 2308 1058 2340 ritum
1077 2308 1205 2341 combu-

466 2369 585 2396 rantur.
617 2402 620 2405 ¹

510 2426 572 2449 xix.
598 2415 754 2449 Cadavera
778 2426 950 2459 pauperum
969 2415 1107 2448 fidelium
1132 2425 1203 2458 gra-

468 2469 504 2503 tis
529 2469 657 2502 omnino
675 2469 806 2512 posthac
824 2479 841 2501 a
855 2468 1001 2512 parochis
1026 2469 1204 2512 sepulturae

467 2523 640 2564 tradantur,
651 2533 708 2555 nee
721 2522 758 2555 ad
772 2522 1019 2567 extorquendam
1039 2527 1091 2554 aut
1104 2532 1205 2555 emen-

468 2575 630 2608 dicandam
656 2587 672 2608 a
698 2576 807 2608 vicinis
836 2576 883 2608 vel
903 2575 1050 2608 affinibus
1074 2575 1205 2608 eleemo-

468 2639 574 2671 synam
600 2628 724 2672 publice
749 2635 953 2672 exponantur.

1037 245 1215 269 BULLARIUM
1241 244 1395 269 ROMANUM

1286 302 1337 326 xx.
1356 292 1499 324 Districte
1516 291 1702 334 prohibetur
1718 301 1757 324 ne
1770 291 1901 325 ethnicis
1914 293 1979 326 ullo

1241 350 1331 388 pacto
1349 345 1549 388 permittatur
1574 345 1605 376 in
1625 344 1765 377 ecclesiis
1791 345 1978 385 sacrificare,

1240 398 1322 431 serio
1349 397 1471 430 vicariis
1489 397 1712 440 capitularibus
1737 397 1929 440 iniungendo
1945 404 1979 430 ut

1240 451 1270 483 in
1303 451 1594 490 contravenientes,
1625 456 1655 483 et
1687 450 1822 483 maxime
1853 450 1892 483 ob
1925 451 1976 482 lu-

1240 514 1340 544 crum,
1358 504 1495 546 graviter
1519 503 1778 545 animadvertant,
1804 508 1978 546 curentque

1240 557 1270 589 in
1306 561 1468 600 posterum
1501 566 1540 589 ne
1576 556 1715 589 ecclesiis
1754 555 1978 599 praeficiantur

1239 609 1386 653 neophyti
1411 619 1522 653 parum
1544 609 1697 642 instructi.

1285 672 1348 695 xxl.
1382 662 1532 695 Similiter
1567 662 1761 705 regularium
1798 660 1977 705 superiores

1239 715 1348 748 sedulo
1366 720 1476 748 curent
1495 719 1528 748 ut
1547 715 1676 758 parochi
1703 719 1789 747 extra
1805 719 1977 747 conventus

1240 768 1269 800 in
1290 768 1457 812 praedictis
1482 768 1664 810 regionibus
1681 771 1914 801 commorantes
1931 777 1977 800 re-

1239 821 1357 864 gularis
1371 821 1586 854 observantiae
1603 821 1762 865 specimen
1776 820 1896 853 cunctis
1913 819 1977 852 ubi-

1239 885 1299 918 que
1316 875 1497 918 praebeant‚
1515 885 1630 918 eosque
1648 874 1765 907 idcireo
1785 873 1823 906 ad
1841 873 1977 906 claustra

1238 934 1268 961 et
1292 928 1470 971 regularem
1496 928 1693 971 disciplinam
1720 932 1888 968 revocent,
1915 937 1976 967 ne,

1239 982 1376 1024 regulari
1401 981 1543 1014 instituto
1568 981 1717 1025 paulatim
1743 981 1975 1021 exsolescente‚

1238 1035 1311 1067 dum
1338 1034 1405 1067 aliis
1430 1034 1625 1074 incumbunt,
1654 1044 1686 1067 se
1715 1033 1798 1077 ipsos
1823 1032 1976 1072 amittant,

1238 1098 1273 1120 ae
1293 1087 1419 1119 demum
1438 1086 1468 1118 in
1486 1086 1730 1119 destructionem
1751 1085 1854 1129 potius
1882 1094 1976 1128 quam

1238 1140 1485 1173 aedificationem
1500 1140 1688 1184 populorum
1704 1139 1789 1172 missi
1804 1138 1974 1171 videantur.

1282 1193 1296 1236 ἓ
1320 1192 1349 1225 3.
1368 1193 1577 1225 Deeernentes
1601 1193 1642 1225 ita
1667 1192 1696 1225 in
1722 1191 1901 1236 praemissis
1919 1201 1976 1235 per

1237 1256 1452 1290 quoscumque
1477 1246 1595 1279 iudices
1621 1245 1800 1279 ordinarios
1832 1249 1862 1278 et
1892 1244 1976 1277 dele-

1237 1305 1334 1342 gatos,
1365 1299 1457 1332 etiam
1483 1309 1648 1332 causarum
1675 1298 1782 1342 palatii
1813 1297 1976 1341 apostolici

1237 1352 1406 1392 auditores,
1424 1352 1555 1385 iudicari
1581 1357 1611 1385 et
1634 1352 1757 1384 deliniri
1781 1351 1895 1384 debere
1914 1377 1921 1390 ‚
1941 1360 1977 1383 ac

1238 1406 1360 1438 irritum
1380 1409 1410 1439 et
1426 1406 1527 1445 inane,
1545 1406 1569 1438 si
1588 1415 1677 1438 secus
1695 1415 1788 1449 super
1804 1404 1853 1436 his
1869 1414 1887 1436 a
1903 1410 1978 1447 quo-v

1238 1470 1353 1502 quam,
1379 1458 1488 1501 quavis
1520 1458 1726 1498 auctoritate,
1761 1457 1894 1490 scienter
1929 1457 1976 1489 vel

1238 1513 1419 1555 ignoranter
1444 1511 1610 1553 contigerit
1634 1510 1788 1543 attentari.

1282 1566 1296 1608 ξ
1320 1564 1348 1597 4,
1374 1564 1441 1597 Non
1470 1564 1664 1597 obstantibus
1682 1563 1872 1607 apostolicis,
1890 1574 1926 1596 ac
1945 1563 1976 1595 in

1239 1617 1466 1650 universalibus
1502 1617 1810 1661 provincialibusque
1835 1621 1864 1648 ct
1888 1626 1978 1660 syno-

1238 1671 1359 1704 dalibus
1391 1671 1530 1704 conciliis
1566 1670 1678 1710 editis,
1703 1669 1905 1713 generalibus
1928 1670 1977 1702 vel

1238 1724 1436 1768 specialibus,
1461 1723 1737 1757 constitutionibus
1757 1728 1786 1755 et
1810 1722 1978 1756 ordinatio-

1238 1777 1339 1817 nibus,
1357 1788 1403 1817 ac,
1423 1781 1576 1820 quatenus
1594 1787 1672 1819 opus
1693 1776 1741 1816 sit,
1761 1776 1977 1817 ecclesiarum,

1239 1830 1511 1870 monasteriorum,
1522 1829 1740 1871 collegiorum,
1755 1834 1976 1870 conventuum,

1237 1884 1394 1925 ordinum,
1420 1884 1717 1926 congregationum,
1739 1883 1921 1916 societatum
1949 1887 1978 1917 ct

1237 1937 1451 1970 institutorum
1476 1946 1760 1979 quorumcumque,
1780 1940 1810 1968 et
1826 1935 1894 1968 aliis
1913 1936 1978 1979 qui-

1237 1989 1363 2031 busvis,
1388 1989 1480 2022 etiam
1513 1989 1710 2027 iuramento,
1739 1988 1977 2022 confirmatione

1237 2043 1420 2087 apostoliea,
1440 2043 1487 2075 vel
1505 2043 1564 2075 alia
1588 2042 1696 2085 quavis
1716 2041 1864 2075 firmitate
1887 2042 1978 2075 robo-

1237 2097 1322 2137 ratis,
1337 2096 1457 2130 statutis
1482 2101 1512 2128 et
1536 2095 1816 2129 consuetudimbus
1831 2123 1837 2137 ,
1855 2095 1978 2138 privile-

1237 2150 1296 2193 giis
1312 2160 1448 2193 quoque,
1467 2149 1594 2181 indultis
1619 2154 1648 2181 et
1672 2148 1783 2182 litteris
1796 2149 1976 2192 apostolicis

1238 2204 1267 2236 in
1287 2203 1478 2236 contrarium
1504 2203 1751 2246 praemissorum
1776 2202 1976 2245 quomodoli-

1238 2257 1290 2289 bet
1319 2255 1496 2295 eoncessis,
1521 2255 1713 2288 confirmatis
1743 2260 1772 2288 et
1804 2255 1975 2295 innovatis;

1238 2310 1353 2353 quibus
1377 2309 1524 2342 omnibus
1549 2314 1580 2341 et
1608 2308 1749 2352 singuliS‚
1774 2308 1901 2341 illorum
1933 2312 1977 2342 te-

1237 2374 1330 2397 nores
1347 2362 1565 2407 praesentibus
1589 2372 1646 2405 pro
1663 2363 1754 2405 plene
1772 2366 1802 2394 et
1822 2361 1978 2395 sufficien-

1238 2422 1285 2449 ter
1309 2415 1464 2459 expressis
1498 2420 1527 2447 et
1558 2414 1682 2447 insertis
1714 2414 1885 2455 habentes,
1915 2414 1976 2447 illis

1238 2469 1312 2501 alias
1329 2468 1360 2500 in
1378 2478 1435 2501 suo
1457 2467 1572 2500 robore
1592 2466 1817 2511 permansuriS,
1835 2466 1872 2500 ad
1889 2477 1977 2511 prae-

1239 2521 1404 2554 missorum
1424 2521 1569 2554 effectum
1592 2520 1768 2564 specialiter
1785 2525 1815 2552 et
1830 2530 1976 2563 expresse

1237 2575 1440 2617 derogamus3
1467 2574 1640 2618 ceterisque
1657 2573 1821 2608 contrariis
1845 2573 1974 2619 quibus-

1238 2637 1381 2670 cumque.

1994 246 2046 272 An.
2063 245 2091 273 C.
2105 246 2170 277 1658

2004 1230 2006 1233 y
2018 1203 2126 1225 Decretum
2142 1204 2167 1226 {r-

1991 1233 2064 1252 maus-

2018 1575 2123 1596 Contraria
2136 1581 2165 1596 το-

1992 1602 2049 1622 sctht.
