2243 3205
236 169 284 196 An.
301 171 331 198 C.
348 170 416 198 1059

257 389 328 410 Novae
340 388 422 415 proxin-

237 417 283 437 τωο
299 417 383 438 limites.

264 1480 267 1482 .
279 1453 389 1474 Decretum
407 1453 433 1474 ir-

251 1482 323 1501 ritans.

252 1664 363 1685 Contraria
374 1664 434 1685 toltit.

462 162 525 193 lm)

436 218 515 250 ciam
537 218 670 262 amplius
687 224 820 260 mutare,
841 219 906 253 sine
926 221 1090 266 utriusque
1106 234 1176 267 pro-

438 271 576 304 vincialis
591 281 745 305 consensu
762 273 794 305 in
811 273 936 317 scriptis
953 275 1091 316 obtento,
1111 277 1175 309 ullo

439 323 532 357 modo
557 324 657 357 liceat.

483 377 498 419 g
521 376 551 409 9.
572 377 718 410 Eiusdem
744 383 847 411 autem
873 389 971 413 novae
996 381 1176 424 provinciae

439 429 470 461 B.
491 429 572 462 Petri
592 429 630 462 de
654 431 820 464 Alcantara
844 432 959 466 limites
984 438 1014 465 et
1038 432 1177 466 confines

440 492 507 514 esse
537 482 652 516 debere
684 484 829 518 volumus
860 486 1075 530 episcopatum
1104 486 1176 520 Car—

442 535 667 578 thaginensem,
697 537 881 571 comitatum
910 539 942 571 in
971 549 1069 582 regno
1100 539 1178 571 Mur-

441 588 516 629 ciae,
543 588 760 633 episcopatum
785 590 1011 624 Guadieensem
1036 596 1066 624 et
1090 591 1178 632 Baza,

441 641 657 685 episcopatum
673 642 911 685 Almeriensem,
931 644 1180 688 archiepiscopa-

442 699 508 726 tum
529 694 762 738 Granatensem,
783 697 999 730 Adelantatum
1017 696 1054 729 de
1074 697 1181 730 Gazor-

443 746 481 787 la,
506 747 663 781 abbatiam
683 749 721 782 de
740 750 846 783 Alcala
870 755 900 782 et
924 750 1041 793 Pliego,
1058 759 1180 783 necnon

442 806 564 843 partem
590 803 788 846 episcopatus
813 803 1038 843 Ghiennensis,
1063 802 1182 836 scilicet

443 852 482 884 ab
507 853 573 897 ipsa
605 855 728 888 civitate
752 855 942 889 Ghiennensi
975 866 1083 888 versus
1113 855 1180 888 Bia-

444 917 567 939 censem
593 913 622 940 et
646 908 844 949 Ubetensem,
862 908 1071 953 relinquendo
1089 909 1182 941 aliam

442 965 575 1003 partem,
589 961 706 994 scilicet
726 961 764 994 ab
778 962 844 1005 ipsa
868 962 991 995 civitate
1004 962 1181 996 Ghiennen-

443 1013 468 1046 si
493 1024 592 1057 usque
624 1014 663 1047 ad
692 1015 908 1059 episcopatum
932 1016 1181 1050 Cordubensem:

443 1068 485 1100 ita
511 1073 624 1109 tamen,
637 1074 739 1103 utnec
756 1070 918 1114 provincia
942 1071 1064 1103 noviter
1080 1075 1184 1104 erecta

443 1131 501 1154 nee
536 1122 699 1165 provincia
727 1123 756 1156 S.
784 1123 890 1156 Didaci
922 1124 1021 1167 possit
1053 1123 1184 1157 fundare

444 1180 631 1207 conventum
657 1175 688 1208 in
713 1176 836 1209 civitate
860 1177 1059 1219 Gliiennensi,
1084 1187 1185 1221 neque

445 1228 476 1260 in
493 1229 559 1261 cius
575 1229 728 1273 districtu,
749 1230 804 1263 sed
824 1230 890 1274 ipsa
911 1230 1018 1263 civitas
1042 1241 1186 1264 commu-

445 1281 494 1314 nis
518 1281 557 1315 sit
582 1282 705 1326 utrique
730 1283 910 1327 provinciae
942 1294 1001 1327 pro
1025 1290 1186 1327 quaestua-

448 1335 553 1376 tione,
578 1342 673 1379 prout
696 1336 778 1369 inter
802 1342 908 1381 partes
933 1337 974 1370 ita
998 1342 1185 1370 conventum

449 1395 479 1422 et
502 1394 629 1433 pactum
654 1389 763 1423 extitit.

493 1443 508 1486 ἓ
526 1443 576 1476 to.
594 1443 802 1477 Decernentes
822 1442 941 1487 pariter
959 1443 1083 1477 easdem
1101 1454 1188 1488 prae-

449 1501 551 1528 sentes
578 1496 707 1538 litteras,
736 1502 803 1536 etc.;
824 1497 933 1541 sicque
959 1497 991 1529 in
1008 1498 1189 1541 praemissis

450 1559 506 1592 per
529 1561 746 1594 quoscumque
771 1550 889 1583 iudices
913 1551 1099 1592 ordinarios,
1120 1557 1189 1593 etc„

451 1612 486 1635 ac
510 1602 644 1645 irritum,
665 1608 733 1645 etc,
755 1604 923 1646 contigerit
946 1605 1101 1637 attentari.

496 1656 510 1699 ἓ
534 1656 585 1688 11.
611 1657 678 1690 Non
703 1657 898 1690 obstantibus
927 1658 1130 1701 praemissis,
1155 1669 1191 1691 ac

452 1709 727 1743 constitutionibus
747 1714 777 1744 et
801 1711 1052 1744 ordinationibus
1071 1716 1193 1754 aposto-

452 1762 530 1802 licis,
554 1772 686 1803 necnon,
711 1768 864 1807 quatenus
889 1774 968 1807 opus
992 1764 1040 1806 sit,
1066 1764 1191 1797 Ordinis

453 1827 488 1848 ac
502 1816 680 1859 provinciae
698 1817 727 1850 S.
742 1817 865 1850 Ioannis
881 1818 1045 1861 Baptistae,
1063 1818 1192 1862 eiusque

454 1875 663 1902 conventuum
681 1870 872 1911 huiusmodi,
890 1876 920 1904 ct
941 1871 1008 1903 aliis
1022 1871 1192 1915 quibusvis,

455 1923 546 1956 etiam
564 1923 750 1964 iuramento,
768 1929 836 1966 etc.,
851 1924 882 1956 in
895 1924 1088 1957 contrarium
1108 1935 1195 1968 prae-

457 1976 624 2009 missorum
646 1977 882 2019 quomodolibet
899 1977 1064 2018 concessis,
1080 1978 1195 2011 confir-

456 2030 548 2062 matis
562 2035 592 2062 et
608 2029 778 2069 innovatis;
797 2030 911 2073 quibus
924 2031 1070 2063 omnibus
1087 2036 1117 2064 et
1137 2032 1195 2064 sin-

456 2083 548 2126 gulis,
573 2083 699 2116 illorum
725 2089 850 2117 tenores
873 2085 1100 2128 praesentibus,
1126 2090 1194 2127 etc,

456 2135 515 2168 hac
537 2135 602 2168 vice
627 2136 788 2169 dumtaxat
812 2137 989 2180 specialiter
1007 2143 1036 2170 et
1049 2148 1195 2182 expresse

456 2188 656 2232 derogamus,
682 2190 856 2233 ceterisque
881 2191 1046 2225 contrariis
1066 2192 1196 2236 quibus-

457 2253 603 2286 cumque.

500 2296 612 2329 Datum
637 2297 773 2338 Romae,
798 2297 880 2341 apud
906 2295 935 2330 S.
961 2298 1088 2331 Mariam
1106 2299 1198 2333 Maio-

460 2358 544 2388 rem,
573 2347 630 2380 sub
654 2349 769 2381 annulo
806 2349 991 2392 Piscatoris,
1018 2349 1067 2383 die
1087 2360 1118 2383 1v
1143 2361 1197 2384 au-

460 2400 541 2443 gusti
567 2411 694 2443 mncmx,
719 2402 916 2446 pontificatus
930 2403 1029 2438 nostri
1042 2413 1123 2437 anno
1145 2414 1173 2437 v.

497 2463 556 2488 Dat.
574 2463 616 2489 die
633 2464 648 2490 4
663 2463 773 2498 augusti
791 2464 868 2497 1659,
885 2465 978 2500 pontif.
998 2473 1067 2493 anno
1088 2473 1113 2492 v.

1010 175 1187 199 BULLAItlUM
1209 176 1363 200 ROMANUM

1522 225 1612 259 CCLl.

1209 294 1439 336 Rcz'ntegyratio‚
1457 305 1513 327 seu
1535 305 1618 328 nova
1642 297 1754 329 erectio
1779 302 1949 332 conventus

1254 346 1285 380 S.
1306 346 1481 380 Laurentii
1495 347 1530 380 in
1547 348 1632 381 terro
1649 348 1789 389 Bonitii,
1807 350 1951 393 vulgari-

1257 403 1302 431 ter
1320 400 1523 442 Poggibonzi‚
1544 400 1587 433 ad
1610 402 1753 443 savorem
1777 412 1950 445 conyreya-

1257 452 1354 485 tionis
1371 453 1548 486 Ilicetanae
1571 453 1705 487 Ordinis
1728 454 1952 488 Eremitarum

1256 505 1287 538 S.
1312 504 1522 549 Auquscimu

1281 576 1451 603 Venerablli
1470 576 1558 603 fratri
1579 576 1718 611 episcopo
1739 576 1884 611 (lonensi,

1406 628 1574 656 Alexander
1598 629 1676 662 Papa
1695 629 1756 656 vn.

1425 690 1611 717 Venerabilis
1632 690 1740 723 frater,

1250 735 1378 762 salutem
1398 737 1430 762 et.
1449 734 1647 768 apostolicam
1665 734 1915 764 benedictionem.

1259 803 1418 837 Ecclesiae
1443 803 1616 837 catholicae
1640 803 1798 847 regimini,
1811 805 1898 838 nullo
1920 805 1954 839 li-

1216 861 1265 889 cet
1289 856 1477 889 meritorum
1501 861 1684 890 nostrorum
1709 856 1871 900 suffragio,
1895 868 1954 902 per

1217 908 1406 942 ineffabilem
1424 909 1546 942 divinae
1559 909 1708 943 bonitatis
1732 909 1954 944 abundantiam

1217 963 1397 1008 praepositi,
1423 963 1460 996 ad
1485 973 1531 1004 ea,
1556 973 1636 1007 quae
1667 963 1698 996 in
1722 963 1885 1007 religionis
1908 964 1956 997 di-

1218 1017 1342 1061 vinique
1367 1017 1468 1050 cultus
1492 1016 1732 1059 incrementum,
1751 1017 1958 1061 spiritualem-

1218 1081 1280 1115 que
1304 1070 1495 1114 populorum
1515 1070 1761 1104 consolationem
1785 1075 1815 1104 et
1839 1071 1957 1105 anima-

1206 1135 1288 1158 rum
1314 1125 1445 1157 salutem
1464 1134 1590 1157 cessura
1614 1134 1681 1157 esse
1704 1130 1887 1166 noscuntur,
1904 1136 1959 1169 pe-

1220 1178 1353 1211 culiares
1372 1178 1549 1221 vigilantiae
1565 1182 1692 1211 nostrae
1710 1189 1801 1212 curas
1825 1178 1959 1212 libenter

1220 1231 1447 1273 convertimus,
1473 1230 1631 1274 officiique
1660 1231 1761 1265 nostri
1792 1231 1959 1275 pastoralis

1220 1290 1325 1329 partes
1349 1285 1506 1328 propensa
1535 1284 1686 1318 charitate
1710 1284 1844 1329 desuper
1867 1285 1961 1318 inter-

1220 1338 1377 1382 ponimus,
1401 1343 1496 1381 prout
1519 1338 1570 1381 pia
1599 1338 1821 1381 religiosorum
1845 1337 1962 1372 antisti-

1222 1396 1287 1423 tum
1308 1395 1378 1424 vota
1399 1390 1569 1434 postulant,
1586 1395 1615 1424 et
1635 1401 1701 1434 nos,
1728 1391 1874 1435 prudenti
1892 1401 1963 1425 con-

1223 1443 1389 1477 sultatione
1397 1443 1544 1484 adhibita,
1555 1444 1774 1487 cognoscimus
1787 1444 1819 1477 in
1828 1444 1962 1479 Domino

1223 1497 1389 1531 salubriter
1406 1497 1564 1541 expedire.

1269 1551 1283 1594 ἓ
1306 1551 1336 1583 ’1.
1362 1551 1482 1594 Exponi
1506 1550 1660 1594 siquidem
1679 1550 1770 1584 nobis
1793 1561 1896 1595 nuper
1920 1551 1961 1585 fe-

1225 1605 1266 1638 cit
1290 1604 1477 1637 venerabilis
1500 1604 1596 1637 frater
1619 1604 1805 1639 Ambrosius
1828 1604 1965 1639 Landuc-

1225 1658 1292 1691 cius
1324 1657 1490 1701 episcopus
1530 1657 1769 1702 Porphyriensis
1804 1657 1965 1692 secretarii

1225 1710 1323 1744 nostri
1349 1710 1511 1754 apostolici
1531 1710 1718 1753 praefectus,
1736 1710 1790 1753 qui
1814 1710 1846 1742 in
1867 1710 1965 1744 mino-

1227 1765 1313 1797 ribus
1330 1764 1517 1797 constitutus
1534 1763 1674 1796 habitum
1699 1774 1756 1807 per
1779 1764 1891 1797 fratres
1911 1764 1966 1798 Or-

1226 1818 1307 1851 dinis
1341 1817 1550 1851 Eremitarum
1587 1817 1616 1851 S.
1647 1817 1815 1860 Augustini
1850 1817 1967 1860 gestari

1227 1872 1353 1906 solitum
1372 1872 1519 1916 suscepit,
1537 1877 1567 1905 et
1586 1871 1815 1915 professionem
1831 1882 1889 1916 per
1902 1881 1967 1905 eos-

1228 1925 1299 1958 dem
1332 1925 1433 1958 emitti
1468 1930 1651 1958 consuetam
1687 1935 1834 1968 expresse
1863 1925 1968 1958 emisit

1229 1979 1418 2022 regularem,
1443 1978 1537 2022 quod,
1556 1988 1627 2011 cum
1649 1983 1820 2011 conventus
1845 1977 1873 2012 S.
1891 1978 1967 2012 Lau-

1230 2031 1320 2064 rentii
1356 2031 1490 2064 fratrum
1522 2031 1702 2075 provinciae
1737 2031 1865 2065 Pisanae
1892 2031 1968 2066 dicti

1229 2084 1353 2118 Ordinis
1378 2085 1409 2117 in
1433 2085 1518 2117 terra
1535 2084 1871 2128 Bonitii,Poqqibonzi
1894 2085 1966 2118 vul-

1230 2138 1347 2181 gariter
1363 2138 1553 2181 nuncupata,
1569 2137 1718 2171 Collensis
1736 2137 1888 2171 dioecesis
1905 2137 1969 2171 exi-

1231 2197 1324 2233 stens,
1350 2193 1437 2225 cuius
1463 2191 1603 2225 redditus
1628 2192 1705 2225 certi
1730 2197 1760 2224 et
1784 2191 1895 2225 incerti
1919 2191 1969 2225 in-

1231 2245 1324 2279 simul
1344 2245 1382 2278 ad
1407 2255 1562 2278 summam
1580 2249 1792 2278 trecentorum
1810 2244 1971 2288 sexaginta

1232 2304 1392 2333 scutorum
1419 2303 1562 2332 monetae
1590 2298 1637 2331 vel
1669 2298 1795 2332 circiter
1821 2298 1971 2332 ascende-

1232 2352 1326 2393 bant,
1352 2356 1422 2385 ante
1454 2351 1572 2396 aliquot
1602 2361 1700 2385 annos
1730 2362 1788 2396 per
1812 2351 1972 2386 sinistram

1269 2441 1278 2465 1
1303 2439 1456 2466 Conventus
1476 2437 1572 2465 horum
1591 2438 1704 2466 fratrum
1723 2446 1777 2466 non
1796 2442 1909 2474 possunt
1923 2446 1971 2466 oc-

1232 2483 1325 2518 cupari
1352 2483 1386 2510 ab
1414 2483 1474 2510 aliis
1499 2482 1630 2510 fratribus
1656 2483 1828 2510 Discalceatis
1852 2482 1972 2510 eiusdem

1233 2527 1349 2561 Ordinis,
1365 2528 1418 2554 nisi
1434 2527 1467 2555 de
1486 2535 1619 2555 consensu
1635 2528 1731 2563 prioris
1750 2527 1892 2564 generalis.
1903 2527 1972 2556 Vide

1234 2572 1265 2600 ad
1283 2572 1374 2600 Const.
1389 2578 1476 2599 Lxxxn
1492 2571 1621 2600 Inocentii
1637 2571 1667 2607 X,
1683 2576 1746 2600 tom.
1764 2579 1808 2607 κν,
1830 2580 1890 2609 pag.
1907 2572 1970 2601 508.

1958 181 2006 207 An.
2023 180 2050 207 C.
2071 181 2139 210 1659

1995 820 2136 842 Prooemium.

2004 1563 2119 1589 Expositi..
