2243 3205
255 178 304 205 Λη.
321 178 348 206 c.
370 179 438 207 1659
484 170 547 205 502

275 1990 332 2014 Qua-x
348 1993 432 2017 praeri-

262 2018 278 2038 it
289 2018 332 2038 vult
347 2019 433 2038 inviola*

265 2044 318 2064 iliter
361 2046 431 2065 obser·

246 2073 325 2091 ventur.

454 230 532 269 vata,
550 229 601 261 sed
620 230 684 262 sola
702 230 772 262 facti
791 230 919 264 veritate
937 231 1087 276 inspecta,
1114 244 1187 276 quo-

453 291 521 313 rum
540 281 647 314 decem
669 282 817 316 iuliorum
848 294 942 317 unam
960 285 1187 327 denunciatori‚

452 344 505 366 seu
531 334 672 376 delatori,
689 336 781 368 aliam
800 347 875 370 vero
893 338 1091 372 medietatem
1112 349 1190 371 mas-

452 397 503 420 sae
536 388 713 431 praedictae
744 390 949 433 applicamus.
978 392 1071 425 Cuius
1096 392 1187 423 etiam

451 441 627 481 securitati,
656 452 690 474 ac
715 443 848 486 proinde
869 444 1009 477 eiusdem
1036 455 1188 484 camerae,

451 499 480 525 et
498 493 630 527 aliorum
657 494 807 528 interesse
833 496 1014 529 habentium
1037 497 1188 530 indemni-

451 546 503 580 tati
530 548 628 590 magis
649 549 856 590 consulentes,
875 550 1018 582 volumus
1036 554 1065 584 et
1085 550 1189 582 decer—

450 600 565 641 nimus,
590 602 672 645 quod
697 602 735 635 de
760 608 864 636 cetero
890 604 1050 647 perpetuis
1076 603 1189 635 suturis

450 654 646 697 temporibus
671 660 740 687 ante
772 657 1047 699 congregationem
1078 655 1188 689 facien-

450 706 520 739 dam
535 707 670 740 secunda
687 708 736 741 die
752 709 909 742 dominica
924 709 1089 743 cuiuslibet
1106 720 1189 742 men-

451 760 491 793 sis
523 761 636 804 singuli
671 773 816 795 cursores
847 763 876 794 in
908 763 1007 795 banco
1036 763 1185 797 archilio-

450 814 570 857 spitalis
595 815 623 847 S.
645 815 789 859 Spiritus,
811 826 865 848 seu
890 816 951 848 alio
976 816 1045 849 loco
1070 820 1135 850 tuto
1160 822 1189 849 et

450 877 582 908 securo,
608 868 739 901 arbitrio
769 880 827 912 pro
853 874 993 912 tempore
1031 870 1189 903 existentis

450 921 605 963 generalis
641 922 792 955 auditoris
827 923 1001 966 praedicti,
1034 923 1186 965 integram

452 983 569 1006 massae
603 978 701 1007 ratam
727 975 765 1007 ab
792 975 866 1018 ipsis
898 986 933 1007 ex
967 976 1188 1009 emolumentis

449 1026 666 1069 praecedentis
684 1028 799 1060 mensis
816 1029 973 1072 perceptis
988 1029 1121 1062 debitam
1140 1029 1189 1061 de-

448 1085 576 1123 ponant,
596 1091 676 1123 quae
700 1081 785 1113 nulla
813 1082 942 1122 ratione,
969 1082 1060 1114 etiam
1090 1093 1184 1126 prae-

449 1137 533 1164 textu
559 1138 643 1165 ratae
669 1133 724 1165 sibi
759 1140 866 1178 postea
892 1145 926 1167 ex
952 1134 1058 1167 eadem
1087 1136 1186 1167 massa

450 1185 580 1228 (solutis
600 1192 689 1230 prout
719 1187 796 1219 infra
822 1188 997 1232 oneribus)
1023 1189 1186 1232 tangentis,

449 1239 602 1271 retardari
629 1239 738 1283 possit,
760 1246 788 1272 et
806 1241 946 1286 quilibet·
961 1252 1071 1275 cursor
1092 1242 1186 1275 cedu-

449 1292 509 1324 lam
536 1292 667 1336 depositi
694 1294 724 1325 in
752 1293 832 1326 dicta
858 1295 1102 1338 congregatione
1127 1295 1182 1329 de-

449 1344 529 1377 ferre
554 1350 584 1378 et
616 1347 767 1389 magistro
799 1347 922 1380 tradere
956 1353 1097 1381 teneatur
1128 1349 1186 1382 sub

448 1400 548 1441 poena
574 1399 787 1442 suspensionis
813 1400 851 1432 ab
877 1401 979 1433 officio
1001 1401 1068 1445 ipso
1094 1402 1185 1442 facto,

448 1451 565 1495 absque
583 1451 640 1484 alia
659 1452 768 1486 iudicis
787 1452 1005 1496 declaratione,
1027 1454 1126 1487 donee
1144 1455 1185 1487 di-
1201 1465 1203 1477 ¹

448 1509 529 1536 ctam
560 1510 659 1537 ratam
685 1505 864 1549 deposuerit
890 1507 1095 1550 cedulamque
1120 1518 1185 1540 ma-

448 1557 546 1599 gistro
575 1563 607 1590 ut
633 1569 726 1602 supra
755 1559 996 1602 consignaverit,
1024 1561 1077 1604 qui
1106 1561 1185 1593 infra

448 1609 586 1656 triduum
601 1621 618 1642 a
631 1610 681 1644 die
695 1612 817 1645 habitae
832 1613 1086 1655 congregationis
1100 1624 1186 1658 prae-

447 1661 547 1695 dictae
571 1669 676 1697 notam
702 1676 878 1706 cursorum,
896 1666 947 1710 qui
969 1666 998 1698 in
1025 1667 1185 1710 praedicto

447 1715 587 1759 deposito
613 1717 792 1759 defecerint,
810 1719 910 1751 eidem
937 1719 1070 1753 auditori
1092 1731 1186 1763 gene-

447 1769 504 1801 rali
529 1770 653 1803 tradere
678 1771 735 1803 sub
756 1773 857 1815 poena
883 1771 1066 1815 privationis
1091 1773 1184 1806 officii

447 1823 619 1865 magisterii
638 1829 790 1867 teneatur,
808 1830 840 1857 ut
858 1825 896 1858 ab
915 1826 1024 1859 eodem
1043 1826 1185 1859 auditore

448 1875 478 1907 in
504 1886 609 1909 casum
640 1887 701 1910 non
733 1878 948 1912 observantiae
979 1879 1184 1923 suspensione

446 1929 550 1972 puniri
577 1930 643 1962 eius
667 1930 798 1964 arbitrio
824 1931 951 1974 possint.

491 1982 558 2025 54.
585 1982 616 2015 In
647 1983 712 2027 ipsa
744 1994 818 2016 vero
849 1984 899 2017 die
931 1986 1184 2028 congregationis

447 2035 596 2077 magister
620 2046 785 2069 cursorum
803 2037 833 2069 in
851 2037 953 2080 prima
979 2049 1033 2071 seu
1058 2039 1183 2072 sinistra

446 2088 524 2121 facie
548 2088 621 2121 libri
646 2089 683 2121 ad
705 2090 787 2123 bunc
812 2090 957 2124 effectum
983 2092 1184 2135 singulariter

445 2141 579 2175 habendi
597 2142 754 2175 describat
778 2143 946 2177 ordinatim
972 2155 1062 2178 suurn
1084 2151 1113 2178 et
1130 2157 1184 2179 cu-

445 2195 571 2229 iuslibet
595 2196 734 2229 cursoris
762 2207 876 2230 nomen
909 2208 978 2230 cum
1013 2199 1183 2242 quantitate

443 2249 647 2292 pecuniarum
674 2249 848 2282 debitarum
875 2256 935 2283 tam
961 2251 999 2283 ab
1025 2251 1093 2295 ipso
1118 2263 1183 2285 ma-

443 2303 541 2345 gistro
565 2314 659 2347 quam
685 2314 702 2336 a
727 2304 857 2347 singulis
881 2305 1081 2348 cursoribus,
1111 2317 1181 2339 cum

443 2357 672 2401 subscriptione
707 2357 845 2390 eiusdem
879 2358 1019 2400 magistri
1056 2369 1091 2391 ac
1122 2359 1179 2392 de-

444 2410 534 2452 cani,
566 2410 613 2443 vel
639 2410 669 2443 in
694 2410 786 2443 liuius
816 2411 970 2445 defectum
997 2412 1182 2456 antiquioris

444 2463 581 2496 cursoris
606 2468 636 2496 et
659 2463 882 2507 deputatorum
907 2475 1003 2508 supra
1035 2475 1181 2506 massam,

444 2514 475 2547 in
492 2515 599 2548 eadem
614 2516 706 2556 facie;
722 2517 751 2549 in
769 2517 905 2550 secunda
918 2528 992 2551 vero
1010 2518 1087 2551 facie
1104 2518 1182 2551 eius-

445 2566 515 2600 dem
537 2567 607 2600 libri
630 2578 664 2601 ex-
686 2571 830 2613 opposito
848 2570 968 2604 notabit
994 2571 1197 2613 solutionem,

1023 185 1201 209 ntJLLammt
1225 184 1379 209 Romnum

1219 244 1235 265 a
1266 233 1397 275 singulis
1429 237 1458 265 et
1489 233 1678 276 quibuslibet
1711 234 1741 266 in
1776 235 1875 268 banco
1900 245 1956 268 ar-

1221 285 1438 329 cliiliospitalis
1473 285 1502 319 S.
1539 285 1672 330 Spiritus
1708 287 1841 329 saetam,
1875 288 1960 321 iuxta

1222 338 1423 381 quietantiam
1444 338 1579 382 desuper
1596 339 1799 382 productam,
1820 340 1960 384 sequenti

1223 401 1296 423 vero
1326 391 1399 424 folio
1429 391 1638 434 registrentur
1666 392 1788 436 singula
1817 393 1961 427 mandata

1223 443 1340 476 directa
1372 444 1408 476 ad
1434 444 1629 488 praedictum
1658 445 1792 480 baneum
1824 446 1961 480 subscri-

1223 496 1377 529 bendum¹
1396 508 1412 530 a
1431 498 1581 540 magistro
1606 503 1635 531 et
1659 498 1776 532 decano
1797 499 1888 532 simul
1912 499 1961 532 vel

1223 550 1292 583 loeo
1323 550 1432 583 decani
1457 551 1495 583 ab
1524 551 1692 595 antiquiori
1726 563 1854 585 cursore
1889 562 1960 585 curn

1223 603 1443 637 distributione
1468 604 1718 648 supradictarum
1755 605 1960 649 pecuniarum

1223 656 1441 690 solvendarum
1475 657 1694 702 infrascriptis,
1714 658 1876 692 videlicet:
1900 659 1962 702 pri-

1223 720 1274 742 mo
1310 710 1379 743 loco
1415 710 1605 755 depositario
1643 712 1780 755 generali
1819 722 1961 746 camerae

1204 764 1411 806 apostoticae
1444 764 1473 796 in
1506 765 1746 798 satisfactionem
1780 776 1912 799 onerum
1943 776 1961 798 a
2013 800 2017 804 ,

1223 817 1357 859 collegio
1393 828 1557 851 cursorum
1594 818 1793 859 debitorum3
1830 819 1961 852 subinde

1224 871 1438 903 reservatariis
1458 871 1658 904 decretorum
1683 875 1713 905 et
1736 872 1803 905 aliis
1827 872 1961 905 credito-

1224 923 1311 956 ribus
1350 924 1546 967 singulorum
1583 936 1749 958 cursorum
1786 925 1961 969 respective

1223 976 1343 1009 ratione
1368 977 1534 1011 cuiuslibet
1551 978 1659 1018 officii,
1684 985 1713 1011 etv
1736 978 1870 1022 denique
1896 989 1961 1011 ma-

1222 1029 1320 1072 gistro
1337 1035 1366 1062 et.
1383 1031 1451 1063 aliis
1472 1031 1654 1065 cursoribus
1672 1042 1729 1075 pro
1747 1033 1812 1064 rata
1841 1042 1960 1066 massae

1223 1083 1362 1126 singulos
1388 1084 1552 1127 tangentis.

1267 1136 1281 1178 ᾗ
1302 1136 1331 1168 ’5.
1354 1137 1518 1170 Praeterea
1545 1137 1694 1180 magister
1719 1148 1883 1171 cursorum
1901 1150 1959 1183 pro

1221 1193 1362 1232 tempore
1388 1190 1523 1222 existens
1557 1195 1700 1223 teneatur
1732 1191 1881 1224 exhibere
1905 1202 1958 1225 su-

1221 1241 1394 1284 pradictum
1421 1242 1534 1275 librum
1564 1254 1622 1286 pro
1648 1249 1791 1287 tempore
1815 1244 1958 1277 existenti

1221 1294 1355 1328 auditori
1381 1296 1518 1338 generali
1543 1296 1623 1329 infra
1648 1297 1784 1330 triduum
1802 1308 1819 1330 a
1835 1297 1884 1331 die
1908 1298 1960 1331 ha-

1220 1347 1302 1381 bitae
1332 1349 1586 1391 congregationis
1611 1350 1876 1393 computandum,
1901 1350 1958 1384 sub

1220 1401 1434 1444 suspensionis
1458 1412 1514 1445 per
1539 1412 1635 1434 unum
1662 1413 1799 1436 mensem
1819 1414 1836 1436 a
1853 1404 1900 1437 sui
1917 1403 1959 1437 of-

1220 1453 1280 1485 ficii
1318 1454 1466 1487 exercitio
1507 1455 1639 1499 aliisque
1673 1456 1783 1499 poenis
1818 1456 1958 1490 eiusdem

1219 1506 1370 1540 auditoris
1406 1508 1561 1550 generalis
1596 1508 1727 1542 arbitrio
1759 1509 1789 1542 in
1821 1510 1960 1553 qualibet

1219 1561 1475 1594 contraventione
1509 1572 1601 1605 supra
1637 1562 1885 1606 dispositorum,
1909 1564 1958 1597 vel

1219 1613 1350 1647 alicuius
1375 1624 1495 1647 eorum.
1521 1615 1557 1647 Et
1587 1615 1659 1658 quia
1691 1620 1756 1648 tum
1788 1616 1958 1649 curialibus

1219 1671 1284 1699 tum
1300 1667 1415 1700 eisdem
1434 1667 1618 1700 cursoribus
1631 1678 1764 1702 onerosa
1781 1669 1874 1702 nimis
1890 1669 1959 1702 red-

1219 1719 1303 1752 ditur
1326 1720 1499 1763 probibitio
1524 1720 1655 1753 faciendi
1681 1721 1853 1764 citationes,
1870 1722 1958 1755 alias-

1219 1783 1279 1816 que
1304 1773 1534 1816 expeditiones,
1559 1773 1663 1806 babita
1695 1774 1755 1807 fide
1784 1775 1956 1817 solutionis,

1219 1831 1252 1858 ut
1276 1826 1383 1859 ambas
1408 1832 1512 1870 partes
1537 1826 1576 1858 ab
1601 1826 1779 1860 huiusmodi
1805 1827 1956 1871 angustiis

1219 1879 1427 1921 sublevemus,
1453 1880 1581 1913 cuilibet
1609 1890 1643 1913 ex
1677 1880 1859 1914 cursoribus
1883 1891 1956 1925 per-

1220 1933 1383 1973 mittimus,
1409 1938 1443 1965 ut
1467 1933 1593 1966 illorum
1619 1933 1759 1974 arbitrio,
1777 1934 1894 1978 absque
1911 1935 1958 1968 ul-

1218 1985 1319 2018 larum
1338 1995 1510 2028 poenarum
1532 1991 1585 2018 aut
1605 1996 1809 2020 censurarum
1828 1987 1955 2020 incursu

1219 2038 1248 2070 in
1266 2039 1417 2082 praedicti
1442 2039 1694 2083 praedecessoris
1711 2040 1823 2074 litteris
1847 2040 1952 2085 impo-

1218 2091 1283 2125 sitis
1300 2092 1321 2133 2,
1347 2092 1526 2133 citationes,
1562 2093 1790 2136 intimationes‚
1817 2093 1955 2137 aliasque

1218 2156 1326 2179 omnes
1361 2145 1573 2189 expeditiones
1609 2146 1667 2179 sub
1698 2147 1759 2180 fide
1790 2147 1954 2182 curialium

1218 2198 1294 2242 ipsis
1318 2198 1539 2232 benevisorum
1558 2199 1706 2243 expedire
1723 2200 1843 2243 possint
1859 2205 1890 2233 et
1905 2211 1956 2234 va-

1217 2252 1316 2293 leant,
1351 2263 1413 2285 non
1450 2253 1606 2286 retardata
1639 2257 1741 2286 tamen
1775 2253 1955 2287 huiusmodi

1217 2305 1281 2338 sive
1305 2305 1365 2338 alia
1394 2305 1433 2338 de
1465 2307 1557 2339 causa
1589 2306 1743 2340 solutione
1775 2306 1954 2340 reddituum

1217 2369 1337 2393 massae
1371 2364 1405 2392 ut
1436 2370 1530 2404 supra
1564 2359 1667 2392 debita
1692 2365 1726 2401 et·
1757 2360 1952 2403 singulorum

1217 2413 1370 2446 mensium
1397 2413 1486 2447 initio
1511 2413 1660 2454 facienda,
1681 2413 1773 2446 firma
1798 2414 1890 2446 etiam
1909 2424 1954 2447 re-

1216 2471 1361 2499 manente
1386 2466 1608 2510 prohibitione,
1629 2466 1687 2499 sub
1705 2466 1821 2499 eisdem
1843 2466 1953 2510 poenis

1250 2537 1263 2563 1
1285 2537 1386 2564 Forsan
1406 2537 1608 2565 subscribenda
1627 2539 1664 2572 (a.
1679 2538 1727 2571 T.).

1251 2581 1266 2608 ⁶2
1286 2580 1398 2608 Videtur
1412 2580 1555 2616 legendum
1571 2581 1776 2616 impositarum
1792 2584 1828 2608 (R.
1846 2582 1893 2616 T.).

1965 187 2022 213 'An
2043 187 2072 214 C.
2092 189 2155 216 ¹659
