<?xml version="1.0" encoding="UTF-8"?>
<!DOCTYPE html PUBLIC "-//W3C//DTD XHTML 1.0 Transitional//EN"
    "http://www.w3.org/TR/xhtml1/DTD/xhtml1-transitional.dtd">
<html xmlns="http://www.w3.org/1999/xhtml" xml:lang="en" lang="en">
 <head>
  <title>
</title>
<meta http-equiv="Content-Type" content="text/html;charset=utf-8" />
  <meta name='ocr-system' content='tesseract 3.04.00' />
  <meta name='ocr-capabilities' content='ocr_page ocr_carea ocr_par ocr_line ocrx_word'/>
</head>
<body>
  <div class='ocr_page' id='page_1' title='image "./bullarumdiplomat16cath_0110.png"; bbox 0 0 2263 3215; ppageno 0'>
   <div class='ocr_carea' id='block_1_1' title="bbox 268 247 448 273">
    <p class='ocr_par' dir='ltr' id='par_1_1' title="bbox 268 247 448 273">
     <span class='ocr_line' id='line_1_1' title="bbox 268 247 448 273; baseline 0.011 -2"><span class='ocrx_word' id='word_1_1' title='bbox 268 249 300 273; x_wconf 74' lang='lat' dir='ltr'>-lu</span> <span class='ocrx_word' id='word_1_2' title='bbox 330 248 357 272; x_wconf 73' lang='lat' dir='ltr'>C.</span> <span class='ocrx_word' id='word_1_3' title='bbox 384 247 448 273; x_wconf 57' lang='grc' dir='ltr'>ΜΒΓ»</span> 
     </span>
    </p>
   </div>
   <div class='ocr_carea' id='block_1_2' title="bbox 280 1967 421 1993">
    <p class='ocr_par' dir='ltr' id='par_1_2' title="bbox 280 1967 421 1993">
     <span class='ocr_line' id='line_1_2' title="bbox 280 1967 421 1993; baseline 0.014 -7"><span class='ocrx_word' id='word_1_4' title='bbox 280 1967 344 1993; x_wconf 73' lang='lat' dir='ltr'>Suppl</span> <span class='ocrx_word' id='word_1_5' title='bbox 350 1967 421 1988; x_wconf 71' lang='lat' dir='ltr'>ieatlu.</span> 
     </span>
    </p>
   </div>
   <div class='ocr_carea' id='block_1_3' title="bbox 453 239 1198 1517">
    <p class='ocr_par' dir='ltr' id='par_1_3' title="bbox 453 239 1198 1300">
     <span class='ocr_line' id='line_1_3' title="bbox 495 239 535 271; baseline 0 0"><span class='ocrx_word' id='word_1_6' title='bbox 495 239 535 271; x_wconf 74' lang='lat' dir='ltr'>7ss</span> 
     </span>
     <span class='ocr_line' id='line_1_4' title="bbox 462 293 1198 338; baseline -0.003 -9"><span class='ocrx_word' id='word_1_7' title='bbox 462 295 628 329; x_wconf 82' lang='lat' dir='ltr'>canonicos</span> <span class='ocrx_word' id='word_1_8' title='bbox 652 294 838 338; x_wconf 70' lang='lat' dir='ltr'>specialibus</span> <span class='ocrx_word' id='word_1_9' title='bbox 856 293 1014 331; x_wconf 81' lang='lat' dir='ltr'>favoribus</span> <span class='ocrx_word' id='word_1_10' title='bbox 1044 300 1073 328; x_wconf 90' lang='lat' dir='ltr'>et</span> <span class='ocrx_word' id='word_1_11' title='bbox 1090 295 1198 338; x_wconf 78' lang='lat' dir='ltr'>gratiis</span> 
     </span>
     <span class='ocr_line' id='line_1_5' title="bbox 460 348 1198 393; baseline -0.001 -11"><span class='ocrx_word' id='word_1_12' title='bbox 460 349 607 393; x_wconf 79' lang='lat' dir='ltr'>prosequi</span> <span class='ocrx_word' id='word_1_13' title='bbox 638 348 790 390; x_wconf 78' lang='lat' dir='ltr'>volentes,</span> <span class='ocrx_word' id='word_1_14' title='bbox 821 353 850 382; x_wconf 89' lang='lat' dir='ltr'>et</span> <span class='ocrx_word' id='word_1_15' title='bbox 882 358 991 383; x_wconf 89' lang='lat' dir='ltr'>eorum</span> <span class='ocrx_word' id='word_1_16' title='bbox 1024 348 1198 391; x_wconf 69' lang='lat' dir='ltr'>singulares</span> 
     </span>
     <span class='ocr_line' id='line_1_6' title="bbox 460 402 1197 447; baseline -0.004 -11"><span class='ocrx_word' id='word_1_17' title='bbox 460 414 610 447; x_wconf 80' lang='lat' dir='ltr'>personas</span> <span class='ocrx_word' id='word_1_18' title='bbox 635 414 650 435; x_wconf 87' lang='lat' dir='ltr'>a</span> <span class='ocrx_word' id='word_1_19' title='bbox 675 402 835 446; x_wconf 75' lang='lat' dir='ltr'>quibusvis</span> <span class='ocrx_word' id='word_1_20' title='bbox 853 402 1197 442; x_wconf 75' lang='lat' dir='ltr'>excommunicationis,</span> 
     </span>
     <span class='ocr_line' id='line_1_7' title="bbox 460 455 1198 500; baseline -0.001 -10"><span class='ocrx_word' id='word_1_21' title='bbox 460 456 673 500; x_wconf 78' lang='lat' dir='ltr'>suspensionis</span> <span class='ocrx_word' id='word_1_22' title='bbox 697 462 726 489; x_wconf 90' lang='lat' dir='ltr'>et</span> <span class='ocrx_word' id='word_1_23' title='bbox 752 456 919 497; x_wconf 73' lang='lat' dir='ltr'>interdicti,</span> <span class='ocrx_word' id='word_1_24' title='bbox 944 457 1076 500; x_wconf 84' lang='lat' dir='ltr'>aliisque</span> <span class='ocrx_word' id='word_1_25' title='bbox 1102 455 1198 489; x_wconf 84' lang='lat' dir='ltr'>eccle-</span> 
     </span>
     <span class='ocr_line' id='line_1_8' title="bbox 459 510 1197 554; baseline -0.003 -12"><span class='ocrx_word' id='word_1_26' title='bbox 459 511 588 544; x_wconf 73' lang='lat' dir='ltr'>siasticis</span> <span class='ocrx_word' id='word_1_27' title='bbox 613 510 790 553; x_wconf 84' lang='lat' dir='ltr'>sententiis,</span> <span class='ocrx_word' id='word_1_28' title='bbox 816 510 958 544; x_wconf 81' lang='lat' dir='ltr'>censuris</span> <span class='ocrx_word' id='word_1_29' title='bbox 983 515 1012 543; x_wconf 89' lang='lat' dir='ltr'>et</span> <span class='ocrx_word' id='word_1_30' title='bbox 1036 510 1155 554; x_wconf 88' lang='lat' dir='ltr'>poenis,</span> <span class='ocrx_word' id='word_1_31' title='bbox 1181 519 1197 541; x_wconf 89' lang='lat' dir='ltr'>a</span> 
     </span>
     <span class='ocr_line' id='line_1_9' title="bbox 460 563 1196 608; baseline -0.003 -12"><span class='ocrx_word' id='word_1_32' title='bbox 460 565 526 597; x_wconf 78' lang='lat' dir='ltr'>iure</span> <span class='ocrx_word' id='word_1_33' title='bbox 551 564 597 596; x_wconf 69' lang='lat' dir='ltr'>vel</span> <span class='ocrx_word' id='word_1_34' title='bbox 616 563 654 598; x_wconf 91' lang='lat' dir='ltr'>ab</span> <span class='ocrx_word' id='word_1_35' title='bbox 671 564 809 606; x_wconf 86' lang='lat' dir='ltr'>bomine,</span> <span class='ocrx_word' id='word_1_36' title='bbox 834 564 942 608; x_wconf 86' lang='lat' dir='ltr'>quavis</span> <span class='ocrx_word' id='word_1_37' title='bbox 967 563 1132 597; x_wconf 76' lang='lat' dir='ltr'>occasione</span> <span class='ocrx_word' id='word_1_38' title='bbox 1151 563 1196 595; x_wconf 75' lang='lat' dir='ltr'>vel</span> 
     </span>
     <span class='ocr_line' id='line_1_10' title="bbox 459 615 1197 661; baseline -0.003 -12"><span class='ocrx_word' id='word_1_39' title='bbox 459 619 550 650; x_wconf 74' lang='lat' dir='ltr'>causa</span> <span class='ocrx_word' id='word_1_40' title='bbox 575 617 654 659; x_wconf 84' lang='lat' dir='ltr'>latis,</span> <span class='ocrx_word' id='word_1_41' title='bbox 675 618 700 650; x_wconf 87' lang='lat' dir='ltr'>si</span> <span class='ocrx_word' id='word_1_42' title='bbox 725 617 839 661; x_wconf 83' lang='lat' dir='ltr'>quibus</span> <span class='ocrx_word' id='word_1_43' title='bbox 856 616 1093 661; x_wconf 72' lang='lat' dir='ltr'>quomodolibet</span> <span class='ocrx_word' id='word_1_44' title='bbox 1111 615 1197 648; x_wconf 88' lang='lat' dir='ltr'>inno-</span> 
     </span>
     <span class='ocr_line' id='line_1_11' title="bbox 457 668 1195 713; baseline -0.003 -12"><span class='ocrx_word' id='word_1_45' title='bbox 457 670 544 703; x_wconf 81' lang='lat' dir='ltr'>datae</span> <span class='ocrx_word' id='word_1_46' title='bbox 569 670 716 711; x_wconf 80' lang='lat' dir='ltr'>existunt,</span> <span class='ocrx_word' id='word_1_47' title='bbox 743 670 780 702; x_wconf 86' lang='lat' dir='ltr'>ad</span> <span class='ocrx_word' id='word_1_48' title='bbox 805 670 949 703; x_wconf 72' lang='lat' dir='ltr'>ess&#39;eetum</span> <span class='ocrx_word' id='word_1_49' title='bbox 986 668 1195 713; x_wconf 87' lang='lat' dir='ltr'>praesentium</span> 
     </span>
     <span class='ocr_line' id='line_1_12' title="bbox 457 722 1197 767; baseline -0.001 -13"><span class='ocrx_word' id='word_1_50' title='bbox 457 724 615 755; x_wconf 77' lang='lat' dir='ltr'>dumtaxat</span> <span class='ocrx_word' id='word_1_51' title='bbox 633 723 900 767; x_wconf 85' lang='lat' dir='ltr'>consequendum,</span> <span class='ocrx_word' id='word_1_52' title='bbox 914 724 1025 756; x_wconf 84' lang='lat' dir='ltr'>barum</span> <span class='ocrx_word' id='word_1_53' title='bbox 1048 722 1128 755; x_wconf 84' lang='lat' dir='ltr'>serie</span> <span class='ocrx_word' id='word_1_54' title='bbox 1148 722 1197 754; x_wconf 86' lang='lat' dir='ltr'>ab·</span> 
     </span>
     <span class='ocr_line' id='line_1_13' title="bbox 457 775 1196 815; baseline 0 -8"><span class='ocrx_word' id='word_1_55' title='bbox 457 776 610 809; x_wconf 75' lang='lat' dir='ltr'>solventes</span> <span class='ocrx_word' id='word_1_56' title='bbox 631 781 660 808; x_wconf 84' lang='lat' dir='ltr'>et</span> <span class='ocrx_word' id='word_1_57' title='bbox 677 776 834 808; x_wconf 84' lang='lat' dir='ltr'>absolutas</span> <span class='ocrx_word' id='word_1_58' title='bbox 863 776 928 808; x_wconf 77' lang='lat' dir='ltr'>sore</span> <span class='ocrx_word' id='word_1_59' title='bbox 953 780 1125 815; x_wconf 87' lang='lat' dir='ltr'>censentes,</span> <span class='ocrx_word' id='word_1_60' title='bbox 1142 775 1196 807; x_wconf 88' lang='lat' dir='ltr'>hu-</span> 
     </span>
     <span class='ocr_line' id='line_1_14' title="bbox 457 829 1195 873; baseline -0.001 -12"><span class='ocrx_word' id='word_1_61' title='bbox 457 829 589 862; x_wconf 84' lang='lat' dir='ltr'>iusmodi</span> <span class='ocrx_word' id='word_1_62' title='bbox 621 830 900 873; x_wconf 67' lang='lat' dir='ltr'>supplicationibus</span> <span class='ocrx_word' id='word_1_63' title='bbox 925 829 1083 871; x_wconf 84' lang='lat' dir='ltr'>inclinati,</span> <span class='ocrx_word' id='word_1_64' title='bbox 1110 839 1195 862; x_wconf 89' lang='lat' dir='ltr'>eam-</span> 
     </span>
     <span class='ocr_line' id='line_1_15' title="bbox 456 883 1195 925; baseline 0 -12"><span class='ocrx_word' id='word_1_65' title='bbox 456 883 525 915; x_wconf 76' lang='lat' dir='ltr'>‹lem</span> <span class='ocrx_word' id='word_1_66' title='bbox 550 883 774 915; x_wconf 66' lang='lat' dir='ltr'>fraternitatem</span> <span class='ocrx_word' id='word_1_67' title='bbox 809 887 892 915; x_wconf 89' lang='lat' dir='ltr'>tuam</span> <span class='ocrx_word' id='word_1_68' title='bbox 927 892 984 925; x_wconf 87' lang='lat' dir='ltr'>per</span> <span class='ocrx_word' id='word_1_69' title='bbox 1015 887 1195 925; x_wconf 76' lang='lat' dir='ltr'>praesentes</span> 
     </span>
     <span class='ocr_line' id='line_1_16' title="bbox 455 937 1194 977; baseline 0.001 -9"><span class='ocrx_word' id='word_1_70' title='bbox 455 937 485 968; x_wconf 84' lang='lat' dir='ltr'>iu</span> <span class='ocrx_word' id='word_1_71' title='bbox 518 937 650 969; x_wconf 87' lang='lat' dir='ltr'>Domino</span> <span class='ocrx_word' id='word_1_72' title='bbox 682 937 847 970; x_wconf 87' lang='lat' dir='ltr'>hortamur</span> <span class='ocrx_word' id='word_1_73' title='bbox 882 941 911 969; x_wconf 90' lang='lat' dir='ltr'>et</span> <span class='ocrx_word' id='word_1_74' title='bbox 942 946 1124 977; x_wconf 87' lang='lat' dir='ltr'>monemus,</span> <span class='ocrx_word' id='word_1_75' title='bbox 1157 947 1194 969; x_wconf 89' lang='lat' dir='ltr'>ne</span> 
     </span>
     <span class='ocr_line' id='line_1_17' title="bbox 454 989 1194 1033; baseline 0.005 -14"><span class='ocrx_word' id='word_1_76' title='bbox 454 999 603 1032; x_wconf 80' lang='lat' dir='ltr'>personas</span> <span class='ocrx_word' id='word_1_77' title='bbox 628 989 854 1024; x_wconf 87' lang='lat' dir='ltr'>ecclesiasticas</span> <span class='ocrx_word' id='word_1_78' title='bbox 880 989 1058 1033; x_wconf 83' lang='lat' dir='ltr'>praedictas</span> <span class='ocrx_word' id='word_1_79' title='bbox 1082 989 1119 1023; x_wconf 89' lang='lat' dir='ltr'>ad</span> <span class='ocrx_word' id='word_1_80' title='bbox 1145 1000 1194 1023; x_wconf 90' lang='lat' dir='ltr'>so-</span> 
     </span>
     <span class='ocr_line' id='line_1_18' title="bbox 454 1043 1193 1087; baseline 0.003 -12"><span class='ocrx_word' id='word_1_81' title='bbox 454 1043 604 1076; x_wconf 88' lang='lat' dir='ltr'>lutionem</span> <span class='ocrx_word' id='word_1_82' title='bbox 623 1043 778 1076; x_wconf 86' lang='lat' dir='ltr'>dictarum</span> <span class='ocrx_word' id='word_1_83' title='bbox 797 1043 1003 1086; x_wconf 79' lang='lat' dir='ltr'>gabellarum,</span> <span class='ocrx_word' id='word_1_84' title='bbox 1020 1043 1079 1076; x_wconf 89' lang='lat' dir='ltr'>nisi</span> <span class='ocrx_word' id='word_1_85' title='bbox 1096 1044 1193 1087; x_wconf 89' lang='lat' dir='ltr'>petito</span> 
     </span>
     <span class='ocr_line' id='line_1_19' title="bbox 454 1096 1193 1141; baseline 0.001 -13"><span class='ocrx_word' id='word_1_86' title='bbox 454 1096 637 1129; x_wconf 87' lang='lat' dir='ltr'>corumdem</span> <span class='ocrx_word' id='word_1_87' title='bbox 664 1097 789 1141; x_wconf 88' lang='lat' dir='ltr'>capituli</span> <span class='ocrx_word' id='word_1_88' title='bbox 811 1102 840 1129; x_wconf 90' lang='lat' dir='ltr'>et</span> <span class='ocrx_word' id='word_1_89' title='bbox 864 1096 1089 1130; x_wconf 88' lang='lat' dir='ltr'>canonicorum</span> <span class='ocrx_word' id='word_1_90' title='bbox 1107 1097 1144 1129; x_wconf 93' lang='lat' dir='ltr'>ad</span> <span class='ocrx_word' id='word_1_91' title='bbox 1163 1097 1193 1130; x_wconf 89' lang='lat' dir='ltr'>id</span> 
     </span>
     <span class='ocr_line' id='line_1_20' title="bbox 454 1150 1191 1191; baseline 0.001 -9"><span class='ocrx_word' id='word_1_92' title='bbox 454 1160 617 1191; x_wconf 86' lang='lat' dir='ltr'>censensu,</span> <span class='ocrx_word' id='word_1_93' title='bbox 636 1150 733 1184; x_wconf 85' lang='lat' dir='ltr'>teneri</span> <span class='ocrx_word' id='word_1_94' title='bbox 758 1150 917 1184; x_wconf 84' lang='lat' dir='ltr'>decernas.</span> <span class='ocrx_word' id='word_1_95' title='bbox 940 1150 973 1183; x_wconf 90' lang='lat' dir='ltr'>ln</span> <span class='ocrx_word' id='word_1_96' title='bbox 997 1150 1191 1184; x_wconf 89' lang='lat' dir='ltr'>contrarium</span> 
     </span>
     <span class='ocr_line' id='line_1_21' title="bbox 453 1203 1189 1248; baseline 0.001 -13"><span class='ocrx_word' id='word_1_97' title='bbox 453 1203 636 1237; x_wconf 69' lang='lat' dir='ltr'>facientibus</span> <span class='ocrx_word' id='word_1_98' title='bbox 661 1214 721 1237; x_wconf 90' lang='lat' dir='ltr'>non</span> <span class='ocrx_word' id='word_1_99' title='bbox 754 1203 948 1238; x_wconf 77' lang='lat' dir='ltr'>obstantibus</span> <span class='ocrx_word' id='word_1_100' title='bbox 980 1203 1189 1248; x_wconf 86' lang='lat' dir='ltr'>quibuscum-</span> 
     </span>
     <span class='ocr_line' id='line_1_22' title="bbox 454 1268 522 1300; baseline 0.015 -12"><span class='ocrx_word' id='word_1_101' title='bbox 454 1268 522 1300; x_wconf 83' lang='lat' dir='ltr'>que.</span> 
     </span>
    </p>

    <p class='ocr_par' dir='ltr' id='par_1_4' title="bbox 453 1311 1192 1462">
     <span class='ocr_line' id='line_1_23' title="bbox 496 1311 1191 1355; baseline 0.001 -12"><span class='ocrx_word' id='word_1_102' title='bbox 496 1311 607 1344; x_wconf 87' lang='lat' dir='ltr'>Datum</span> <span class='ocrx_word' id='word_1_103' title='bbox 632 1312 759 1354; x_wconf 79' lang='lat' dir='ltr'>Romae,</span> <span class='ocrx_word' id='word_1_104' title='bbox 785 1311 868 1355; x_wconf 88' lang='lat' dir='ltr'>apud</span> <span class='ocrx_word' id='word_1_105' title='bbox 890 1311 919 1344; x_wconf 87' lang='lat' dir='ltr'>S.</span> <span class='ocrx_word' id='word_1_106' title='bbox 948 1311 1078 1346; x_wconf 84' lang='lat' dir='ltr'>Mariam</span> <span class='ocrx_word' id='word_1_107' title='bbox 1095 1311 1191 1345; x_wconf 87' lang='lat' dir='ltr'>Maio-</span> 
     </span>
     <span class='ocr_line' id='line_1_24' title="bbox 453 1364 1192 1408; baseline 0.005 -12"><span class='ocrx_word' id='word_1_108' title='bbox 453 1374 531 1405; x_wconf 88' lang='lat' dir='ltr'>rem,</span> <span class='ocrx_word' id='word_1_109' title='bbox 549 1365 605 1397; x_wconf 89' lang='lat' dir='ltr'>sub</span> <span class='ocrx_word' id='word_1_110' title='bbox 623 1365 738 1398; x_wconf 90' lang='lat' dir='ltr'>annulo</span> <span class='ocrx_word' id='word_1_111' title='bbox 763 1365 940 1408; x_wconf 71' lang='lat' dir='ltr'>piscatoris,</span> <span class='ocrx_word' id='word_1_112' title='bbox 960 1364 1011 1399; x_wconf 89' lang='lat' dir='ltr'>die</span> <span class='ocrx_word' id='word_1_113' title='bbox 1029 1375 1083 1400; x_wconf 80' lang='lat' dir='ltr'>xvl</span> <span class='ocrx_word' id='word_1_114' title='bbox 1109 1369 1192 1400; x_wconf 89' lang='lat' dir='ltr'>octo-</span> 
     </span>
     <span class='ocr_line' id='line_1_25' title="bbox 453 1417 1132 1462; baseline 0.003 -12"><span class='ocrx_word' id='word_1_115' title='bbox 453 1417 517 1451; x_wconf 84' lang='lat' dir='ltr'>bris</span> <span class='ocrx_word' id='word_1_116' title='bbox 535 1428 649 1460; x_wconf 64' lang='lat' dir='ltr'>nucm,</span> <span class='ocrx_word' id='word_1_117' title='bbox 665 1418 867 1462; x_wconf 84' lang='lat' dir='ltr'>pontificatus</span> <span class='ocrx_word' id='word_1_118' title='bbox 884 1418 984 1452; x_wconf 89' lang='lat' dir='ltr'>nostri</span> <span class='ocrx_word' id='word_1_119' title='bbox 1010 1429 1092 1452; x_wconf 89' lang='lat' dir='ltr'>anno</span> <span class='ocrx_word' id='word_1_120' title='bbox 1113 1428 1132 1452; x_wconf 90' lang='lat'>1.</span> 
     </span>
    </p>

    <p class='ocr_par' dir='ltr' id='par_1_5' title="bbox 488 1481 1102 1517">
     <span class='ocr_line' id='line_1_26' title="bbox 488 1481 1102 1517; baseline 0 -9"><span class='ocrx_word' id='word_1_121' title='bbox 488 1481 545 1509; x_wconf 83' lang='lat' dir='ltr'>Dat.</span> <span class='ocrx_word' id='word_1_122' title='bbox 564 1482 608 1509; x_wconf 90' lang='lat' dir='ltr'>die</span> <span class='ocrx_word' id='word_1_123' title='bbox 626 1482 657 1509; x_wconf 76' lang='lat'>16</span> <span class='ocrx_word' id='word_1_124' title='bbox 672 1481 791 1509; x_wconf 75' lang='lat' dir='ltr'>octobris</span> <span class='ocrx_word' id='word_1_125' title='bbox 810 1481 886 1516; x_wconf 81' lang='lat'>1655,</span> <span class='ocrx_word' id='word_1_126' title='bbox 907 1481 1004 1517; x_wconf 78' lang='lat' dir='ltr'>pontis.</span> <span class='ocrx_word' id='word_1_127' title='bbox 1022 1490 1066 1509; x_wconf 84' lang='lat' dir='ltr'>an.</span> <span class='ocrx_word' id='word_1_128' title='bbox 1083 1489 1102 1509; x_wconf 87' lang='lat'>1.</span> 
     </span>
    </p>
   </div>
   <div class='ocr_carea' id='block_1_4' title="bbox 453 1669 1192 1809">
    <p class='ocr_par' dir='ltr' id='par_1_6' title="bbox 453 1669 1192 1809">
     <span class='ocr_line' id='line_1_27' title="bbox 453 1669 1191 1712; baseline 0 -10"><span class='ocrx_word' id='word_1_129' title='bbox 453 1670 662 1711; x_wconf 70' lang='lat' dir='ltr'>Confirmatio</span> <span class='ocrx_word' id='word_1_130' title='bbox 686 1669 937 1712; x_wconf 73' lang='lat' dir='ltr'>privileqiorum</span> <span class='ocrx_word' id='word_1_131' title='bbox 962 1669 1097 1703; x_wconf 77' lang='lat' dir='ltr'>Ordinis</span> <span class='ocrx_word' id='word_1_132' title='bbox 1120 1671 1191 1712; x_wconf 80' lang='lat' dir='ltr'>fra-</span> 
     </span>
     <span class='ocr_line' id='line_1_28' title="bbox 495 1722 1192 1756; baseline 0.003 -2"><span class='ocrx_word' id='word_1_133' title='bbox 495 1726 582 1755; x_wconf 78' lang='lat' dir='ltr'>trum</span> <span class='ocrx_word' id='word_1_134' title='bbox 606 1722 821 1754; x_wconf 77' lang='lat' dir='ltr'>Minimorum</span> <span class='ocrx_word' id='word_1_135' title='bbox 841 1723 947 1755; x_wconf 68' lang='lat' dir='ltr'>sancti</span> <span class='ocrx_word' id='word_1_136' title='bbox 965 1722 1137 1756; x_wconf 79' lang='lat' dir='ltr'>Francisei</span> <span class='ocrx_word' id='word_1_137' title='bbox 1154 1723 1192 1756; x_wconf 81' lang='lat' dir='ltr'>de</span> 
     </span>
     <span class='ocr_line' id='line_1_29' title="bbox 496 1775 634 1809; baseline -0.007 0"><span class='ocrx_word' id='word_1_138' title='bbox 496 1775 634 1809; x_wconf 72' lang='lat' dir='ltr'>Pmcla&#39;.</span> 
     </span>
    </p>
   </div>
   <div class='ocr_carea' id='block_1_5' title="bbox 571 1848 1063 1925">
    <p class='ocr_par' dir='ltr' id='par_1_7' title="bbox 571 1848 1063 1925">
     <span class='ocr_line' id='line_1_30' title="bbox 647 1848 996 1883; baseline 0.009 -9"><span class='ocrx_word' id='word_1_139' title='bbox 647 1848 812 1876; x_wconf 79' lang='lat' dir='ltr'>Alexander</span> <span class='ocrx_word' id='word_1_140' title='bbox 832 1849 911 1883; x_wconf 85' lang='lat' dir='ltr'>Papa</span> <span class='ocrx_word' id='word_1_141' title='bbox 931 1849 996 1883; x_wconf 83' lang='lat' dir='ltr'>VH,</span> 
     </span>
     <span class='ocr_line' id='line_1_31' title="bbox 571 1892 1063 1925; baseline 0.002 -7"><span class='ocrx_word' id='word_1_142' title='bbox 571 1893 606 1918; x_wconf 83' lang='lat' dir='ltr'>ad</span> <span class='ocrx_word' id='word_1_143' title='bbox 623 1894 797 1925; x_wconf 84' lang='lat' dir='ltr'>perpetuam</span> <span class='ocrx_word' id='word_1_144' title='bbox 816 1892 860 1920; x_wconf 84' lang='lat' dir='ltr'>rei</span> <span class='ocrx_word' id='word_1_145' title='bbox 880 1893 1063 1921; x_wconf 80' lang='lat' dir='ltr'>memoriam.</span> 
     </span>
    </p>
   </div>
   <div class='ocr_carea' id='block_1_6' title="bbox 772 1547 923 1553">
    <p class='ocr_par' dir='ltr' id='par_1_8' title="bbox 772 1547 923 1553">
     <span class='ocr_line' id='line_1_32' title="bbox 772 1547 923 1553; baseline 0 0"><span class='ocrx_word' id='word_1_146' title='bbox 772 1547 923 1553; x_wconf 95' lang='lat' dir='ltr'> </span> 
     </span>
    </p>
   </div>
   <div class='ocr_carea' id='block_1_7' title="bbox 449 1953 1190 2576">
    <p class='ocr_par' dir='ltr' id='par_1_9' title="bbox 449 1953 1190 2576">
     <span class='ocr_line' id='line_1_33' title="bbox 497 1953 1190 1998; baseline 0.003 -13"><span class='ocrx_word' id='word_1_147' title='bbox 497 1953 511 1996; x_wconf 65' lang='grc' dir='ltr'><strong>ἓ</strong></span> <span class='ocrx_word' id='word_1_148' title='bbox 536 1953 565 1985; x_wconf 83' lang='lat' dir='ltr'>l.</span> <span class='ocrx_word' id='word_1_149' title='bbox 590 1953 711 1996; x_wconf 86' lang='lat' dir='ltr'>Exponi</span> <span class='ocrx_word' id='word_1_150' title='bbox 733 1954 823 1987; x_wconf 89' lang='lat' dir='ltr'>nobis</span> <span class='ocrx_word' id='word_1_151' title='bbox 847 1965 947 1998; x_wconf 83' lang='lat' dir='ltr'>nuper</span> <span class='ocrx_word' id='word_1_152' title='bbox 971 1954 1042 1988; x_wconf 89' lang='lat' dir='ltr'>secit</span> <span class='ocrx_word' id='word_1_153' title='bbox 1059 1954 1190 1989; x_wconf 81' lang='lat' dir='ltr'>dilectus</span> 
     </span>
     <span class='ocr_line' id='line_1_34' title="bbox 452 2006 1190 2052; baseline 0.004 -14"><span class='ocrx_word' id='word_1_154' title='bbox 452 2006 534 2039; x_wconf 81' lang='lat' dir='ltr'>silius</span> <span class='ocrx_word' id='word_1_155' title='bbox 559 2006 702 2040; x_wconf 85' lang='lat' dir='ltr'>Claudius</span> <span class='ocrx_word' id='word_1_156' title='bbox 715 2006 932 2052; x_wconf 80' lang='lat' dir='ltr'>d’Orcliamps,</span> <span class='ocrx_word' id='word_1_157' title='bbox 952 2009 1047 2043; x_wconf 85' lang='lat' dir='ltr'>totius</span> <span class='ocrx_word' id='word_1_158' title='bbox 1065 2007 1190 2042; x_wconf 87' lang='lat' dir='ltr'>Ordinis</span> 
     </span>
     <span class='ocr_line' id='line_1_35' title="bbox 452 2059 1190 2095; baseline 0.007 -4"><span class='ocrx_word' id='word_1_159' title='bbox 452 2059 585 2091; x_wconf 86' lang='lat' dir='ltr'>fratrum</span> <span class='ocrx_word' id='word_1_160' title='bbox 611 2059 811 2093; x_wconf 86' lang='lat' dir='ltr'>Minimorum</span> <span class='ocrx_word' id='word_1_161' title='bbox 843 2061 938 2095; x_wconf 87' lang='lat' dir='ltr'>sancti</span> <span class='ocrx_word' id='word_1_162' title='bbox 969 2062 1127 2095; x_wconf 86' lang='lat' dir='ltr'>Francisci</span> <span class='ocrx_word' id='word_1_163' title='bbox 1152 2061 1190 2095; x_wconf 82' lang='lat' dir='ltr'>de</span> 
     </span>
     <span class='ocr_line' id='line_1_36' title="bbox 451 2111 1189 2159; baseline 0.007 -16"><span class='ocrx_word' id='word_1_164' title='bbox 451 2111 545 2144; x_wconf 84' lang='lat' dir='ltr'>Paula</span> <span class='ocrx_word' id='word_1_165' title='bbox 570 2118 731 2146; x_wconf 90' lang='lat' dir='ltr'>corrector</span> <span class='ocrx_word' id='word_1_166' title='bbox 748 2114 912 2156; x_wconf 76' lang='lat' dir='ltr'>generalis,</span> <span class='ocrx_word' id='word_1_167' title='bbox 931 2114 1014 2159; x_wconf 89' lang='lat' dir='ltr'>quod</span> <span class='ocrx_word' id='word_1_168' title='bbox 1037 2115 1112 2158; x_wconf 89' lang='lat' dir='ltr'>ipse,</span> <span class='ocrx_word' id='word_1_169' title='bbox 1131 2126 1189 2159; x_wconf 92' lang='lat' dir='ltr'>pro</span> 
     </span>
     <span class='ocr_line' id='line_1_37' title="bbox 451 2166 1189 2212; baseline 0.005 -14"><span class='ocrx_word' id='word_1_170' title='bbox 451 2166 532 2199; x_wconf 88' lang='lat' dir='ltr'>sclici</span> <span class='ocrx_word' id='word_1_171' title='bbox 559 2166 655 2210; x_wconf 87' lang='lat' dir='ltr'>ipsius</span> <span class='ocrx_word' id='word_1_172' title='bbox 680 2167 803 2200; x_wconf 84' lang='lat' dir='ltr'>Ordinis</span> <span class='ocrx_word' id='word_1_173' title='bbox 821 2168 976 2210; x_wconf 75' lang='lat' dir='ltr'>gubernio</span> <span class='ocrx_word' id='word_1_174' title='bbox 993 2174 1084 2212; x_wconf 87' lang='lat' dir='ltr'>atque</span> <span class='ocrx_word' id='word_1_175' title='bbox 1106 2169 1189 2202; x_wconf 89' lang='lat' dir='ltr'>dire-</span> 
     </span>
     <span class='ocr_line' id='line_1_38' title="bbox 453 2219 1187 2265; baseline 0.007 -15"><span class='ocrx_word' id='word_1_176' title='bbox 453 2219 565 2260; x_wconf 79' lang='lat' dir='ltr'>rtione,</span> <span class='ocrx_word' id='word_1_177' title='bbox 584 2220 688 2253; x_wconf 85' lang='lat' dir='ltr'>omnia</span> <span class='ocrx_word' id='word_1_178' title='bbox 709 2224 738 2254; x_wconf 85' lang='lat' dir='ltr'>et</span> <span class='ocrx_word' id='word_1_179' title='bbox 762 2221 885 2264; x_wconf 79' lang='lat' dir='ltr'>singula</span> <span class='ocrx_word' id='word_1_180' title='bbox 903 2221 1067 2265; x_wconf 84' lang='lat' dir='ltr'>privilegia</span> <span class='ocrx_word' id='word_1_181' title='bbox 1087 2222 1187 2255; x_wconf 87' lang='lat' dir='ltr'>eidem</span> 
     </span>
     <span class='ocr_line' id='line_1_39' title="bbox 452 2273 1189 2317; baseline 0.005 -13"><span class='ocrx_word' id='word_1_182' title='bbox 452 2273 560 2306; x_wconf 79' lang='lat' dir='ltr'>Ordini</span> <span class='ocrx_word' id='word_1_183' title='bbox 585 2284 642 2317; x_wconf 89' lang='lat' dir='ltr'>per</span> <span class='ocrx_word' id='word_1_184' title='bbox 667 2274 808 2308; x_wconf 84' lang='lat' dir='ltr'>diversos</span> <span class='ocrx_word' id='word_1_185' title='bbox 840 2275 998 2309; x_wconf 81' lang='lat' dir='ltr'>Romanos</span> <span class='ocrx_word' id='word_1_186' title='bbox 1023 2276 1189 2309; x_wconf 82' lang='lat' dir='ltr'>Pontifices</span> 
     </span>
     <span class='ocr_line' id='line_1_40' title="bbox 451 2327 1189 2373; baseline 0.005 -14"><span class='ocrx_word' id='word_1_187' title='bbox 451 2327 710 2370; x_wconf 70' lang='lat' dir='ltr'>praedecessores</span> <span class='ocrx_word' id='word_1_188' title='bbox 734 2334 858 2362; x_wconf 88' lang='lat' dir='ltr'>nostros</span> <span class='ocrx_word' id='word_1_189' title='bbox 883 2340 1040 2372; x_wconf 88' lang='lat' dir='ltr'>concessa,</span> <span class='ocrx_word' id='word_1_190' title='bbox 1058 2341 1120 2373; x_wconf 87' lang='lat' dir='ltr'>quo</span> <span class='ocrx_word' id='word_1_191' title='bbox 1138 2330 1189 2363; x_wconf 83' lang='lat' dir='ltr'>sir-</span> 
     </span>
     <span class='ocr_line' id='line_1_41' title="bbox 452 2381 1190 2426; baseline 0.005 -14"><span class='ocrx_word' id='word_1_192' title='bbox 452 2381 554 2413; x_wconf 81' lang='lat' dir='ltr'>niiora</span> <span class='ocrx_word' id='word_1_193' title='bbox 578 2382 747 2426; x_wconf 82' lang='lat' dir='ltr'>persistant</span> <span class='ocrx_word' id='word_1_194' title='bbox 772 2388 801 2415; x_wconf 90' lang='lat' dir='ltr'>et</span> <span class='ocrx_word' id='word_1_195' title='bbox 829 2382 867 2415; x_wconf 92' lang='lat' dir='ltr'>ab</span> <span class='ocrx_word' id='word_1_196' title='bbox 886 2383 1032 2416; x_wconf 87' lang='lat' dir='ltr'>omnibus</span> <span class='ocrx_word' id='word_1_197' title='bbox 1057 2383 1190 2416; x_wconf 71' lang='lat' dir='ltr'>aretius⁹</span> 
     </span>
     <span class='ocr_line' id='line_1_42' title="bbox 451 2434 1189 2480; baseline 0.003 -13"><span class='ocrx_word' id='word_1_198' title='bbox 451 2434 666 2476; x_wconf 70' lang='lat' dir='ltr'>observentur,</span> <span class='ocrx_word' id='word_1_199' title='bbox 684 2436 873 2480; x_wconf 86' lang='lat' dir='ltr'>apostolicae</span> <span class='ocrx_word' id='word_1_200' title='bbox 888 2442 1012 2469; x_wconf 86' lang='lat' dir='ltr'>nostrae</span> <span class='ocrx_word' id='word_1_201' title='bbox 1027 2437 1189 2470; x_wconf 86' lang='lat' dir='ltr'>confirma-</span> 
     </span>
     <span class='ocr_line' id='line_1_43' title="bbox 449 2489 1188 2534; baseline 0.003 -13"><span class='ocrx_word' id='word_1_202' title='bbox 449 2489 542 2522; x_wconf 85' lang='lat' dir='ltr'>tionis</span> <span class='ocrx_word' id='word_1_203' title='bbox 568 2491 745 2533; x_wconf 89' lang='lat' dir='ltr'>patrocinio</span> <span class='ocrx_word' id='word_1_204' title='bbox 770 2490 961 2525; x_wconf 87' lang='lat' dir='ltr'>communiri</span> <span class='ocrx_word' id='word_1_205' title='bbox 987 2501 1188 2534; x_wconf 89' lang='lat' dir='ltr'>summopere</span> 
     </span>
     <span class='ocr_line' id='line_1_44' title="bbox 450 2542 615 2576; baseline 0.006 -1"><span class='ocrx_word' id='word_1_206' title='bbox 450 2542 615 2576; x_wconf 85' lang='lat' dir='ltr'>desiderat.</span> 
     </span>
    </p>
   </div>
   <div class='ocr_carea' id='block_1_8' title="bbox 1202 298 1220 2658">
    <p class='ocr_par' dir='ltr' id='par_1_10' title="bbox 1202 298 1220 2658">
     <span class='ocr_line' id='line_1_45' title="bbox 1202 298 1220 2658; baseline 0 0"><span class='ocrx_word' id='word_1_207' title='bbox 1202 298 1220 2658; x_wconf 95' lang='lat' dir='ltr'> </span> 
     </span>
    </p>
   </div>
   <div class='ocr_carea' id='block_1_9' title="bbox 485 2606 1208 2696">
    <p class='ocr_par' dir='ltr' id='par_1_11' title="bbox 485 2606 1208 2696">
     <span class='ocr_line' id='line_1_46' title="bbox 486 2606 963 2649; baseline 0 -7"><span class='ocrx_word' id='word_1_208' title='bbox 486 2617 497 2642; x_wconf 91' lang='lat'>1</span> <span class='ocrx_word' id='word_1_209' title='bbox 517 2615 553 2642; x_wconf 85' lang='lat' dir='ltr'>Ex</span> <span class='ocrx_word' id='word_1_210' title='bbox 573 2615 679 2649; x_wconf 84' lang='lat' dir='ltr'>Regest.</span> <span class='ocrx_word' id='word_1_211' title='bbox 696 2615 722 2642; x_wconf 93' lang='lat' dir='ltr'>in</span> <span class='ocrx_word' id='word_1_212' title='bbox 737 2615 837 2643; x_wconf 89' lang='lat' dir='ltr'>Secret.</span> <span class='ocrx_word' id='word_1_213' title='bbox 854 2615 932 2643; x_wconf 87' lang='lat' dir='ltr'>Brev.</span> <span class='ocrx_word' id='word_1_214' title='bbox 954 2606 963 2609; x_wconf 64' lang='grc'><em>“</em></span> 
     </span>
     <span class='ocr_line' id='line_1_47' title="bbox 485 2658 1208 2696; baseline -0.003 -10"><span class='ocrx_word' id='word_1_215' title='bbox 485 2660 501 2686; x_wconf 81' lang='lat'><strong>2</strong></span> <span class='ocrx_word' id='word_1_216' title='bbox 517 2659 586 2686; x_wconf 81' lang='lat' dir='ltr'>Edit,</span> <span class='ocrx_word' id='word_1_217' title='bbox 603 2659 681 2688; x_wconf 62' lang='grc' dir='ltr'>Μαίη.</span> <span class='ocrx_word' id='word_1_218' title='bbox 698 2659 763 2696; x_wconf 72' lang='lat' dir='ltr'>legit</span> <span class='ocrx_word' id='word_1_219' title='bbox 777 2659 896 2688; x_wconf 74' lang='lat' dir='ltr'>arctiuis</span> <span class='ocrx_word' id='word_1_220' title='bbox 909 2666 958 2695; x_wconf 83' lang='lat' dir='ltr'>pro</span> <span class='ocrx_word' id='word_1_221' title='bbox 973 2658 1082 2688; x_wconf 67' lang='lat' dir='ltr'>arctius</span> <span class='ocrx_word' id='word_1_222' title='bbox 1096 2658 1186 2694; x_wconf 80' lang='lat' dir='ltr'>(u.T.).</span> <span class='ocrx_word' id='word_1_223' title='bbox 1204 2659 1208 2690; x_wconf 73' lang='lat' dir='ltr'>t</span> 
     </span>
    </p>
   </div>
   <div class='ocr_carea' id='block_1_10' title="bbox 1048 245 1406 269">
    <p class='ocr_par' dir='ltr' id='par_1_12' title="bbox 1048 245 1406 269">
     <span class='ocr_line' id='line_1_48' title="bbox 1048 245 1406 269; baseline -0.003 0"><span class='ocrx_word' id='word_1_224' title='bbox 1048 245 1226 269; x_wconf 57' lang='lat' dir='ltr'>nttLLMttttM</span> <span class='ocrx_word' id='word_1_225' title='bbox 1252 245 1269 268; x_wconf 78' lang='lat' dir='ltr'>P.</span> <span class='ocrx_word' id='word_1_226' title='bbox 1276 245 1406 268; x_wconf 68' lang='lat' dir='ltr'><strong>OMANL&#39;M</strong></span> 
     </span>
    </p>
   </div>
   <div class='ocr_carea' id='block_1_11' title="bbox 1222 291 1972 2532">
    <p class='ocr_par' dir='ltr' id='par_1_13' title="bbox 1226 291 1972 1623">
     <span class='ocr_line' id='line_1_49' title="bbox 1277 291 1972 338; baseline -0.004 -11"><span class='ocrx_word' id='word_1_227' title='bbox 1277 294 1292 338; x_wconf 63' lang='lat' dir='ltr'>g</span> <span class='ocrx_word' id='word_1_228' title='bbox 1311 293 1340 326; x_wconf 64' lang='lat'>2.</span> <span class='ocrx_word' id='word_1_229' title='bbox 1359 294 1421 327; x_wconf 89' lang='lat' dir='ltr'>Nos</span> <span class='ocrx_word' id='word_1_230' title='bbox 1440 292 1545 336; x_wconf 75' lang='lat' dir='ltr'>igitur,</span> <span class='ocrx_word' id='word_1_231' title='bbox 1563 291 1709 326; x_wconf 86' lang='lat' dir='ltr'>eumdem</span> <span class='ocrx_word' id='word_1_232' title='bbox 1727 291 1888 326; x_wconf 85' lang='lat' dir='ltr'>Claudium</span> <span class='ocrx_word' id='word_1_233' title='bbox 1906 301 1972 335; x_wconf 88' lang='lat' dir='ltr'>spe-</span> 
     </span>
     <span class='ocr_line' id='line_1_50' title="bbox 1233 345 1971 390; baseline -0.003 -11"><span class='ocrx_word' id='word_1_234' title='bbox 1233 347 1364 380; x_wconf 87' lang='lat' dir='ltr'>cialibus</span> <span class='ocrx_word' id='word_1_235' title='bbox 1389 346 1547 380; x_wconf 82' lang='lat' dir='ltr'>savoribus</span> <span class='ocrx_word' id='word_1_236' title='bbox 1565 350 1595 379; x_wconf 92' lang='lat' dir='ltr'>et</span> <span class='ocrx_word' id='word_1_237' title='bbox 1615 345 1723 390; x_wconf 77' lang='lat' dir='ltr'>gratiis</span> <span class='ocrx_word' id='word_1_238' title='bbox 1748 345 1898 389; x_wconf 83' lang='lat' dir='ltr'>prosequi</span> <span class='ocrx_word' id='word_1_239' title='bbox 1920 356 1971 378; x_wconf 75' lang='lat' dir='ltr'>vo-</span> 
     </span>
     <span class='ocr_line' id='line_1_51' title="bbox 1233 399 1971 444; baseline -0.004 -10"><span class='ocrx_word' id='word_1_240' title='bbox 1233 401 1340 441; x_wconf 86' lang='lat' dir='ltr'>lentes,</span> <span class='ocrx_word' id='word_1_241' title='bbox 1359 405 1388 433; x_wconf 90' lang='lat' dir='ltr'>et</span> <span class='ocrx_word' id='word_1_242' title='bbox 1414 411 1430 433; x_wconf 91' lang='lat' dir='ltr'>a</span> <span class='ocrx_word' id='word_1_243' title='bbox 1447 399 1609 444; x_wconf 84' lang='lat' dir='ltr'>quibusvis</span> <span class='ocrx_word' id='word_1_244' title='bbox 1626 399 1971 439; x_wconf 80' lang='lat' dir='ltr'>excommunicationis,</span> 
     </span>
     <span class='ocr_line' id='line_1_52' title="bbox 1232 452 1971 497; baseline -0.003 -10"><span class='ocrx_word' id='word_1_245' title='bbox 1232 454 1445 497; x_wconf 84' lang='lat' dir='ltr'>suspensionis</span> <span class='ocrx_word' id='word_1_246' title='bbox 1470 458 1500 487; x_wconf 86' lang='lat' dir='ltr'>et</span> <span class='ocrx_word' id='word_1_247' title='bbox 1523 453 1690 496; x_wconf 87' lang='lat' dir='ltr'>interdicti,</span> <span class='ocrx_word' id='word_1_248' title='bbox 1715 452 1847 497; x_wconf 84' lang='lat' dir='ltr'>aliisque</span> <span class='ocrx_word' id='word_1_249' title='bbox 1872 452 1971 486; x_wconf 87' lang='lat' dir='ltr'>eccle-</span> 
     </span>
     <span class='ocr_line' id='line_1_53' title="bbox 1232 506 1972 550; baseline -0.001 -10"><span class='ocrx_word' id='word_1_250' title='bbox 1232 507 1363 540; x_wconf 71' lang='lat' dir='ltr'>siasticis</span> <span class='ocrx_word' id='word_1_251' title='bbox 1395 507 1566 548; x_wconf 86' lang='lat' dir='ltr'>sententiis,</span> <span class='ocrx_word' id='word_1_252' title='bbox 1592 507 1733 540; x_wconf 86' lang='lat' dir='ltr'>censuris</span> <span class='ocrx_word' id='word_1_253' title='bbox 1758 512 1786 539; x_wconf 91' lang='lat' dir='ltr'>et</span> <span class='ocrx_word' id='word_1_254' title='bbox 1810 506 1930 550; x_wconf 87' lang='lat' dir='ltr'>poenis,</span> <span class='ocrx_word' id='word_1_255' title='bbox 1955 517 1972 539; x_wconf 80' lang='lat' dir='ltr'>a</span> 
     </span>
     <span class='ocr_line' id='line_1_54' title="bbox 1232 560 1971 604; baseline 0 -12"><span class='ocrx_word' id='word_1_256' title='bbox 1232 560 1300 593; x_wconf 88' lang='lat' dir='ltr'>iure</span> <span class='ocrx_word' id='word_1_257' title='bbox 1325 561 1372 594; x_wconf 85' lang='lat' dir='ltr'>vcl</span> <span class='ocrx_word' id='word_1_258' title='bbox 1397 561 1435 594; x_wconf 91' lang='lat' dir='ltr'>ab</span> <span class='ocrx_word' id='word_1_259' title='bbox 1459 561 1597 602; x_wconf 89' lang='lat' dir='ltr'>homine,</span> <span class='ocrx_word' id='word_1_260' title='bbox 1615 560 1723 604; x_wconf 85' lang='lat' dir='ltr'>quavis</span> <span class='ocrx_word' id='word_1_261' title='bbox 1740 560 1903 593; x_wconf 86' lang='lat' dir='ltr'>occasione</span> <span class='ocrx_word' id='word_1_262' title='bbox 1924 560 1971 593; x_wconf 85' lang='lat' dir='ltr'>vel</span> 
     </span>
     <span class='ocr_line' id='line_1_55' title="bbox 1231 613 1971 659; baseline 0 -13"><span class='ocrx_word' id='word_1_263' title='bbox 1231 616 1323 647; x_wconf 74' lang='lat' dir='ltr'>eausa</span> <span class='ocrx_word' id='word_1_264' title='bbox 1349 615 1429 657; x_wconf 88' lang='lat' dir='ltr'>latis,</span> <span class='ocrx_word' id='word_1_265' title='bbox 1450 615 1474 648; x_wconf 89' lang='lat' dir='ltr'>si</span> <span class='ocrx_word' id='word_1_266' title='bbox 1496 614 1610 659; x_wconf 89' lang='lat' dir='ltr'>quibus</span> <span class='ocrx_word' id='word_1_267' title='bbox 1624 613 1862 658; x_wconf 84' lang='lat' dir='ltr'>quomodolibet</span> <span class='ocrx_word' id='word_1_268' title='bbox 1882 613 1971 647; x_wconf 90' lang='lat' dir='ltr'>inno-</span> 
     </span>
     <span class='ocr_line' id='line_1_56' title="bbox 1231 667 1970 712; baseline 0 -12"><span class='ocrx_word' id='word_1_269' title='bbox 1231 667 1320 701; x_wconf 89' lang='lat' dir='ltr'>datus</span> <span class='ocrx_word' id='word_1_270' title='bbox 1352 668 1473 710; x_wconf 78' lang='lat' dir='ltr'>existit,</span> <span class='ocrx_word' id='word_1_271' title='bbox 1502 669 1539 702; x_wconf 88' lang='lat' dir='ltr'>ad</span> <span class='ocrx_word' id='word_1_272' title='bbox 1576 668 1721 702; x_wconf 74' lang='lat' dir='ltr'>effectum</span> <span class='ocrx_word' id='word_1_273' title='bbox 1758 667 1970 712; x_wconf 86' lang='lat' dir='ltr'>praesentium</span> 
     </span>
     <span class='ocr_line' id='line_1_57' title="bbox 1230 720 1971 766; baseline 0 -12"><span class='ocrx_word' id='word_1_274' title='bbox 1230 721 1391 756; x_wconf 82' lang='lat' dir='ltr'>dumtaxat</span> <span class='ocrx_word' id='word_1_275' title='bbox 1426 722 1705 766; x_wconf 89' lang='lat' dir='ltr'>consequendum,</span> <span class='ocrx_word' id='word_1_276' title='bbox 1742 722 1854 755; x_wconf 86' lang='lat' dir='ltr'>barum</span> <span class='ocrx_word' id='word_1_277' title='bbox 1891 720 1971 754; x_wconf 88' lang='lat' dir='ltr'>serie</span> 
     </span>
     <span class='ocr_line' id='line_1_58' title="bbox 1230 774 1970 816; baseline 0 -9"><span class='ocrx_word' id='word_1_278' title='bbox 1230 774 1426 809; x_wconf 83' lang='lat' dir='ltr'>absolventes</span> <span class='ocrx_word' id='word_1_279' title='bbox 1451 781 1480 809; x_wconf 84' lang='lat' dir='ltr'>et</span> <span class='ocrx_word' id='word_1_280' title='bbox 1504 776 1681 810; x_wconf 86' lang='lat' dir='ltr'>absolutum</span> <span class='ocrx_word' id='word_1_281' title='bbox 1707 776 1774 809; x_wconf 83' lang='lat' dir='ltr'>sore</span> <span class='ocrx_word' id='word_1_282' title='bbox 1799 780 1970 816; x_wconf 82' lang='lat' dir='ltr'>censentes,</span> 
     </span>
     <span class='ocr_line' id='line_1_59' title="bbox 1230 828 1970 872; baseline 0 -12"><span class='ocrx_word' id='word_1_283' title='bbox 1230 828 1510 872; x_wconf 80' lang='lat' dir='ltr'>supplicationibus</span> <span class='ocrx_word' id='word_1_284' title='bbox 1528 829 1610 862; x_wconf 92' lang='lat' dir='ltr'>illius</span> <span class='ocrx_word' id='word_1_285' title='bbox 1627 828 1754 863; x_wconf 86' lang='lat' dir='ltr'>nomine</span> <span class='ocrx_word' id='word_1_286' title='bbox 1771 828 1861 862; x_wconf 87' lang='lat' dir='ltr'>nobis</span> <span class='ocrx_word' id='word_1_287' title='bbox 1876 838 1970 871; x_wconf 88' lang='lat' dir='ltr'>super</span> 
     </span>
     <span class='ocr_line' id='line_1_60' title="bbox 1230 880 1968 927; baseline -0.001 -13"><span class='ocrx_word' id='word_1_288' title='bbox 1230 881 1289 915; x_wconf 85' lang='lat' dir='ltr'>ltoc</span> <span class='ocrx_word' id='word_1_289' title='bbox 1313 881 1477 915; x_wconf 87' lang='lat' dir='ltr'>humiliter</span> <span class='ocrx_word' id='word_1_290' title='bbox 1508 883 1663 927; x_wconf 88' lang='lat' dir='ltr'>porrectis</span> <span class='ocrx_word' id='word_1_291' title='bbox 1692 881 1846 924; x_wconf 87' lang='lat' dir='ltr'>inclinati,</span> <span class='ocrx_word' id='word_1_292' title='bbox 1872 880 1968 925; x_wconf 90' lang='lat' dir='ltr'>privi-</span> 
     </span>
     <span class='ocr_line' id='line_1_61' title="bbox 1230 935 1970 980; baseline 0 -13"><span class='ocrx_word' id='word_1_293' title='bbox 1230 935 1309 978; x_wconf 80' lang='lat' dir='ltr'>legia</span> <span class='ocrx_word' id='word_1_294' title='bbox 1333 936 1502 980; x_wconf 86' lang='lat' dir='ltr'>praedicta,</span> <span class='ocrx_word' id='word_1_295' title='bbox 1528 936 1700 970; x_wconf 89' lang='lat' dir='ltr'>dummodo</span> <span class='ocrx_word' id='word_1_296' title='bbox 1724 941 1829 969; x_wconf 87' lang='lat' dir='ltr'>tamen</span> <span class='ocrx_word' id='word_1_297' title='bbox 1856 935 1887 967; x_wconf 88' lang='lat' dir='ltr'>in</span> <span class='ocrx_word' id='word_1_298' title='bbox 1912 945 1970 967; x_wconf 90' lang='lat' dir='ltr'>usu</span> 
     </span>
     <span class='ocr_line' id='line_1_62' title="bbox 1228 988 1968 1031; baseline 0 -10"><span class='ocrx_word' id='word_1_299' title='bbox 1228 999 1263 1021; x_wconf 90' lang='lat' dir='ltr'>ae</span> <span class='ocrx_word' id='word_1_300' title='bbox 1288 989 1371 1025; x_wconf 88' lang='lat' dir='ltr'>licita</span> <span class='ocrx_word' id='word_1_301' title='bbox 1397 989 1458 1023; x_wconf 88' lang='lat' dir='ltr'>sint</span> <span class='ocrx_word' id='word_1_302' title='bbox 1483 993 1511 1024; x_wconf 90' lang='lat' dir='ltr'>et</span> <span class='ocrx_word' id='word_1_303' title='bbox 1536 990 1675 1031; x_wconf 86' lang='lat' dir='ltr'>honesta,</span> <span class='ocrx_word' id='word_1_304' title='bbox 1700 995 1729 1023; x_wconf 91' lang='lat' dir='ltr'>et</span> <span class='ocrx_word' id='word_1_305' title='bbox 1754 999 1816 1023; x_wconf 90' lang='lat' dir='ltr'>non</span> <span class='ocrx_word' id='word_1_306' title='bbox 1842 988 1904 1022; x_wconf 91' lang='lat' dir='ltr'>sint</span> <span class='ocrx_word' id='word_1_307' title='bbox 1920 999 1968 1021; x_wconf 84' lang='lat' dir='ltr'>re-</span> 
     </span>
     <span class='ocr_line' id='line_1_63' title="bbox 1229 1041 1970 1088; baseline -0.001 -13"><span class='ocrx_word' id='word_1_308' title='bbox 1229 1048 1346 1083; x_wconf 77' lang='lat' dir='ltr'>vocata,</span> <span class='ocrx_word' id='word_1_309' title='bbox 1371 1053 1428 1076; x_wconf 91' lang='lat' dir='ltr'>nec</span> <span class='ocrx_word' id='word_1_310' title='bbox 1453 1044 1511 1077; x_wconf 90' lang='lat' dir='ltr'>sub</span> <span class='ocrx_word' id='word_1_311' title='bbox 1537 1043 1696 1088; x_wconf 85' lang='lat' dir='ltr'>aliquibus</span> <span class='ocrx_word' id='word_1_312' title='bbox 1716 1041 1970 1076; x_wconf 82' lang='lat' dir='ltr'>revocationibus</span> 
     </span>
     <span class='ocr_line' id='line_1_64' title="bbox 1228 1095 1970 1140; baseline 0 -11"><span class='ocrx_word' id='word_1_313' title='bbox 1228 1096 1469 1140; x_wconf 86' lang='lat' dir='ltr'>comprehensa,</span> <span class='ocrx_word' id='word_1_314' title='bbox 1483 1097 1643 1140; x_wconf 83' lang='lat' dir='ltr'>sacrisque</span> <span class='ocrx_word' id='word_1_315' title='bbox 1661 1097 1833 1131; x_wconf 85' lang='lat' dir='ltr'>canonibus</span> <span class='ocrx_word' id='word_1_316' title='bbox 1851 1101 1880 1129; x_wconf 86' lang='lat' dir='ltr'>et</span> <span class='ocrx_word' id='word_1_317' title='bbox 1894 1095 1970 1130; x_wconf 90' lang='lat' dir='ltr'>Cou-</span> 
     </span>
     <span class='ocr_line' id='line_1_65' title="bbox 1228 1149 1965 1192; baseline 0.001 -11"><span class='ocrx_word' id='word_1_318' title='bbox 1228 1149 1290 1182; x_wconf 92' lang='lat' dir='ltr'>cilii</span> <span class='ocrx_word' id='word_1_319' title='bbox 1316 1149 1488 1183; x_wconf 89' lang='lat' dir='ltr'>Tridentini</span> <span class='ocrx_word' id='word_1_320' title='bbox 1514 1150 1659 1192; x_wconf 81' lang='lat' dir='ltr'>decretiS,</span> <span class='ocrx_word' id='word_1_321' title='bbox 1677 1162 1713 1184; x_wconf 85' lang='lat' dir='ltr'>ae</span> <span class='ocrx_word' id='word_1_322' title='bbox 1737 1149 1965 1184; x_wconf 86' lang='lat' dir='ltr'>constituti0ni-</span> 
     </span>
     <span class='ocr_line' id='line_1_66' title="bbox 1228 1203 1966 1248; baseline 0.003 -13"><span class='ocrx_word' id='word_1_323' title='bbox 1228 1203 1286 1235; x_wconf 89' lang='lat' dir='ltr'>bus</span> <span class='ocrx_word' id='word_1_324' title='bbox 1311 1204 1501 1247; x_wconf 84' lang='lat' dir='ltr'>apostolicis,</span> <span class='ocrx_word' id='word_1_325' title='bbox 1526 1204 1789 1248; x_wconf 83' lang='lat' dir='ltr'>regularibusque</span> <span class='ocrx_word' id='word_1_326' title='bbox 1814 1203 1887 1237; x_wconf 86' lang='lat' dir='ltr'>dicti</span> <span class='ocrx_word' id='word_1_327' title='bbox 1913 1203 1966 1237; x_wconf 90' lang='lat' dir='ltr'>Or-</span> 
     </span>
     <span class='ocr_line' id='line_1_67' title="bbox 1227 1255 1967 1301; baseline 0.001 -13"><span class='ocrx_word' id='word_1_328' title='bbox 1227 1255 1308 1289; x_wconf 90' lang='lat' dir='ltr'>dinis</span> <span class='ocrx_word' id='word_1_329' title='bbox 1330 1256 1479 1290; x_wconf 87' lang='lat' dir='ltr'>institutis</span> <span class='ocrx_word' id='word_1_330' title='bbox 1492 1267 1554 1291; x_wconf 91' lang='lat' dir='ltr'>non</span> <span class='ocrx_word' id='word_1_331' title='bbox 1568 1257 1782 1298; x_wconf 81' lang='lat' dir='ltr'>adversentur,</span> <span class='ocrx_word' id='word_1_332' title='bbox 1797 1256 1967 1301; x_wconf 77' lang='lat' dir='ltr'>apostolica</span> 
     </span>
     <span class='ocr_line' id='line_1_68' title="bbox 1227 1310 1968 1355; baseline 0 -13"><span class='ocrx_word' id='word_1_333' title='bbox 1227 1310 1421 1351; x_wconf 86' lang='lat' dir='ltr'>auctoritate,</span> <span class='ocrx_word' id='word_1_334' title='bbox 1433 1315 1542 1344; x_wconf 87' lang='lat' dir='ltr'>tenore</span> <span class='ocrx_word' id='word_1_335' title='bbox 1563 1312 1786 1355; x_wconf 88' lang='lat' dir='ltr'>praesentium,</span> <span class='ocrx_word' id='word_1_336' title='bbox 1812 1310 1968 1354; x_wconf 86' lang='lat' dir='ltr'>approba-</span> 
     </span>
     <span class='ocr_line' id='line_1_69' title="bbox 1228 1363 1968 1408; baseline 0.001 -13"><span class='ocrx_word' id='word_1_337' title='bbox 1228 1374 1296 1396; x_wconf 86' lang='lat' dir='ltr'>mus</span> <span class='ocrx_word' id='word_1_338' title='bbox 1315 1369 1343 1397; x_wconf 90' lang='lat' dir='ltr'>et</span> <span class='ocrx_word' id='word_1_339' title='bbox 1361 1363 1586 1398; x_wconf 80' lang='lat' dir='ltr'>confirmamus</span> <span class='ocrx_word' id='word_1_340' title='bbox 1600 1391 1607 1405; x_wconf 85' lang='lat'><em>‚</em></span> <span class='ocrx_word' id='word_1_341' title='bbox 1636 1365 1758 1408; x_wconf 89' lang='lat' dir='ltr'>illisque</span> <span class='ocrx_word' id='word_1_342' title='bbox 1780 1363 1968 1399; x_wconf 80' lang='lat' dir='ltr'>inviolabilis</span> 
     </span>
     <span class='ocr_line' id='line_1_70' title="bbox 1226 1418 1966 1463; baseline -0.003 -11"><span class='ocrx_word' id='word_1_343' title='bbox 1226 1419 1415 1463; x_wconf 83' lang='lat' dir='ltr'>apostolicae</span> <span class='ocrx_word' id='word_1_344' title='bbox 1443 1418 1600 1453; x_wconf 85' lang='lat' dir='ltr'>firmitatis</span> <span class='ocrx_word' id='word_1_345' title='bbox 1625 1419 1723 1453; x_wconf 88' lang='lat' dir='ltr'>robur</span> <span class='ocrx_word' id='word_1_346' title='bbox 1740 1418 1914 1459; x_wconf 87' lang='lat' dir='ltr'>adiicimus,</span> <span class='ocrx_word' id='word_1_347' title='bbox 1932 1428 1966 1450; x_wconf 87' lang='lat' dir='ltr'>ac</span> 
     </span>
     <span class='ocr_line' id='line_1_71' title="bbox 1227 1470 1967 1516; baseline -0.003 -11"><span class='ocrx_word' id='word_1_348' title='bbox 1227 1482 1335 1505; x_wconf 89' lang='lat' dir='ltr'>omnes</span> <span class='ocrx_word' id='word_1_349' title='bbox 1360 1477 1389 1505; x_wconf 88' lang='lat' dir='ltr'>et</span> <span class='ocrx_word' id='word_1_350' title='bbox 1416 1472 1556 1516; x_wconf 80' lang='lat' dir='ltr'>singulos</span> <span class='ocrx_word' id='word_1_351' title='bbox 1583 1478 1645 1505; x_wconf 87' lang='lat' dir='ltr'>tam</span> <span class='ocrx_word' id='word_1_352' title='bbox 1670 1472 1747 1506; x_wconf 89' lang='lat' dir='ltr'>iuris</span> <span class='ocrx_word' id='word_1_353' title='bbox 1776 1482 1870 1516; x_wconf 82' lang='lat' dir='ltr'>quam</span> <span class='ocrx_word' id='word_1_354' title='bbox 1895 1470 1967 1504; x_wconf 85' lang='lat' dir='ltr'>sacti</span> 
     </span>
     <span class='ocr_line' id='line_1_72' title="bbox 1226 1524 1967 1570; baseline -0.001 -12"><span class='ocrx_word' id='word_1_355' title='bbox 1226 1525 1374 1567; x_wconf 87' lang='lat' dir='ltr'>desectus,</span> <span class='ocrx_word' id='word_1_356' title='bbox 1395 1526 1420 1559; x_wconf 91' lang='lat' dir='ltr'>si</span> <span class='ocrx_word' id='word_1_357' title='bbox 1437 1526 1491 1570; x_wconf 89' lang='lat' dir='ltr'>qui</span> <span class='ocrx_word' id='word_1_358' title='bbox 1508 1526 1643 1570; x_wconf 86' lang='lat' dir='ltr'>desuper</span> <span class='ocrx_word' id='word_1_359' title='bbox 1665 1525 1903 1570; x_wconf 87' lang='lat' dir='ltr'>quomodolibet</span> <span class='ocrx_word' id='word_1_360' title='bbox 1924 1524 1967 1557; x_wconf 90' lang='lat' dir='ltr'>in-</span> 
     </span>
     <span class='ocr_line' id='line_1_73' title="bbox 1228 1579 1856 1623; baseline -0.002 -11"><span class='ocrx_word' id='word_1_361' title='bbox 1228 1579 1437 1620; x_wconf 88' lang='lat' dir='ltr'>tervenerint,</span> <span class='ocrx_word' id='word_1_362' title='bbox 1467 1580 1498 1612; x_wconf 91' lang='lat' dir='ltr'>in</span> <span class='ocrx_word' id='word_1_363' title='bbox 1522 1579 1639 1613; x_wconf 89' lang='lat' dir='ltr'>eisdem</span> <span class='ocrx_word' id='word_1_364' title='bbox 1665 1579 1856 1623; x_wconf 82' lang='lat' dir='ltr'>supplemus.</span> 
     </span>
    </p>

    <p class='ocr_par' dir='ltr' id='par_1_14' title="bbox 1224 1632 1966 2371">
     <span class='ocr_line' id='line_1_74' title="bbox 1270 1632 1964 1677; baseline -0.003 -11"><span class='ocrx_word' id='word_1_365' title='bbox 1270 1633 1285 1677; x_wconf 60' lang='lat' dir='ltr'>g</span> <span class='ocrx_word' id='word_1_366' title='bbox 1308 1632 1337 1666; x_wconf 74' lang='lat'>3.</span> <span class='ocrx_word' id='word_1_367' title='bbox 1362 1633 1571 1666; x_wconf 86' lang='lat' dir='ltr'>Decernentes</span> <span class='ocrx_word' id='word_1_368' title='bbox 1596 1633 1658 1676; x_wconf 89' lang='lat' dir='ltr'>illa,</span> <span class='ocrx_word' id='word_1_369' title='bbox 1683 1643 1804 1666; x_wconf 85' lang='lat' dir='ltr'>necnon</span> <span class='ocrx_word' id='word_1_370' title='bbox 1817 1641 1964 1676; x_wconf 89' lang='lat' dir='ltr'>praesen-</span> 
     </span>
     <span class='ocr_line' id='line_1_75' title="bbox 1227 1684 1965 1731; baseline -0.003 -12"><span class='ocrx_word' id='word_1_371' title='bbox 1227 1692 1271 1720; x_wconf 87' lang='lat' dir='ltr'>tes</span> <span class='ocrx_word' id='word_1_372' title='bbox 1307 1687 1444 1728; x_wconf 85' lang='lat' dir='ltr'>litteras,</span> <span class='ocrx_word' id='word_1_373' title='bbox 1470 1697 1596 1731; x_wconf 85' lang='lat' dir='ltr'>semper</span> <span class='ocrx_word' id='word_1_374' title='bbox 1626 1690 1656 1720; x_wconf 81' lang='lat' dir='ltr'>et</span> <span class='ocrx_word' id='word_1_375' title='bbox 1684 1691 1839 1730; x_wconf 86' lang='lat' dir='ltr'>perpetuo</span> <span class='ocrx_word' id='word_1_376' title='bbox 1865 1684 1965 1718; x_wconf 68' lang='lat' dir='ltr'>valffla</span> 
     </span>
     <span class='ocr_line' id='line_1_76' title="bbox 1226 1739 1965 1779; baseline -0.003 -7"><span class='ocrx_word' id='word_1_377' title='bbox 1226 1739 1317 1772; x_wconf 83' lang='lat' dir='ltr'>firma</span> <span class='ocrx_word' id='word_1_378' title='bbox 1342 1745 1371 1773; x_wconf 88' lang='lat' dir='ltr'>et</span> <span class='ocrx_word' id='word_1_379' title='bbox 1395 1739 1533 1773; x_wconf 85' lang='lat' dir='ltr'>efficacia</span> <span class='ocrx_word' id='word_1_380' title='bbox 1558 1739 1690 1772; x_wconf 78' lang='lat' dir='ltr'>existere</span> <span class='ocrx_word' id='word_1_381' title='bbox 1715 1744 1745 1771; x_wconf 89' lang='lat' dir='ltr'>et</span> <span class='ocrx_word' id='word_1_382' title='bbox 1773 1739 1850 1779; x_wconf 87' lang='lat' dir='ltr'>sore,</span> <span class='ocrx_word' id='word_1_383' title='bbox 1876 1748 1965 1770; x_wconf 90' lang='lat' dir='ltr'>suos-</span> 
     </span>
     <span class='ocr_line' id='line_1_77' title="bbox 1225 1790 1965 1836; baseline -0.004 -11"><span class='ocrx_word' id='word_1_384' title='bbox 1225 1803 1285 1836; x_wconf 90' lang='lat' dir='ltr'>que</span> <span class='ocrx_word' id='word_1_385' title='bbox 1309 1793 1469 1836; x_wconf 86' lang='lat' dir='ltr'>plenarios</span> <span class='ocrx_word' id='word_1_386' title='bbox 1490 1798 1519 1825; x_wconf 90' lang='lat' dir='ltr'>et</span> <span class='ocrx_word' id='word_1_387' title='bbox 1544 1793 1684 1835; x_wconf 76' lang='lat' dir='ltr'>integros</span> <span class='ocrx_word' id='word_1_388' title='bbox 1705 1791 1833 1824; x_wconf 81' lang='lat' dir='ltr'>effectus</span> <span class='ocrx_word' id='word_1_389' title='bbox 1859 1790 1965 1823; x_wconf 89' lang='lat' dir='ltr'>sortiri</span> 
     </span>
     <span class='ocr_line' id='line_1_78' title="bbox 1225 1843 1963 1887; baseline -0.004 -8"><span class='ocrx_word' id='word_1_390' title='bbox 1225 1850 1255 1880; x_wconf 88' lang='lat' dir='ltr'>et</span> <span class='ocrx_word' id='word_1_391' title='bbox 1278 1845 1442 1887; x_wconf 86' lang='lat' dir='ltr'>obtinere,</span> <span class='ocrx_word' id='word_1_392' title='bbox 1468 1851 1496 1879; x_wconf 87' lang='lat' dir='ltr'>et</span> <span class='ocrx_word' id='word_1_393' title='bbox 1533 1846 1570 1879; x_wconf 90' lang='lat' dir='ltr'>ab</span> <span class='ocrx_word' id='word_1_394' title='bbox 1596 1845 1743 1879; x_wconf 90' lang='lat' dir='ltr'>omnibus</span> <span class='ocrx_word' id='word_1_395' title='bbox 1767 1849 1798 1878; x_wconf 89' lang='lat' dir='ltr'>et</span> <span class='ocrx_word' id='word_1_396' title='bbox 1820 1843 1963 1887; x_wconf 83' lang='lat' dir='ltr'>singulis,</span> 
     </span>
     <span class='ocr_line' id='line_1_79' title="bbox 1225 1897 1965 1944; baseline -0.003 -11"><span class='ocrx_word' id='word_1_397' title='bbox 1225 1900 1263 1932; x_wconf 86' lang='lat' dir='ltr'>ad</span> <span class='ocrx_word' id='word_1_398' title='bbox 1292 1911 1371 1944; x_wconf 89' lang='lat' dir='ltr'>quos</span> <span class='ocrx_word' id='word_1_399' title='bbox 1406 1904 1525 1944; x_wconf 85' lang='lat' dir='ltr'>spectat</span> <span class='ocrx_word' id='word_1_400' title='bbox 1549 1904 1579 1933; x_wconf 90' lang='lat' dir='ltr'>et</span> <span class='ocrx_word' id='word_1_401' title='bbox 1613 1898 1764 1943; x_wconf 83' lang='lat' dir='ltr'>spectabit</span> <span class='ocrx_word' id='word_1_402' title='bbox 1793 1897 1965 1942; x_wconf 83' lang='lat' dir='ltr'>quomodo-</span> 
     </span>
     <span class='ocr_line' id='line_1_80' title="bbox 1225 1951 1963 1994; baseline -0.004 -8"><span class='ocrx_word' id='word_1_403' title='bbox 1225 1953 1300 1986; x_wconf 89' lang='lat' dir='ltr'>libet</span> <span class='ocrx_word' id='word_1_404' title='bbox 1324 1953 1355 1986; x_wconf 89' lang='lat' dir='ltr'>in</span> <span class='ocrx_word' id='word_1_405' title='bbox 1380 1953 1531 1994; x_wconf 85' lang='lat' dir='ltr'>futurum,</span> <span class='ocrx_word' id='word_1_406' title='bbox 1556 1952 1779 1986; x_wconf 87' lang='lat' dir='ltr'>inviolabiliter</span> <span class='ocrx_word' id='word_1_407' title='bbox 1800 1956 1830 1984; x_wconf 86' lang='lat' dir='ltr'>et</span> <span class='ocrx_word' id='word_1_408' title='bbox 1854 1951 1963 1984; x_wconf 89' lang='lat' dir='ltr'>incon-</span> 
     </span>
     <span class='ocr_line' id='line_1_81' title="bbox 1225 2007 1965 2050; baseline -0.004 -10"><span class='ocrx_word' id='word_1_409' title='bbox 1225 2017 1314 2040; x_wconf 89' lang='lat' dir='ltr'>cusse</span> <span class='ocrx_word' id='word_1_410' title='bbox 1339 2007 1516 2048; x_wconf 88' lang='lat' dir='ltr'>observari,</span> <span class='ocrx_word' id='word_1_411' title='bbox 1545 2007 1651 2050; x_wconf 86' lang='lat' dir='ltr'>sicque</span> <span class='ocrx_word' id='word_1_412' title='bbox 1669 2016 1725 2050; x_wconf 88' lang='lat' dir='ltr'>per</span> <span class='ocrx_word' id='word_1_413' title='bbox 1749 2014 1965 2049; x_wconf 87' lang='lat' dir='ltr'>quoscumque</span> 
     </span>
     <span class='ocr_line' id='line_1_82' title="bbox 1225 2058 1963 2102; baseline -0.005 -8"><span class='ocrx_word' id='word_1_414' title='bbox 1225 2061 1343 2094; x_wconf 89' lang='lat' dir='ltr'>iudices</span> <span class='ocrx_word' id='word_1_415' title='bbox 1380 2060 1557 2094; x_wconf 85' lang='lat' dir='ltr'>ordinarios</span> <span class='ocrx_word' id='word_1_416' title='bbox 1591 2065 1621 2093; x_wconf 88' lang='lat' dir='ltr'>et</span> <span class='ocrx_word' id='word_1_417' title='bbox 1656 2059 1838 2102; x_wconf 75' lang='lat' dir='ltr'>delegatos,</span> <span class='ocrx_word' id='word_1_418' title='bbox 1871 2058 1963 2091; x_wconf 86' lang='lat' dir='ltr'>etiam</span> 
     </span>
     <span class='ocr_line' id='line_1_83' title="bbox 1224 2111 1965 2158; baseline -0.005 -10"><span class='ocrx_word' id='word_1_419' title='bbox 1224 2125 1390 2148; x_wconf 86' lang='lat' dir='ltr'>causarum</span> <span class='ocrx_word' id='word_1_420' title='bbox 1415 2113 1520 2158; x_wconf 87' lang='lat' dir='ltr'>palatii</span> <span class='ocrx_word' id='word_1_421' title='bbox 1542 2113 1707 2157; x_wconf 85' lang='lat' dir='ltr'>apostolici</span> <span class='ocrx_word' id='word_1_422' title='bbox 1727 2112 1897 2152; x_wconf 86' lang='lat' dir='ltr'>auditores,</span> <span class='ocrx_word' id='word_1_423' title='bbox 1921 2111 1965 2144; x_wconf 91' lang='lat' dir='ltr'>iu-</span> 
     </span>
     <span class='ocr_line' id='line_1_84' title="bbox 1224 2164 1965 2206; baseline -0.007 -5"><span class='ocrx_word' id='word_1_424' title='bbox 1224 2167 1321 2201; x_wconf 85' lang='lat' dir='ltr'>dicari</span> <span class='ocrx_word' id='word_1_425' title='bbox 1351 2173 1381 2201; x_wconf 89' lang='lat' dir='ltr'>et</span> <span class='ocrx_word' id='word_1_426' title='bbox 1408 2166 1532 2200; x_wconf 85' lang='lat' dir='ltr'>definiri</span> <span class='ocrx_word' id='word_1_427' title='bbox 1559 2166 1694 2206; x_wconf 88' lang='lat' dir='ltr'>debere,</span> <span class='ocrx_word' id='word_1_428' title='bbox 1723 2176 1758 2198; x_wconf 88' lang='lat' dir='ltr'>ae</span> <span class='ocrx_word' id='word_1_429' title='bbox 1789 2164 1914 2198; x_wconf 87' lang='lat' dir='ltr'>irritum</span> <span class='ocrx_word' id='word_1_430' title='bbox 1935 2169 1965 2197; x_wconf 88' lang='lat' dir='ltr'>et</span> 
     </span>
     <span class='ocr_line' id='line_1_85' title="bbox 1225 2219 1966 2264; baseline -0.005 -11"><span class='ocrx_word' id='word_1_431' title='bbox 1225 2221 1325 2263; x_wconf 83' lang='lat' dir='ltr'>inane,</span> <span class='ocrx_word' id='word_1_432' title='bbox 1344 2220 1369 2253; x_wconf 91' lang='lat' dir='ltr'>si</span> <span class='ocrx_word' id='word_1_433' title='bbox 1390 2231 1479 2253; x_wconf 85' lang='lat' dir='ltr'>secus</span> <span class='ocrx_word' id='word_1_434' title='bbox 1496 2230 1590 2264; x_wconf 86' lang='lat' dir='ltr'>super</span> <span class='ocrx_word' id='word_1_435' title='bbox 1610 2219 1658 2251; x_wconf 86' lang='lat' dir='ltr'>his</span> <span class='ocrx_word' id='word_1_436' title='bbox 1674 2230 1691 2251; x_wconf 87' lang='lat' dir='ltr'>a</span> <span class='ocrx_word' id='word_1_437' title='bbox 1708 2227 1876 2262; x_wconf 87' lang='lat' dir='ltr'>quoquam,</span> <span class='ocrx_word' id='word_1_438' title='bbox 1893 2227 1966 2261; x_wconf 92' lang='lat' dir='ltr'>qua-</span> 
     </span>
     <span class='ocr_line' id='line_1_86' title="bbox 1225 2271 1963 2314; baseline -0.007 -7"><span class='ocrx_word' id='word_1_439' title='bbox 1225 2274 1268 2307; x_wconf 89' lang='lat' dir='ltr'>vis</span> <span class='ocrx_word' id='word_1_440' title='bbox 1292 2273 1498 2314; x_wconf 75' lang='lat' dir='ltr'>auctoritate,</span> <span class='ocrx_word' id='word_1_441' title='bbox 1523 2272 1658 2306; x_wconf 86' lang='lat' dir='ltr'>scienter</span> <span class='ocrx_word' id='word_1_442' title='bbox 1683 2271 1729 2304; x_wconf 77' lang='lat' dir='ltr'>vel</span> <span class='ocrx_word' id='word_1_443' title='bbox 1762 2271 1963 2314; x_wconf 84' lang='lat' dir='ltr'>ignoranter,</span> 
     </span>
     <span class='ocr_line' id='line_1_87' title="bbox 1229 2326 1576 2371; baseline -0.009 -10"><span class='ocrx_word' id='word_1_444' title='bbox 1229 2328 1397 2371; x_wconf 81' lang='lat' dir='ltr'>eontigerit</span> <span class='ocrx_word' id='word_1_445' title='bbox 1421 2326 1576 2360; x_wconf 89' lang='lat' dir='ltr'>attentari.</span> 
     </span>
    </p>

    <p class='ocr_par' dir='ltr' id='par_1_15' title="bbox 1222 2377 1965 2532">
     <span class='ocr_line' id='line_1_88' title="bbox 1267 2377 1965 2424; baseline -0.006 -10"><span class='ocrx_word' id='word_1_446' title='bbox 1267 2381 1376 2414; x_wconf 86' lang='lat' dir='ltr'>Datum</span> <span class='ocrx_word' id='word_1_447' title='bbox 1405 2382 1533 2422; x_wconf 86' lang='lat' dir='ltr'>Romae,</span> <span class='ocrx_word' id='word_1_448' title='bbox 1558 2379 1641 2424; x_wconf 85' lang='lat' dir='ltr'>apud</span> <span class='ocrx_word' id='word_1_449' title='bbox 1672 2380 1700 2413; x_wconf 83' lang='lat' dir='ltr'>S.</span> <span class='ocrx_word' id='word_1_450' title='bbox 1727 2378 1853 2412; x_wconf 86' lang='lat' dir='ltr'>Mariam</span> <span class='ocrx_word' id='word_1_451' title='bbox 1873 2377 1965 2411; x_wconf 49' lang='lat' dir='ltr'>Maio*</span> 
     </span>
     <span class='ocr_line' id='line_1_89' title="bbox 1222 2432 1962 2476; baseline -0.004 -9"><span class='ocrx_word' id='word_1_452' title='bbox 1222 2445 1300 2476; x_wconf 89' lang='lat' dir='ltr'>rem,</span> <span class='ocrx_word' id='word_1_453' title='bbox 1321 2435 1379 2468; x_wconf 90' lang='lat' dir='ltr'>sub</span> <span class='ocrx_word' id='word_1_454' title='bbox 1414 2434 1530 2467; x_wconf 82' lang='lat' dir='ltr'>annulo</span> <span class='ocrx_word' id='word_1_455' title='bbox 1548 2433 1725 2474; x_wconf 64' lang='lat' dir='ltr'>Piscator-is,</span> <span class='ocrx_word' id='word_1_456' title='bbox 1740 2432 1790 2465; x_wconf 87' lang='lat' dir='ltr'>die</span> <span class='ocrx_word' id='word_1_457' title='bbox 1808 2442 1863 2466; x_wconf 82' lang='lat' dir='ltr'>xvl</span> <span class='ocrx_word' id='word_1_458' title='bbox 1879 2436 1962 2465; x_wconf 88' lang='lat' dir='ltr'>octo-</span> 
     </span>
     <span class='ocr_line' id='line_1_90' title="bbox 1223 2485 1908 2532; baseline -0.003 -13"><span class='ocrx_word' id='word_1_459' title='bbox 1223 2487 1288 2520; x_wconf 89' lang='lat' dir='ltr'>bris</span> <span class='ocrx_word' id='word_1_460' title='bbox 1313 2498 1426 2531; x_wconf 69' lang='lat' dir='ltr'>nnenv,</span> <span class='ocrx_word' id='word_1_461' title='bbox 1452 2487 1652 2532; x_wconf 83' lang='lat' dir='ltr'>pontificatus</span> <span class='ocrx_word' id='word_1_462' title='bbox 1676 2485 1776 2519; x_wconf 89' lang='lat' dir='ltr'>nostri</span> <span class='ocrx_word' id='word_1_463' title='bbox 1797 2495 1878 2518; x_wconf 91' lang='lat' dir='ltr'>anno</span> <span class='ocrx_word' id='word_1_464' title='bbox 1899 2494 1908 2517; x_wconf 94' lang='lat'>1</span> 
     </span>
    </p>
   </div>
   <div class='ocr_carea' id='block_1_12' title="bbox 1259 2549 1890 2586">
    <p class='ocr_par' dir='ltr' id='par_1_16' title="bbox 1259 2549 1890 2586">
     <span class='ocr_line' id='line_1_91' title="bbox 1259 2549 1890 2586; baseline -0.005 -8"><span class='ocrx_word' id='word_1_465' title='bbox 1259 2551 1316 2579; x_wconf 72' lang='lat' dir='ltr'>[tat.</span> <span class='ocrx_word' id='word_1_466' title='bbox 1334 2552 1377 2580; x_wconf 92' lang='lat' dir='ltr'>die</span> <span class='ocrx_word' id='word_1_467' title='bbox 1396 2553 1426 2580; x_wconf 83' lang='lat'>16</span> <span class='ocrx_word' id='word_1_468' title='bbox 1442 2551 1561 2581; x_wconf 85' lang='lat' dir='ltr'>octobris</span> <span class='ocrx_word' id='word_1_469' title='bbox 1579 2551 1655 2586; x_wconf 81' lang='lat'>1655,</span> <span class='ocrx_word' id='word_1_470' title='bbox 1671 2549 1768 2586; x_wconf 76' lang='lat' dir='ltr'>pontif.</span> <span class='ocrx_word' id='word_1_471' title='bbox 1785 2556 1857 2576; x_wconf 86' lang='lat' dir='ltr'>anno</span> <span class='ocrx_word' id='word_1_472' title='bbox 1872 2555 1890 2575; x_wconf 89' lang='lat'>1.</span> 
     </span>
    </p>
   </div>
   <div class='ocr_carea' id='block_1_13' title="bbox 1490 2642 1698 2650">
    <p class='ocr_par' dir='ltr' id='par_1_17' title="bbox 1490 2642 1698 2650">
     <span class='ocr_line' id='line_1_92' title="bbox 1490 2642 1698 2650; baseline 0 0"><span class='ocrx_word' id='word_1_473' title='bbox 1490 2642 1698 2650; x_wconf 95' lang='lat' dir='ltr'> </span> 
     </span>
    </p>
   </div>
   <div class='ocr_carea' id='block_1_14' title="bbox 1989 242 2171 271">
    <p class='ocr_par' dir='ltr' id='par_1_18' title="bbox 1989 242 2171 271">
     <span class='ocr_line' id='line_1_93' title="bbox 1989 242 2171 271; baseline 0.011 -2"><span class='ocrx_word' id='word_1_474' title='bbox 1989 242 2038 270; x_wconf 78' lang='lat' dir='ltr'>An.</span> <span class='ocrx_word' id='word_1_475' title='bbox 2055 243 2082 269; x_wconf 89' lang='lat' dir='ltr'>C.</span> <span class='ocrx_word' id='word_1_476' title='bbox 2105 243 2171 271; x_wconf 83' lang='lat'>1655</span> 
     </span>
    </p>
   </div>
   <div class='ocr_carea' id='block_1_15' title="bbox 1986 305 2170 353">
    <p class='ocr_par' dir='ltr' id='par_1_19' title="bbox 1986 305 2170 353">
     <span class='ocr_line' id='line_1_94' title="bbox 2040 305 2170 326; baseline 0.008 -1"><span class='ocrx_word' id='word_1_477' title='bbox 2040 305 2055 325; x_wconf 86' lang='grc' dir='ltr'>Α</span> <span class='ocrx_word' id='word_1_478' title='bbox 2076 305 2170 326; x_wconf 81' lang='lat' dir='ltr'>censuris</span> 
     </span>
     <span class='ocr_line' id='line_1_95' title="bbox 1986 332 2086 353; baseline 0 0"><span class='ocrx_word' id='word_1_479' title='bbox 1986 332 2057 353; x_wconf 75' lang='lat' dir='ltr'>abs01=</span> <span class='ocrx_word' id='word_1_480' title='bbox 2064 332 2086 353; x_wconf 88' lang='lat' dir='ltr'>it..</span> 
     </span>
    </p>
   </div>
   <div class='ocr_carea' id='block_1_16' title="bbox 2008 1639 2128 1662">
    <p class='ocr_par' dir='ltr' id='par_1_20' title="bbox 2008 1639 2128 1662">
     <span class='ocr_line' id='line_1_96' title="bbox 2008 1639 2128 1662; baseline 0.008 -1"><span class='ocrx_word' id='word_1_481' title='bbox 2008 1639 2128 1662; x_wconf 73' lang='lat' dir='ltr'>clausulas.</span> 
     </span>
    </p>
   </div>
   <div class='ocr_carea' id='block_1_17' title="bbox 2193 0 2263 3215">
    <p class='ocr_par' dir='ltr' id='par_1_21' title="bbox 2193 0 2263 3215">
     <span class='ocr_line' id='line_1_97' title="bbox 2193 0 2263 3215; baseline 0 0"><span class='ocrx_word' id='word_1_482' title='bbox 2193 0 2263 3215; x_wconf 95' lang='lat' dir='ltr'> </span> 
     </span>
    </p>
   </div>
  </div>
 </body>
</html>
