2202 3190
454 154 517 189 828

496 269 683 303 delinitione
718 270 861 315 quinque
890 274 1146 317 propositionum

494 322 525 354 in
548 323 679 357 materia
713 324 786 357 fidei
812 327 979 360 occasione
1008 327 1144 372 impres-

493 376 592 410 sionis
613 377 685 411 libri
702 377 838 413 Cornelii
856 379 991 414 Iansenii
1006 381 1146 425 episcopi

494 430 642 474 Iprensis,
661 431 711 465 cui
730 432 842 467 titulus
867 438 913 467 est
936 434 1143 479 Aussustinus,

404 536 499 569 cxtl.
517 536 737 572 Convalidatio
755 540 899 573 omnium
913 551 1066 576 novarum
1081 541 1145 575 ele-

492 590 634 624 ctionum
660 592 874 636 praelatorum
895 594 927 627 in
948 594 1009 628 vim
1032 595 1145 628 contir-

495 644 670 678 mationum
698 646 848 680 factarum
868 646 994 681 Ordinis
1011 648 1143 681 fratrum

490 697 761 733 Discalceatorum
802 706 1062 745 nuncupatorum
1110 701 1142 734 S.

492 751 606 785 Mariae
643 753 681 786 de
723 753 865 788 Mercede
901 754 1143 799 Redemptionis

489 804 702 848 Captivorum,
727 812 758 840 et
783 807 869 850 quod
886 808 1026 841 officium
1048 819 1143 852 supe-

489 859 612 892 riorum
637 869 700 893 non
726 860 825 903 possit
844 860 992 904 protendi
1018 861 1079 895 nisi
1104 861 1142 894 ad

489 911 575 946 aliud
601 913 786 955 triennium,
814 913 889 947 251.

398 964 510 998 CXLII.
562 966 768 1001 Confirmatio
807 967 978 1002 erectionis
1018 968 1142 1013 collegii

486 1018 580 1052 Chisii
605 1019 776 1054 duodecim
797 1021 1001 1055 alumnorum
1022 1023 1142 1056 theolo-

486 1072 556 1116 giae
570 1073 787 1109 studiosorum
804 1077 1035 1110 canonicorum
1053 1088 1143 1121 regu-

487 1125 600 1160 larium
631 1128 895 1172 congregationis
926 1130 1084 1173 regularis
1108 1131 1138 1164 S.

487 1178 660 1223 Salvatoris
691 1181 750 1215 sub
776 1183 887 1226 regula
912 1182 943 1216 S.
972 1183 1140 1227 Augustini

486 1234 545 1266 sub
566 1234 766 1268 invocatione
787 1236 819 1269 S.
843 1236 1013 1270 Alexandri
1038 1238 1140 1281 Papae

485 1285 516 1321 et
541 1287 683 1332 Martyris
708 1289 740 1321 in
761 1289 913 1323 canonica
946 1290 1139 1325 Bononiensi

485 1340 629 1374 eiusdem
654 1343 924 1385 congregationis,
952 1343 1026 1377 253.

395 1394 523 1429 CXLIII.
540 1394 745 1429 Confirmatio
763 1396 871 1431 statuti
891 1397 1077 1441 capitularis
1093 1409 1140 1433 ec-

484 1447 598 1482 clesiae
609 1448 824 1490 Bitterrensis,
840 1455 875 1483 ut
892 1450 930 1483 de
945 1450 1138 1494 quibusdam

482 1500 645 1535 beneficiis
681 1502 888 1546 provideatur
920 1514 976 1548 per
1007 1511 1136 1539 turnum

484 1554 523 1587 ad
550 1555 839 1598 praesentationem
864 1556 1064 1602 singulorum
1090 1569 1139 1593 ca-

484 1609 687 1650 nonicorum,
712 1609 785 1644 256.

395 1661 519 1696 CXLIV.
547 1662 733 1696 Subsidium
758 1669 887 1698 centum
915 1664 1050 1698 millium
1065 1676 1137 1700 scu-

484 1722 588 1749 torum
623 1716 691 1749 auri
725 1727 820 1760 super
851 1718 1006 1752 fructibus
1030 1720 1132 1753 eccle-

482 1769 621 1803 siasticis
655 1771 839 1814 quarumvis
872 1773 1078 1807 ecclesiarum
1106 1780 1136 1808 et

483 1823 713 1857 beneficiorum
726 1824 759 1857 in
772 1823 917 1859 dominio
936 1824 1056 1859 Veneto
1073 1826 1136 1859 exi-

483 1877 631 1910 stentium
657 1887 715 1921 pro
740 1878 886 1922 expensis
917 1884 1029 1912 contra
1054 1879 1133 1913 Tur-

482 1940 535 1963 cas
558 1929 598 1963 ab
622 1931 731 1964 eadem
756 1931 931 1976 Republica
956 1932 1130 1974 faciendis,

482 1983 558 2017 258.

393 2035 501 2070 CXLV.
527 2037 567 2070 Ut
591 2037 798 2072 ecclesiastici
824 2039 960 2075 civitatis
993 2047 1023 2075 ct
1047 2041 1134 2075 dioe—

481 2091 561 2125 cesis
596 2092 742 2126 Oscensis
778 2104 970 2128 concurrere
1010 2096 1134 2129 valeant

481 2155 554 2178 cum
580 2145 668 2180 laicis
696 2147 735 2180 ad
766 2147 958 2182 solutionem
991 2150 1133 2192 gabellae

482 2208 539 2242 pro
571 2198 764 2233 extinctione
793 2200 875 2234 aeris
904 2201 1000 2235 alieni
1029 2203 1133 2247 impo-

483 2251 573 2292 sitae,
598 2251 673 2285 261.

393 2302 514 2337 CXLVI.
524 2305 578 2345 Ne,
587 2305 627 2338 ol)
641 2306 854 2340 dissensiones
863 2307 946 2341 inter
953 2307 1132 2352 principem

482 2357 651 2392 Masserani
670 2365 700 2393 et
713 2370 787 2393 suos
795 2361 949 2394 vassallos
961 2368 1129 2404 vertentes,

480 2412 550 2444 iura
570 2411 663 2445 Sedis
688 2413 907 2456 apostoticae,
938 2426 973 2448 ac
997 2415 1129 2449 iurisdi-

483 2464 546 2497 ctio
571 2472 601 2498 ct
625 2466 695 2500 loca
719 2466 793 2500 dicti
825 2468 1042 2512 principatus,
1077 2468 1131 2512 qui

481 2518 609 2551 seudum
633 2519 663 2553 S.
688 2520 722 2553 R.
741 2521 774 2554 E.
793 2521 910 2563 existit,
933 2522 1062 2566 aliquod
1081 2523 1132 2556 de-

481 2571 666 2612 trimentum
690 2573 863 2618 patiantur,
890 2581 921 2611 et
949 2580 984 2611 ut
1007 2575 1131 2612 facilius

1000 167 1176 191 minumum
1201 167 1352 192 Romnum

498 216 636 249 firmarit
660 217 783 251 Bullsun
809 218 986 252 Innocentii
1004 221 1027 253 X
1054 231 1149 264 super

1288 220 1501 256 dissensiones
1537 224 1752 267 praescriptae
1790 224 1940 269 componi

1288 275 1422 317 possint,
1461 275 1591 319 deputat
1626 277 1872 319 gubernatorem
1905 278 1939 312 in

1289 327 1374 361 dicto
1400 328 1583 373 principatu
1602 341 1675 364 cum
1694 331 1825 365 diversis
1842 332 1939 365 facul-

1288 380 1421 421 tatibus,
1448 380 1521 415 262.

1199 432 1336 468 CXLVII.
1361 434 1565 469 Confirmatio
1585 435 1702 471 decreti
1719 438 1940 482 congregatio-

1285 487 1334 521 nis
1351 488 1495 529 Rituum‚
1515 500 1579 533 quo
1599 491 1630 523 in
1649 497 1838 535 perpetuum
1854 503 1940 536 pres-

1284 542 1401 585 byteris
1428 542 1691 586 Congregationis
1716 544 1852 579 Oratorii
1876 546 1938 579 Do-

1285 595 1362 628 mini
1387 596 1488 630 nostri
1515 597 1585 630 Iesu
1611 598 1736 639 Christi,
1760 600 1938 644 ceterisque

1284 649 1433 682 omnihus
1457 649 1490 682 in
1515 659 1625 684 corum
1650 651 1861 685 institutionis
1882 652 1938 685 do-

1285 702 1390 735 mibus
1401 703 1670 745 cohabitantibus,
1680 705 1831 739 tribuitur
1842 706 1938 739 facul-

1285 761 1331 789 tas
1356 757 1530 800 quotannis
1554 763 1716 802 tamquam
1735 759 1773 792 de
1787 759 1935 793 Patronis

1284 809 1333 843 die
1359 819 1458 844 xxvm
1483 810 1619 845 ianuarii
1649 812 1763 845 festum
1788 812 1938 846 solemni-

1283 863 1356 897 tatis
1384 864 1510 898 Domini
1542 864 1636 906 Iesu,
1664 871 1694 899 et
1723 865 1773 899 die
1798 875 1861 899 xv11
1886 876 1936 900 se—

1281 916 1435 960 ptembris
1456 918 1571 951 festum
1592 919 1801 952 solemnitatis
1817 919 1935 953 Beatis-

1284 970 1383 1004 simae
1397 970 1535 1014 Virginis
1550 982 1621 1005 cum
1633 972 1750 1006 octavis
1759 972 1932 1014 recolendi,

1282 1034 1406 1058 necnon
1433 1024 1543 1069 missas
1560 1030 1590 1058 et
1607 1025 1712 1058 officia
1725 1026 1801 1059 alias
1821 1037 1936 1071 appro-

1282 1077 1356 1110 bata
1380 1077 1565 1111 celebrandi
1589 1077 1827 1123 recitandique,
1853 1078 1929 1113 263.

1193 1128 1346 1163 CXLVIII.
1371 1130 1414 1164 Ne
1440 1131 1703 1164 commendatarii
1724 1133 1934 1166 monasterio-

1283 1194 1354 1216 rum
1389 1183 1680 1217 Camaldulensium
1717 1184 1868 1229 deinceps
1899 1196 1932 1220 se

1282 1236 1430 1280 ingerant
1446 1237 1479 1270 in
1496 1238 1654 1272 electione
1671 1239 1857 1272 eorumdem
1881 1250 1934 1273 su-

1280 1290 1445 1333 periorum
1483 1291 1682 1335 aliorumque
1721 1291 1904 1326 officialium
1923 1319 1932 1335 ‚

1280 1343 1354 1377 264.

1191 1395 1285 1429 CLIX.
1300 1397 1361 1430 Pro
1376 1397 1529 1430 electione
1544 1398 1764 1432 consultorum
1776 1404 1807 1432 et
1819 1398 1930 1434 arbitri

1279 1450 1541 1494 (long-rogationis
1573 1452 1763 1486 clericorum
1796 1454 1927 1496 regula-

1278 1503 1362 1537 rium
1387 1504 1635 1538 Miuistrantium
1660 1505 1809 1546 Infit-mis,
1832 1505 1908 1540 266.

1189 1556 1245 1591 CL.
1269 1558 1330 1592 Pro
1350 1560 1436 1592 recta
1458 1558 1736 1593 administratione
1767 1559 1928 1594 bonorum

1276 1612 1316 1645 ad
1340 1612 1488 1645 basilicas
1513 1618 1544 1646 et
1561 1613 1747 1657 collegiatas
1770 1615 1928 1647 seculares

1278 1665 1428 1700 ecclesias
1452 1665 1545 1699 Urbis
1562 1665 1803 1710 pertinentium,
1828 1666 1903 1702 268.

1187 1718 1260 1753 CLI.
1294 1719 1477 1763 Iniungitur
1510 1720 1770 1754 eminentissimis
1806 1728 1837 1755 et
1871 1732 1929 1755 re-

1274 1773 1512 1806 verendissimis
1542 1773 1679 1807 dominis
1708 1773 1925 1808 cardinalibus

1274 1826 1371 1859 trium
1383 1826 1589 1859 ecclesiarum
1600 1826 1860 1871 patriarchalium
1872 1827 1929 1861 Ur-

1274 1880 1322 1912 bis
1346 1879 1645 1924 archipresbyteris,
1673 1890 1850 1924 eorumque
1874 1879 1924 1914 vi-

1275 1933 1379 1975 cariis,
1406 1939 1441 1966 ut
1466 1933 1579 1967 divinis
1605 1933 1718 1967 officiis
1747 1933 1782 1967 in
1806 1933 1926 1967 eisdem

1273 1986 1415 2020 ecclesiis
1440 1986 1600 2025 intersint,
1626 1986 1702 2020 270.

1184 2040 1268 2074 CLII.
1297 2041 1387 2080 Quod
1412 2040 1443 2073 in
1462 2051 1559 2083 regno
1583 2040 1739 2074 Navarrae
1755 2039 1929 2085 quotannis

1273 2094 1412 2127 recolant
1450 2095 1526 2127 festa
1563 2099 1747 2128 sanctorum
1789 2094 1923 2128 Firmini

1273 2153 1302 2181 et
1337 2147 1495 2181 Francisci
1531 2147 1655 2181 Xaverii
1691 2153 1854 2192 tamquam
1886 2149 1925 2182 de

1272 2201 1418 2235 Patronis
1454 2211 1553 2244 aeque
1585 2201 1817 2246 principalibus
1849 2201 1924 2236 dicti

1273 2254 1362 2299 regni
1386 2266 1421 2290 ex
1447 2261 1618 2299 praecepto
1645 2255 1818 2297 Ecclesiae,
1845 2255 1921 2289 272.

1184 2308 1282 2343 CLIII.
1307 2309 1461 2343 Prohibet
1493 2319 1532 2342 ne
1556 2309 1640 2342 bona
1664 2308 1869 2342 ecclesiarum
1893 2315 1924 2343 et

1273 2363 1410 2397 aliorum
1436 2364 1580 2397 locorum
1605 2363 1732 2406 piorum
1757 2362 1851 2396 Urbis
1876 2362 1924 2395 Io-

1273 2421 1384 2449 centur
1418 2416 1662 2460 consanguineis
1690 2416 1739 2449 vel
1772 2414 1923 2449 affinibus

1271 2475 1434 2503 rectorum
1456 2475 1510 2502 aut
1524 2468 1830 2507 administratorum,
1846 2474 1922 2510 etc„

1271 2523 1476 2557 ecclesiarum
1502 2528 1533 2557 et
1559 2523 1700 2557 locorum
1722 2521 1929 2562 huiusmodi„

1271 2575 1347 2612 273.
