2185 3188
36 199 83 224 An.
105 196 131 221 C.
152 195 218 223 1655

95 737 222 762 Quat-tatem

41 765 128 786 vestium
150 763 223 784 iisdem

40 790 172 813 auditoribus
191 795 222 810 as-

40 819 115 845 signat.

80 1915 188 1938 clausulas
200 1919 235 1940 ap-

53 1944 120 1968 Ponit.

829 190 1013 214 ALEXANDEn
1040 190 1083 212 vti
1109 190 1156 211 ΓΡ.

232 241 468 287 temporalibus,
486 240 560 285 ipsis
585 238 784 273 subdiaconis
814 243 841 270 et
871 238 969 281 acoly-

232 295 294 328 this
312 295 501 337 illorumque
526 293 666 336 collegiis
690 292 765 325 olim
794 290 989 349 assignatis!

233 354 261 381 et
279 353 348 381 ante
366 347 488 380 easdem
509 346 764 391 suppressionem
782 350 811 378 et
830 344 971 377 abolitio·
987 358 989 382 l

234 413 304 435 nem
325 401 384 434 illis
402 401 513 434 debitis
532 406 559 433 et
577 411 633 444 per
651 410 703 433 cos
724 398 843 443 percipi
863 398 971 439 solitis,
988 387 989 401 ¹

236 466 314 500 quae
331 465 473 488 camerae
492 460 616 488 nostrae
634 452 824 498 apostolieae
839 462 896 496 per
916 462 973 484 nos
989 438 991 493 l,

236 509 295 541 iam
322 509 478 554 applicata
496 514 523 541 et
543 508 743 552 incorporata
761 510 855 550 sunt),
877 511 974 545 motu,

237 563 377 603 scientia,
403 561 637 601 deliberatione,
663 571 696 593 ac
723 559 885 604 potestatis
910 558 993 603 ple-j

237 616 378 651 nitudine
402 621 429 648 et
456 621 563 649 tenore
587 614 732 659 paribus,
758 612 994 647 substituimus*

239 676 266 703 ct
293 670 510 713 subrogamus.

283 723 297 767 ἓ
321 722 350 756 3.
376 724 418 756 Ac
444 722 572 766 insuper
602 721 749 766 praefatis
780 720 995 762 auditoribus

239 782 269 810 et
298 787 407 810 eorum
446 776 577 819 singulis
609 785 690 808 nunc
719 780 748 807 et
780 774 811 806 in
839 767 996 806 futurum*

239 831 503 876 quandocumque
527 829 751 870 existentibus,
777 839 835 872 pro
868 827 977 861 maiori

241 885 405 919 ministerii
427 884 471 918 eis
496 894 553 928 per
578 886 757 928 praesentes
783 882 913 915 iniuncti
931 881 980 914 dc-

242 951 315 974 core
340 950 374 972 ac
399 948 524 971 suarum
550 948 756 981 personarum
784 941 979 977 ornamento,

241 999 276 1027 ut
296 993 443 1037 deinceps
460 997 576 1024 vestem
596 990 790 1031 interiorem,
805 1000 883 1033 quae
912 989 982 1022 sub-

243 1052 372 1088 stance,
404 1056 525 1080 necnon
550 1045 641 1078 aliam
668 1044 876 1084 exteriorem,
902 1053 981 1087 quae

244 1100 481 1134 mantellellum
497 1099 591 1142 vulgo
604 1101 837 1142 nuncupantur,
850 1097 981 1130 violacei

243 1154 368 1195 coloris,
385 1165 421 1186 ac
445 1153 536 1186 etiam
556 1152 653 1196 galeri
674 1151 893 1185 redimiculum
915 1161 982 1184 cor-

244 1208 325 1242 done
353 1207 446 1250 vulgo
472 1206 589 1239 dictum
611 1205 751 1238 eiusdem
777 1204 893 1238 coloris
921 1204 983 1237 vio-

244 1261 321 1295 lacei
355 1261 470 1305 ubique
509 1259 669 1300 deserant,
705 1259 919 1303 praecipimus
955 1261 984 1291 et

246 1315 438 1349 mandamus.

292 1371 306 1413 ἓ
330 1369 359 1402 4,
379 1369 580 1411 lniungentes
600 1371 767 1411 propterea
792 1366 912 1399 dilectis
930 1376 982 1410 pa-

249 1423 325 1456 riter
350 1422 421 1454 siliis
446 1421 714 1454 caeremoniarum
748 1421 888 1454 eiusdem
913 1431 986 1464 cap-

249 1476 351 1520 pellae
376 1474 543 1518 magistris,
562 1479 595 1507 ut
618 1474 743 1507 eosdem
769 1474 927 1507 auditores
949 1473 986 1506 ad

250 1529 526 1568 subdiaconorum,
547 1532 576 1560 et
594 1532 732 1560 votantes
751 1527 930 1571 praedictae
951 1526 988 1558 si-

251 1588 401 1627 gnaturae
427 1582 560 1615 iustitiae
585 1582 622 1615 ad
648 1582 865 1626 acolythorum
887 1591 989 1625 respe-

250 1637 328 1671 ctive
349 1636 450 1669 officia
468 1636 499 1668 in
517 1636 670 1680 cappella,
689 1635 819 1678 aliisque
840 1635 989 1676 ecclesiis,

252 1702 287 1724 ac
311 1689 584 1735 processionibus,
609 1689 784 1732 ceterisque
816 1689 936 1721 actibus
962 1694 989 1721 ct

250 1743 462 1779 functionibus
486 1742 665 1787 praedictis,
686 1753 756 1775 cum
782 1742 991 1785 assignatione

250 1798 309 1832 loci
335 1797 477 1840 congrui,
495 1801 527 1829 ut
554 1795 651 1829 moris
675 1800 728 1838 est,
748 1795 920 1828 exercenda
938 1796 990 1828 ad-

251 1850 405 1886 mittant⁴.

295 1907 309 1951 ξ
334 1905 362 1939 5.
388 1906 430 1938 Ac
455 1904 657 1938 decernentes
687 1903 812 1936 easdem
838 1913 988 1947 praesen-

254 1965 297 1995 tes
318 1960 447 1999 litteras,
464 1959 557 1991 etiam
586 1969 622 1990 ex
641 1968 677 1990 eo
698 1958 780 2001 quod
801 1957 992 2001 quicumque

253 2014 346 2047 ctiam
373 2012 500 2057 speciali
522 2011 723 2056 expressione
747 2011 832 2054 digni
858 2011 888 2043 in
905 2021 993 2055 prac-

254 2066 357 2100 missis
375 2066 525 2098 interesse
541 2065 699 2107 babentes,
717 2074 770 2097 seu
789 2064 906 2097 habere
921 2075 994 2108 quo-

254 2119 426 2155 modolibet
450 2119 702 2164 praetendentes,
721 2119 758 2152 ad
780 2129 815 2152 ea
841 2119 939 2153 vocati
965 2124 994 2151 et

253 2175 368 2217 auditi,
401 2185 454 2207 seu
488 2184 616 2214 causae,
641 2177 770 2218 propter
800 2184 876 2219 quas
909 2173 994 2217 ipsae

254 2233 433 2273 praesentes
457 2232 652 2268 emanarunt,
670 2227 830 2269 adductae,
854 2228 995 2261 verifica-

256 2289 323 2325 tae,
350 2288 401 2315 aut
426 2281 609 2315 iustificatae
633 2291 694 2315 non
722 2282 853 2323 suerint,
882 2288 934 2315 aut
959 2293 994 2316 ex

255 2337 313 2370 alia
338 2345 536 2380 cpmcumquc
562 2336 666 2376 causa,
692 2335 807 2377 colore,
832 2342 994 2380 praetextu

256 2396 284 2425 ct
310 2390 420 2435 capite,
446 2389 538 2422 etiam
565 2389 594 2422 in
620 2400 753 2434 corpore
778 2389 855 2423 iuris
879 2391 995 2430 clauso,

256 2445 346 2479 etiam
379 2443 534 2484 enormis,
565 2443 803 2476 enormissimae
835 2449 865 2476 et
895 2444 996 2478 totalis

255 2498 411 2538 laesionis,
429 2497 515 2530 nullo
541 2507 677 2540 unquam
704 2501 844 2541 tempore
864 2498 902 2532 de
920 2498 995 2531 sub-

257 2551 429 2595 reptionis,
462 2551 508 2583 vel
535 2550 743 2594 obreptionis,
769 2556 822 2584 aut
846 2552 996 2586 nullitatis

296 2616 305 2642 1
326 2613 396 2642 Edit.
414 2613 491 2642 Maia.
508 2613 572 2649 legit
588 2613 724 2642 admittat
740 2614 778 2650 (a.
796 2614 844 2650 τ.).

1674 176 1713 209 87

985 240 988 294 t
1006 236 1089 277 vitio,
1108 246 1162 269 seu
1180 235 1361 269 intentionis
1375 240 1510 276 nostrae,
1525 240 1577 268 aut
1598 235 1748 267 interesse

1006 290 1187 323 habentium
1200 300 1380 331 consensus,
1392 295 1421 323 et
1433 290 1493 323 alio
1504 289 1644 334 quolibet
1657 299 1751 333 quan-

1008 344 1121 377 tumvis
1146 353 1271 386 magno,
1291 343 1484 377 substantiali
1507 348 1536 376 et
1562 342 1751 385 inexcogita-

1007 398 1061 431 bili
1087 397 1209 431 desectu
1234 397 1347 438 notari,
1365 397 1556 441 impugnari,
1575 396 1749 438 invalidari‚

1009 452 1040 484 in
1060 450 1307 485 controversiam
1342 450 1503 493 revocari,
1530 450 1567 483 ad
1601 449 1752 483 terminos

1010 505 1087 538 iuris
1108 504 1226 545 reduci,
1244 508 1296 538 aut
1311 504 1462 537 adversus
1482 504 1550 537 illas
1568 503 1752 548 aperitionis

1011 559 1085 599 oris,
1111 557 1315 592 restitutionis
1342 557 1371 590 in
1398 557 1565 599 integrum,
1593 557 1637 589 vel
1669 556 1752 589 aliud

1011 612 1233 656 quodcumque
1251 611 1337 653 iuris,
1357 611 1436 652 sacti,
1457 611 1502 643 vel
1520 609 1638 653 gratiae
1657 621 1754 643 reme-

993 665 1097 698 tdium
1125 664 1311 708 impetrari,
1338 670 1390 697 aut
1415 664 1508 696 etiam
1540 669 1627 696 motu
1661 663 1753 695 simili

1014 728 1163 752 concesso
1188 717 1369 762 quempiam
1393 717 1422 749 in
1449 716 1564 750 iudicio
1598 717 1643 749 vel
1669 722 1755 749 extra

1014 773 1090 806 illud
1116 772 1169 815 uti,
1191 783 1247 805 scu
1272 783 1304 805 se
1328 772 1435 805 iuvare
1453 781 1555 815 posse,
1576 781 1676 814 neque
1695 780 1756 803 eas-

1014 828 1084 861 dem
1119 831 1300 871 praesentes
1325 826 1383 859 sub
1410 824 1571 869 quibusvis
1606 824 1756 857 similium

1015 881 1061 914 vel
1087 879 1287 913 dissimilium
1314 879 1487 922 gratiarum
1509 884 1538 911 et
1563 878 1756 911 voluntatum

1015 933 1278 973 revocationibus,
1293 931 1551 976 suspensionibus
1566 936 1595 964 et
1605 931 1674 964 aliis
1687 941 1759 965 con-

1017 988 1120 1021 trariis
1146 986 1404 1031 dispositionibus
1435 985 1682 1030 comprehendi,
1708 990 1760 1018 aut

1017 1041 1262 1085 comprehensas
1294 1040 1426 1081 censeri,
1452 1039 1504 1072 sed
1530 1039 1568 1071 ab
1594 1039 1653 1071 illis
1679 1049 1759 1072 sem-

1017 1105 1072 1138 per
1091 1100 1247 1138 exceptas‚
1266 1099 1304 1137 ct,
1323 1093 1445 1138 quotics
1471 1093 1541 1126 illae
1560 1092 1759 1133 emanabunt‚

1018 1148 1108 1181 toties
1135 1149 1164 1181 in
1192 1148 1361 1192 pristinum
1387 1153 1417 1180 et
1443 1147 1668 1180 validissimum
1701 1152 1761 1179 sta-

1020 1208 1083 1236 tum
1107 1203 1276 1243 restitutas,
1298 1202 1450 1247 repositas
1471 1207 1500 1234 et
1525 1201 1665 1245 plenarie
1683 1202 1762 1234 rein-

1021 1262 1166 1300 tegratas‚
1185 1267 1220 1289 ac
1234 1256 1326 1289 etiam
1345 1256 1401 1289 sub
1420 1255 1588 1300 posteriori
1606 1255 1688 1297 data,
1706 1266 1762 1299 per

1020 1322 1082 1353 eos,
1109 1310 1146 1343 ad
1172 1321 1251 1354 quos
1277 1321 1334 1354 pro
1360 1315 1503 1354 tempore
1525 1309 1687 1353 spectabit,
1713 1320 1762 1341 rc-

1021 1365 1157 1409 speetive
1182 1364 1338 1407 eligenda,
1356 1364 1393 1396 de
1414 1374 1495 1396 novo
1517 1373 1693 1404 concessas,
1714 1363 1763 1395 fir-

1023 1429 1151 1462 masque
1170 1447 1177 1459 ‚
1210 1418 1327 1450 validas
1367 1423 1395 1450 et
1433 1418 1574 1450 efficaces
1611 1422 1764 1461 perpetuo

1022 1475 1155 1507 existere
1182 1478 1210 1508 et
1235 1474 1312 1514 sore,
1330 1483 1466 1516 suosque
1492 1472 1651 1516 plenarios
1674 1477 1702 1505 et
1724 1472 1765 1504 in-

1024 1533 1129 1571 tegros
1154 1527 1283 1560 effectus
1300 1527 1404 1560 sortiri
1424 1531 1454 1559 et
1478 1526 1638 1569 obtinere,
1659 1526 1765 1570 sicque

1024 1587 1053 1614 ct
1070 1592 1132 1615 non
1156 1581 1246 1614 aliter
1264 1581 1293 1613 iu
1318 1580 1499 1624 praemissis
1520 1591 1578 1624 per
1595 1590 1765 1623 quoscum-

1025 1648 1085 1680 que
1118 1636 1238 1669 iudices
1270 1635 1447 1669 ordinarios
1472 1640 1501 1667 et
1526 1635 1705 1677 delegatos,
1731 1645 1767 1667 ac

1025 1690 1116 1723 etiam
1144 1690 1172 1723 S.
1191 1690 1224 1722 lt.
1244 1690 1276 1722 E.
1296 1688 1480 1730 cardinales,
1500 1688 1592 1721 etiam
1612 1688 1649 1721 de
1669 1688 1767 1721 latere

1026 1744 1161 1786 legatos,
1187 1746 1216 1776 et
1240 1743 1317 1776 alios
1347 1742 1503 1786 quoslibet
1528 1741 1636 1785 quavis
1661 1747 1768 1775 aucto-

1027 1797 1116 1830 ritate
1135 1802 1163 1829 et
1187 1800 1339 1840 potestate
1364 1796 1529 1838 fungentes
1547 1800 1576 1828 et
1594 1795 1766 1837 suncturos,

1027 1850 1149 1883 sublata
1173 1849 1218 1883 cis
1243 1855 1271 1882 ct
1298 1860 1408 1883 eorum
1435 1849 1564 1882 cuilibet
1591 1849 1700 1892 quavis
1717 1849 1768 1881 ali-

1029 1908 1073 1938 ter
1098 1903 1256 1936 iudicandi
1275 1909 1303 1936 ct
1325 1902 1549 1947 interpretandi
1569 1903 1714 1936 facultate
1740 1907 1768 1935 et

1027 1957 1225 1998 auctoritate,
1244 1956 1375 1989 iudicari
1393 1961 1423 1989 et
1444 1956 1567 1989 definiri
1593 1955 1718 1997 debere,
1735 1967 1769 1989 ac

1028 2012 1152 2044 irritum
1186 2016 1216 2043 ct
1246 2011 1358 2051 inane,
1385 2010 1409 2044 si
1443 2021 1533 2044 secus
1562 2021 1657 2054 super
1682 2010 1729 2044 liis
1754 2023 1770 2043 a

1028 2075 1197 2110 quoquam,
1216 2064 1324 2109 quavis
1350 2065 1547 2105 auctoritate,
1573 2065 1706 2098 scienter
1724 2065 1769 2098 vel

1029 2120 1221 2163 ignoranter,
1247 2118 1414 2162 contigerit
1439 2119 1591 2152 attentari.

1074 2174 1088 2217 g
1117 2172 1145 2206 6.
1175 2173 1241 2206 Non
1271 2172 1466 2207 obstantibus
1495 2173 1640 2206 omnibns
1666 2173 1771 2207 etsin-

1029 2227 1120 2272 gulis,
1140 2237 1220 2271 quae
1243 2226 1272 2259 in
1290 2228 1428 2271 praefata
1447 2227 1555 2260 cedula
1579 2232 1681 2261 motus
1698 2239 1771 2271 pro-

1030 2282 1088 2327 prii
1105 2282 1260 2315 voluimus
1277 2291 1339 2315 non
1357 2281 1492 2323 obstare,
1507 2282 1684 2326 ceterisque
1702 2292 1773 2315 con-

1031 2336 1134 2370 trariis
1154 2336 1414 2380 quibuscumcpie.

1075 2390 1186 2423 Datum
1215 2389 1341 2431 Romae,
1368 2388 1449 2432 apud
1478 2388 1507 2421 S.
1530 2388 1657 2422 Mariam
1684 2389 1774 2422 Maio-

1032 2455 1108 2484 rem,
1127 2443 1184 2475 sub
1202 2443 1317 2475 annulo
1336 2442 1514 2483 Piscatoris,
1530 2442 1579 2475 die
1599 2453 1676 2476 xxvl
1693 2448 1775 2476 octo-

1031 2497 1097 2531 bris
1115 2507 1229 2539 uneLv,
1255 2496 1454 2540 pontificatus
1486 2496 1585 2529 nostri
1611 2507 1692 2530 anno
1717 2507 1736 2530 1.

1066 2561 1126 2588 Dat.
1145 2560 1188 2587 die
1202 2560 1236 2586 26
1252 2559 1370 2587 octobris
1388 2559 1465 2592 1655,
1484 2559 1578 2594 pontif.
1596 2568 1665 2587 anno
1681 2568 1700 2588 1.

1762 186 1796 210 ‚lu
1831 185 1848 211 C
1881 185 1945 210 tt155

1857 2180 1971 2202 Contrariis

1786 2210 1881 2235 «inrogat.
