2243 3205
49 206 101 236 An.
118 203 146 230 C.
171 203 232 230 ¹661

70 265 182 286 Decretum
191 264 231 284 hoc

49 293 150 341 Explicat!
173 300 229 313 inan-

58 1273 176 1295 clausulae.

92 2175 203 2200 Uni-{matio

24 2205 60 2221 eon
72 2203 179 2223 rariorum.

811 136 827 153 Ο

853 205 1038 230 ALEXANDER
1064 206 1106 229 ΥΠ
1131 207 1179 230 ΡΡ.

289 250 304 294 ς
335 250 365 283 8.
398 251 595 296 Quapropter
632 258 739 286 tenore
771 252 982 296 praesentium

243 304 274 337 in
307 305 420 338 virtute
454 312 578 339 sanctae
615 306 811 340 obedientiae
843 305 1000 340 districte;

241 357 454 401 praecipimus
488 364 582 402 atque
618 359 801 392 mandamus
837 358 982 392 omnibus

240 416 272 444 et
295 411 546 456 quibuscumque
572 412 806 445 venerabilibus
831 412 982 445 fratribus

239 464 449 508 patriarchis,
474 465 739 509 archiepiscopis,
772 465 927 509 episcopis
952 470 982 498 et

237 518 307 550 aliis
332 517 536 551 ecclesiarum
561 518 768 562 praelatis,ac
781 519 981 562 quibuscum-

237 582 299 615 que
323 571 496 605 ordinariis
521 572 662 605 locorum
694 572 885 616 ubicumque
909 572 981 605 exi—

236 624 400 665 stentibus,
428 635 603 668 eorumque
629 625 751 659 vicariis
773 630 802 658 et
831 625 976 658 officiali-

236 677 386 719 bus,vel,
411 677 473 710 illis
497 677 734 718 deficientibus,
760 678 821 711 illis
846 678 900 721 qui
925 689 978 711 cu-

237 741 303 763 ram
318 731 494 763 animarum
509 736 665 771 exercent,
680 736 722 771 ut,
741 741 811 763 cum
832 741 976 774 praesen-

236 783 314 816 tium
335 783 510 816 litterarum
533 788 738 827 transumpta,
752 788 805 816 aut
823 784 975 827 exempla,

235 837 328 870 etiam
361 837 534 880 impressa,
559 837 754 881 acceperint,
787 837 839 870 illa
871 838 974 870 statim

234 890 352 934 absque
376 891 439 923 ulla
466 893 566 931 mora,
586 891 798 924 retardatione
815 892 862 925 vel
880 891 975 936 impe-

233 943 373 977 dimento
399 955 456 988 per
473 955 545 977 suas
566 944 712 977 ecclesias
737 949 768 977 et
792 944 952 977 dioeceses
966 971 973 985 ‚

232 997 433 1041 provincias,
458 997 617 1038 civitates,
651 997 765 1041 oppida
780 1024 787 1037 ‚
821 1002 920 1030 terras
944 1003 974 1031 et

232 1051 300 1084 loca
325 1051 478 1095 publicari
503 1051 637 1091 faciant,
663 1051 892 1095 ecclesiamque
917 1062 972 1085 seu

231 1105 378 1138 ecclesias
416 1104 582 1137 visitandas
618 1104 803 1146 designent,
825 1114 865 1150 ne
896 1105 972 1137 alias

230 1157 362 1190 ulterius
379 1157 591 1201 praesentium
609 1157 784 1190 litterarum
802 1157 971 1200 exequutio

229 1211 442 1255 protrahatur.

274 1266 288 1309 ᾗ
312 1264 342 1298 9.
367 1265 435 1298 Non
460 1264 650 1297 intendimus
674 1269 778 1297 autem
805 1275 862 1308 per
878 1275 968 1308 prae-

228 1324 332 1351 sentes
366 1329 460 1362 super
494 1317 600 1362 aliqua
632 1317 884 1360 irregularitate,
909 1330 968 1362 pu-

228 1371 310 1405 blica
336 1372 383 1405 vel
404 1371 536 1412 occulta,
561 1371 646 1411 nota,
664 1370 797 1412 defectu,
816 1370 969 1414 incapaci-

227 1430 288 1458 tate
308 1435 362 1458 seu
381 1424 575 1458 inhabilitate
589 1435 717 1468 quoquo
735 1424 828 1457 modo
846 1430 967 1458 eontra-

226 1480 275 1512 cta
299 1479 483 1522 dispensare
499 1505 506 1518 ,
531 1478 578 1510 vel
614 1477 749 1520 aliquam
786 1478 964 1511 facultatem

225 1531 365 1564 tribuere
390 1530 609 1574 dispensandi,
634 1540 688 1563 seu
717 1529 910 1571 liabilitandi,
936 1537 965 1564 et

224 1584 256 1617 in
281 1583 449 1628 pristinum
467 1589 581 1616 statum
597 1583 799 1623 restituendi,
824 1584 916 1616 etiam
934 1584 963 1616 in

223 1639 292 1672 foro
317 1637 526 1671 conscientiae
541 1663 548 1677 ,
573 1646 675 1679 neque
713 1637 804 1669 etiam
838 1636 962 1669 easdem

222 1696 404 1736 praesentes
429 1691 467 1724 iis
491 1690 544 1734 qui
570 1701 587 1723 a
610 1690 701 1722 nobis
726 1695 756 1722 et
783 1690 962 1734 Apostolica

221 1744 302 1778 Sede
332 1744 379 1777 vel
410 1744 448 1776 ab
473 1744 578 1787 aliquo
603 1743 742 1787 praelato
773 1754 828 1776 seu
860 1743 961 1778 iudice

221 1798 435 1832 ecclesiastico
459 1796 731 1837 excommunicati,
748 1797 901 1840 suspensi,
920 1798 962 1830 in-

221 1852 355 1892 terdicti,
380 1862 434 1885 seu
459 1851 534 1884 alias
559 1851 590 1883 in
615 1851 782 1883 sententias
800 1856 830 1883 et
854 1861 961 1884 censu-

221 1915 272 1938 ras
294 1904 440 1938 incidisse
457 1904 617 1944 declarati,
634 1904 681 1937 vel
699 1903 823 1947 publice
840 1904 960 1937 denun-

220 1957 291 1991 ciati
316 1958 440 1998 fuerint,
466 1957 525 1989 nisi
550 1957 630 1989 infra
655 1961 778 2000 tempus
803 1956 958 1990 dictarum

219 2010 353 2044 duarum
380 2009 651 2043 hebdomadarum
672 2010 889 2050 satisfecerint,
907 2016 959 2043 aut

218 2074 291 2097 cum
316 2064 457 2108 partibus
482 2063 754 2103 concordaverint,
779 2064 843 2097 ullo
863 2064 957 2098 modo

217 2116 384 2159 suffragari
408 2126 500 2160 posse
524 2121 577 2148 aut
600 2115 725 2149 debere.

262 2170 277 2213 ἓ
301 2169 352 2203 10.
373 2171 441 2203 Non
466 2169 661 2203 obstantibus
682 2169 956 2205 constitutionibus

217 2228 248 2257 et
272 2222 521 2257 ordinationibus
546 2222 744 2265 apostolicis,
768 2224 954 2266 praesertim

217 2276 332 2319 quibus
356 2276 485 2309 facultas
510 2275 692 2308 absolvendi
718 2275 748 2307 in
769 2276 862 2309 certis
883 2281 955 2310 tunc

217 2328 372 2373 expressis
408 2328 531 2361 casibus
565 2328 605 2361 ita
639 2328 779 2361 Romano
812 2329 953 2363 Pontifici

217 2393 276 2426 pro
301 2388 444 2426 tempore
469 2382 610 2415 existenti
635 2387 824 2422 reservatur,
850 2387 882 2416 ut
898 2393 954 2416 nec

215 2436 308 2469 etiam
334 2436 451 2469 similes
478 2436 523 2468 vel
551 2435 718 2468 dissimiles
747 2435 953 2478 indulgentia-

214 2500 284 2522 rum
295 2495 324 2521 et
338 2489 519 2521 facultatum
533 2488 711 2521 huiusmodi
726 2489 952 2532 concessiones,

214 2543 272 2577 nisi
294 2543 331 2575 de
357 2543 416 2575 illis
434 2553 579 2586 expressa
596 2541 713 2575 mentio
730 2548 783 2574 aut
807 2544 952 2586 specialis

1672 202 1736 236 673

1017 263 1139 286 necnon
1162 255 1273 297 regula
1297 258 1404 289 nostra
1418 257 1455 290 de
1473 268 1536 291 non
1550 259 1760 293 concedendis

1017 305 1221 349 indulgentiis
1244 308 1283 340 ad
1308 308 1415 352 instar,
1430 321 1465 343 ac
1483 321 1761 356 quorumcumque

1016 357 1169 392 Ordinum
1194 364 1223 394 et
1248 363 1552 405 congregationum,
1579 364 1643 397 sive
1673 365 1760 397 insti-

1016 416 1155 445 tutorum
1195 415 1409 457 regularium,
1436 417 1528 449 etiam
1564 418 1758 459 iuramento,

1016 464 1257 500 confirmatione
1281 468 1464 511 apostolica,
1491 471 1539 503 vel
1564 471 1624 503 alia
1649 472 1757 515 quavis

1014 516 1164 551 firmitate
1188 519 1345 553 roboratis
1362 547 1369 561 ‚
1395 522 1516 555 statutis
1540 529 1571 556 et
1595 530 1758 557 consuctu-

1013 570 1159 612 dinibus,
1184 572 1359 616 privilegiis
1391 585 1535 619 quoque,
1567 577 1694 610 indultis
1726 583 1756 611 et

1013 624 1124 657 litteris
1144 626 1334 668 apostolicis,
1357 627 1473 660 eisdem
1488 629 1667 671 Ordinibus,
1686 641 1756 664 con-

1012 677 1249 720 gregationibus
1264 682 1293 712 et
1306 679 1465 722 institutis,
1480 681 1672 727 illorumque
1686 695 1756 727 per-

1011 730 1096 763 sonis
1121 731 1359 774 quomodolibet
1383 734 1549 777 concessis,
1570 736 1754 779 approbatis

1011 788 1041 816 et
1065 783 1236 825 innovatis;
1262 785 1375 829 quibus
1396 787 1542 821 omnibus
1556 794 1586 821 et
1610 789 1752 832 singulis,

1010 837 1131 870 etiamsi
1157 838 1195 871 de
1219 838 1281 871 illis
1298 849 1474 884 eorumque
1492 841 1563 874 totis
1588 843 1752 877 tenoribus

1009 890 1165 934 specialis,
1182 892 1337 935 specifica,
1356 903 1505 937 expressa
1526 899 1556 926 et
1581 894 1751 938 individua,

1008 952 1071 976 non
1096 949 1201 976 autem
1227 955 1284 988 per
1308 946 1463 978 clausulas
1485 947 1648 989 generales
1668 949 1750 982 idem

1009 997 1224 1040 importantes,
1251 999 1367 1033 mentio
1392 1010 1446 1032 seu
1471 1001 1599 1044 quaevis
1619 1002 1678 1034 alia
1702 1013 1750 1035 ex-

1007 1050 1120 1093 quisita
1144 1051 1245 1084 forma
1269 1052 1308 1085 ad
1333 1053 1392 1086 hoc
1417 1054 1569 1087 servanda
1594 1055 1683 1095 foret,
1717 1056 1750 1088 il-

1007 1103 1108 1136 lorum
1130 1109 1255 1138 tenores
1279 1107 1497 1149 praesentibus
1517 1118 1575 1151 pro
1596 1109 1748 1142 sufficien-

1006 1161 1053 1188 ter
1077 1157 1232 1200 expressis
1256 1169 1292 1191 ac
1317 1159 1451 1192 formam
1479 1160 1510 1192 in
1531 1160 1575 1193 eis
1601 1162 1746 1194 traditam

1004 1219 1062 1252 pro
1075 1212 1196 1243 servata
1213 1211 1375 1252 habentes,
1393 1213 1450 1245 hac
1471 1212 1538 1246 vice
1555 1214 1745 1257 specialiter,

1004 1262 1189 1295 nominatim
1208 1269 1238 1296 et
1258 1275 1415 1308 expresse,
1432 1266 1469 1298 ad
1487 1266 1632 1299 effectum
1653 1279 1744 1311 prae-

1003 1316 1148 1356 sentium,
1173 1317 1384 1361 derogamus;
1413 1320 1590 1364 ceterisque
1620 1328 1744 1355 contra-

1002 1369 1057 1402 riis
1079 1370 1341 1415 quibuscumque.

1045 1424 1136 1467 §10
1163 1425 1201 1458 Ut
1235 1432 1339 1459 autem
1377 1431 1560 1471 praesentes
1596 1435 1741 1470 nostrae,

999 1487 1079 1520 quae
1103 1477 1141 1510 ad
1158 1477 1282 1521 singula
1302 1479 1369 1513 loca
1382 1480 1497 1513 deferri
1515 1491 1577 1514 non
1598 1488 1740 1525 possunt,

999 1530 1037 1562 ad
1061 1530 1201 1563 omnium
1227 1532 1370 1566 notitiam
1406 1533 1527 1566 facilius
1552 1534 1740 1576 deveniant,

1000 1584 1144 1617 volumus
1167 1590 1202 1617 ut
1227 1586 1409 1619 earumdem
1427 1588 1639 1630 praesentium
1660 1594 1740 1621 tran-

998 1637 1149 1680 sumptis,
1175 1638 1222 1670 vel
1247 1639 1418 1682 exemplis,
1443 1640 1535 1672 etiam
1563 1640 1738 1684 impressis,

998 1700 1092 1722 manu
1117 1690 1250 1723 alicuius
1264 1692 1376 1724 notarii
1401 1693 1518 1736 publici
1540 1693 1737 1738 subscriptis,

996 1748 1026 1775 et
1045 1743 1148 1786 sigillo
1173 1754 1328 1787 personae
1361 1745 1391 1777 in
1417 1746 1568 1789 dignitate
1593 1748 1737 1781 ecelesia-

996 1796 1072 1828 stica
1098 1796 1284 1830 constitutae
1301 1798 1440 1838 munitis,
1455 1798 1573 1842 ubique
1592 1800 1735 1833 locorum

995 1855 1024 1881 et
1059 1849 1198 1892 gentium
1235 1850 1342 1883 eadem
1374 1862 1505 1895 prorsus
1538 1852 1615 1885 fides
1646 1853 1735 1886 adhi-

994 1901 1114 1944 beatur,
1133 1913 1211 1946 quae
1233 1903 1402 1937 haberetur
1415 1904 1490 1948 ipsis
1507 1906 1735 1948 praesentibus,

994 1955 1018 1987 si
1044 1955 1147 1988 forent
1171 1956 1328 1990 exhibitae
1353 1957 1399 1989 vel
1426 1963 1578 1990 ostensae.

1036 2009 1147 2041 Datum
1168 2009 1296 2050 Romae,
1317 2010 1399 2053 apud
1429 2010 1458 2043 S.
1484 2011 1612 2044 Mariam
1638 2012 1734 2045 Maio-

992 2073 1079 2103 rem,
1105 2063 1163 2095 sub
1192 2064 1309 2096 annulo
1330 2063 1508 2104 piscatoris,
1526 2065 1576 2097 die
1605 2075 1626 2098 11
1651 2076 1731 2098 mar-

993 2115 1025 2148 tii
1050 2126 1175 2159 MDCin,
1199 2117 1400 2160 pontificatus
1419 2118 1518 2151 nostri
1540 2129 1622 2152 anno
1647 2129 1687 2152 v1.

1027 2177 1084 2204 Dat.
1103 2178 1146 2205 die
1166 2178 1182 2204 2
1198 2178 1286 2206 martii
1305 2178 1382 2212 1661,
1399 2179 1494 2214 pontif.
1516 2188 1586 2207 anno
1606 2187 1641 2206 Vt.

1270 2314 1451 2348 CCCXXXV.

987 2384 1128 2418 Indiclio
1152 2395 1207 2417 sex
1230 2384 1431 2418 decimarum
1453 2396 1549 2429 super
1572 2387 1729 2429 fructibus

1031 2439 1179 2471 omnium
1193 2438 1480 2471 ecclesiasticorum
1494 2439 1726 2483 beneficiorum,

1031 2495 1058 2523 et
1083 2491 1276 2534 pensionum
1308 2492 1343 2524 in
1379 2492 1530 2525 universa
1566 2494 1669 2527 ltalia*
1699 2500 1726 2528 et

1031 2544 1150 2576 insutis
1176 2544 1296 2577 Italiae
1318 2544 1574 2578 adiacentibus¹.

214 2597 377 2639 derogatio
395 2596 457 2636 siat,
473 2596 618 2638 cuiquam
639 2595 804 2638 suffragari
822 2601 950 2639 queant,
966 2586 971 2636 l
1023 2610 1031 2633 1
1047 2605 1111 2632 Vide
1122 2606 1153 2632 ad
1166 2606 1256 2633 Const.
1268 2607 1533 2642 ccctxxxv(c1l.35li)
1546 2608 1644 2636 Urbani
1656 2609 1723 2642 vm,

315 2658 392 2688 uult.
410 2659 489 2687 [tom.
506 2673 553 2693 -,
562 2658 617 2685 Vol.
635 2658 709 2686 XVI.
854 2661 888 2688 85

1782 214 1830 240 An.
1848 214 1875 240 C.
1900 215 1962 241 lolli

1793 1439 1942 1466 Transumpto-

1758 1471 1802 1486 rum
1818 1466 1877 1487 tides.
