<?xml version="1.0" encoding="UTF-8"?>
<!DOCTYPE html PUBLIC "-//W3C//DTD XHTML 1.0 Transitional//EN"
    "http://www.w3.org/TR/xhtml1/DTD/xhtml1-transitional.dtd">
<html xmlns="http://www.w3.org/1999/xhtml" xml:lang="en" lang="en">
 <head>
  <title>
</title>
<meta http-equiv="Content-Type" content="text/html;charset=utf-8" />
  <meta name='ocr-system' content='tesseract 3.04.00' />
  <meta name='ocr-capabilities' content='ocr_page ocr_carea ocr_par ocr_line ocrx_word'/>
</head>
<body>
  <div class='ocr_page' id='page_1' title='image "./bullarumdiplomat16cath_0694.png"; bbox 0 0 2243 3205; ppageno 0'>
   <div class='ocr_carea' id='block_1_1' title="bbox 281 216 452 243">
    <p class='ocr_par' dir='ltr' id='par_1_1' title="bbox 281 216 452 243">
     <span class='ocr_line' id='line_1_1' title="bbox 281 216 452 243; baseline 0.006 -1"><span class='ocrx_word' id='word_1_1' title='bbox 281 216 366 243; x_wconf 72' lang='lat' dir='ltr'>An.C.</span> <span class='ocrx_word' id='word_1_2' title='bbox 391 216 452 243; x_wconf 72' lang='lat'>¹661</span> 
     </span>
    </p>
   </div>
   <div class='ocr_carea' id='block_1_2' title="bbox 278 965 461 1017">
    <p class='ocr_par' dir='ltr' id='par_1_2' title="bbox 278 965 461 1017">
     <span class='ocr_line' id='line_1_2' title="bbox 299 965 461 985; baseline 0 0"><span class='ocrx_word' id='word_1_3' title='bbox 299 965 461 985; x_wconf 63' lang='lat' dir='ltr'>eantravcnien-</span> 
     </span>
     <span class='ocr_line' id='line_1_3' title="bbox 278 993 427 1017; baseline 0.013 -7"><span class='ocrx_word' id='word_1_4' title='bbox 278 993 327 1011; x_wconf 80' lang='lat' dir='ltr'>tiuni</span> <span class='ocrx_word' id='word_1_5' title='bbox 339 998 427 1017; x_wconf 69' lang='lat' dir='ltr'>poenae.</span> 
     </span>
    </p>
   </div>
   <div class='ocr_carea' id='block_1_3' title="bbox 290 2554 473 2608">
    <p class='ocr_par' dir='ltr' id='par_1_3' title="bbox 290 2554 473 2608">
     <span class='ocr_line' id='line_1_4' title="bbox 313 2554 473 2584; baseline -0.006 -9"><span class='ocrx_word' id='word_1_6' title='bbox 313 2554 421 2584; x_wconf 74' lang='lat' dir='ltr'>Clausulas</span> <span class='ocrx_word' id='word_1_7' title='bbox 436 2558 473 2579; x_wconf 78' lang='lat' dir='ltr'>ap-</span> 
     </span>
     <span class='ocr_line' id='line_1_5' title="bbox 290 2584 354 2608; baseline 0 -6"><span class='ocrx_word' id='word_1_8' title='bbox 290 2584 354 2608; x_wconf 75' lang='lat' dir='ltr'>pouit.</span> 
     </span>
    </p>
   </div>
   <div class='ocr_carea' id='block_1_4' title="bbox 476 207 1224 2643">
    <p class='ocr_par' dir='ltr' id='par_1_4' title="bbox 476 207 1224 2523">
     <span class='ocr_line' id='line_1_6' title="bbox 503 207 567 239; baseline 0 -2"><span class='ocrx_word' id='word_1_9' title='bbox 503 207 567 239; x_wconf 73' lang='lat'>(360</span> 
     </span>
     <span class='ocr_line' id='line_1_7' title="bbox 478 260 1215 305; baseline -0.003 -10"><span class='ocrx_word' id='word_1_10' title='bbox 478 264 671 302; x_wconf 86' lang='lat' dir='ltr'>cardinales,</span> <span class='ocrx_word' id='word_1_11' title='bbox 698 262 727 294; x_wconf 89' lang='lat' dir='ltr'>in</span> <span class='ocrx_word' id='word_1_12' title='bbox 753 261 928 305; x_wconf 75' lang='lat' dir='ltr'><strong>sumptione</strong></span> <span class='ocrx_word' id='word_1_13' title='bbox 953 260 1026 305; x_wconf 89' lang='lat' dir='ltr'>pilei</span> <span class='ocrx_word' id='word_1_14' title='bbox 1052 266 1080 293; x_wconf 87' lang='lat' dir='ltr'>et</span> <span class='ocrx_word' id='word_1_15' title='bbox 1105 261 1215 293; x_wconf 82' lang='lat' dir='ltr'>deinde</span> 
     </span>
     <span class='ocr_line' id='line_1_8' title="bbox 479 314 1213 357; baseline -0.003 -10"><span class='ocrx_word' id='word_1_16' title='bbox 479 317 507 347; x_wconf 91' lang='lat' dir='ltr'>in</span> <span class='ocrx_word' id='word_1_17' title='bbox 534 315 684 357; x_wconf 79' lang='lat' dir='ltr'>conclavi,</span> <span class='ocrx_word' id='word_1_18' title='bbox 705 325 740 347; x_wconf 85' lang='lat' dir='ltr'>ae</span> <span class='ocrx_word' id='word_1_19' title='bbox 757 315 848 347; x_wconf 88' lang='lat' dir='ltr'>ctiam</span> <span class='ocrx_word' id='word_1_20' title='bbox 875 319 945 357; x_wconf 86' lang='lat' dir='ltr'>post</span> <span class='ocrx_word' id='word_1_21' title='bbox 969 314 1213 357; x_wconf 84' lang='lat' dir='ltr'>assumptionem</span> 
     </span>
     <span class='ocr_line' id='line_1_9' title="bbox 477 367 1215 407; baseline -0.004 -6"><span class='ocrx_word' id='word_1_22' title='bbox 477 369 514 401; x_wconf 90' lang='lat' dir='ltr'>ad</span> <span class='ocrx_word' id='word_1_23' title='bbox 532 369 761 407; x_wconf 78' lang='lat' dir='ltr'>Pontificatum,</span> <span class='ocrx_word' id='word_1_24' title='bbox 779 369 808 400; x_wconf 93' lang='lat' dir='ltr'>in</span> <span class='ocrx_word' id='word_1_25' title='bbox 827 368 972 400; x_wconf 90' lang='lat' dir='ltr'>manibus</span> <span class='ocrx_word' id='word_1_26' title='bbox 991 368 1156 400; x_wconf 91' lang='lat' dir='ltr'>cardinalis</span> <span class='ocrx_word' id='word_1_27' title='bbox 1174 367 1215 398; x_wconf 86' lang='lat' dir='ltr'>vi-</span> 
     </span>
     <span class='ocr_line' id='line_1_10' title="bbox 476 421 1215 464; baseline -0.003 -10"><span class='ocrx_word' id='word_1_28' title='bbox 476 421 688 454; x_wconf 86' lang='lat' dir='ltr'>cecancellarii</span> <span class='ocrx_word' id='word_1_29' title='bbox 723 421 937 464; x_wconf 84' lang='lat' dir='ltr'>pariformitcr</span> <span class='ocrx_word' id='word_1_30' title='bbox 969 421 1154 464; x_wconf 69' lang='lat' dir='ltr'>promittere</span> <span class='ocrx_word' id='word_1_31' title='bbox 1186 425 1215 451; x_wconf 80' lang='lat' dir='ltr'>et</span> 
     </span>
     <span class='ocr_line' id='line_1_11' title="bbox 477 472 1214 515; baseline -0.001 -10"><span class='ocrx_word' id='word_1_32' title='bbox 477 475 581 507; x_wconf 86' lang='lat' dir='ltr'>iurare</span> <span class='ocrx_word' id='word_1_33' title='bbox 606 474 737 506; x_wconf 85' lang='lat' dir='ltr'>debeant</span> <span class='ocrx_word' id='word_1_34' title='bbox 756 473 878 505; x_wconf 83' lang='lat' dir='ltr'>easdem</span> <span class='ocrx_word' id='word_1_35' title='bbox 897 483 1006 506; x_wconf 88' lang='lat' dir='ltr'>omncs</span> <span class='ocrx_word' id='word_1_36' title='bbox 1031 478 1060 505; x_wconf 89' lang='lat' dir='ltr'>et</span> <span class='ocrx_word' id='word_1_37' title='bbox 1077 472 1214 515; x_wconf 77' lang='lat' dir='ltr'>singulas</span> 
     </span>
     <span class='ocr_line' id='line_1_12' title="bbox 476 527 1213 569; baseline -0.004 -10"><span class='ocrx_word' id='word_1_38' title='bbox 476 527 714 561; x_wconf 68' lang='lat' dir='ltr'>constitutiones</span> <span class='ocrx_word' id='word_1_39' title='bbox 740 531 767 558; x_wconf 90' lang='lat' dir='ltr'>et</span> <span class='ocrx_word' id='word_1_40' title='bbox 793 527 873 558; x_wconf 76' lang='lat' dir='ltr'>lianc</span> <span class='ocrx_word' id='word_1_41' title='bbox 897 531 1047 566; x_wconf 89' lang='lat' dir='ltr'>nostram,</span> <span class='ocrx_word' id='word_1_42' title='bbox 1064 530 1213 569; x_wconf 76' lang='lat' dir='ltr'>qnantum</span> 
     </span>
     <span class='ocr_line' id='line_1_13' title="bbox 477 579 1216 622; baseline -0.004 -9"><span class='ocrx_word' id='word_1_43' title='bbox 477 581 506 613; x_wconf 93' lang='lat' dir='ltr'>in</span> <span class='ocrx_word' id='word_1_44' title='bbox 525 581 568 613; x_wconf 89' lang='lat' dir='ltr'>cis</span> <span class='ocrx_word' id='word_1_45' title='bbox 589 580 657 619; x_wconf 89' lang='lat' dir='ltr'>erit,</span> <span class='ocrx_word' id='word_1_46' title='bbox 675 579 854 619; x_wconf 78' lang='lat' dir='ltr'>observare,</span> <span class='ocrx_word' id='word_1_47' title='bbox 875 579 997 622; x_wconf 88' lang='lat' dir='ltr'>illisque</span> <span class='ocrx_word' id='word_1_48' title='bbox 1016 589 1078 612; x_wconf 91' lang='lat' dir='ltr'>non</span> <span class='ocrx_word' id='word_1_49' title='bbox 1096 584 1216 611; x_wconf 88' lang='lat' dir='ltr'>contra-</span> 
     </span>
     <span class='ocr_line' id='line_1_14' title="bbox 476 632 1216 675; baseline -0.005 -8"><span class='ocrx_word' id='word_1_50' title='bbox 476 634 592 675; x_wconf 86' lang='lat' dir='ltr'>venire,</span> <span class='ocrx_word' id='word_1_51' title='bbox 610 644 667 666; x_wconf 84' lang='lat' dir='ltr'>nec</span> <span class='ocrx_word' id='word_1_52' title='bbox 693 633 897 666; x_wconf 82' lang='lat' dir='ltr'>Pontificibus</span> <span class='ocrx_word' id='word_1_53' title='bbox 922 632 1216 665; x_wconf 76' lang='lat' dir='ltr'>contrafacientilms</span> 
     </span>
     <span class='ocr_line' id='line_1_15' title="bbox 476 685 1216 727; baseline -0.005 -7"><span class='ocrx_word' id='word_1_54' title='bbox 476 687 664 727; x_wconf 85' lang='lat' dir='ltr'>consentire,</span> <span class='ocrx_word' id='word_1_55' title='bbox 689 692 719 719; x_wconf 90' lang='lat' dir='ltr'>ct</span> <span class='ocrx_word' id='word_1_56' title='bbox 743 686 971 718; x_wconf 87' lang='lat' dir='ltr'>absolutionem</span> <span class='ocrx_word' id='word_1_57' title='bbox 999 696 1015 717; x_wconf 91' lang='lat' dir='ltr'>a</span> <span class='ocrx_word' id='word_1_58' title='bbox 1041 685 1216 717; x_wconf 87' lang='lat' dir='ltr'>iuramento</span> 
     </span>
     <span class='ocr_line' id='line_1_16' title="bbox 476 739 1216 784; baseline -0.004 -11"><span class='ocrx_word' id='word_1_59' title='bbox 476 741 626 784; x_wconf 86' lang='lat' dir='ltr'>praestito</span> <span class='ocrx_word' id='word_1_60' title='bbox 658 750 719 773; x_wconf 92' lang='lat' dir='ltr'>non</span> <span class='ocrx_word' id='word_1_61' title='bbox 752 745 879 783; x_wconf 88' lang='lat' dir='ltr'>petere,</span> <span class='ocrx_word' id='word_1_62' title='bbox 911 749 968 772; x_wconf 87' lang='lat' dir='ltr'>nec</span> <span class='ocrx_word' id='word_1_63' title='bbox 1000 739 1134 771; x_wconf 89' lang='lat' dir='ltr'>oblatam</span> <span class='ocrx_word' id='word_1_64' title='bbox 1164 743 1216 770; x_wconf 91' lang='lat' dir='ltr'>aut</span> 
     </span>
     <span class='ocr_line' id='line_1_17' title="bbox 476 791 1216 837; baseline -0.007 -9"><span class='ocrx_word' id='word_1_65' title='bbox 476 805 655 827; x_wconf 86' lang='lat' dir='ltr'>concessam</span> <span class='ocrx_word' id='word_1_66' title='bbox 674 797 852 837; x_wconf 75' lang='lat' dir='ltr'>acceptare,</span> <span class='ocrx_word' id='word_1_67' title='bbox 871 803 906 825; x_wconf 84' lang='lat' dir='ltr'>ac</span> <span class='ocrx_word' id='word_1_68' title='bbox 925 792 1141 824; x_wconf 89' lang='lat' dir='ltr'>iusiurandum</span> <span class='ocrx_word' id='word_1_69' title='bbox 1159 791 1216 823; x_wconf 85' lang='lat' dir='ltr'>lni—</span> 
     </span>
     <span class='ocr_line' id='line_1_18' title="bbox 477 843 1214 888; baseline -0.005 -9"><span class='ocrx_word' id='word_1_70' title='bbox 477 847 610 880; x_wconf 89' lang='lat' dir='ltr'>iusmodi</span> <span class='ocrx_word' id='word_1_71' title='bbox 630 846 660 878; x_wconf 92' lang='lat' dir='ltr'>in</span> <span class='ocrx_word' id='word_1_72' title='bbox 679 846 813 879; x_wconf 78' lang='lat' dir='ltr'>formula</span> <span class='ocrx_word' id='word_1_73' title='bbox 832 845 996 877; x_wconf 86' lang='lat' dir='ltr'>iuramenti</span> <span class='ocrx_word' id='word_1_74' title='bbox 1015 855 1071 888; x_wconf 90' lang='lat' dir='ltr'>per</span> <span class='ocrx_word' id='word_1_75' title='bbox 1089 843 1214 877; x_wconf 83' lang='lat' dir='ltr'>eosdem</span> 
     </span>
     <span class='ocr_line' id='line_1_19' title="bbox 477 897 1215 942; baseline -0.004 -10"><span class='ocrx_word' id='word_1_76' title='bbox 477 900 651 933; x_wconf 86' lang='lat' dir='ltr'>cardinales</span> <span class='ocrx_word' id='word_1_77' title='bbox 665 898 816 942; x_wconf 87' lang='lat' dir='ltr'>praestari</span> <span class='ocrx_word' id='word_1_78' title='bbox 831 898 911 930; x_wconf 89' lang='lat' dir='ltr'>soliti</span> <span class='ocrx_word' id='word_1_79' title='bbox 927 897 1054 940; x_wconf 82' lang='lat' dir='ltr'>adiungi</span> <span class='ocrx_word' id='word_1_80' title='bbox 1073 902 1102 929; x_wconf 91' lang='lat' dir='ltr'>et</span> <span class='ocrx_word' id='word_1_81' title='bbox 1120 897 1215 929; x_wconf 85' lang='lat' dir='ltr'>inseri</span> 
     </span>
     <span class='ocr_line' id='line_1_20' title="bbox 476 950 1214 994; baseline -0.005 -9"><span class='ocrx_word' id='word_1_82' title='bbox 476 953 602 992; x_wconf 70' lang='lat' dir='ltr'>debere,</span> <span class='ocrx_word' id='word_1_83' title='bbox 615 963 649 984; x_wconf 88' lang='lat' dir='ltr'>ac</span> <span class='ocrx_word' id='word_1_84' title='bbox 663 951 921 985; x_wconf 68' lang='lat' dir='ltr'>contrafacientes</span> <span class='ocrx_word' id='word_1_85' title='bbox 938 961 1069 994; x_wconf 87' lang='lat' dir='ltr'>poenam</span> <span class='ocrx_word' id='word_1_86' title='bbox 1084 950 1214 993; x_wconf 85' lang='lat' dir='ltr'>periurii</span> 
     </span>
     <span class='ocr_line' id='line_1_21' title="bbox 477 1003 1216 1049; baseline -0.004 -11"><span class='ocrx_word' id='word_1_87' title='bbox 477 1017 511 1039; x_wconf 90' lang='lat' dir='ltr'>ac</span> <span class='ocrx_word' id='word_1_88' title='bbox 529 1011 699 1049; x_wconf 80' lang='lat' dir='ltr'>perpetuae</span> <span class='ocrx_word' id='word_1_89' title='bbox 715 1004 859 1036; x_wconf 88' lang='lat' dir='ltr'>infamiae</span> <span class='ocrx_word' id='word_1_90' title='bbox 874 1004 950 1036; x_wconf 87' lang='lat' dir='ltr'>iuris</span> <span class='ocrx_word' id='word_1_91' title='bbox 965 1008 994 1036; x_wconf 90' lang='lat' dir='ltr'>et</span> <span class='ocrx_word' id='word_1_92' title='bbox 1007 1003 1077 1036; x_wconf 90' lang='lat' dir='ltr'>facti</span> <span class='ocrx_word' id='word_1_93' title='bbox 1093 1014 1129 1036; x_wconf 92' lang='lat' dir='ltr'>eo</span> <span class='ocrx_word' id='word_1_94' title='bbox 1147 1004 1216 1047; x_wconf 88' lang='lat' dir='ltr'>ipso</span> 
     </span>
     <span class='ocr_line' id='line_1_22' title="bbox 477 1056 1214 1100; baseline -0.004 -9"><span class='ocrx_word' id='word_1_95' title='bbox 477 1060 639 1092; x_wconf 87' lang='lat' dir='ltr'>incurrere</span> <span class='ocrx_word' id='word_1_96' title='bbox 673 1057 890 1097; x_wconf 87' lang='lat' dir='ltr'>decernimus;</span> <span class='ocrx_word' id='word_1_97' title='bbox 924 1063 1104 1100; x_wconf 85' lang='lat' dir='ltr'>praeterea,</span> <span class='ocrx_word' id='word_1_98' title='bbox 1132 1056 1214 1099; x_wconf 87' lang='lat' dir='ltr'>quod</span> 
     </span>
     <span class='ocr_line' id='line_1_23' title="bbox 476 1109 1218 1155; baseline -0.004 -11"><span class='ocrx_word' id='word_1_99' title='bbox 476 1112 534 1155; x_wconf 91' lang='lat' dir='ltr'>ipsi</span> <span class='ocrx_word' id='word_1_100' title='bbox 549 1111 734 1152; x_wconf 86' lang='lat' dir='ltr'>cardinales,</span> <span class='ocrx_word' id='word_1_101' title='bbox 748 1115 935 1143; x_wconf 85' lang='lat' dir='ltr'>occurrente</span> <span class='ocrx_word' id='word_1_102' title='bbox 953 1109 1150 1153; x_wconf 85' lang='lat' dir='ltr'>Apostolicae</span> <span class='ocrx_word' id='word_1_103' title='bbox 1168 1109 1218 1141; x_wconf 86' lang='lat' dir='ltr'>Se-</span> 
     </span>
     <span class='ocr_line' id='line_1_24' title="bbox 477 1162 1217 1206; baseline -0.001 -9"><span class='ocrx_word' id='word_1_104' title='bbox 477 1165 524 1197; x_wconf 89' lang='lat' dir='ltr'>dis</span> <span class='ocrx_word' id='word_1_105' title='bbox 548 1164 719 1203; x_wconf 83' lang='lat' dir='ltr'>vacatione,</span> <span class='ocrx_word' id='word_1_106' title='bbox 738 1164 768 1195; x_wconf 91' lang='lat' dir='ltr'>in</span> <span class='ocrx_word' id='word_1_107' title='bbox 790 1163 941 1203; x_wconf 84' lang='lat' dir='ltr'>conclavi,</span> <span class='ocrx_word' id='word_1_108' title='bbox 962 1163 1087 1206; x_wconf 85' lang='lat' dir='ltr'>quando</span> <span class='ocrx_word' id='word_1_109' title='bbox 1109 1163 1145 1195; x_wconf 91' lang='lat' dir='ltr'>de</span> <span class='ocrx_word' id='word_1_110' title='bbox 1163 1162 1217 1196; x_wconf 90' lang='lat' dir='ltr'>ob-</span> 
     </span>
     <span class='ocr_line' id='line_1_25' title="bbox 477 1215 1217 1250; baseline -0.003 -1"><span class='ocrx_word' id='word_1_111' title='bbox 477 1217 638 1250; x_wconf 88' lang='lat' dir='ltr'>servandis</span> <span class='ocrx_word' id='word_1_112' title='bbox 673 1216 785 1248; x_wconf 90' lang='lat' dir='ltr'>litteris</span> <span class='ocrx_word' id='word_1_113' title='bbox 826 1215 1010 1248; x_wconf 76' lang='lat' dir='ltr'>recolendae</span> <span class='ocrx_word' id='word_1_114' title='bbox 1047 1215 1217 1248; x_wconf 82' lang='lat' dir='ltr'>memoriae</span> 
     </span>
     <span class='ocr_line' id='line_1_26' title="bbox 478 1268 1217 1313; baseline -0.004 -10"><span class='ocrx_word' id='word_1_115' title='bbox 478 1270 545 1303; x_wconf 90' lang='lat' dir='ltr'>Iulii</span> <span class='ocrx_word' id='word_1_116' title='bbox 572 1270 673 1313; x_wconf 87' lang='lat' dir='ltr'>Papae</span> <span class='ocrx_word' id='word_1_117' title='bbox 690 1269 715 1302; x_wconf 92' lang='lat' dir='ltr'>II</span> <span class='ocrx_word' id='word_1_118' title='bbox 732 1268 985 1312; x_wconf 76' lang='lat' dir='ltr'>praedecessoris</span> <span class='ocrx_word' id='word_1_119' title='bbox 1005 1268 1104 1301; x_wconf 81' lang='lat' dir='ltr'>nostri</span> <span class='ocrx_word' id='word_1_120' title='bbox 1122 1279 1217 1311; x_wconf 87' lang='lat' dir='ltr'>super</span> 
     </span>
     <span class='ocr_line' id='line_1_27' title="bbox 478 1322 1218 1356; baseline -0.001 0"><span class='ocrx_word' id='word_1_121' title='bbox 478 1323 629 1356; x_wconf 80' lang='lat' dir='ltr'>electione</span> <span class='ocrx_word' id='word_1_122' title='bbox 654 1323 784 1356; x_wconf 83' lang='lat' dir='ltr'>Romani</span> <span class='ocrx_word' id='word_1_123' title='bbox 812 1322 970 1355; x_wconf 83' lang='lat' dir='ltr'>Pontificis</span> <span class='ocrx_word' id='word_1_124' title='bbox 1001 1327 1030 1354; x_wconf 90' lang='lat' dir='ltr'>et</span> <span class='ocrx_word' id='word_1_125' title='bbox 1055 1322 1122 1354; x_wconf 87' lang='lat' dir='ltr'>aliis</span> <span class='ocrx_word' id='word_1_126' title='bbox 1147 1332 1218 1355; x_wconf 87' lang='lat' dir='ltr'>eon-</span> 
     </span>
     <span class='ocr_line' id='line_1_28' title="bbox 478 1376 1216 1418; baseline -0.004 -8"><span class='ocrx_word' id='word_1_127' title='bbox 478 1377 690 1411; x_wconf 85' lang='lat' dir='ltr'>stitutionibus</span> <span class='ocrx_word' id='word_1_128' title='bbox 726 1376 936 1408; x_wconf 88' lang='lat' dir='ltr'>iuramentum</span> <span class='ocrx_word' id='word_1_129' title='bbox 975 1381 1136 1418; x_wconf 87' lang='lat' dir='ltr'>praestare</span> <span class='ocrx_word' id='word_1_130' title='bbox 1168 1386 1216 1408; x_wconf 86' lang='lat' dir='ltr'>so-</span> 
     </span>
     <span class='ocr_line' id='line_1_29' title="bbox 478 1428 1217 1470; baseline -0.003 -8"><span class='ocrx_word' id='word_1_131' title='bbox 478 1430 562 1470; x_wconf 83' lang='lat' dir='ltr'>lent,</span> <span class='ocrx_word' id='word_1_132' title='bbox 583 1429 674 1462; x_wconf 90' lang='lat' dir='ltr'>etiam</span> <span class='ocrx_word' id='word_1_133' title='bbox 701 1429 739 1461; x_wconf 90' lang='lat' dir='ltr'>de</span> <span class='ocrx_word' id='word_1_134' title='bbox 765 1428 986 1461; x_wconf 86' lang='lat' dir='ltr'>inviolabiliter</span> <span class='ocrx_word' id='word_1_135' title='bbox 1014 1428 1217 1461; x_wconf 85' lang='lat' dir='ltr'>observandis</span> 
     </span>
     <span class='ocr_line' id='line_1_30' title="bbox 478 1482 1216 1527; baseline -0.004 -11"><span class='ocrx_word' id='word_1_136' title='bbox 478 1483 647 1527; x_wconf 87' lang='lat' dir='ltr'>praedictis</span> <span class='ocrx_word' id='word_1_137' title='bbox 672 1494 707 1515; x_wconf 90' lang='lat' dir='ltr'>ae</span> <span class='ocrx_word' id='word_1_138' title='bbox 732 1483 888 1526; x_wconf 86' lang='lat' dir='ltr'>praesenti</span> <span class='ocrx_word' id='word_1_139' title='bbox 915 1482 1135 1514; x_wconf 87' lang='lat' dir='ltr'>constitutione</span> <span class='ocrx_word' id='word_1_140' title='bbox 1160 1491 1216 1514; x_wconf 92' lang='lat' dir='ltr'>no-</span> 
     </span>
     <span class='ocr_line' id='line_1_31' title="bbox 479 1535 1218 1580; baseline -0.004 -11"><span class='ocrx_word' id='word_1_141' title='bbox 479 1539 543 1570; x_wconf 74' lang='lat' dir='ltr'>stra</span> <span class='ocrx_word' id='word_1_142' title='bbox 569 1547 626 1580; x_wconf 88' lang='lat' dir='ltr'>per</span> <span class='ocrx_word' id='word_1_143' title='bbox 650 1536 822 1579; x_wconf 85' lang='lat' dir='ltr'>quemlibet</span> <span class='ocrx_word' id='word_1_144' title='bbox 848 1546 956 1568; x_wconf 87' lang='lat' dir='ltr'>eorum</span> <span class='ocrx_word' id='word_1_145' title='bbox 983 1535 1083 1578; x_wconf 89' lang='lat' dir='ltr'>quiin</span> <span class='ocrx_word' id='word_1_146' title='bbox 1109 1535 1218 1568; x_wconf 85' lang='lat' dir='ltr'>Roma-</span> 
     </span>
     <span class='ocr_line' id='line_1_32' title="bbox 478 1588 1218 1631; baseline 0 -10"><span class='ocrx_word' id='word_1_147' title='bbox 478 1600 552 1622; x_wconf 90' lang='lat' dir='ltr'>num</span> <span class='ocrx_word' id='word_1_148' title='bbox 579 1589 761 1622; x_wconf 82' lang='lat' dir='ltr'>Pontificem</span> <span class='ocrx_word' id='word_1_149' title='bbox 783 1589 899 1621; x_wconf 88' lang='lat' dir='ltr'>electus</span> <span class='ocrx_word' id='word_1_150' title='bbox 917 1588 1019 1629; x_wconf 82' lang='lat' dir='ltr'>fuerit,</span> <span class='ocrx_word' id='word_1_151' title='bbox 1038 1593 1067 1620; x_wconf 90' lang='lat' dir='ltr'>et</span> <span class='ocrx_word' id='word_1_152' title='bbox 1083 1593 1218 1631; x_wconf 90' lang='lat' dir='ltr'>postmo-</span> 
     </span>
     <span class='ocr_line' id='line_1_33' title="bbox 479 1640 1217 1682; baseline -0.003 -8"><span class='ocrx_word' id='word_1_153' title='bbox 479 1641 552 1674; x_wconf 88' lang='lat' dir='ltr'>dum</span> <span class='ocrx_word' id='word_1_154' title='bbox 571 1642 651 1674; x_wconf 87' lang='lat' dir='ltr'>idem</span> <span class='ocrx_word' id='word_1_155' title='bbox 666 1641 703 1673; x_wconf 88' lang='lat' dir='ltr'>ad</span> <span class='ocrx_word' id='word_1_156' title='bbox 718 1641 1044 1673; x_wconf 56' lang='lat' dir='ltr'>summixPontiticatus</span> <span class='ocrx_word' id='word_1_157' title='bbox 1059 1640 1217 1682; x_wconf 75' lang='lat' dir='ltr'>fastigium</span> 
     </span>
     <span class='ocr_line' id='line_1_34' title="bbox 480 1693 1219 1740; baseline -0.004 -12"><span class='ocrx_word' id='word_1_158' title='bbox 480 1700 668 1739; x_wconf 88' lang='lat' dir='ltr'>assumptus,</span> <span class='ocrx_word' id='word_1_159' title='bbox 690 1700 761 1738; x_wconf 90' lang='lat' dir='ltr'>post</span> <span class='ocrx_word' id='word_1_160' title='bbox 785 1695 851 1727; x_wconf 88' lang='lat' dir='ltr'>eius</span> <span class='ocrx_word' id='word_1_161' title='bbox 876 1694 1133 1740; x_wconf 79' lang='lat' dir='ltr'>assumptionem,</span> <span class='ocrx_word' id='word_1_162' title='bbox 1158 1693 1219 1726; x_wconf 86' lang='lat' dir='ltr'>hoc</span> 
     </span>
     <span class='ocr_line' id='line_1_35' title="bbox 480 1746 1219 1791; baseline -0.003 -11"><span class='ocrx_word' id='word_1_163' title='bbox 480 1748 582 1791; x_wconf 88' lang='lat' dir='ltr'>ipsum</span> <span class='ocrx_word' id='word_1_164' title='bbox 607 1748 645 1780; x_wconf 91' lang='lat' dir='ltr'>ad</span> <span class='ocrx_word' id='word_1_165' title='bbox 671 1748 821 1780; x_wconf 86' lang='lat' dir='ltr'>maiorem</span> <span class='ocrx_word' id='word_1_166' title='bbox 855 1747 1006 1780; x_wconf 86' lang='lat' dir='ltr'>cantelam</span> <span class='ocrx_word' id='word_1_167' title='bbox 1033 1746 1219 1790; x_wconf 82' lang='lat' dir='ltr'>promittere</span> 
     </span>
     <span class='ocr_line' id='line_1_36' title="bbox 481 1801 1217 1844; baseline -0.003 -10"><span class='ocrx_word' id='word_1_168' title='bbox 481 1808 510 1834; x_wconf 89' lang='lat' dir='ltr'>et</span> <span class='ocrx_word' id='word_1_169' title='bbox 535 1802 648 1844; x_wconf 88' lang='lat' dir='ltr'>iurare,</span> <span class='ocrx_word' id='word_1_170' title='bbox 682 1807 711 1834; x_wconf 87' lang='lat' dir='ltr'>ct</span> <span class='ocrx_word' id='word_1_171' title='bbox 735 1801 856 1841; x_wconf 90' lang='lat' dir='ltr'>deinde,</span> <span class='ocrx_word' id='word_1_172' title='bbox 888 1806 958 1844; x_wconf 90' lang='lat' dir='ltr'>post</span> <span class='ocrx_word' id='word_1_173' title='bbox 983 1801 1217 1833; x_wconf 87' lang='lat' dir='ltr'>coronationem</span> 
     </span>
     <span class='ocr_line' id='line_1_37' title="bbox 481 1853 1220 1898; baseline -0.004 -11"><span class='ocrx_word' id='word_1_174' title='bbox 481 1865 580 1895; x_wconf 87' lang='lat' dir='ltr'>suam,</span> <span class='ocrx_word' id='word_1_175' title='bbox 601 1854 841 1898; x_wconf 88' lang='lat' dir='ltr'>promissionem</span> <span class='ocrx_word' id='word_1_176' title='bbox 868 1859 898 1886; x_wconf 86' lang='lat' dir='ltr'>et</span> <span class='ocrx_word' id='word_1_177' title='bbox 921 1854 1129 1886; x_wconf 90' lang='lat' dir='ltr'>iuramentum</span> <span class='ocrx_word' id='word_1_178' title='bbox 1163 1853 1220 1885; x_wconf 89' lang='lat' dir='ltr'>bu-</span> 
     </span>
     <span class='ocr_line' id='line_1_38' title="bbox 482 1906 1218 1951; baseline -0.004 -11"><span class='ocrx_word' id='word_1_179' title='bbox 482 1908 617 1941; x_wconf 90' lang='lat' dir='ltr'>iusmodi</span> <span class='ocrx_word' id='word_1_180' title='bbox 642 1918 697 1951; x_wconf 88' lang='lat' dir='ltr'>per</span> <span class='ocrx_word' id='word_1_181' title='bbox 713 1908 831 1940; x_wconf 83' lang='lat' dir='ltr'>litteras</span> <span class='ocrx_word' id='word_1_182' title='bbox 848 1918 918 1940; x_wconf 89' lang='lat' dir='ltr'>suas</span> <span class='ocrx_word' id='word_1_183' title='bbox 937 1907 1088 1950; x_wconf 81' lang='lat' dir='ltr'>speciales</span> <span class='ocrx_word' id='word_1_184' title='bbox 1106 1906 1218 1938; x_wconf 86' lang='lat' dir='ltr'>barum</span> 
     </span>
     <span class='ocr_line' id='line_1_39' title="bbox 482 1958 1219 1997; baseline -0.004 -4"><span class='ocrx_word' id='word_1_185' title='bbox 482 1961 733 1994; x_wconf 81' lang='lat' dir='ltr'>confirmatorias</span> <span class='ocrx_word' id='word_1_186' title='bbox 757 1961 908 1994; x_wconf 80' lang='lat' dir='ltr'>reiterare</span> <span class='ocrx_word' id='word_1_187' title='bbox 938 1960 1058 1992; x_wconf 84' lang='lat' dir='ltr'>debeat.</span> <span class='ocrx_word' id='word_1_188' title='bbox 1083 1958 1170 1997; x_wconf 84' lang='lat' dir='ltr'>Quod</span> <span class='ocrx_word' id='word_1_189' title='bbox 1195 1958 1219 1990; x_wconf 90' lang='lat' dir='ltr'>si</span> 
     </span>
     <span class='ocr_line' id='line_1_40' title="bbox 483 2013 1220 2058; baseline -0.003 -12"><span class='ocrx_word' id='word_1_190' title='bbox 483 2015 558 2047; x_wconf 90' lang='lat' dir='ltr'>illud</span> <span class='ocrx_word' id='word_1_191' title='bbox 583 2025 600 2047; x_wconf 89' lang='lat' dir='ltr'>a</span> <span class='ocrx_word' id='word_1_192' title='bbox 626 2014 773 2047; x_wconf 82' lang='lat' dir='ltr'>Pontifiec</span> <span class='ocrx_word' id='word_1_193' title='bbox 799 2013 907 2058; x_wconf 88' lang='lat' dir='ltr'>(quod</span> <span class='ocrx_word' id='word_1_194' title='bbox 941 2013 1132 2046; x_wconf 83' lang='lat' dir='ltr'>credendum</span> <span class='ocrx_word' id='word_1_195' title='bbox 1158 2022 1220 2045; x_wconf 89' lang='lat' dir='ltr'>non</span> 
     </span>
     <span class='ocr_line' id='line_1_41' title="bbox 483 2065 1220 2111; baseline -0.004 -11"><span class='ocrx_word' id='word_1_196' title='bbox 483 2069 541 2111; x_wconf 92' lang='lat' dir='ltr'>est)</span> <span class='ocrx_word' id='word_1_197' title='bbox 566 2067 732 2108; x_wconf 85' lang='lat' dir='ltr'>recusabit,</span> <span class='ocrx_word' id='word_1_198' title='bbox 758 2071 810 2100; x_wconf 86' lang='lat' dir='ltr'>aut</span> <span class='ocrx_word' id='word_1_199' title='bbox 834 2066 1019 2107; x_wconf 78' lang='lat' dir='ltr'>differetur,</span> <span class='ocrx_word' id='word_1_200' title='bbox 1049 2071 1122 2098; x_wconf 85' lang='lat' dir='ltr'>tunc</span> <span class='ocrx_word' id='word_1_201' title='bbox 1146 2065 1220 2098; x_wconf 89' lang='lat' dir='ltr'>dicti</span> 
     </span>
     <span class='ocr_line' id='line_1_42' title="bbox 484 2119 1222 2163; baseline -0.004 -10"><span class='ocrx_word' id='word_1_202' title='bbox 484 2121 656 2154; x_wconf 84' lang='lat' dir='ltr'>cardinales</span> <span class='ocrx_word' id='word_1_203' title='bbox 675 2121 703 2152; x_wconf 92' lang='lat' dir='ltr'>in</span> <span class='ocrx_word' id='word_1_204' title='bbox 722 2120 826 2163; x_wconf 90' lang='lat' dir='ltr'>primo</span> <span class='ocrx_word' id='word_1_205' title='bbox 851 2119 1037 2152; x_wconf 83' lang='lat' dir='ltr'>consistorio</span> <span class='ocrx_word' id='word_1_206' title='bbox 1055 2124 1175 2151; x_wconf 91' lang='lat' dir='ltr'>secreto</span> <span class='ocrx_word' id='word_1_207' title='bbox 1193 2123 1222 2150; x_wconf 86' lang='lat' dir='ltr'>ct</span> 
     </span>
     <span class='ocr_line' id='line_1_43' title="bbox 484 2171 1222 2218; baseline -0.005 -12"><span class='ocrx_word' id='word_1_208' title='bbox 484 2174 654 2218; x_wconf 87' lang='lat' dir='ltr'>praecipue</span> <span class='ocrx_word' id='word_1_209' title='bbox 679 2184 788 2206; x_wconf 90' lang='lat' dir='ltr'>corum</span> <span class='ocrx_word' id='word_1_210' title='bbox 815 2173 951 2205; x_wconf 84' lang='lat' dir='ltr'>decanus</span> <span class='ocrx_word' id='word_1_211' title='bbox 972 2176 1001 2205; x_wconf 90' lang='lat' dir='ltr'>et</span> <span class='ocrx_word' id='word_1_212' title='bbox 1021 2172 1121 2214; x_wconf 89' lang='lat' dir='ltr'>capita</span> <span class='ocrx_word' id='word_1_213' title='bbox 1141 2171 1222 2204; x_wconf 91' lang='lat' dir='ltr'>ordi-</span> 
     </span>
     <span class='ocr_line' id='line_1_44' title="bbox 484 2224 1222 2270; baseline -0.005 -11"><span class='ocrx_word' id='word_1_214' title='bbox 484 2237 558 2259; x_wconf 90' lang='lat' dir='ltr'>num</span> <span class='ocrx_word' id='word_1_215' title='bbox 584 2226 667 2270; x_wconf 90' lang='lat' dir='ltr'>apud</span> <span class='ocrx_word' id='word_1_216' title='bbox 692 2237 774 2267; x_wconf 87' lang='lat' dir='ltr'>eum,</span> <span class='ocrx_word' id='word_1_217' title='bbox 800 2226 883 2258; x_wconf 91' lang='lat' dir='ltr'>omni</span> <span class='ocrx_word' id='word_1_218' title='bbox 910 2236 981 2258; x_wconf 88' lang='lat' dir='ltr'>cum</span> <span class='ocrx_word' id='word_1_219' title='bbox 1008 2224 1163 2265; x_wconf 76' lang='lat' dir='ltr'>instantia,</span> <span class='ocrx_word' id='word_1_220' title='bbox 1193 2229 1222 2256; x_wconf 90' lang='lat' dir='ltr'>ct</span> 
     </span>
     <span class='ocr_line' id='line_1_45' title="bbox 486 2277 1218 2323; baseline -0.005 -11"><span class='ocrx_word' id='word_1_221' title='bbox 486 2280 708 2313; x_wconf 83' lang='lat' dir='ltr'>instantissime</span> <span class='ocrx_word' id='word_1_222' title='bbox 740 2290 798 2323; x_wconf 90' lang='lat' dir='ltr'>pro</span> <span class='ocrx_word' id='word_1_223' title='bbox 831 2278 1044 2322; x_wconf 88' lang='lat' dir='ltr'>praesentium</span> <span class='ocrx_word' id='word_1_224' title='bbox 1070 2277 1218 2309; x_wconf 88' lang='lat' dir='ltr'>observa-</span> 
     </span>
     <span class='ocr_line' id='line_1_46' title="bbox 487 2329 1222 2376; baseline -0.005 -11"><span class='ocrx_word' id='word_1_225' title='bbox 487 2334 571 2367; x_wconf 88' lang='lat' dir='ltr'>tione</span> <span class='ocrx_word' id='word_1_226' title='bbox 595 2339 700 2376; x_wconf 87' lang='lat' dir='ltr'>petcre</span> <span class='ocrx_word' id='word_1_227' title='bbox 722 2338 752 2365; x_wconf 90' lang='lat' dir='ltr'>ct</span> <span class='ocrx_word' id='word_1_228' title='bbox 776 2342 898 2374; x_wconf 77' lang='lat' dir='ltr'>rogare,</span> <span class='ocrx_word' id='word_1_229' title='bbox 923 2342 959 2363; x_wconf 85' lang='lat' dir='ltr'>ac</span> <span class='ocrx_word' id='word_1_230' title='bbox 983 2329 1131 2363; x_wconf 88' lang='lat' dir='ltr'>obtestari</span> <span class='ocrx_word' id='word_1_231' title='bbox 1160 2339 1222 2362; x_wconf 91' lang='lat' dir='ltr'>non</span> 
     </span>
     <span class='ocr_line' id='line_1_47' title="bbox 488 2382 1223 2429; baseline -0.007 -11"><span class='ocrx_word' id='word_1_232' title='bbox 488 2392 616 2428; x_wconf 87' lang='lat' dir='ltr'>cessent,</span> <span class='ocrx_word' id='word_1_233' title='bbox 643 2386 735 2429; x_wconf 88' lang='lat' dir='ltr'>idque</span> <span class='ocrx_word' id='word_1_234' title='bbox 752 2390 785 2417; x_wconf 87' lang='lat' dir='ltr'>ut</span> <span class='ocrx_word' id='word_1_235' title='bbox 805 2384 934 2417; x_wconf 89' lang='lat' dir='ltr'>omnino</span> <span class='ocrx_word' id='word_1_236' title='bbox 959 2383 1071 2415; x_wconf 82' lang='lat' dir='ltr'>efficiat</span> <span class='ocrx_word' id='word_1_237' title='bbox 1095 2382 1223 2424; x_wconf 78' lang='lat' dir='ltr'>diligen-</span> 
     </span>
     <span class='ocr_line' id='line_1_48' title="bbox 488 2435 1224 2477; baseline -0.005 -7"><span class='ocrx_word' id='word_1_238' title='bbox 488 2439 605 2471; x_wconf 82' lang='lat' dir='ltr'>tissime</span> <span class='ocrx_word' id='word_1_239' title='bbox 630 2449 740 2472; x_wconf 87' lang='lat' dir='ltr'>curare</span> <span class='ocrx_word' id='word_1_240' title='bbox 765 2438 920 2477; x_wconf 86' lang='lat' dir='ltr'>studeant,</span> <span class='ocrx_word' id='word_1_241' title='bbox 936 2435 1099 2469; x_wconf 85' lang='lat' dir='ltr'>statuimus</span> <span class='ocrx_word' id='word_1_242' title='bbox 1120 2440 1149 2467; x_wconf 89' lang='lat' dir='ltr'>et</span> <span class='ocrx_word' id='word_1_243' title='bbox 1173 2445 1224 2467; x_wconf 90' lang='lat' dir='ltr'>or-</span> 
     </span>
     <span class='ocr_line' id='line_1_49' title="bbox 487 2491 640 2523; baseline 0.007 -1"><span class='ocrx_word' id='word_1_244' title='bbox 487 2491 640 2523; x_wconf 89' lang='lat' dir='ltr'>dinamus.</span> 
     </span>
    </p>

    <p class='ocr_par' dir='ltr' id='par_1_5' title="bbox 488 2539 1224 2643">
     <span class='ocr_line' id='line_1_50' title="bbox 532 2539 1224 2588; baseline -0.006 -12"><span class='ocrx_word' id='word_1_245' title='bbox 532 2546 547 2588; x_wconf 57' lang='grc' dir='ltr'>ᾗ</span> <span class='ocrx_word' id='word_1_246' title='bbox 566 2544 595 2576; x_wconf 65' lang='lat' dir='ltr'>lt.</span> <span class='ocrx_word' id='word_1_247' title='bbox 612 2545 818 2577; x_wconf 81' lang='lat' dir='ltr'>Decerncntes</span> <span class='ocrx_word' id='word_1_248' title='bbox 835 2547 1015 2586; x_wconf 84' lang='lat' dir='ltr'>praesentes</span> <span class='ocrx_word' id='word_1_249' title='bbox 1031 2542 1149 2574; x_wconf 89' lang='lat' dir='ltr'>litteras</span> <span class='ocrx_word' id='word_1_250' title='bbox 1166 2539 1224 2573; x_wconf 88' lang='lat' dir='ltr'>sub</span> 
     </span>
     <span class='ocr_line' id='line_1_51' title="bbox 488 2594 1223 2643; baseline -0.008 -11"><span class='ocrx_word' id='word_1_251' title='bbox 488 2599 647 2643; x_wconf 79' lang='lat' dir='ltr'>quibusvis</span> <span class='ocrx_word' id='word_1_252' title='bbox 672 2596 942 2637; x_wconf 58' lang='lat' dir='ltr'>revocationibus,</span> <span class='ocrx_word' id='word_1_253' title='bbox 971 2594 1223 2636; x_wconf 87' lang='lat' dir='ltr'>cassationibus,</span> 
     </span>
    </p>
   </div>
   <div class='ocr_carea' id='block_1_5' title="bbox 1230 262 1243 2478">
    <p class='ocr_par' dir='ltr' id='par_1_6' title="bbox 1230 262 1243 2478">
     <span class='ocr_line' id='line_1_52' title="bbox 1230 262 1243 2478; baseline 0 0"><span class='ocrx_word' id='word_1_254' title='bbox 1230 262 1243 2478; x_wconf 95' lang='lat' dir='ltr'> </span> 
     </span>
    </p>
   </div>
   <div class='ocr_carea' id='block_1_6' title="bbox 1057 210 1412 236">
    <p class='ocr_par' dir='ltr' id='par_1_7' title="bbox 1057 210 1412 236">
     <span class='ocr_line' id='line_1_53' title="bbox 1057 210 1412 236; baseline -0.008 0"><span class='ocrx_word' id='word_1_255' title='bbox 1057 211 1233 236; x_wconf 74' lang='lat' dir='ltr'>nui,t,Antmt</span> <span class='ocrx_word' id='word_1_256' title='bbox 1259 210 1412 235; x_wconf 71' lang='lat' dir='ltr'>ROMANUM</span> 
     </span>
    </p>
   </div>
   <div class='ocr_carea' id='block_1_7' title="bbox 1250 255 1993 2573">
    <p class='ocr_par' dir='ltr' id='par_1_8' title="bbox 1250 255 1992 1522">
     <span class='ocr_line' id='line_1_54' title="bbox 1250 255 1984 301; baseline 0.001 -11"><span class='ocrx_word' id='word_1_257' title='bbox 1250 257 1518 301; x_wconf 75' lang='lat' dir='ltr'>derogationibus,</span> <span class='ocrx_word' id='word_1_258' title='bbox 1544 261 1573 290; x_wconf 86' lang='lat' dir='ltr'>et</span> <span class='ocrx_word' id='word_1_259' title='bbox 1597 255 1666 289; x_wconf 89' lang='lat' dir='ltr'>aliis</span> <span class='ocrx_word' id='word_1_260' title='bbox 1690 256 1855 289; x_wconf 84' lang='lat' dir='ltr'>contrariis</span> <span class='ocrx_word' id='word_1_261' title='bbox 1878 256 1984 301; x_wconf 88' lang='lat' dir='ltr'>dispo-</span> 
     </span>
     <span class='ocr_line' id='line_1_55' title="bbox 1250 309 1985 354; baseline 0 -11"><span class='ocrx_word' id='word_1_262' title='bbox 1250 312 1424 351; x_wconf 84' lang='lat' dir='ltr'>sitionibus,</span> <span class='ocrx_word' id='word_1_263' title='bbox 1445 311 1503 343; x_wconf 85' lang='lat' dir='ltr'>sub</span> <span class='ocrx_word' id='word_1_264' title='bbox 1522 310 1683 354; x_wconf 77' lang='lat' dir='ltr'>quibusvis</span> <span class='ocrx_word' id='word_1_265' title='bbox 1700 309 1861 342; x_wconf 82' lang='lat' dir='ltr'>tenoribus</span> <span class='ocrx_word' id='word_1_266' title='bbox 1879 315 1908 342; x_wconf 88' lang='lat' dir='ltr'>et</span> <span class='ocrx_word' id='word_1_267' title='bbox 1924 310 1985 343; x_wconf 91' lang='lat' dir='ltr'>for-</span> 
     </span>
     <span class='ocr_line' id='line_1_56' title="bbox 1251 362 1985 407; baseline -0.003 -10"><span class='ocrx_word' id='word_1_268' title='bbox 1251 365 1308 398; x_wconf 88' lang='lat' dir='ltr'>mis</span> <span class='ocrx_word' id='word_1_269' title='bbox 1326 376 1360 397; x_wconf 86' lang='lat' dir='ltr'>ae</span> <span class='ocrx_word' id='word_1_270' title='bbox 1385 374 1454 397; x_wconf 89' lang='lat' dir='ltr'>cum</span> <span class='ocrx_word' id='word_1_271' title='bbox 1480 363 1640 407; x_wconf 88' lang='lat' dir='ltr'>quibusvis</span> <span class='ocrx_word' id='word_1_272' title='bbox 1666 362 1812 396; x_wconf 84' lang='lat' dir='ltr'>clausulis</span> <span class='ocrx_word' id='word_1_273' title='bbox 1829 367 1858 395; x_wconf 88' lang='lat' dir='ltr'>et</span> <span class='ocrx_word' id='word_1_274' title='bbox 1882 362 1985 396; x_wconf 87' lang='lat' dir='ltr'>decre-</span> 
     </span>
     <span class='ocr_line' id='line_1_57' title="bbox 1251 416 1986 462; baseline -0.003 -11"><span class='ocrx_word' id='word_1_275' title='bbox 1251 419 1288 451; x_wconf 87' lang='lat' dir='ltr'>tis</span> <span class='ocrx_word' id='word_1_276' title='bbox 1312 429 1370 462; x_wconf 88' lang='lat' dir='ltr'>pro</span> <span class='ocrx_word' id='word_1_277' title='bbox 1403 423 1544 461; x_wconf 86' lang='lat' dir='ltr'>tempore</span> <span class='ocrx_word' id='word_1_278' title='bbox 1577 416 1814 460; x_wconf 85' lang='lat' dir='ltr'>quomodolibet</span> <span class='ocrx_word' id='word_1_279' title='bbox 1845 416 1932 450; x_wconf 87' lang='lat' dir='ltr'>saetis</span> <span class='ocrx_word' id='word_1_280' title='bbox 1956 422 1986 449; x_wconf 88' lang='lat' dir='ltr'>et</span> 
     </span>
     <span class='ocr_line' id='line_1_58' title="bbox 1250 469 1986 514; baseline -0.003 -10"><span class='ocrx_word' id='word_1_281' title='bbox 1250 471 1408 513; x_wconf 86' lang='lat' dir='ltr'>faciendis,</span> <span class='ocrx_word' id='word_1_282' title='bbox 1429 471 1557 503; x_wconf 88' lang='lat' dir='ltr'>minime</span> <span class='ocrx_word' id='word_1_283' title='bbox 1575 469 1809 514; x_wconf 83' lang='lat' dir='ltr'>comprehendi,</span> <span class='ocrx_word' id='word_1_284' title='bbox 1830 469 1882 502; x_wconf 91' lang='lat' dir='ltr'>sed</span> <span class='ocrx_word' id='word_1_285' title='bbox 1908 480 1986 503; x_wconf 88' lang='lat' dir='ltr'>sem-</span> 
     </span>
     <span class='ocr_line' id='line_1_59' title="bbox 1251 522 1987 568; baseline -0.003 -12"><span class='ocrx_word' id='word_1_286' title='bbox 1251 536 1306 568; x_wconf 89' lang='lat' dir='ltr'>per</span> <span class='ocrx_word' id='word_1_287' title='bbox 1324 524 1362 556; x_wconf 93' lang='lat' dir='ltr'>ab</span> <span class='ocrx_word' id='word_1_288' title='bbox 1379 524 1439 556; x_wconf 88' lang='lat' dir='ltr'>illis</span> <span class='ocrx_word' id='word_1_289' title='bbox 1457 528 1611 567; x_wconf 77' lang='lat' dir='ltr'>exceptas,</span> <span class='ocrx_word' id='word_1_290' title='bbox 1628 528 1658 556; x_wconf 88' lang='lat' dir='ltr'>et</span> <span class='ocrx_word' id='word_1_291' title='bbox 1674 523 1796 566; x_wconf 87' lang='lat' dir='ltr'>quoties</span> <span class='ocrx_word' id='word_1_292' title='bbox 1816 522 1887 555; x_wconf 83' lang='lat' dir='ltr'>illae</span> <span class='ocrx_word' id='word_1_293' title='bbox 1906 532 1987 555; x_wconf 90' lang='lat' dir='ltr'>ema-</span> 
     </span>
     <span class='ocr_line' id='line_1_60' title="bbox 1250 576 1986 620; baseline -0.001 -11"><span class='ocrx_word' id='word_1_294' title='bbox 1250 578 1380 617; x_wconf 91' lang='lat' dir='ltr'>nabunt,</span> <span class='ocrx_word' id='word_1_295' title='bbox 1405 577 1496 610; x_wconf 89' lang='lat' dir='ltr'>toties</span> <span class='ocrx_word' id='word_1_296' title='bbox 1521 577 1551 609; x_wconf 93' lang='lat' dir='ltr'>in</span> <span class='ocrx_word' id='word_1_297' title='bbox 1576 576 1742 620; x_wconf 89' lang='lat' dir='ltr'>pristinum</span> <span class='ocrx_word' id='word_1_298' title='bbox 1769 581 1882 608; x_wconf 89' lang='lat' dir='ltr'>statum</span> <span class='ocrx_word' id='word_1_299' title='bbox 1901 576 1986 609; x_wconf 85' lang='lat' dir='ltr'>resti-</span> 
     </span>
     <span class='ocr_line' id='line_1_61' title="bbox 1250 630 1987 671; baseline -0.001 -9"><span class='ocrx_word' id='word_1_300' title='bbox 1250 636 1340 671; x_wconf 87' lang='lat' dir='ltr'>tutas,</span> <span class='ocrx_word' id='word_1_301' title='bbox 1359 634 1389 664; x_wconf 88' lang='lat' dir='ltr'>et</span> <span class='ocrx_word' id='word_1_302' title='bbox 1413 630 1451 662; x_wconf 91' lang='lat' dir='ltr'>de</span> <span class='ocrx_word' id='word_1_303' title='bbox 1475 640 1558 663; x_wconf 90' lang='lat' dir='ltr'>novo</span> <span class='ocrx_word' id='word_1_304' title='bbox 1583 640 1746 662; x_wconf 84' lang='lat' dir='ltr'>concessas</span> <span class='ocrx_word' id='word_1_305' title='bbox 1771 639 1837 661; x_wconf 89' lang='lat' dir='ltr'>esse</span> <span class='ocrx_word' id='word_1_306' title='bbox 1863 633 1892 661; x_wconf 87' lang='lat' dir='ltr'>et</span> <span class='ocrx_word' id='word_1_307' title='bbox 1916 638 1987 662; x_wconf 89' lang='lat' dir='ltr'>een-</span> 
     </span>
     <span class='ocr_line' id='line_1_62' title="bbox 1251 680 1987 726; baseline -0.003 -11"><span class='ocrx_word' id='word_1_308' title='bbox 1251 683 1310 715; x_wconf 84' lang='lat' dir='ltr'>seri</span> <span class='ocrx_word' id='word_1_309' title='bbox 1329 682 1453 723; x_wconf 87' lang='lat' dir='ltr'>debere,</span> <span class='ocrx_word' id='word_1_310' title='bbox 1471 682 1556 715; x_wconf 89' lang='lat' dir='ltr'>etita</span> <span class='ocrx_word' id='word_1_311' title='bbox 1568 693 1625 726; x_wconf 86' lang='lat' dir='ltr'>per</span> <span class='ocrx_word' id='word_1_312' title='bbox 1641 691 1856 726; x_wconf 87' lang='lat' dir='ltr'>quoscumque</span> <span class='ocrx_word' id='word_1_313' title='bbox 1870 680 1987 714; x_wconf 87' lang='lat' dir='ltr'>iudices</span> 
     </span>
     <span class='ocr_line' id='line_1_63' title="bbox 1250 735 1987 779; baseline -0.001 -11"><span class='ocrx_word' id='word_1_314' title='bbox 1250 736 1427 768; x_wconf 90' lang='lat' dir='ltr'>ordinarios</span> <span class='ocrx_word' id='word_1_315' title='bbox 1445 739 1474 769; x_wconf 88' lang='lat' dir='ltr'>et</span> <span class='ocrx_word' id='word_1_316' title='bbox 1490 735 1660 778; x_wconf 79' lang='lat' dir='ltr'>delegatos,</span> <span class='ocrx_word' id='word_1_317' title='bbox 1674 735 1781 779; x_wconf 85' lang='lat' dir='ltr'>quavis</span> <span class='ocrx_word' id='word_1_318' title='bbox 1802 735 1987 768; x_wconf 82' lang='lat' dir='ltr'>auctoritate</span> 
     </span>
     <span class='ocr_line' id='line_1_64' title="bbox 1251 787 1986 832; baseline -0.001 -11"><span class='ocrx_word' id='word_1_319' title='bbox 1251 790 1425 832; x_wconf 80' lang='lat' dir='ltr'>fungentes,</span> <span class='ocrx_word' id='word_1_320' title='bbox 1447 788 1539 822; x_wconf 86' lang='lat' dir='ltr'>etiam</span> <span class='ocrx_word' id='word_1_321' title='bbox 1555 799 1697 822; x_wconf 88' lang='lat' dir='ltr'>camerae</span> <span class='ocrx_word' id='word_1_322' title='bbox 1715 787 1872 831; x_wconf 84' lang='lat' dir='ltr'>praefatae</span> <span class='ocrx_word' id='word_1_323' title='bbox 1895 797 1986 831; x_wconf 86' lang='lat' dir='ltr'>prae-</span> 
     </span>
     <span class='ocr_line' id='line_1_65' title="bbox 1251 841 1988 885; baseline -0.001 -11"><span class='ocrx_word' id='word_1_324' title='bbox 1251 842 1385 875; x_wconf 85' lang='lat' dir='ltr'>sidentes</span> <span class='ocrx_word' id='word_1_325' title='bbox 1407 842 1548 882; x_wconf 88' lang='lat' dir='ltr'>clericos,</span> <span class='ocrx_word' id='word_1_326' title='bbox 1564 852 1727 875; x_wconf 89' lang='lat' dir='ltr'>causarum</span> <span class='ocrx_word' id='word_1_327' title='bbox 1747 841 1852 885; x_wconf 89' lang='lat' dir='ltr'>palatii</span> <span class='ocrx_word' id='word_1_328' title='bbox 1867 845 1988 884; x_wconf 86' lang='lat' dir='ltr'>aposto-</span> 
     </span>
     <span class='ocr_line' id='line_1_66' title="bbox 1250 893 1988 935; baseline -0.003 -7"><span class='ocrx_word' id='word_1_329' title='bbox 1250 896 1301 928; x_wconf 86' lang='lat' dir='ltr'>lici</span> <span class='ocrx_word' id='word_1_330' title='bbox 1326 895 1495 935; x_wconf 87' lang='lat' dir='ltr'>auditores,</span> <span class='ocrx_word' id='word_1_331' title='bbox 1521 905 1555 928; x_wconf 88' lang='lat' dir='ltr'>ac</span> <span class='ocrx_word' id='word_1_332' title='bbox 1580 894 1608 928; x_wconf 88' lang='lat' dir='ltr'>S.</span> <span class='ocrx_word' id='word_1_333' title='bbox 1637 895 1671 928; x_wconf 82' lang='lat' dir='ltr'>R.</span> <span class='ocrx_word' id='word_1_334' title='bbox 1693 894 1725 927; x_wconf 88' lang='grc' dir='ltr'>Ε.</span> <span class='ocrx_word' id='word_1_335' title='bbox 1751 894 1933 934; x_wconf 88' lang='lat' dir='ltr'>cardinales,</span> <span class='ocrx_word' id='word_1_336' title='bbox 1957 893 1988 926; x_wconf 92' lang='lat' dir='ltr'>in</span> 
     </span>
     <span class='ocr_line' id='line_1_67' title="bbox 1251 946 1989 991; baseline -0.003 -11"><span class='ocrx_word' id='word_1_337' title='bbox 1251 948 1360 991; x_wconf 89' lang='lat' dir='ltr'>quavis</span> <span class='ocrx_word' id='word_1_338' title='bbox 1385 949 1477 981; x_wconf 78' lang='lat' dir='ltr'>causa</span> <span class='ocrx_word' id='word_1_339' title='bbox 1501 953 1531 980; x_wconf 90' lang='lat' dir='ltr'>et</span> <span class='ocrx_word' id='word_1_340' title='bbox 1556 947 1716 987; x_wconf 78' lang='lat' dir='ltr'>instantia,</span> <span class='ocrx_word' id='word_1_341' title='bbox 1746 946 1867 979; x_wconf 78' lang='lat' dir='ltr'>sublata</span> <span class='ocrx_word' id='word_1_342' title='bbox 1892 946 1936 979; x_wconf 84' lang='lat' dir='ltr'>eis</span> <span class='ocrx_word' id='word_1_343' title='bbox 1959 951 1989 979; x_wconf 89' lang='lat' dir='ltr'>et</span> 
     </span>
     <span class='ocr_line' id='line_1_68' title="bbox 1251 999 1989 1045; baseline -0.003 -11"><span class='ocrx_word' id='word_1_344' title='bbox 1251 1013 1360 1035; x_wconf 89' lang='lat' dir='ltr'>eorum</span> <span class='ocrx_word' id='word_1_345' title='bbox 1387 1002 1515 1034; x_wconf 87' lang='lat' dir='ltr'>cuilibet</span> <span class='ocrx_word' id='word_1_346' title='bbox 1534 1002 1642 1045; x_wconf 85' lang='lat' dir='ltr'>quavis</span> <span class='ocrx_word' id='word_1_347' title='bbox 1668 1001 1758 1033; x_wconf 84' lang='lat' dir='ltr'>aliter</span> <span class='ocrx_word' id='word_1_348' title='bbox 1782 999 1939 1033; x_wconf 87' lang='lat' dir='ltr'>iudicandi</span> <span class='ocrx_word' id='word_1_349' title='bbox 1959 1004 1989 1033; x_wconf 88' lang='lat' dir='ltr'>et</span> 
     </span>
     <span class='ocr_line' id='line_1_69' title="bbox 1253 1052 1990 1099; baseline -0.001 -12"><span class='ocrx_word' id='word_1_350' title='bbox 1253 1055 1480 1099; x_wconf 88' lang='lat' dir='ltr'>interpretandi</span> <span class='ocrx_word' id='word_1_351' title='bbox 1509 1055 1653 1088; x_wconf 85' lang='lat' dir='ltr'>facultate</span> <span class='ocrx_word' id='word_1_352' title='bbox 1677 1059 1707 1087; x_wconf 90' lang='lat' dir='ltr'>et</span> <span class='ocrx_word' id='word_1_353' title='bbox 1731 1053 1925 1094; x_wconf 86' lang='lat' dir='ltr'>auctoritate,</span> <span class='ocrx_word' id='word_1_354' title='bbox 1944 1052 1990 1086; x_wconf 89' lang='lat' dir='ltr'>iu·</span> 
     </span>
     <span class='ocr_line' id='line_1_70' title="bbox 1251 1106 1990 1147; baseline -0.003 -7"><span class='ocrx_word' id='word_1_355' title='bbox 1251 1108 1348 1141; x_wconf 86' lang='lat' dir='ltr'>dicari</span> <span class='ocrx_word' id='word_1_356' title='bbox 1374 1113 1403 1140; x_wconf 92' lang='lat' dir='ltr'>ct</span> <span class='ocrx_word' id='word_1_357' title='bbox 1428 1107 1551 1140; x_wconf 83' lang='lat' dir='ltr'>definiri</span> <span class='ocrx_word' id='word_1_358' title='bbox 1577 1107 1713 1147; x_wconf 88' lang='lat' dir='ltr'>debere,</span> <span class='ocrx_word' id='word_1_359' title='bbox 1740 1117 1776 1140; x_wconf 90' lang='lat' dir='ltr'>ac</span> <span class='ocrx_word' id='word_1_360' title='bbox 1808 1106 1933 1139; x_wconf 88' lang='lat' dir='ltr'>irritum</span> <span class='ocrx_word' id='word_1_361' title='bbox 1959 1110 1990 1138; x_wconf 86' lang='lat' dir='ltr'>et</span> 
     </span>
     <span class='ocr_line' id='line_1_71' title="bbox 1252 1160 1991 1204; baseline -0.001 -11"><span class='ocrx_word' id='word_1_362' title='bbox 1252 1161 1363 1201; x_wconf 90' lang='lat' dir='ltr'>inane,</span> <span class='ocrx_word' id='word_1_363' title='bbox 1388 1161 1410 1193; x_wconf 87' lang='lat' dir='ltr'>si</span> <span class='ocrx_word' id='word_1_364' title='bbox 1441 1171 1529 1193; x_wconf 89' lang='lat' dir='ltr'>secus</span> <span class='ocrx_word' id='word_1_365' title='bbox 1554 1170 1650 1204; x_wconf 87' lang='lat' dir='ltr'>super</span> <span class='ocrx_word' id='word_1_366' title='bbox 1674 1160 1722 1193; x_wconf 91' lang='lat' dir='ltr'>his</span> <span class='ocrx_word' id='word_1_367' title='bbox 1746 1170 1802 1203; x_wconf 92' lang='lat' dir='ltr'>per</span> <span class='ocrx_word' id='word_1_368' title='bbox 1826 1169 1991 1203; x_wconf 90' lang='lat' dir='ltr'>quoscum-</span> 
     </span>
     <span class='ocr_line' id='line_1_72' title="bbox 1252 1212 1990 1258; baseline 0 -12"><span class='ocrx_word' id='word_1_369' title='bbox 1252 1225 1323 1258; x_wconf 87' lang='lat' dir='ltr'>que,</span> <span class='ocrx_word' id='word_1_370' title='bbox 1340 1215 1448 1258; x_wconf 86' lang='lat' dir='ltr'>quavis</span> <span class='ocrx_word' id='word_1_371' title='bbox 1473 1214 1667 1254; x_wconf 86' lang='lat' dir='ltr'>auctoritate,</span> <span class='ocrx_word' id='word_1_372' title='bbox 1687 1213 1820 1247; x_wconf 80' lang='lat' dir='ltr'>scienter</span> <span class='ocrx_word' id='word_1_373' title='bbox 1837 1213 1884 1245; x_wconf 89' lang='lat' dir='ltr'>vel</span> <span class='ocrx_word' id='word_1_374' title='bbox 1906 1212 1990 1255; x_wconf 82' lang='lat' dir='ltr'>igno-</span> 
     </span>
     <span class='ocr_line' id='line_1_73' title="bbox 1252 1267 1990 1310; baseline -0.003 -11"><span class='ocrx_word' id='word_1_375' title='bbox 1252 1272 1367 1307; x_wconf 89' lang='lat' dir='ltr'>ranter,</span> <span class='ocrx_word' id='word_1_376' title='bbox 1393 1267 1559 1310; x_wconf 81' lang='lat' dir='ltr'>contigerit</span> <span class='ocrx_word' id='word_1_377' title='bbox 1579 1267 1733 1299; x_wconf 89' lang='lat' dir='ltr'>attentari.</span> <span class='ocrx_word' id='word_1_378' title='bbox 1751 1267 1793 1299; x_wconf 89' lang='lat' dir='ltr'>Ae</span> <span class='ocrx_word' id='word_1_379' title='bbox 1810 1270 1990 1309; x_wconf 86' lang='lat' dir='ltr'>praesentes</span> 
     </span>
     <span class='ocr_line' id='line_1_74' title="bbox 1251 1318 1992 1363; baseline -0.001 -12"><span class='ocrx_word' id='word_1_380' title='bbox 1251 1326 1374 1352; x_wconf 89' lang='lat' dir='ltr'>nostras</span> <span class='ocrx_word' id='word_1_381' title='bbox 1391 1320 1509 1353; x_wconf 85' lang='lat' dir='ltr'>litteras</span> <span class='ocrx_word' id='word_1_382' title='bbox 1528 1320 1557 1352; x_wconf 94' lang='lat' dir='ltr'>in</span> <span class='ocrx_word' id='word_1_383' title='bbox 1575 1319 1691 1359; x_wconf 90' lang='lat' dir='ltr'>libello,</span> <span class='ocrx_word' id='word_1_384' title='bbox 1710 1319 1739 1351; x_wconf 90' lang='lat' dir='ltr'>in</span> <span class='ocrx_word' id='word_1_385' title='bbox 1759 1329 1821 1363; x_wconf 91' lang='lat' dir='ltr'>quo</span> <span class='ocrx_word' id='word_1_386' title='bbox 1839 1318 1905 1361; x_wconf 90' lang='lat' dir='ltr'>ipsa</span> <span class='ocrx_word' id='word_1_387' title='bbox 1921 1327 1992 1351; x_wconf 89' lang='lat' dir='ltr'>con-</span> 
     </span>
     <span class='ocr_line' id='line_1_75' title="bbox 1251 1371 1990 1415; baseline -0.003 -11"><span class='ocrx_word' id='word_1_388' title='bbox 1251 1372 1370 1405; x_wconf 90' lang='lat' dir='ltr'>stitutio</span> <span class='ocrx_word' id='word_1_389' title='bbox 1396 1372 1440 1404; x_wconf 85' lang='lat' dir='ltr'>Pii</span> <span class='ocrx_word' id='word_1_390' title='bbox 1465 1371 1717 1415; x_wconf 86' lang='lat' dir='ltr'>praedecessoris</span> <span class='ocrx_word' id='word_1_391' title='bbox 1743 1371 1930 1411; x_wconf 86' lang='lat' dir='ltr'>continetur,</span> <span class='ocrx_word' id='word_1_392' title='bbox 1954 1380 1990 1403; x_wconf 87' lang='lat' dir='ltr'>ac</span> 
     </span>
     <span class='ocr_line' id='line_1_76' title="bbox 1252 1423 1990 1469; baseline -0.001 -12"><span class='ocrx_word' id='word_1_393' title='bbox 1252 1426 1282 1457; x_wconf 91' lang='lat' dir='ltr'>in</span> <span class='ocrx_word' id='word_1_394' title='bbox 1308 1426 1388 1458; x_wconf 89' lang='lat' dir='ltr'>libro</span> <span class='ocrx_word' id='word_1_395' title='bbox 1414 1427 1584 1469; x_wconf 72' lang='lat' dir='ltr'>qm&#39;nterno</span> <span class='ocrx_word' id='word_1_396' title='bbox 1608 1425 1762 1468; x_wconf 87' lang='lat' dir='ltr'>appellato</span> <span class='ocrx_word' id='word_1_397' title='bbox 1787 1423 1990 1456; x_wconf 85' lang='lat' dir='ltr'>cancellariae</span> 
     </span>
     <span class='ocr_line' id='line_1_77' title="bbox 1251 1477 1820 1522; baseline -0.002 -12"><span class='ocrx_word' id='word_1_398' title='bbox 1251 1478 1440 1522; x_wconf 90' lang='lat' dir='ltr'>apostolicae</span> <span class='ocrx_word' id='word_1_399' title='bbox 1466 1477 1600 1511; x_wconf 84' lang='lat' dir='ltr'>describi</span> <span class='ocrx_word' id='word_1_400' title='bbox 1626 1477 1820 1510; x_wconf 87' lang='lat' dir='ltr'>mandamus.</span> 
     </span>
    </p>

    <p class='ocr_par' dir='ltr' id='par_1_9' title="bbox 1252 1529 1992 1944">
     <span class='ocr_line' id='line_1_78' title="bbox 1296 1529 1991 1574; baseline -0.003 -10"><span class='ocrx_word' id='word_1_401' title='bbox 1296 1532 1311 1574; x_wconf 62' lang='grc' dir='ltr'>ξ</span> <span class='ocrx_word' id='word_1_402' title='bbox 1331 1531 1360 1564; x_wconf 78' lang='grc'>5.</span> <span class='ocrx_word' id='word_1_403' title='bbox 1375 1532 1441 1564; x_wconf 88' lang='lat' dir='ltr'>Non</span> <span class='ocrx_word' id='word_1_404' title='bbox 1463 1531 1658 1564; x_wconf 86' lang='lat' dir='ltr'>obstantibus</span> <span class='ocrx_word' id='word_1_405' title='bbox 1673 1529 1946 1563; x_wconf 85' lang='lat' dir='ltr'>constitutionibus</span> <span class='ocrx_word' id='word_1_406' title='bbox 1960 1534 1991 1562; x_wconf 86' lang='lat' dir='ltr'>et</span> 
     </span>
     <span class='ocr_line' id='line_1_79' title="bbox 1252 1583 1991 1627; baseline -0.003 -10"><span class='ocrx_word' id='word_1_407' title='bbox 1252 1584 1502 1617; x_wconf 88' lang='lat' dir='ltr'>ordinationibus</span> <span class='ocrx_word' id='word_1_408' title='bbox 1522 1583 1712 1627; x_wconf 88' lang='lat' dir='ltr'>apostolicis,</span> <span class='ocrx_word' id='word_1_409' title='bbox 1730 1594 1765 1616; x_wconf 90' lang='lat' dir='ltr'>ac</span> <span class='ocrx_word' id='word_1_410' title='bbox 1781 1583 1941 1615; x_wconf 85' lang='lat' dir='ltr'>civitatum</span> <span class='ocrx_word' id='word_1_411' title='bbox 1961 1587 1991 1615; x_wconf 87' lang='lat' dir='ltr'>et</span> 
     </span>
     <span class='ocr_line' id='line_1_80' title="bbox 1252 1635 1990 1681; baseline -0.004 -10"><span class='ocrx_word' id='word_1_412' title='bbox 1252 1639 1394 1671; x_wconf 88' lang='lat' dir='ltr'>locorum</span> <span class='ocrx_word' id='word_1_413' title='bbox 1421 1637 1670 1681; x_wconf 87' lang='lat' dir='ltr'>praedictorum,</span> <span class='ocrx_word' id='word_1_414' title='bbox 1686 1637 1778 1669; x_wconf 88' lang='lat' dir='ltr'>etiam</span> <span class='ocrx_word' id='word_1_415' title='bbox 1804 1635 1990 1677; x_wconf 87' lang='lat' dir='ltr'>iuramento,</span> 
     </span>
     <span class='ocr_line' id='line_1_81' title="bbox 1253 1688 1991 1734; baseline -0.004 -10"><span class='ocrx_word' id='word_1_416' title='bbox 1253 1691 1491 1724; x_wconf 83' lang='lat' dir='ltr'>confirmatione</span> <span class='ocrx_word' id='word_1_417' title='bbox 1516 1690 1697 1734; x_wconf 77' lang='lat' dir='ltr'>apostolica,</span> <span class='ocrx_word' id='word_1_418' title='bbox 1726 1690 1774 1722; x_wconf 88' lang='lat' dir='ltr'>vel</span> <span class='ocrx_word' id='word_1_419' title='bbox 1798 1689 1906 1733; x_wconf 86' lang='lat' dir='ltr'>quavis</span> <span class='ocrx_word' id='word_1_420' title='bbox 1930 1688 1991 1721; x_wconf 71' lang='lat' dir='ltr'>alia</span> 
     </span>
     <span class='ocr_line' id='line_1_82' title="bbox 1253 1739 1991 1781; baseline -0.001 -8"><span class='ocrx_word' id='word_1_421' title='bbox 1253 1741 1400 1774; x_wconf 86' lang='lat' dir='ltr'>firmitate</span> <span class='ocrx_word' id='word_1_422' title='bbox 1425 1741 1591 1781; x_wconf 88' lang='lat' dir='ltr'>roboratis,</span> <span class='ocrx_word' id='word_1_423' title='bbox 1609 1740 1730 1774; x_wconf 89' lang='lat' dir='ltr'>statutis</span> <span class='ocrx_word' id='word_1_424' title='bbox 1746 1745 1777 1773; x_wconf 85' lang='lat' dir='ltr'>et</span> <span class='ocrx_word' id='word_1_425' title='bbox 1796 1739 1991 1773; x_wconf 86' lang='lat' dir='ltr'>eonsuetudi-</span> 
     </span>
     <span class='ocr_line' id='line_1_83' title="bbox 1253 1793 1992 1838; baseline -0.003 -11"><span class='ocrx_word' id='word_1_426' title='bbox 1253 1795 1356 1835; x_wconf 88' lang='lat' dir='ltr'>nibns,</span> <span class='ocrx_word' id='word_1_427' title='bbox 1377 1800 1405 1826; x_wconf 88' lang='lat' dir='ltr'>ct</span> <span class='ocrx_word' id='word_1_428' title='bbox 1421 1794 1489 1827; x_wconf 88' lang='lat' dir='ltr'>aliis</span> <span class='ocrx_word' id='word_1_429' title='bbox 1513 1805 1593 1838; x_wconf 87' lang='lat' dir='ltr'>quae</span> <span class='ocrx_word' id='word_1_430' title='bbox 1617 1794 1698 1827; x_wconf 84' lang='lat' dir='ltr'>idern</span> <span class='ocrx_word' id='word_1_431' title='bbox 1721 1794 1793 1826; x_wconf 90' lang='lat' dir='ltr'>Pius</span> <span class='ocrx_word' id='word_1_432' title='bbox 1809 1793 1992 1837; x_wconf 87' lang='lat' dir='ltr'>praedeees-</span> 
     </span>
     <span class='ocr_line' id='line_1_84' title="bbox 1254 1845 1992 1889; baseline -0.003 -9"><span class='ocrx_word' id='word_1_433' title='bbox 1254 1858 1306 1880; x_wconf 83' lang='lat' dir='ltr'>sor</span> <span class='ocrx_word' id='word_1_434' title='bbox 1322 1848 1419 1880; x_wconf 91' lang='lat' dir='ltr'>voluit</span> <span class='ocrx_word' id='word_1_435' title='bbox 1440 1858 1502 1880; x_wconf 91' lang='lat' dir='ltr'>non</span> <span class='ocrx_word' id='word_1_436' title='bbox 1527 1848 1663 1886; x_wconf 86' lang='lat' dir='ltr'>obstare,</span> <span class='ocrx_word' id='word_1_437' title='bbox 1681 1846 1856 1889; x_wconf 86' lang='lat' dir='ltr'>ceterisque</span> <span class='ocrx_word' id='word_1_438' title='bbox 1873 1845 1904 1878; x_wconf 93' lang='lat' dir='ltr'>in</span> <span class='ocrx_word' id='word_1_439' title='bbox 1921 1854 1992 1878; x_wconf 87' lang='lat' dir='ltr'>con·</span> 
     </span>
     <span class='ocr_line' id='line_1_85' title="bbox 1255 1901 1880 1944; baseline -0.003 -10"><span class='ocrx_word' id='word_1_440' title='bbox 1255 1901 1384 1935; x_wconf 87' lang='lat' dir='ltr'>trarium</span> <span class='ocrx_word' id='word_1_441' title='bbox 1410 1901 1594 1933; x_wconf 88' lang='lat' dir='ltr'>facientibus</span> <span class='ocrx_word' id='word_1_442' title='bbox 1620 1901 1880 1944; x_wconf 82' lang='lat' dir='ltr'>quibuscumque.</span> 
     </span>
    </p>

    <p class='ocr_par' dir='ltr' id='par_1_10' title="bbox 1255 1951 1993 2465">
     <span class='ocr_line' id='line_1_86' title="bbox 1299 1951 1989 1996; baseline -0.003 -10"><span class='ocrx_word' id='word_1_443' title='bbox 1299 1955 1313 1996; x_wconf 66' lang='grc' dir='ltr'><strong>ἓ</strong></span> <span class='ocrx_word' id='word_1_444' title='bbox 1337 1954 1366 1987; x_wconf 84' lang='grc'>6.</span> <span class='ocrx_word' id='word_1_445' title='bbox 1392 1953 1474 1986; x_wconf 75' lang='lat' dir='ltr'>Nulli</span> <span class='ocrx_word' id='word_1_446' title='bbox 1500 1964 1576 1995; x_wconf 79' lang='lat' dir='ltr'>ergo</span> <span class='ocrx_word' id='word_1_447' title='bbox 1601 1953 1729 1986; x_wconf 90' lang='lat' dir='ltr'>omnino</span> <span class='ocrx_word' id='word_1_448' title='bbox 1758 1952 1922 1985; x_wconf 88' lang='lat' dir='ltr'>hominum</span> <span class='ocrx_word' id='word_1_449' title='bbox 1948 1951 1989 1984; x_wconf 91' lang='lat' dir='ltr'>li-</span> 
     </span>
     <span class='ocr_line' id='line_1_87' title="bbox 1255 2003 1991 2049; baseline -0.003 -10"><span class='ocrx_word' id='word_1_450' title='bbox 1255 2012 1322 2039; x_wconf 91' lang='lat' dir='ltr'>ceat</span> <span class='ocrx_word' id='word_1_451' title='bbox 1338 2007 1417 2038; x_wconf 81' lang='lat' dir='ltr'>lianc</span> <span class='ocrx_word' id='word_1_452' title='bbox 1433 2006 1580 2049; x_wconf 77' lang='lat' dir='ltr'>paginam</span> <span class='ocrx_word' id='word_1_453' title='bbox 1605 2011 1730 2039; x_wconf 88' lang='lat' dir='ltr'>nostrae</span> <span class='ocrx_word' id='word_1_454' title='bbox 1747 2003 1991 2049; x_wconf 83' lang='lat' dir='ltr'>approbationis,</span> 
     </span>
     <span class='ocr_line' id='line_1_88' title="bbox 1256 2056 1991 2099; baseline -0.004 -7"><span class='ocrx_word' id='word_1_455' title='bbox 1256 2059 1514 2099; x_wconf 81' lang='lat' dir='ltr'>confirmationis,</span> <span class='ocrx_word' id='word_1_456' title='bbox 1528 2058 1747 2098; x_wconf 84' lang='lat' dir='ltr'>innovationis,</span> <span class='ocrx_word' id='word_1_457' title='bbox 1762 2056 1991 2097; x_wconf 87' lang='lat' dir='ltr'>declarationis,</span> 
     </span>
     <span class='ocr_line' id='line_1_89' title="bbox 1256 2110 1992 2155; baseline -0.003 -10"><span class='ocrx_word' id='word_1_458' title='bbox 1256 2113 1432 2152; x_wconf 88' lang='lat' dir='ltr'>voluntatis,</span> <span class='ocrx_word' id='word_1_459' title='bbox 1458 2112 1586 2152; x_wconf 87' lang='lat' dir='ltr'>decreti,</span> <span class='ocrx_word' id='word_1_460' title='bbox 1606 2111 1836 2155; x_wconf 89' lang='lat' dir='ltr'>promissionis,</span> <span class='ocrx_word' id='word_1_461' title='bbox 1856 2121 1892 2143; x_wconf 88' lang='lat' dir='ltr'>ae</span> <span class='ocrx_word' id='word_1_462' title='bbox 1912 2110 1992 2143; x_wconf 86' lang='lat' dir='ltr'>iura-</span> 
     </span>
     <span class='ocr_line' id='line_1_90' title="bbox 1257 2163 1992 2207; baseline -0.003 -9"><span class='ocrx_word' id='word_1_463' title='bbox 1257 2166 1352 2199; x_wconf 86' lang='lat' dir='ltr'>menti</span> <span class='ocrx_word' id='word_1_464' title='bbox 1378 2169 1406 2198; x_wconf 88' lang='lat' dir='ltr'>ct</span> <span class='ocrx_word' id='word_1_465' title='bbox 1431 2165 1566 2197; x_wconf 91' lang='lat' dir='ltr'>mandati</span> <span class='ocrx_word' id='word_1_466' title='bbox 1591 2165 1773 2207; x_wconf 81' lang='lat' dir='ltr'>infringere,</span> <span class='ocrx_word' id='word_1_467' title='bbox 1789 2165 1838 2198; x_wconf 91' lang='lat' dir='ltr'>vel</span> <span class='ocrx_word' id='word_1_468' title='bbox 1862 2163 1890 2197; x_wconf 88' lang='lat' dir='ltr'>ei</span> <span class='ocrx_word' id='word_1_469' title='bbox 1914 2173 1992 2196; x_wconf 88' lang='lat' dir='ltr'>ausu</span> 
     </span>
     <span class='ocr_line' id='line_1_91' title="bbox 1256 2216 1992 2261; baseline -0.004 -9"><span class='ocrx_word' id='word_1_470' title='bbox 1256 2219 1424 2252; x_wconf 88' lang='lat' dir='ltr'>temerario</span> <span class='ocrx_word' id='word_1_471' title='bbox 1450 2219 1626 2258; x_wconf 86' lang='lat' dir='ltr'>contraire;</span> <span class='ocrx_word' id='word_1_472' title='bbox 1654 2218 1678 2251; x_wconf 89' lang='lat' dir='ltr'>si</span> <span class='ocrx_word' id='word_1_473' title='bbox 1704 2217 1774 2261; x_wconf 83' lang='lat' dir='ltr'>quis</span> <span class='ocrx_word' id='word_1_474' title='bbox 1798 2221 1900 2251; x_wconf 83' lang='lat' dir='ltr'>autern</span> <span class='ocrx_word' id='word_1_475' title='bbox 1931 2216 1992 2250; x_wconf 84' lang='lat' dir='ltr'>hoe</span> 
     </span>
     <span class='ocr_line' id='line_1_92' title="bbox 1256 2269 1992 2315; baseline -0.005 -10"><span class='ocrx_word' id='word_1_476' title='bbox 1256 2277 1407 2306; x_wconf 87' lang='lat' dir='ltr'>attentare</span> <span class='ocrx_word' id='word_1_477' title='bbox 1442 2270 1709 2315; x_wconf 86' lang='lat' dir='ltr'>praesumpserit,</span> <span class='ocrx_word' id='word_1_478' title='bbox 1747 2269 1992 2313; x_wconf 80' lang='lat' dir='ltr'>indignationem</span> 
     </span>
     <span class='ocr_line' id='line_1_93' title="bbox 1257 2322 1993 2369; baseline -0.005 -11"><span class='ocrx_word' id='word_1_479' title='bbox 1257 2325 1477 2369; x_wconf 87' lang='lat' dir='ltr'>omnipotentis</span> <span class='ocrx_word' id='word_1_480' title='bbox 1509 2324 1563 2356; x_wconf 87' lang='lat' dir='ltr'>Dei</span> <span class='ocrx_word' id='word_1_481' title='bbox 1596 2334 1631 2356; x_wconf 89' lang='lat' dir='ltr'>ac</span> <span class='ocrx_word' id='word_1_482' title='bbox 1668 2323 1831 2356; x_wconf 88' lang='lat' dir='ltr'>beatorum</span> <span class='ocrx_word' id='word_1_483' title='bbox 1856 2322 1938 2355; x_wconf 89' lang='lat' dir='ltr'>Petri</span> <span class='ocrx_word' id='word_1_484' title='bbox 1963 2325 1993 2354; x_wconf 82' lang='lat' dir='ltr'>et</span> 
     </span>
     <span class='ocr_line' id='line_1_94' title="bbox 1257 2375 1992 2422; baseline -0.004 -11"><span class='ocrx_word' id='word_1_485' title='bbox 1257 2379 1342 2411; x_wconf 88' lang='lat' dir='ltr'>Pauli</span> <span class='ocrx_word' id='word_1_486' title='bbox 1367 2377 1581 2422; x_wconf 87' lang='lat' dir='ltr'>apostolorum</span> <span class='ocrx_word' id='word_1_487' title='bbox 1608 2376 1674 2408; x_wconf 87' lang='lat' dir='ltr'>eius</span> <span class='ocrx_word' id='word_1_488' title='bbox 1702 2386 1734 2408; x_wconf 89' lang='lat' dir='ltr'>se</span> <span class='ocrx_word' id='word_1_489' title='bbox 1751 2375 1871 2409; x_wconf 90' lang='lat' dir='ltr'>noverit</span> <span class='ocrx_word' id='word_1_490' title='bbox 1888 2375 1992 2408; x_wconf 88' lang='lat' dir='ltr'>incur-</span> 
     </span>
     <span class='ocr_line' id='line_1_95' title="bbox 1257 2443 1375 2465; baseline -0.008 0"><span class='ocrx_word' id='word_1_491' title='bbox 1257 2443 1375 2465; x_wconf 72' lang='lat' dir='ltr'>siu‘um.</span> 
     </span>
    </p>

    <p class='ocr_par' dir='ltr' id='par_1_11' title="bbox 1257 2481 1992 2573">
     <span class='ocr_line' id='line_1_96' title="bbox 1301 2481 1992 2527; baseline -0.007 -10"><span class='ocrx_word' id='word_1_492' title='bbox 1301 2486 1411 2518; x_wconf 88' lang='lat' dir='ltr'>Datum</span> <span class='ocrx_word' id='word_1_493' title='bbox 1423 2484 1550 2524; x_wconf 83' lang='lat' dir='ltr'>Romae,</span> <span class='ocrx_word' id='word_1_494' title='bbox 1560 2483 1643 2527; x_wconf 87' lang='lat' dir='ltr'>apud</span> <span class='ocrx_word' id='word_1_495' title='bbox 1657 2483 1686 2516; x_wconf 88' lang='lat' dir='ltr'>S.</span> <span class='ocrx_word' id='word_1_496' title='bbox 1695 2481 1823 2515; x_wconf 86' lang='lat' dir='ltr'>Mariam</span> <span class='ocrx_word' id='word_1_497' title='bbox 1833 2481 1992 2519; x_wconf 85' lang='lat' dir='ltr'>Maiorem,</span> 
     </span>
     <span class='ocr_line' id='line_1_97' title="bbox 1257 2531 1992 2573; baseline -0.008 -1"><span class='ocrx_word' id='word_1_498' title='bbox 1257 2549 1338 2572; x_wconf 91' lang='lat' dir='ltr'>anno</span> <span class='ocrx_word' id='word_1_499' title='bbox 1376 2537 1601 2571; x_wconf 85' lang='lat' dir='ltr'>lucarnationis</span> <span class='ocrx_word' id='word_1_500' title='bbox 1632 2535 1811 2569; x_wconf 86' lang='lat' dir='ltr'>Dominicae</span> <span class='ocrx_word' id='word_1_501' title='bbox 1844 2531 1992 2573; x_wconf 69' lang='lat' dir='ltr'>MDGLiu&#39;,</span> 
     </span>
    </p>
   </div>
   <div class='ocr_carea' id='block_1_8' title="bbox 1295 2595 1991 2636">
    <p class='ocr_par' dir='ltr' id='par_1_12' title="bbox 1295 2595 1991 2636">
     <span class='ocr_line' id='line_1_98' title="bbox 1295 2595 1991 2636; baseline -0.01 -8"><span class='ocrx_word' id='word_1_502' title='bbox 1295 2602 1305 2628; x_wconf 92' lang='lat'>1</span> <span class='ocrx_word' id='word_1_503' title='bbox 1323 2600 1404 2635; x_wconf 85' lang='lat' dir='ltr'>Male,</span> <span class='ocrx_word' id='word_1_504' title='bbox 1420 2603 1450 2627; x_wconf 83' lang='lat' dir='ltr'>ut</span> <span class='ocrx_word' id='word_1_505' title='bbox 1464 2602 1546 2636; x_wconf 85' lang='lat' dir='ltr'>patet,</span> <span class='ocrx_word' id='word_1_506' title='bbox 1559 2599 1622 2627; x_wconf 82' lang='lat' dir='ltr'>edit.</span> <span class='ocrx_word' id='word_1_507' title='bbox 1637 2598 1715 2625; x_wconf 81' lang='lat' dir='ltr'>Main.</span> <span class='ocrx_word' id='word_1_508' title='bbox 1732 2597 1796 2633; x_wconf 86' lang='lat' dir='ltr'>legit</span> <span class='ocrx_word' id='word_1_509' title='bbox 1812 2595 1887 2624; x_wconf 81' lang='lat'><strong><em>1669</em></strong></span> <span class='ocrx_word' id='word_1_510' title='bbox 1899 2596 1935 2631; x_wconf 79' lang='lat' dir='ltr'>(n.</span> <span class='ocrx_word' id='word_1_511' title='bbox 1943 2595 1991 2629; x_wconf 61' lang='lat'>⁵12).</span> 
     </span>
    </p>
   </div>
   <div class='ocr_carea' id='block_1_9' title="bbox 2001 208 2214 241">
    <p class='ocr_par' dir='ltr' id='par_1_13' title="bbox 2001 208 2214 241">
     <span class='ocr_line' id='line_1_99' title="bbox 2001 208 2214 241; baseline 0.009 -5"><span class='ocrx_word' id='word_1_512' title='bbox 2001 208 2089 236; x_wconf 69' lang='lat' dir='ltr'>Amc.</span> <span class='ocrx_word' id='word_1_513' title='bbox 2110 212 2170 241; x_wconf 73' lang='grc'>1661</span> <span class='ocrx_word' id='word_1_514' title='bbox 2211 215 2214 232; x_wconf 80' lang='lat'><em>¹</em></span> 
     </span>
    </p>
   </div>
   <div class='ocr_carea' id='block_1_10' title="bbox 2005 1534 2178 1583">
    <p class='ocr_par' dir='ltr' id='par_1_14' title="bbox 2005 1534 2178 1583">
     <span class='ocr_line' id='line_1_100' title="bbox 2072 1534 2178 1561; baseline 0 -5"><span class='ocrx_word' id='word_1_515' title='bbox 2072 1534 2178 1561; x_wconf 66' lang='lat' dir='ltr'>nurogano</span> 
     </span>
     <span class='ocr_line' id='line_1_101' title="bbox 2005 1563 2157 1583; baseline -0.007 0"><span class='ocrx_word' id='word_1_516' title='bbox 2005 1563 2157 1583; x_wconf 77' lang='lat' dir='ltr'>couti-ariorum.</span> 
     </span>
    </p>
   </div>
   <div class='ocr_carea' id='block_1_11' title="bbox 2005 1956 2180 2005">
    <p class='ocr_par' dir='ltr' id='par_1_15' title="bbox 2005 1956 2180 2005">
     <span class='ocr_line' id='line_1_102' title="bbox 2019 1956 2180 1982; baseline -0.006 -4"><span class='ocrx_word' id='word_1_517' title='bbox 2019 1956 2127 1978; x_wconf 73' lang='lat' dir='ltr'>clausula·</span> <span class='ocrx_word' id='word_1_518' title='bbox 2134 1960 2180 1982; x_wconf 73' lang='lat' dir='ltr'>po·-</span> 
     </span>
     <span class='ocr_line' id='line_1_103' title="bbox 2005 1984 2070 2005; baseline -0.015 0"><span class='ocrx_word' id='word_1_519' title='bbox 2005 1984 2070 2005; x_wconf 77' lang='lat' dir='ltr'>nales.</span> 
     </span>
    </p>
   </div>
  </div>
 </body>
</html>
