2243 3205
289 178 339 205 An.
355 178 384 204 c.
406 177 472 205 1658
518 170 582 203 406

322 662 445 687 Transumpt
465 671 473 676 -

292 694 335 709 rum
352 689 409 709 tides.

363 1138 474 1159 Decretum

292 1166 382 1185 irritans.

486 228 574 270 quasi
599 228 768 271 fulgentem
794 229 890 260 solem
920 229 949 260 in
975 230 1091 273 templo
1116 240 1172 262 suo
1193 230 1223 262 in

486 280 543 313 hac
567 285 658 313 nocte
690 285 890 324 peccatorum
923 287 953 314 et
988 281 1222 315 tribulationum

488 336 678 373 nostrarum,
693 332 841 365 adeamus
859 344 930 366 cum
946 334 1058 367 fiducia
1075 334 1221 367 thronum

487 386 609 419 divinae
635 387 879 430 misericordiae,
900 399 954 422 ore
975 394 1004 422 et
1035 400 1129 433 opere
1155 399 1224 432 sup-

486 440 658 484 plicanteS‚
688 446 721 473 ut
744 441 773 474 S.
799 441 933 475 Thomas
963 442 1108 475 universo
1134 442 1224 474 chri-

486 493 587 526 stiano
612 494 728 537 populo
752 494 851 537 prosit
875 495 994 528 meritis
1012 501 1041 528 et
1061 494 1224 538 exemplis,

487 545 634 589 precibus
658 546 738 579 adsit
761 552 791 579 et
816 548 1011 591 patrocinio,
1038 554 1066 580 et
1092 548 1121 580 in
1148 553 1224 580 tem-

488 610 563 644 pore
584 600 761 633 iracundiae
786 600 839 633 liat
864 601 1084 634 reconciliatio.

532 654 547 697 ἓ
563 652 614 686 35.
629 653 784 693 Ceterum,
802 655 873 697 quia
898 654 1023 687 difficile
1044 654 1123 687 soret
1140 664 1225 697 prae-

488 712 589 740 sentes
606 712 727 740 nostras
744 708 863 740 litteras
880 708 916 739 ad
934 708 1055 750 singula
1076 707 1153 747 loca,
1172 706 1224 739 ubi

487 771 565 804 opus
583 766 672 802 esset,
687 761 813 801 deferri,
835 762 977 794 volumus
998 771 1106 794 corum
1125 771 1224 793 exem-

488 814 558 857 ptis,
583 814 675 847 etiam
703 814 884 858 impressis,
911 824 1002 846 manu
1028 813 1144 857 publici
1170 823 1226 846 no-

488 868 557 900 tarii
578 868 772 911 subscriptis,
790 873 817 900 ct
838 867 941 909 sigillo
965 867 1097 900 alicuius
1122 877 1226 910 perso-

487 931 545 953 nae
572 921 601 953 in
634 921 784 964 dignitate
810 921 1018 954 ecclesiastica
1042 921 1226 954 constitutae

490 974 638 1015 munitis,
664 974 805 1006 camdem
841 974 955 1017 ubique
990 973 1082 1006 fidem
1107 973 1226 1014 haberi,

488 1037 567 1070 quae
592 1027 668 1070 ipsis
693 1027 910 1071 praesentibus
934 1027 1114 1068 haberetur,
1133 1027 1156 1059 si
1183 1037 1226 1059 es-

489 1086 556 1113 sent
580 1081 737 1114 exhibitae
771 1082 815 1113 vel
849 1086 1006 1114 ostensae.

533 1132 611 1176 536.
629 1134 710 1167 Nulli
725 1144 801 1177 ergo
815 1134 942 1166 omnino
957 1133 1119 1167 hominum
1137 1134 1228 1166 liceat

489 1187 569 1220 lianc
582 1188 727 1231 paginam
742 1193 922 1221 nostrorum
938 1188 1065 1227 decreti,
1079 1187 1228 1220 definitio-

489 1241 547 1282 nis,
562 1241 792 1285 adscriptionis,
810 1241 956 1282 mandati,
974 1241 1089 1284 statuti,
1105 1251 1228 1274 conces-

490 1294 596 1335 sionis,
617 1294 820 1337 clargitionis,
847 1295 1046 1327 relaxationis
1070 1300 1099 1327 et
1124 1295 1228 1328 volun-

491 1347 560 1380 tatis
597 1348 785 1391 infringere,
814 1349 857 1381 vel
890 1348 917 1380 ei
948 1359 1024 1381 ausu
1060 1348 1227 1381 temerario

490 1402 655 1434 contraire.
682 1401 712 1434 Si
743 1401 813 1445 quis
847 1408 949 1434 autem
980 1402 1038 1435 boc
1076 1407 1227 1434 attentare

488 1455 745 1498 praesumpserit,
760 1454 1007 1498 indignationem
1033 1455 1228 1499 omnipoten-

490 1508 530 1547 tis,
552 1508 604 1540 Dei
637 1518 672 1540 ac
697 1508 860 1541 beatorum
886 1508 968 1541 Petri
994 1512 1022 1541 et
1047 1508 1131 1540 Pauli
1157 1518 1229 1552 apo-

489 1561 642 1594 stolorum
660 1561 727 1593 eius
748 1572 779 1593 se
802 1562 926 1595 noverit
951 1561 1161 1594 incursurum.

532 1614 643 1647 Datum
669 1615 802 1654 Romae,
824 1614 908 1658 apud
934 1615 962 1648 S.
986 1615 1122 1656 Petrum,
1147 1625 1228 1647 anno

490 1668 713 1701 lucarnationis
738 1668 917 1702 Dominicac
943 1679 1100 1712 unetvin,
1127 1668 1230 1702 kalen-

489 1721 535 1753 dis
552 1721 742 1762 novembris,
758 1722 958 1765 pontificatus
975 1722 1073 1755 nostri
1091 1732 1171 1756 anno
1187 1732 1227 1754 1v.

525 1784 581 1811 Dat.
599 1785 643 1812 die
660 1786 670 1811 1
694 1784 849 1812 novembris
868 1785 944 1819 1658,
961 1785 1059 1820 pontis.
1077 1793 1122 1811 an.
1139 1791 1174 1812 1v.

634 1868 682 1922 ᾖ
698 1873 783 1909 EGO
811 1873 1081 1909 ALEXANDER

564 1945 760 1969 cmuomcass
785 1945 953 1969 ECCLESIAE
978 1945 1156 1968 nmscorus.

507 1998 731 2026 Providenteml
753 1999 915 2026 Dominum
935 2000 965 2026 in
986 2002 1130 2033 conspectu
1150 2006 1210 2026 ‘meo

542 2050 664 2077 semper,
683 2043 822 2077 quoniam
837 2052 852 2070 a
871 2044 905 2070 D.
923 2047 963 2071 est
979 2043 1053 2070 mihi
1065 2043 1099 2070 N.
1114 2043 1173 2071 0³2.

489 2099 512 2138 Ἅι

489 2153 512 2192 †
537 2150 602 2193 Ego
634 2150 818 2183 Franciscus
851 2150 1018 2194 episcopus
1049 2150 1228 2184 portuensis

578 2203 745 2236 cardinalis
770 2203 969 2236 Barberinus.

489 2259 512 2299 -1-
535 2257 601 2301 Ego
626 2256 835 2290 Bernardinus
860 2257 1025 2300 episcopus
1047 2256 1225 2290 Praenesti-

582 2321 641 2343 nus
666 2309 832 2343 cardinalis
857 2310 967 2353 Spada.

489 2366 511 2405 †
536 2363 601 2407 Ego
626 2363 722 2396 Iulius
747 2363 914 2407 episcopus
930 2363 1110 2396 Sabincnsis
1129 2362 1229 2396 cardi-

578 2417 655 2449 nalis
682 2416 871 2450 Sacchettus.

526 2499 536 2524 1
560 2498 671 2525 Videtur
691 2498 834 2533 legendum
849 2497 1039 2526 Providebam
1053 2498 1090 2533 (R.
1108 2498 1156 2532 τ.).

525 2542 541 2568 2
559 2541 666 2571 Scilicet
684 2551 702 2569 α
721 2543 833 2571 dextris
847 2545 887 2570 est
906 2543 978 2570 mihi
996 2551 1032 2569 ne
1048 2548 1228 2570 commovear

489 2589 530 2623 (n.
547 2588 594 2621 τ.).

1073 182 1249 206 BULLARIUM
1276 182 1429 206 ROMANUM

1258 233 1280 270 †
1306 229 1371 272 Ego
1396 229 1521 262 Martius
1542 229 1706 273 episcopus
1726 230 1908 263 Albanensis
1933 239 1998 262 car-

1347 281 1459 313 dinalis
1483 281 1634 314 Ginettus.

1258 337 1280 375 †
1306 335 1371 377 Ego
1389 335 1541 367 Antonius
1559 335 1747 369 Barberinus
1761 336 1927 380 episcopus
1941 336 1998 369 Tu-

1347 388 1493 421 sculanus
1519 388 1686 421 cardinalis
1709 389 1870 423 Antonius.

1259 443 1279 481 ‚³⁴

1259 497 1281 513 A-

1266 516 1273 535 Δ

1259 601 1283 643 †
1308 600 1372 643 Ego
1394 600 1601 644 Hieronymus
1619 600 1699 633 tituli
1717 601 1746 633 S.
1762 600 1873 633 Mariae
1886 600 1998 634 Trans-

1349 653 1479 697 tybcrim
1491 653 1654 698 presbyter
1665 653 1831 687 cardinalis
1838 653 1996 687 Columna.

1259 709 1281 748 †
1306 707 1371 749 Ego
1397 706 1526 740 Ioannes
1551 707 1686 751 Baptista
1711 707 1791 740 tituli
1812 707 1840 740 S.
1860 706 1943 740 Petri
1959 705 1999 740 ad

1349 761 1476 794 Vincula
1487 762 1650 805 presbyter
1660 761 1825 794 cardinalis
1837 761 1996 794 Pallottus.

1261 816 1282 854 †
1308 814 1372 856 Ego
1390 814 1575 848 Franciscus
1593 815 1688 848 Maria
1711 813 1858 847 basilicae
1878 814 1923 847 Ss.
1942 813 1998 846 Xll

1348 867 1571 911 Apostolorum
1620 868 1786 912 presbyter

1349 921 1540 955 Brancatius.

1261 977 1282 1015 †
1308 975 1372 1017 Ego
1396 975 1557 1008 videricus
1583 975 1663 1008 tituli
1688 976 1717 1008 S.
1736 974 1915 1008 Anastasiae
1932 984 1999 1018 pre-

1349 1028 1452 1072 sbyter
1477 1028 1644 1062 cardinalis
1668 1028 1851 1072 Carpineus.

1261 1082 1285 1124 †
1310 1081 1375 1123 Ego
1401 1082 1521 1114 Marcus
1546 1082 1699 1114 Antonius
1723 1081 1804 1114 tituli
1830 1081 1858 1114 S.
1885 1081 1999 1113 Mariae

1350 1135 1387 1167 dc
1413 1135 1490 1167 Pace
1515 1135 1678 1179 presbyter
1703 1134 1870 1167 cardinalis
1901 1134 1999 1166 Fran-

1350 1188 1472 1221 ciottus.

1261 1244 1283 1283 †

1262 1351 1284 1389 †
1309 1348 1374 1390 Ego
1388 1348 1483 1380 frater
1498 1348 1678 1380 Vincentius
1696 1347 1775 1382 tituli
1792 1347 1821 1381 S.
1835 1347 2001 1381 Clementis

1350 1401 1515 1446 presbyter
1539 1401 1705 1434 cardinalis
1729 1401 1767 1434 de
1790 1401 1989 1435 Florentiola.

1262 1458 1284 1497 †
1310 1455 1374 1498 Ego
1400 1455 1495 1487 Iulius
1521 1455 1601 1487 tituli
1627 1455 1656 1488 S.
1682 1455 1807 1488 Priscae
1838 1455 2002 1499 presbyter

1351 1507 1518 1540 cardinalis
1544 1507 1742 1540 Gabriellius.

1262 1562 1286 1604 †
1311 1561 1376 1604 Ego
1400 1561 1512 1598 Caesar
1537 1561 1616 1593 tituli
1641 1561 1843 1600 Sssouatuor
1867 1562 2002 1594 Corona-

1351 1620 1455 1647 torum
1481 1614 1643 1658 presbyter
1668 1614 1835 1647 cardinalis
1860 1614 1999 1647 Faccbe-

1351 1673 1463 1701 nettus.

1262 1723 1287 1817 l

1263 1830 1287 1872 ÷

1311 1828 1377 1871 Ego
1401 1827 1538 1871 Angelus
1564 1827 1643 1862 tituli
1674 1828 1719 1861 Ss.
1751 1827 1869 1867 Quirici
1893 1831 1923 1862 et
1946 1827 1998 1860 Iu-

1352 1881 1436 1914 littae
1461 1880 1623 1925 presbyter
1648 1880 1815 1914 cardinalis
1839 1881 1980 1915 Georius.

1263 1937 1285 2028 -t-—i-

1311 1988 1375 2031 Ego
1385 1987 1531 2021 Nicolaus
1543 1988 1571 2021 S.
1586 1988 1700 2020 Mariae
1711 1987 1902 2031 Angelorum
1916 1997 2003 2032 pres·

1351 2041 1440 2085 byter
1461 2041 1627 2075 cardinalis
1651 2041 1846 2076 Ludovisius.

1262 2097 1285 2189 —1-›·r

1310 2148 1375 2191 Ego
1400 2148 1568 2182 cherieus
1594 2148 1673 2183 tituli
1688 2149 1717 2183 S.
1735 2147 1857 2181 Martini
1875 2147 1906 2180 in
1921 2146 2004 2181 Mon-

1354 2202 1435 2235 tibus
1461 2202 1625 2247 presbyter
1645 2202 1811 2236 cardinalis
1835 2201 1957 2236 Ssortta.

1262 2259 1285 2565 —t-—t-—i-—t-i-—i-

1310 2523 1375 2566 Ego
1399 2522 1541 2567 Aloysius
1567 2523 1646 2557 tituli
1666 2523 1695 2556 S.
1720 2522 1818 2566 Alexii
1836 2521 2001 2566 presbyter

1351 2576 1517 2609 cardinalis
1543 2575 1733 2609 Ilomodeus.

2015 181 2062 207 An.
2080 181 2108 207 C.
2129 181 2192 210 1658

1833 867 1999 901 cardinalis
2033 879 2035 883 ’
