2243 3205
46 203 94 231 An.
110 201 137 229 C.
160 199 227 228 1660

77 687 192 715 Expositio.

837 195 1023 222 ALEXANDER
1049 195 1092 218 Vll
1112 194 1160 218 PP.

288 246 352 280 liae
375 247 428 279 uti
448 246 550 291 possit
575 245 673 280 Brevi
690 246 730 279 ab
754 244 881 280 Urbano
902 244 987 278 VIII

286 304 440 334 emuncto
471 301 528 333 sub
558 300 610 333 die
633 310 675 333 xx
701 300 834 344 auqueti
869 307 984 332 uncxm

287 364 384 397 super
402 354 558 398 facultate
575 353 772 386 admittendi
794 352 913 386 oblatos
930 361 985 384 seu

288 406 459 440 servientes
483 407 525 440 ad
549 407 719 451 caputium
736 410 764 440 et
783 410 905 439 statum
923 404 984 438 lai-

290 459 419 493 calem¹¹

440 550 606 577 Alexander
631 550 710 583 Papa
729 549 791 582 vn,

389 594 425 621 ad
445 594 576 621 futuram
595 594 641 621 rei
660 593 840 621 memoriam.

293 673 308 716 g
333 673 362 706 1.
387 672 508 717 Exponi
532 672 626 706 nobis
650 682 751 717 nuper
781 672 924 705 fecerunt
948 670 990 704 di-

248 724 320 758 lecti
345 725 401 758 filii
423 725 536 758 fratres
553 725 734 769 provinciae
750 724 901 758 Franciae
918 734 990 757 con-

249 778 443 822 gregationis
460 778 636 813 Gallicanae
651 779 746 812 Tertii
767 778 904 812 Ordiniis
922 788 991 811 san-

250 832 291 865 cti
315 831 482 875 QFrancisci
514 832 552 865 de
584 832 779 865 Poenitentia
810 831 991 876 nuncupati,

250 885 335 930 quod
345 885 583 919 constitutiones
596 886 759 928 generales
769 885 907 918 eiusdem
923 895 994 918 con-

250 939 444 984 gregationis
477 950 494 972 a
523 939 602 973 Sede
634 940 812 983 Apostolica
837 939 868 972 in
892 939 993 973 forma

252 993 411 1027 communi
443 993 647 1026 confirmatae
675 993 861 1037 permittunt
885 1003 993 1036 recep-

252 1047 369 1081 tionem
394 1046 526 1080 fratrum
553 1047 756 1080 servientium
793 1057 847 1080 seu
873 1046 994 1080 oblato-

253 1111 347 1144 rum,
372 1100 426 1144 qui
459 1099 530 1134 vice
554 1100 672 1144 caputii
697 1100 815 1144 pileum
841 1101 951 1141 ferant,
966 1105 996 1133 et

254 1160 381 1199 praeter
405 1154 465 1187 tria
485 1160 557 1188 vota
581 1154 758 1187 essentialia
790 1158 937 1197 quartum
958 1153 996 1186 de

254 1218 318 1243 non
349 1208 549 1252 procuranda
586 1208 647 1240 alia
679 1208 858 1241 conditione
890 1218 907 1239 a
941 1208 997 1239 sua

256 1262 413 1303 emittant,
438 1272 474 1295 ae
503 1262 631 1296 biennio
660 1262 785 1305 integro
810 1261 996 1306 probentur.

257 1317 356 1360 Atque
374 1316 414 1349 ita
428 1316 545 1360 recepti
564 1316 691 1349 fuerunt
707 1326 808 1359 usque
826 1314 864 1347 ad
881 1325 997 1347 annum

257 1380 385 1411 hincxm,
400 1380 462 1415 quo
484 1374 625 1413 tempore
641 1369 679 1402 de
705 1368 907 1412 superiorum
930 1377 1000 1401 con-

258 1434 352 1457 sensu
372 1434 443 1457 cum
470 1423 586 1457 eisdem
614 1423 765 1456 fratribus
794 1422 908 1456 oblatis
946 1432 1000 1454 seu

258 1477 468 1512 servientibus
500 1488 595 1521 super
626 1481 737 1520 quarto
763 1482 835 1510 voto
869 1476 906 1509 de
938 1485 1000 1509 non

259 1531 459 1577 procuranda
473 1531 534 1564 alia
549 1531 727 1565 conditione
746 1531 784 1563 ab
796 1530 906 1563 eadem
924 1529 1002 1563 Sede

260 1585 472 1629 dispensatum
497 1585 563 1627 fuit,
586 1589 615 1617 et
632 1584 851 1628 superioribus
871 1583 1003 1627 permis-

261 1649 329 1671 sum
344 1638 506 1682 caputium
525 1637 585 1671 illis
601 1637 775 1671 concedere
786 1642 815 1670 et
832 1636 869 1669 ad
887 1641 1001 1670 statum

261 1692 403 1726 laicalem
429 1702 483 1725 eos
506 1702 696 1736 promovere
721 1696 792 1735 post
817 1696 935 1734 septeni
954 1700 1004 1722 an-

261 1757 319 1780 nos
345 1756 362 1779 a
386 1745 465 1779 votis
490 1746 612 1779 emissis
637 1750 666 1778 et
691 1755 787 1778 unum
813 1743 1005 1777 recollectio-

262 1800 322 1841 nis,
347 1810 417 1833 cum
443 1799 512 1832 aliis
536 1798 695 1839 clausulis,
721 1803 817 1842 prout
841 1797 871 1830 in
894 1797 1005 1829 litteris

264 1853 444 1897 apostolicis
461 1853 596 1897 desuper
617 1853 647 1885 in
664 1851 759 1886 simili
778 1852 879 1884 forma
900 1850 1005 1883 Brevis

265 1907 375 1941 eodem
402 1917 483 1940 anno
515 1907 668 1951 expeditis
700 1906 815 1939 dicitur
839 1904 1004 1938 contineri.

265 1960 342 2000 Quia
366 1971 440 1993 vero
465 1960 538 1993 dieti
563 1961 675 1993 fratres
701 1959 772 1992 facti
797 1958 1007 2001 laici,aliique

265 2014 336 2047 laici
361 2025 418 2057 per
442 2014 540 2046 dictas
561 2014 680 2046 litteras
699 2013 786 2045 nullo
805 2012 873 2044 iure
898 2011 1007 2044 suffra-

267 2068 415 2112 giorum,
440 2068 498 2100 nisi
533 2067 563 2099 in
599 2067 780 2110 receptione
815 2066 1006 2099 novitiorum

268 2121 406 2155 eiusdem
431 2125 528 2155 status
560 2125 589 2153 et
613 2119 801 2153 conditionis
826 2119 863 2152 ad
889 2119 1008 2163 profes-

269 2174 400 2215 sionem,
415 2174 552 2217 gaudcre
570 2173 844 2217 permittebantur,
863 2183 933 2204 cuni
952 2172 1010 2203 fra-

270 2233 334 2261 tres
358 2228 429 2261 laici
451 2228 534 2260 iuxta
554 2227 791 2260 constitutiones
809 2225 933 2259 Ordinis
952 2225 1010 2257 suf-

271 2281 370 2324 fragia
383 2280 541 2313 dedissent
552 2285 613 2312 tam
630 2280 658 2312 in
673 2280 854 2323 receptione
879 2278 1009 2311 clerico-

271 2345 342 2368 rum
363 2335 516 2367 laicorum
542 2338 572 2366 et
596 2334 774 2366 oblatorum
793 2343 848 2365 seu
877 2332 1013 2364 servien-

272 2388 350 2422 tium
376 2387 413 2420 ad
431 2387 669 2431 professionem,
691 2396 783 2430 qnam
812 2386 840 2418 in
860 2385 1013 2418 electione

273 2442 483 2475 discretorum
501 2441 539 2473 ad
553 2440 688 2484 capitula
710 2439 944 2481 mittendorum,
966 2441 1014 2472 ca-

273 2506 334 2540 que
359 2495 397 2527 de
414 2505 448 2527 re
468 2494 760 2537 conquerebantur3
782 2493 861 2535 ideo,
879 2492 916 2526 de
938 2503 1013 2526 con-

314 2611 322 2639 1
347 2609 383 2638 Ex
403 2610 513 2645 Regest.
536 2608 564 2636 in
583 2608 686 2636 Secret.
708 2607 785 2635 Brev.

1665 183 1726 216 527

1018 253 1112 277 sensu
1129 243 1341 286 superiorum,
1359 242 1475 276 eisdem
1501 241 1651 275 fratribus
1672 240 1759 274 laicis

1019 297 1239 341 praesentibus
1253 300 1282 330 et
1300 295 1423 337 futuris,
1442 296 1533 329 ctiam
1552 306 1568 327 a
1582 300 1662 328 statu
1678 294 1761 328 obla-

1019 355 1124 383 torum
1150 349 1187 382 ad
1213 354 1326 382 statum
1352 350 1492 382 laicalem
1519 348 1687 391 assumptis
1713 347 1760 380 vel

1020 403 1236 446 assumendis,
1263 404 1322 436 tale
1348 403 1394 435 ius
1417 402 1641 445 suffragiorum
1673 400 1762 433 resti-

1021 460 1121 491 tutum
1142 455 1200 488 suit
1224 466 1281 500 per
1303 456 1422 490 litteras
1439 455 1626 499 apostolicas
1643 454 1762 498 pariter

1022 510 1053 542 in
1077 509 1179 542 forma
1212 509 1319 542 Brevis
1347 509 1397 541 die
1431 519 1495 542 xxv
1525 508 1599 541 maii
1623 517 1762 541 Mncxmv

1023 561 1215 603 emanatas¹;
1233 567 1263 595 et
1277 567 1396 606 postea,
1410 572 1524 605 nempe
1537 561 1587 594 die
1602 573 1639 594 xx
1655 561 1763 605 aprilis

1023 626 1158 659 MDCLVI,
1190 626 1207 648 a
1239 615 1384 650 ministro
1420 615 1559 659 generali
1591 615 1672 648 facta
1707 614 1765 647 fuit

1024 669 1195 703 declaratio
1220 680 1317 714 super
1341 674 1457 702 statuto
1486 669 1602 701 biennii
1634 668 1766 702 novitia-

1024 728 1074 757 tus
1091 734 1201 757 eorum
1218 723 1256 756 ad
1281 733 1379 756 unum
1405 722 1565 756 dumtaxat
1582 732 1698 755 annum
1715 731 1767 755 re-

1025 778 1137 811 ductus
1160 777 1228 810 fuit.

1030 868 1032 870 v
1071 831 1085 875 ξ
1108 831 1139 864 ⁶2.
1167 830 1243 864 Cum
1268 834 1383 871 autem,
1403 829 1484 862 sicut
1509 828 1663 873 expositio
1688 827 1765 861 sub-

1028 884 1198 927 iungebat,
1223 883 1309 916 iuxta
1344 882 1442 916 dictas
1467 881 1628 915 facultates
1659 891 1769 914 omnes

1028 937 1141 970 fratres
1166 936 1262 970 oblati
1298 946 1353 969 seu
1389 935 1579 976 servientes,
1605 934 1657 978 qui
1683 939 1771 967 erant

1029 990 1061 1023 in
1086 991 1151 1024 tota
1176 989 1421 1033 congregatione
1454 989 1538 1021 circa
1574 987 1771 1032 praedictum

1029 1054 1146 1077 annum
1165 1054 1283 1078 mocxm
1300 1043 1338 1076 ad
1363 1048 1477 1076 statum
1502 1041 1643 1075 laicalem
1661 1040 1773 1073 admis-

1031 1098 1055 1130 si
1080 1097 1196 1130 fuerint
1221 1102 1251 1129 et
1275 1096 1434 1140 caputium
1460 1094 1637 1139 receperint
1662 1098 1692 1128 et
1713 1104 1773 1126 una

1031 1150 1132 1183 dictae
1157 1149 1412 1194 congregationis
1437 1147 1599 1193 provincia
1623 1148 1652 1181 S.
1671 1147 1774 1180 lvonis

1033 1216 1088 1239 seu
1112 1205 1323 1239 Normanniae
1347 1209 1527 1248 nuncupata
1560 1213 1670 1236 omnes
1702 1212 1774 1234 suos

1033 1260 1146 1294 fratres
1170 1260 1322 1292 haetenus
1346 1258 1510 1291 admiserit
1534 1268 1605 1290 cum
1620 1267 1682 1290 uno
1708 1261 1776 1288 tan-

1033 1319 1100 1347 tum
1125 1313 1321 1358 probationis
1345 1323 1427 1345 anno
1456 1317 1485 1345 et
1503 1311 1603 1344 tribus
1627 1310 1706 1343 votis
1731 1320 1776 1343 so-

1034 1367 1192 1401 lemnibus
1217 1367 1327 1408 solitis,
1341 1376 1413 1400 cum
1431 1365 1634 1399 concessione
1660 1362 1776 1408 caputii

1035 1426 1064 1456 et
1087 1421 1287 1466 promotione
1319 1420 1357 1452 ad
1393 1423 1507 1453 statum
1538 1418 1680 1451 laicalem
1706 1421 1778 1461 post

1035 1481 1105 1509 octo
1123 1485 1221 1508 annos
1238 1474 1277 1507 ab
1297 1474 1410 1507 emissa
1429 1472 1634 1517 professione,
1652 1471 1777 1504 nemine

1036 1530 1067 1562 in
1101 1530 1166 1562 tota
1199 1527 1444 1571 congregatione
1482 1527 1693 1566 reclamante,
1726 1529 1780 1557 aut

1037 1582 1281 1624 contradicente,
1308 1580 1489 1625 supradicta
1518 1590 1592 1613 vero
1617 1578 1779 1623 provincia

1037 1637 1197 1679 Franciae,
1223 1647 1277 1670 scu
1303 1636 1331 1669 S.
1354 1635 1525 1676 Francisci,
1548 1635 1667 1678 aliquot
1691 1633 1780 1666 annis

1038 1702 1054 1724 a
1085 1690 1267 1735 receptione
1303 1688 1484 1722 huiusmodi
1519 1689 1651 1721 fratrum
1684 1687 1780 1720 absti-

1038 1744 1164 1784 nuerit,
1189 1743 1243 1776 sed
1279 1743 1471 1787 experientia
1507 1741 1652 1775 docuerit
1682 1741 1780 1784 ipsam

1040 1798 1236 1843 provinciam
1262 1797 1360 1829 multa
1377 1797 1441 1840 pati
1460 1795 1660 1829 incommoda
1678 1805 1714 1827 ex
1733 1794 1782 1827 de-

1040 1853 1123 1885 fectu
1147 1851 1254 1885 talium
1285 1851 1415 1883 fratrum
1431 1877 1438 1891 ,
1469 1850 1602 1893 ideoque
1626 1859 1782 1893 nuperum

1041 1906 1211 1950 capitulum
1236 1905 1427 1949 provinciale
1442 1904 1580 1937 eiusdem
1603 1902 1784 1947 provinciae

1040 1959 1191 1992 Franciae
1217 1969 1327 1992 eorum
1351 1958 1564 2002 receptionem
1586 1957 1670 1989 iuxta
1687 1955 1785 1989 dictas

1042 2013 1202 2045 facultates
1227 2017 1257 2044 et
1282 2011 1319 2043 ad
1344 2011 1441 2044 instar
1466 2010 1567 2043 dictae
1604 2009 1785 2053 provinciae

1042 2066 1072 2100 S.
1094 2066 1196 2099 lvonis
1214 2076 1269 2098 seu
1293 2064 1504 2099 Normanniae
1530 2063 1700 2096 faciendam
1718 2072 1786 2095 esse

1043 2119 1235 2153 decreverit:
1261 2118 1351 2151 nobis
1382 2123 1551 2162 propterea
1584 2116 1659 2149 dicti
1684 2126 1782 2159 expo-

1044 2178 1152 2205 nentes
1177 2172 1340 2206 humiliter
1364 2170 1535 2215 supplicari
1568 2171 1729 2209 fecerunt,
1754 2174 1787 2201 ut

1045 2226 1104 2258 sibi
1120 2226 1151 2258 in
1171 2225 1354 2269 praemissis
1368 2229 1547 2268 opportune
1568 2222 1735 2267 providere
1748 2222 1786 2255 de

1045 2279 1237 2322 benignitate
1269 2278 1442 2322 apostolica
1476 2277 1690 2319 dignarenmr.
1725 2276 1787 2309 Nos

1048 2333 1153 2376 igitur,
1172 2332 1256 2376 ipsos
1277 2336 1469 2375 exponentes
1495 2329 1684 2374 specialibus
1709 2329 1789 2363 favo-

1047 2385 1134 2418 ribus
1159 2390 1189 2418 et
1213 2384 1323 2427 gratiis
1348 2383 1498 2428 prosequi
1524 2383 1674 2422 volentes,
1692 2387 1722 2415 et
1741 2392 1789 2416 eo-

1048 2449 1116 2471 rum
1134 2438 1310 2481 singulares
1338 2447 1488 2481 personas
1514 2447 1531 2469 a
1555 2436 1717 2480 quibusvis
1742 2447 1790 2469 ex-

1048 2491 1356 2532 communicationis,
1384 2496 1452 2531 etc.‚
1478 2490 1591 2522 harum
1624 2489 1705 2523 serie
1729 2488 1786 2522 ab·

1088 2610 1097 2634 1
1121 2606 1187 2634 Male
1206 2606 1269 2634 edit.
1291 2605 1369 2633 Maia.
1392 2605 1455 2641 legit
1474 2605 1619 2634 emanatis
1638 2605 1676 2641 (a.
1692 2606 1739 2639 r.).

1776 192 1823 219 An.
1846 192 1872 218 C.
1892 192 1959 220 1660

1810 844 1895 865 Mutiva.

1827 2284 1922 2304 florei-nit
1939 2289 1986 2308 pro·

1803 2313 1825 2332 ul.
1841 2317 1861 2331 in
1876 2311 1969 2331 rubrica.
