2202 3190
447 203 510 238 8⁹20

490 271 594 306 vetur,
619 271 654 299 ut
676 265 877 300 baccalaurei
903 268 1139 312 provinciarum

490 318 597 351 Italiac
618 318 745 352 Ordinis
764 320 895 353 fratrum
916 321 949 353 B.
975 321 1090 354 Mariae
1104 321 1142 354 de

489 372 592 404 Monte
609 372 755 405 Carmelo
774 373 906 405 Romam
922 375 1094 417 magisterii
1110 375 1141 406 in

489 427 578 458 sacra
597 426 756 470 theologia
772 427 967 471 suscipiendi
982 430 1077 462 causa
1092 439 1141 461 vc-

488 478 557 512 nire
571 490 605 512 ac
620 479 699 512 inibi
714 479 748 512 in
765 481 949 524 praesentia
964 482 1141 515 cardinalis

487 533 676 576 protectoris
702 540 733 566 ct
759 533 876 577 prioris
910 534 1069 577 generalis
1095 535 1140 568 di-

487 586 528 619 cti
554 586 681 620 Ordinis
702 587 875 620 examinari
893 587 1042 629 debeam,
1066 599 1139 622 nec-

485 649 548 672 non
574 639 734 674 restitutio
760 641 858 684 priori
884 641 1025 685 generali
1058 643 1138 675 eius-

486 693 559 726 dem
584 693 712 727 Ordinis
739 694 902 728 'facultatis
929 695 1138 739 promovendi

485 746 588 780 dictos
613 747 841 781 baccalaureos
858 748 897 781 ad
916 748 1137 792 magisterium

483 799 515 832 in
540 800 653 833 iisdem
678 806 761 834 statu
787 807 816 835 et
841 801 988 835 terminis
1014 802 1045 834 in
1073 802 1139 845 qui-

483 852 542 886 bus
568 853 619 886 illa
637 864 674 886 ex
696 854 984 888 constitutionibus
1010 854 1137 888 Ordinis

483 905 510 939 ei
540 907 742 950 competebat
765 913 946 952 antequam
978 914 1137 942 emanaret

482 959 577 992 Breve
603 960 816 1003 praedictum,
841 960 893 994 12.

482 1012 623 1047 Absolvit
656 1014 935 1058 archiepiscopum
967 1015 1136 1049 Caesarau-

480 1073 653 1111 gustanum
668 1079 685 1101 a
703 1068 1004 1109 censurisincursis‚
1014 1081 1051 1103 eo
1061 1071 1136 1114 quia

481 1121 636 1165 obligavit
659 1132 813 1166 personas
840 1123 1071 1157 ecclesiasticas
1096 1124 1134 1157 ad

483 1174 674 1207 solutionem
700 1175 898 1218 gabellarurn
924 1182 998 1209 ante
1023 1177 1135 1210 obten-

482 1233 549 1260 tum
574 1227 807 1272 beneplacitum
839 1229 1072 1272 apostolicum;
1099 1229 1136 1263 il-

480 1279 568 1323 lique
593 1281 741 1322 mandat,
763 1288 799 1315 ut
816 1282 1080 1315 communitatem
1101 1286 1135 1316 ‘et

480 1333 626 1367 homines
647 1334 749 1368 dictae
776 1335 913 1368 civitatis
941 1336 1134 1380 illorumque

481 1386 632 1420 officiales
650 1393 681 1421 et
694 1388 856 1422 ministros
875 1389 1017 1423 absolvat
1031 1401 1048 1422 a
1065 1400 1135 1422 cen-

479 1440 563 1474 suris
581 1447 611 1475 et
631 1442 740 1485 poenis
757 1441 895 1475 incursis
917 1443 1044 1476 ratione
1064 1454 1135 1476 exa-

481 1494 598 1528 ctionis
622 1494 780 1528 dictarum
805 1496 1001 1538 gabellarum
1023 1495 1062 1529 al)
1087 1506 1135 1529 ec-

481 1547 665 1582 clesiasticis
691 1548 791 1593 ipsius
817 1548 951 1582 civitatis
971 1554 1001 1582 et
1026 1549 1134 1583 distri-

480 1605 562 1642 ctus,
590 1600 642 1634 13.

390 1652 468 1688 VIII.
507 1653 709 1687 Confirmatio
754 1654 1078 1689 dismembrationum
1116 1667 1133 1690 a

479 1708 625 1751 prioratu
649 1707 679 1741 S.
703 1707 822 1751 AEgidii
849 1708 977 1752 linguae
1003 1709 1133 1744 Provin-

478 1761 545 1794 ciae
568 1761 734 1804 hospitalis
767 1762 798 1795 S.
826 1762 955 1795 Ioannis
984 1763 1133 1797 Hieroso-

478 1813 624 1857 lymitani
641 1820 671 1847 et
688 1825 844 1858 novarum
869 1816 1131 1850 commendarum

479 1867 688 1910 erectionum,
715 1868 769 1902 16.

391 1920 441 1953 lx.
467 1920 612 1955 Facultas
646 1921 887 1966 archiepiscopo
919 1922 1131 1965 strigoniensi

478 1973 661 2008 absolvendi
673 1975 900 2017 Parthemium,
909 1977 1043 2010 electum
1055 1976 1134 2020 epis-

393 1012 456 1045 Vll.

479 2037 595 2070 copum
619 2028 843 2061 Ruthenorum
864 2028 1019 2062 Munchak
1045 2034 1076 2062 et
1100 2029 1150 2061 inv

480 2080 551 2113 aliis
575 2081 759 2125 Hungariae
783 2082 861 2116 locis
886 2082 1087 2126 degentium,
1115 2094 1133 2115 a

479 2134 625 2167 censuris
658 2141 688 2168 et
727 2135 939 2179 suspensione
968 2145 1025 2178 per
1058 2145 1130 2168 cum

479 2186 640 2229 incursis,
668 2188 743 2232 quia
775 2200 791 2221 a
830 2188 932 2221 tribus
971 2188 1130 2232 episcopis

478 2240 686 2274 schismaticis
713 2247 918 2275 consecratus
939 2242 1046 2283 suerit,
1074 2242 1127 2275 020.

389 2290 424 2324 X.
451 2292 572 2327 Creatio
597 2294 809 2338 quadraginta
839 2300 869 2327 et
900 2295 995 2328 unius
1026 2295 1130 2328 adole-

477 2348 692 2380 scentulorum
724 2348 882 2381 nobilium
917 2360 973 2382 seu
1004 2359 1127 2392 puero-

478 2410 550 2432 rum
563 2399 807 2434 honorariorum
819 2402 851 2434 in
865 2402 998 2436 comites
1018 2402 1131 2445 palati-

478 2462 535 2485 nos
558 2458 588 2486 et
612 2461 741 2487 auratae
767 2455 898 2488 militiae
922 2455 1049 2499 equites
1075 2466 1127 2489 oev

478 2506 603 2539 casione
630 2508 782 2541 solemnis
808 2508 1017 2552 equitationis
1038 2520 1055 2541 a
1076 2509 1130 2542 Va-

481 2558 584 2594 ticano
614 2560 653 2593 ad
679 2561 845 2596 ecclesiam
871 2563 1128 2603 Lateranensem,

480 2612 537 2649 21.

989 215 1084 239 BELLA
1090 215 1165 239 mvn
1178 215 1270 247 ‘ROMA
1276 214 1342 239 NUM

1194 269 1244 301 XI.
1274 267 1463 302 Commissio
1489 268 1639 313 episcopo
1665 267 1789 302 Chiensi
1814 268 1854 303 ad
1882 278 1934 303 ca-

1282 322 1413 365 piendas
1436 323 1680 356 informationes
1706 333 1802 367 super
1827 333 1936 357 exces-

1281 376 1368 409 sibus
1383 376 1611 421 arcbiepiscopi
1630 377 1808 417 Naxiensis,
1824 376 1876 410 22.

1283 429 1504 463 Cardinalibus
1530 431 1655 467 etaliis
1687 429 1932 472 ecclesiasticis,

1281 483 1335 526 qui
1360 484 1521 517 intersunt
1557 490 1585 518 et
1617 495 1675 528 pro
1709 490 1851 528 tempore
1887 483 1936 516 in-

1280 537 1457 570 tervenient
1487 537 1727 581 congregationi
1754 537 1932 577 consultae,

1279 590 1467 623 conceditur
1499 590 1628 623 licentia
1661 601 1694 623 se
1729 589 1932 623 immiscendi

1279 641 1311 674 in
1337 642 1572 683 criminalibus,
1597 642 1651 676 23.

1189 693 1268 727 XIII.
1294 694 1500 728 Confirmatio
1536 695 1810 729 determinationis
1846 694 1932 738 capi-

1279 747 1334 780 tuli
1355 748 1512 791 generalis
1530 748 1788 792 congregationis
1805 747 1931 781 Ordinis

1278 801 1506 835 canonicorum
1533 802 1727 845 regularium
1754 802 1927 835 Praemon-

1279 854 1487 888 stratensium
1519 860 1781 899 nuncupatorum
1817 854 1931 898 Hispa-

1276 907 1402 941 niarum
1417 919 1511 952 super
1521 908 1748 952 suppressione
1762 907 1929 941 electionis

1276 967 1522 1003 procuratorum
1561 961 1697 995 cuiusvis
1740 959 1929 995 monasterii

1276 1013 1380 1048 dictae
1412 1015 1670 1059 congregationis
1697 1015 1783 1048 illius
1808 1015 1930 1059 capitu-

1277 1067 1316 1101 lis
1342 1069 1545 1111 generalibus
1570 1069 1723 1103 interesse
1748 1068 1928 1110 solitorum,

1275 1120 1327 1154 24.

1186 1166 1264 1207 ΧΠ.
1284 1175 1489 1209 Confirmatio
1507 1180 1701 1209 statutorum
1715 1175 1927 1210 universitatis

1274 1227 1351 1260 artis
1377 1228 1545 1261 aurificum
1567 1229 1606 1262 de
1630 1229 1724 1270 Urbe,
1740 1228 1793 1262 25.

1186 1281 1246 1314 XV.
1272 1281 1312 1314 Ut
1336 1282 1447 1316 fratres
1475 1283 1598 1316 vocales
1615 1282 1744 1316 Ordinis
1761 1283 1794 1316 B.
1812 1282 1928 1316 Mariae

1273 1334 1514 1378 Redemptionis
1531 1336 1726 1378 captivorum
1743 1335 1928 1380 provinciae

1274 1387 1424 1421 Franciae
1456 1399 1521 1422 non
1556 1389 1719 1432 indigeant
1749 1388 1788 1423 de
1822 1394 1926 1423 cetero

1274 1440 1465 1474 testimoniis
1497 1441 1604 1474 nuncii
1634 1441 1785 1475 Franciae
1813 1448 1850 1475 ut
1874 1441 1928 1475 ad-

1274 1494 1445 1528 mittantur
1469 1495 1502 1527 in
1527 1494 1667 1539 capitulo
1692 1495 1844 1538 generali,
1871 1495 1928 1528 sed

1273 1547 1334 1580 illis
1358 1548 1496 1581 sufficiat
1520 1548 1738 1582 testimonium
1770 1548 1927 1593 originale

1273 1601 1406 1645 capituli
1433 1612 1508 1635 suae
1525 1601 1691 1635 electionis
1708 1613 1726 1635 a
1750 1601 1852 1636 tribus
1868 1612 1926 1635 no-

1274 1654 1362 1688 tariis
1387 1655 1603 1697 legalizatum,
1629 1655 1682 1688 96.

1185 1707 1261 1741 XVI.
1289 1708 1329 1741 Ut
1353 1709 1492 1753 capitula
1516 1708 1722 1752 provincialia
1742 1708 1926 1753 provinciae

1272 1761 1303 1794 S.
1337 1762 1465 1795 Antonii
1502 1762 1535 1794 in
1567 1761 1763 1805 Portugallia
1798 1761 1925 1795 Ordinis

1273 1815 1428 1848 Minorum
1452 1815 1552 1848 sancti
1580 1815 1742 1849 Francisci
1763 1814 1800 1848 de
1816 1814 1925 1848 Obser-

1271 1868 1376 1902 vantia
1401 1874 1489 1901 extra
1513 1868 1657 1902 civitates
1682 1868 1720 1901 de
1744 1873 1850 1902 cetero
1874 1878 1926 1901 ce-

1273 1921 1447 1962 lebrentur,
1471 1920 1523 1954 27.

1182 1973 1270 2007 XVII.
1295 1974 1500 2008 Confirmatio
1525 1973 1643 2007 decreti
1660 1972 1921 2018 congregationis

1271 2028 1401 2062 Concilii
1422 2027 1613 2068 Tridentini,
1630 2038 1694 2071 quo
1713 2027 1836 2061 censuit
1855 2038 1923 2061 ser-

1271 2082 1408 2115 vandum
1435 2091 1505 2115 esse
1530 2080 1617 2114 aliud
1633 2081 1800 2114 decretum
1818 2081 1923 2115 dictae

1270 2135 1524 2178 congregationis
1548 2134 1586 2167 de
1611 2144 1693 2170 anno
1717 2144 1835 2168 itincxvr
1855 2133 1922 2168 edi-

1272 2194 1350 2230 tum,
1364 2200 1439 2232 quo,
1453 2189 1492 2221 ad
1508 2187 1690 2221 instantiam
1704 2189 1841 2222 fratrum
1851 2188 1923 2221 Ter-

1272 2241 1438 2274 Mariorum
1490 2241 1747 2275 Reformatorum
1793 2239 1921 2273 Ordinis

1269 2295 1368 2328 sancti
1384 2294 1546 2328 Francisci
1561 2294 1726 2336 Franciac,
1741 2293 1922 2327 decernitur

1269 2347 1490 2391 superioribus
1514 2348 1713 2391 regularibus
1747 2345 1921 2381 sufficienti

1269 2401 1415 2435 facultate
1433 2401 1472 2434 ad
1489 2401 1519 2434 id
1541 2400 1679 2434 suffultis
1700 2399 1922 2444 (Cappuccinis

1269 2455 1420 2498 exceptis)
1438 2455 1535 2489 licere
1551 2455 1702 2488 mulieres
1719 2454 1758 2487 ad
1775 2453 1923 2487 habitum

1269 2508 1496 2542 Tertiariarum
1522 2509 1676 2553 recipere,
1699 2514 1796 2551 atque
1820 2507 1859 2540 ad
1876 2507 1921 2551 ip-

1269 2572 1321 2595 sos
1337 2570 1390 2597 eas
1408 2562 1563 2597 vestiendi
1585 2562 1728 2597 officium
1745 2560 1918 2606 pertinere,

1192 429 1256 461 xll.
