2243 3205
52 275 101 301 An.
116 273 146 300 C.
165 273 229 301 1661

86 389 232 414 ’transumpto-

53 422 96 439 rum
110 415 169 436 tides.

80 1989 198 2011 Exordium.

849 274 1033 298 ALExANDER
1060 272 1102 297 vlt
1128 275 1175 298 PP.

248 331 390 365 pressam
420 332 456 355 ac
484 322 522 355 de
540 322 636 356 verbo
661 322 699 355 ad
724 322 856 355 verbum
883 322 920 355 de
945 322 992 354 in-

249 374 335 408 dulto
369 374 550 408 huiusmodi
590 376 790 409 mentionem.
825 376 991 417 Ceterum,

249 429 322 472 quia
336 428 461 462 difficile
480 430 559 462 foret
574 430 757 463 earumdem
780 430 991 474 praesentium

249 482 426 515 litterarum
442 483 583 516 notitiam
599 483 635 515 ad
650 494 865 527 quascumque
889 494 994 527 perso-

249 546 306 568 nas
319 536 497 579 pervenire,
514 542 544 569 ct
562 537 678 580 ubique
693 538 761 570 illas
782 543 992 581 praesentare,

250 589 361 621 eadem
380 589 565 624 auctoritate
584 591 728 623 volumus
741 596 770 623 et
783 590 992 632 decernimus,

249 647 402 685 quatenus
427 643 632 687 transumptis
649 643 831 676 carumdem
850 654 994 686 praesen-

250 695 326 728 tium
344 695 531 736 litterarum,
550 707 644 729 manu
665 697 796 729 alicuius
813 697 927 730 notarii
941 708 994 740 pu-

249 747 324 782 blici
357 749 554 793 subscriptis,
580 756 609 782 et
633 749 738 792 sigillo
763 750 895 783 alicuius
920 762 994 794 per-

249 813 345 836 sonae
359 803 388 836 in
407 803 558 846 dignitate
577 803 788 836 ecclesiastica
806 804 993 837 constitutae

250 856 390 897 munitis,
411 856 520 889 eadem
538 856 616 889 sides
641 856 757 900 ubique
784 862 845 889 tam
866 857 897 889 in
914 857 994 889 iudi-

251 909 299 943 cio
332 920 428 954 quam
460 913 546 944 extra
576 910 652 943 illud
680 910 887 951 adhibeatur,
914 921 993 954 quae

250 963 468 1007 praesentibus
492 963 711 1007 adhiberetur,
738 963 762 996 si
787 964 889 997 forent
906 965 993 998 exhi-

249 1016 332 1051 bitae
357 1018 405 1051 vel
430 1021 581 1051 ostensae.

293 1071 405 1104 Datum
427 1072 564 1112 Romae,
585 1071 668 1115 apud
694 1071 723 1105 S.
753 1071 882 1104 Mariam
903 1071 1012 1105 Maio«.

250 1135 340 1165 rem,
369 1125 428 1158 sub
455 1126 572 1158 annulo
599 1125 790 1168 piscatoris,
820 1125 870 1158 die
894 1135 911 1158 v
938 1125 992 1158 de—

250 1178 387 1211 cembris
413 1189 544 1221 MDCLXI,
570 1178 774 1223 pontificatus
804 1179 903 1212 nostri
932 1189 990 1211 an-

249 1242 291 1265 no
308 1242 362 1265 vil.

285 1293 343 1321 Dat.
364 1293 407 1321 die
427 1294 443 1321 5
462 1294 616 1321 decembris
641 1295 716 1328 1661,
738 1294 832 1330 pontif.
854 1302 924 1321 anno
946 1300 992 1321 ru.

537 1437 704 1471 CCCLXVI.

250 1515 423 1550 Imzovatz'o
448 1518 717 1550 constitutionum
743 1521 772 1549 et
793 1517 995 1550 decretorum

294 1572 332 1604 in
351 1572 494 1614 favorem
516 1571 693 1604 sententiae
718 1572 889 1604 asserentis
914 1571 992 1604 ani-

265 1628 271 1629 ’
295 1635 384 1657 mam
408 1624 516 1658 beatae
540 1625 667 1657 Mariae
697 1624 843 1667 Virslinis
876 1625 913 1658 in
942 1625 996 1657 sui

294 1678 455 1710 creatione
472 1682 500 1710 et
519 1679 553 1711 in
574 1688 687 1721 corpus
712 1677 875 1720 infusione
892 1689 912 1710 α
927 1689 996 1721 pec-

293 1735 362 1764 cato
379 1731 540 1774 oriqmatt
551 1735 794 1775 praeservatam
809 1731 908 1774 fuisse
933 1731 996 1764 edi-

298 1788 405 1818 torum
420 1782 438 1817 ¹.

448 1864 613 1891 Alexander
632 1865 712 1897 Papa
731 1864 799 1896 vll,

371 1910 406 1934 ad
427 1912 605 1942 perpetuam
626 1909 672 1935 rei
691 1909 873 1935 memoriam.

296 1978 479 2012 Sollicitudo
494 1979 634 2012 omnium
654 1980 871 2020 ecclesiarum,
889 1990 993 2024 quam,

251 2031 323 2065 licet
349 2031 468 2064 meritis
501 2037 530 2064 et
561 2032 681 2065 viribus
712 2033 805 2075 longe
837 2033 992 2077 impares,

252 2085 307 2119 Dei
332 2085 441 2130 optimi
474 2086 599 2119 maximi
631 2087 788 2120 voluntate
823 2092 853 2119 et
888 2087 993 2130 prori—

252 2139 358 2172 dentia
391 2140 552 2183 gerimuS,
585 2140 617 2171 in
649 2140 678 2172 id
711 2151 767 2173 nos
796 2140 885 2173 anxie
910 2145 994 2173 tenet

251 2192 387 2227 intentos
412 2198 441 2225 et
469 2193 644 2236 vigilantes,
669 2198 702 2225 ut
726 2194 888 2234 scandala,
914 2205 994 2237 quae

252 2246 333 2281 inter
357 2246 466 2280 fideles
489 2257 548 2290 pro
573 2247 729 2280 humanae
762 2251 890 2281 naturae
923 2258 993 2280 cor-

227 2301 398 2344 'ruptione
423 2306 453 2334 ct
477 2301 645 2343 fragilitate
666 2311 792 2334 necesse
818 2306 863 2335 est
889 2307 921 2333 ut
948 2312 994 2334 re-

252 2353 354 2396 niam,
381 2360 532 2398 quantum
559 2354 626 2386 sieri
652 2360 774 2397 potest,
806 2355 993 2397 paucissima

252 2407 444 2447 exoriantur,
463 2412 556 2451 utque
573 2413 690 2447 exorta,
720 2418 812 2450 quam
828 2408 993 2440 celerrime

289 2505 298 2530 1
323 2504 514 2540 Conceptionis
534 2504 561 2530 B.
584 2503 616 2530 M.
640 2503 668 2529 V.
685 2503 830 2538 disputatio
859 2504 993 2539 quomodo

251 2548 286 2574 sit
305 2548 441 2583 prohibita
461 2552 488 2574 et
508 2548 609 2583 punita,
626 2547 684 2573 xiste
698 2547 730 2574 ad
746 2548 859 2574 Constit.
880 2555 993 2574 CLxxvnt

253 2593 291 2620 Pii
302 2594 335 2626 V,
347 2597 410 2620 tom.
424 2600 468 2627 vu,
482 2601 541 2628 pag.
555 2592 616 2624 8723
628 2591 705 2618 Pauli
717 2592 744 2626 V,
762 2592 875 2618 tlonstit.
885 2598 994 2619 cccxxxi

251 2637 315 2673 (al.
336 2638 387 2664 20⁶2
398 2642 417 2670 ),
441 2642 504 2664 tom.
526 2644 578 2670 xit,
605 2645 664 2672 pag.
688 2636 757 2668 3tt5;
788 2640 813 2662 et
840 2636 918 2671 Greg.
943 2637 993 2671 u,

254 2682 367 2711 Constit.
389 2688 440 2709 Lxx
455 2682 506 2717 (al.
527 2681 585 2717 68),
606 2681 673 2708 ibid.
696 2689 757 2716 pag.
780 2681 839 2708 717.

1680 267 1742 301 739

1027 327 1056 355 et
1077 333 1170 366 quam
1189 322 1429 366 diligentissime
1446 330 1667 365 amoveantur3
1696 336 1766 357 nam

1027 375 1063 408 iis
1088 386 1145 419 per
1169 387 1248 419 quos
1275 377 1400 412 veniunt
1418 384 1535 411 certam
1555 379 1674 422 peccati
1700 390 1769 422 per-

1026 429 1151 470 niciem,
1169 430 1282 473 quibus
1300 441 1374 464 vero
1403 432 1594 475 praebentur
1620 443 1768 476 praesens

1027 482 1161 515 afferunt
1187 483 1313 516 labendi
1337 485 1525 528 periculum;
1550 496 1686 529 quorum
1713 496 1769 518 nos

1027 547 1084 579 pro
1109 542 1217 570 nostro
1242 538 1409 580 pastoralis
1430 539 1523 571 officii
1543 539 1647 573 debito
1673 545 1701 572 et
1719 539 1769 571 da-

1029 600 1135 622 mnum
1151 601 1351 634 summopere
1368 592 1522 633 dolemus,
1540 599 1569 626 ct
1586 593 1768 626 discrimine

1027 643 1151 676 assidue
1175 644 1309 677 urimur.

1072 697 1086 740 ἓ
1116 697 1140 729 l.
1167 697 1246 730 Sane
1261 703 1347 730 vetus
1361 704 1407 731 est
1425 699 1675 733 christifidelium
1695 711 1770 743 erga

1028 751 1094 783 eius
1118 751 1329 784 beatissimam
1356 752 1486 785 Matrem
1517 753 1675 796 Virginem
1708 755 1769 787 Ma-

1028 804 1107 836 riam
1133 805 1233 848 pietas
1258 805 1457 839 sentientium
1484 806 1550 839 eius
1572 808 1707 839 animam
1738 808 1768 840 in

1028 857 1132 900 primo
1154 857 1278 890 instanti
1297 858 1463 892 creationis
1488 865 1580 902 atque
1605 860 1769 894 infusionis

1028 909 1057 942 in
1084 921 1200 954 corpus
1224 911 1319 944 fuisse
1350 912 1476 955 speciali
1514 913 1567 944 Dei
1604 914 1704 956 gratia
1741 918 1771 947 et

1028 964 1205 1007 privilegio,
1225 965 1338 998 intuitu
1358 966 1544 999 meritorum
1564 967 1631 999 lesu
1654 967 1770 1001 Christi

1028 1016 1094 1049 eius
1119 1018 1198 1060 Filii,
1224 1018 1352 1050 humani
1379 1019 1504 1061 generis
1529 1020 1768 1063 Redemptor-is,

1028 1080 1043 1101 a
1071 1071 1191 1103 macula
1217 1071 1336 1114 peccati
1355 1072 1517 1114 originalis
1537 1078 1769 1116 praest-matam

1028 1123 1212 1165 immunem,
1237 1128 1329 1168 atque
1356 1125 1385 1157 in
1411 1125 1469 1158 hoc
1495 1127 1669 1159 sensucius
1693 1127 1770 1160 Con-

1028 1177 1180 1220 ceptionis
1205 1178 1402 1211 festivitatem
1428 1180 1559 1212 solemni
1586 1181 1647 1212 ritu
1664 1181 1769 1212 colen-

1028 1230 1105 1262 tium
1132 1236 1161 1263 et
1185 1231 1433 1271 celebrantium,
1469 1233 1628 1276 crevitque
1654 1234 1768 1266 horum

1028 1294 1179 1316 numerus
1213 1290 1306 1328 atque
1342 1285 1523 1319 huiusmodi
1560 1287 1662 1319 cultus
1700 1292 1770 1330 post

1029 1337 1125 1370 editas
1139 1348 1156 1370 a
1170 1337 1267 1370 felicis
1287 1339 1514 1372 recordationis
1532 1339 1618 1373 Sixto
1637 1340 1720 1383 Papa
1734 1341 1770 1373 lv

1029 1391 1273 1434 praedecessore
1297 1398 1405 1425 nostro
1431 1392 1462 1424 in
1486 1393 1552 1426 eius
1574 1394 1770 1426 commenda-

1030 1444 1145 1477 tionem
1171 1445 1358 1488 apostolicas
1383 1445 1643 1488 constitutiones,
1676 1457 1769 1490 quam

1030 1509 1153 1531 sacrum
1180 1498 1352 1531 Concilium
1371 1499 1587 1531 Tridentinum
1613 1500 1771 1532 innovarit

1030 1557 1121 1595 atque
1147 1552 1308 1585 observari
1336 1553 1512 1592 mandarit,
1539 1558 1628 1586 aucta
1661 1565 1769 1586 rursus

1030 1611 1058 1637 et
1091 1612 1261 1648 prorogata
1286 1606 1344 1638 suit
1376 1606 1475 1650 pietas
1504 1607 1579 1639 haec
1608 1612 1638 1639 ct
1670 1607 1770 1640 cultus

1030 1670 1104 1702 erga
1130 1659 1293 1702 Deiparam
1320 1665 1390 1703 post
1416 1665 1518 1692 erecta
1543 1660 1601 1692 hoe
1627 1660 1769 1699 nomine,

1030 1714 1278 1756 approbantibus
1299 1713 1447 1746 Romanis
1472 1714 1685 1755 Pontificibus,
1709 1725 1771 1747 mo-

1030 1767 1166 1799 nasteria
1193 1767 1412 1810 religiosorum
1435 1767 1586 1800 Ordinum
1606 1773 1635 1799 et
1653 1768 1771 1800 confra-

1031 1821 1201 1860 ternitates,
1226 1831 1261 1853 ac
1286 1831 1449 1853 concessas
1475 1821 1512 1853 ab
1539 1820 1648 1853 iisdem
1672 1821 1770 1853 indul-

1029 1875 1160 1917 gentias,
1187 1875 1226 1908 ita
1252 1879 1295 1915 ut,
1313 1875 1532 1908 accedentibus
1557 1886 1682 1918 quoque
1708 1876 1770 1918 plc-

1031 1927 1135 1970 risque
1161 1927 1388 1960 celebrioribus
1418 1928 1588 1960 academiis
1614 1928 1651 1959 ad
1690 1928 1769 1960 hanc

1029 1981 1226 2021 sententiam,
1245 1981 1304 2014 iam
1324 1982 1387 2014 fere
1407 1992 1516 2014 omnes
1534 1981 1679 2014 catholici
1701 1993 1767 2014 eam

1029 2035 1289 2077 complectantur.

1073 2088 1087 2130 ἕ,
1112 2088 1140 2120 2.
1168 2088 1203 2120 Et
1227 2088 1300 2131 quia
1333 2098 1368 2121 ex
1394 2088 1558 2121 occasione
1591 2088 1767 2120 contrariae

1028 2141 1210 2173 assertionis
1242 2141 1271 2173 in
1303 2141 1529 2181 concionibus,
1558 2141 1768 2180 lectionibus,

1028 2195 1281 2227 conclusionibus
1306 2201 1336 2227 et
1360 2195 1480 2228 actibus
1505 2196 1659 2238 publicis,
1685 2194 1768 2238 quod

1028 2259 1140 2292 nempe
1151 2249 1259 2281 eadem
1275 2248 1455 2282 beatissima
1467 2249 1561 2291 Virgo
1571 2249 1665 2281 Maria
1676 2249 1768 2282 suerit

1028 2308 1177 2345 concepta
1202 2313 1271 2335 cum
1298 2308 1426 2346 peccato
1451 2303 1608 2345 originali,
1627 2302 1768 2335 orieban-

1029 2361 1078 2388 tur
1102 2356 1133 2388 in
1159 2356 1276 2399 populo
1300 2356 1470 2390 christiano
1489 2368 1559 2388 cuin
1580 2359 1690 2399 magna
1713 2357 1766 2389 Dci

1027 2408 1144 2442 offensa
1170 2408 1331 2448 scandala,
1358 2408 1460 2451 iurgia
1484 2414 1514 2441 et
1538 2409 1766 2449 dissentiones,

1028 2461 1212 2494 recolendae
1227 2461 1396 2494 memoriae
1410 2462 1523 2494 Paulus
1538 2462 1618 2506 Papa
1628 2463 1660 2504 V,
1673 2463 1765 2495 ctiam

1027 2514 1250 2557 praedecessor
1263 2519 1380 2555 noster,
1399 2515 1494 2548 vetuit
1511 2516 1624 2548 horum
1645 2517 1765 2560 opinio-

1026 2578 1108 2607 nem,
1133 2568 1288 2611 praefatae
1305 2569 1475 2602 sententiae
1493 2569 1694 2609 contrariam,
1713 2581 1765 2612 pu-

1027 2621 1106 2653 blice
1131 2621 1237 2653 doceri
1263 2627 1315 2653 aut
1340 2621 1525 2665 praedicari.
1545 2622 1640 2661 Quam
1658 2622 1763 2665 prohi-

1027 2673 1175 2707 bitionem
1202 2673 1271 2717 piae
1297 2674 1468 2708 memoriae
1505 2674 1675 2717 Gregorius
1702 2675 1761 2707 Pa-

1790 277 1878 303 Aac.
1903 277 1965 304 1661

1811 713 1891 733 Motiva
1907 713 1969 734 huius

1786 739 1952 760 Constitutioms.
