<?xml version="1.0" encoding="UTF-8"?>
<!DOCTYPE html PUBLIC "-//W3C//DTD XHTML 1.0 Transitional//EN"
    "http://www.w3.org/TR/xhtml1/DTD/xhtml1-transitional.dtd">
<html xmlns="http://www.w3.org/1999/xhtml" xml:lang="en" lang="en">
 <head>
  <title>
</title>
<meta http-equiv="Content-Type" content="text/html;charset=utf-8" />
  <meta name='ocr-system' content='tesseract 3.04.00' />
  <meta name='ocr-capabilities' content='ocr_page ocr_carea ocr_par ocr_line ocrx_word'/>
</head>
<body>
  <div class='ocr_page' id='page_1' title='image "./bullarumdiplomat16cath_0727.png"; bbox 0 0 2243 3205; ppageno 0'>
   <div class='ocr_carea' id='block_1_1' title="bbox 22 207 199 238">
    <p class='ocr_par' dir='ltr' id='par_1_1' title="bbox 22 207 199 238">
     <span class='ocr_line' id='line_1_1' title="bbox 22 207 199 238; baseline -0.006 -4"><span class='ocrx_word' id='word_1_1' title='bbox 22 209 69 238; x_wconf 71' lang='lat' dir='ltr'>An.</span> <span class='ocrx_word' id='word_1_2' title='bbox 86 207 114 234; x_wconf 70' lang='grc' dir='ltr'>(ἶ.</span> <span class='ocrx_word' id='word_1_3' title='bbox 137 207 199 234; x_wconf 70' lang='lat' dir='ltr'>teet</span> 
     </span>
    </p>
   </div>
   <div class='ocr_carea' id='block_1_2' title="bbox 19 747 201 874">
    <p class='ocr_par' dir='ltr' id='par_1_2' title="bbox 19 747 201 874">
     <span class='ocr_line' id='line_1_2' title="bbox 52 747 200 768; baseline -0.007 0"><span class='ocrx_word' id='word_1_4' title='bbox 52 747 143 768; x_wconf 64' lang='lat' dir='ltr'>Litteras</span> <span class='ocrx_word' id='word_1_5' title='bbox 164 747 200 767; x_wconf 83' lang='lat' dir='ltr'>ab·</span> 
     </span>
     <span class='ocr_line' id='line_1_3' title="bbox 19 773 200 799; baseline -0.006 -5"><span class='ocrx_word' id='word_1_6' title='bbox 19 773 73 794; x_wconf 72' lang='lat' dir='ltr'>batis</span> <span class='ocrx_word' id='word_1_7' title='bbox 85 775 106 793; x_wconf 79' lang='lat' dir='ltr'>et</span> <span class='ocrx_word' id='word_1_8' title='bbox 114 774 200 799; x_wconf 80' lang='lat' dir='ltr'>capituli</span> 
     </span>
     <span class='ocr_line' id='line_1_4' title="bbox 20 799 201 826; baseline -0.006 -5"><span class='ocrx_word' id='word_1_9' title='bbox 20 799 121 826; x_wconf 72' lang='lat' dir='ltr'>generatis</span> <span class='ocrx_word' id='word_1_10' title='bbox 139 800 201 820; x_wconf 79' lang='lat' dir='ltr'>Ordi-</span> 
     </span>
     <span class='ocr_line' id='line_1_5' title="bbox 19 827 201 847; baseline -0.005 0"><span class='ocrx_word' id='word_1_11' title='bbox 19 827 50 847; x_wconf 72' lang='lat' dir='ltr'>nis</span> <span class='ocrx_word' id='word_1_12' title='bbox 57 827 201 847; x_wconf 74' lang='lat' dir='ltr'>cisterciensis</span> 
     </span>
     <span class='ocr_line' id='line_1_6' title="bbox 20 853 200 874; baseline -0.006 0"><span class='ocrx_word' id='word_1_13' title='bbox 20 853 72 874; x_wconf 53' lang='lat' dir='ltr'>alies</span> <span class='ocrx_word' id='word_1_14' title='bbox 85 853 153 873; x_wconf 78' lang='lat' dir='ltr'>editas</span> <span class='ocrx_word' id='word_1_15' title='bbox 169 859 200 873; x_wconf 78' lang='lat' dir='ltr'>re-</span> 
     </span>
    </p>
   </div>
   <div class='ocr_carea' id='block_1_3' title="bbox 815 205 1139 230">
    <p class='ocr_par' dir='ltr' id='par_1_3' title="bbox 815 205 1139 230">
     <span class='ocr_line' id='line_1_7' title="bbox 815 205 1139 230; baseline -0.006 0"><span class='ocrx_word' id='word_1_16' title='bbox 815 206 998 230; x_wconf 63' lang='lat' dir='ltr'><strong>ALEXANDER</strong></span> <span class='ocrx_word' id='word_1_17' title='bbox 1024 205 1068 228; x_wconf 65' lang='grc' dir='ltr'>ΥΠ</span> <span class='ocrx_word' id='word_1_18' title='bbox 1091 205 1139 229; x_wconf 82' lang='lat' dir='ltr'>PP.</span> 
     </span>
    </p>
   </div>
   <div class='ocr_carea' id='block_1_4' title="bbox 214 254 963 2650">
    <p class='ocr_par' dir='ltr' id='par_1_4' title="bbox 214 254 960 725">
     <span class='ocr_line' id='line_1_8' title="bbox 216 254 956 299; baseline -0.001 -11"><span class='ocrx_word' id='word_1_19' title='bbox 216 254 259 288; x_wconf 83' lang='lat' dir='ltr'>xit</span> <span class='ocrx_word' id='word_1_20' title='bbox 283 255 477 288; x_wconf 80' lang='lat' dir='ltr'>Francorum</span> <span class='ocrx_word' id='word_1_21' title='bbox 504 256 631 299; x_wconf 82' lang='lat' dir='ltr'>reginae</span> <span class='ocrx_word' id='word_1_22' title='bbox 656 255 796 295; x_wconf 86' lang='lat' dir='ltr'>illustris,</span> <span class='ocrx_word' id='word_1_23' title='bbox 818 255 956 288; x_wconf 87' lang='lat' dir='ltr'>eiusdem</span> 
     </span>
     <span class='ocr_line' id='line_1_9' title="bbox 215 309 957 353; baseline 0 -13"><span class='ocrx_word' id='word_1_24' title='bbox 215 309 395 343; x_wconf 83' lang='lat' dir='ltr'>monasterii</span> <span class='ocrx_word' id='word_1_25' title='bbox 410 309 603 349; x_wconf 88' lang='lat' dir='ltr'>fundatricis,</span> <span class='ocrx_word' id='word_1_26' title='bbox 615 309 718 353; x_wconf 84' lang='lat' dir='ltr'>ipsum</span> <span class='ocrx_word' id='word_1_27' title='bbox 733 309 957 342; x_wconf 87' lang='lat' dir='ltr'>monasterium</span> 
     </span>
     <span class='ocr_line' id='line_1_10' title="bbox 214 361 958 395; baseline -0.001 -2"><span class='ocrx_word' id='word_1_28' title='bbox 214 361 358 395; x_wconf 83' lang='lat' dir='ltr'>filiationi</span> <span class='ocrx_word' id='word_1_29' title='bbox 395 361 517 394; x_wconf 83' lang='lat' dir='ltr'>abbatis</span> <span class='ocrx_word' id='word_1_30' title='bbox 553 368 583 394; x_wconf 85' lang='lat' dir='ltr'>et</span> <span class='ocrx_word' id='word_1_31' title='bbox 613 366 783 395; x_wconf 72' lang='lat' dir='ltr'>conventus</span> <span class='ocrx_word' id='word_1_32' title='bbox 820 361 958 395; x_wconf 86' lang='lat' dir='ltr'>Cistercii</span> 
     </span>
     <span class='ocr_line' id='line_1_11' title="bbox 214 415 958 459; baseline 0.001 -13"><span class='ocrx_word' id='word_1_33' title='bbox 214 415 272 447; x_wconf 88' lang='lat' dir='ltr'>fuit</span> <span class='ocrx_word' id='word_1_34' title='bbox 295 425 312 447; x_wconf 92' lang='lat' dir='ltr'>a</span> <span class='ocrx_word' id='word_1_35' title='bbox 338 416 475 459; x_wconf 87' lang='lat' dir='ltr'>capituto</span> <span class='ocrx_word' id='word_1_36' title='bbox 500 416 638 458; x_wconf 82' lang='lat' dir='ltr'>generali</span> <span class='ocrx_word' id='word_1_37' title='bbox 664 415 736 449; x_wconf 86' lang='lat' dir='ltr'>dicti</span> <span class='ocrx_word' id='word_1_38' title='bbox 763 415 887 449; x_wconf 77' lang='lat' dir='ltr'>Ordinis</span> <span class='ocrx_word' id='word_1_39' title='bbox 912 415 958 447; x_wconf 91' lang='lat' dir='ltr'>in-</span> 
     </span>
     <span class='ocr_line' id='line_1_12' title="bbox 216 468 959 512; baseline 0 -12"><span class='ocrx_word' id='word_1_40' title='bbox 216 474 429 512; x_wconf 81' lang='lat' dir='ltr'>corporatum,</span> <span class='ocrx_word' id='word_1_41' title='bbox 445 468 536 512; x_wconf 73' lang='lat' dir='ltr'>atque</span> <span class='ocrx_word' id='word_1_42' title='bbox 555 469 754 502; x_wconf 80' lang='lat' dir='ltr'>omnimodae</span> <span class='ocrx_word' id='word_1_43' title='bbox 770 469 959 501; x_wconf 86' lang='lat' dir='ltr'>iurisdictio-</span> 
     </span>
     <span class='ocr_line' id='line_1_13' title="bbox 215 522 960 565; baseline 0.001 -12"><span class='ocrx_word' id='word_1_44' title='bbox 215 522 244 553; x_wconf 90' lang='lat' dir='ltr'>ni</span> <span class='ocrx_word' id='word_1_45' title='bbox 271 527 301 554; x_wconf 87' lang='lat' dir='ltr'>et</span> <span class='ocrx_word' id='word_1_46' title='bbox 319 522 533 565; x_wconf 87' lang='lat' dir='ltr'>superioritati</span> <span class='ocrx_word' id='word_1_47' title='bbox 551 523 691 555; x_wconf 80' lang='lat' dir='ltr'>eiusdem</span> <span class='ocrx_word' id='word_1_48' title='bbox 711 523 833 555; x_wconf 88' lang='lat' dir='ltr'>abbatis</span> <span class='ocrx_word' id='word_1_49' title='bbox 850 522 960 556; x_wconf 82' lang='lat' dir='ltr'>Cister-</span> 
     </span>
     <span class='ocr_line' id='line_1_14' title="bbox 215 574 958 619; baseline 0.003 -13"><span class='ocrx_word' id='word_1_50' title='bbox 215 574 254 606; x_wconf 90' lang='lat' dir='ltr'>cii</span> <span class='ocrx_word' id='word_1_51' title='bbox 274 581 431 619; x_wconf 85' lang='lat' dir='ltr'>tamquam</span> <span class='ocrx_word' id='word_1_52' title='bbox 454 576 550 619; x_wconf 84' lang='lat' dir='ltr'>patris</span> <span class='ocrx_word' id='word_1_53' title='bbox 576 576 748 608; x_wconf 74' lang='lat' dir='ltr'>immediati</span> <span class='ocrx_word' id='word_1_54' title='bbox 771 576 958 615; x_wconf 73' lang='lat' dir='ltr'>subiectum⁷</span> 
     </span>
     <span class='ocr_line' id='line_1_15' title="bbox 215 628 959 671; baseline 0.001 -10"><span class='ocrx_word' id='word_1_55' title='bbox 215 634 309 671; x_wconf 89' lang='lat' dir='ltr'>prout</span> <span class='ocrx_word' id='word_1_56' title='bbox 335 628 464 660; x_wconf 85' lang='lat' dir='ltr'>uberius</span> <span class='ocrx_word' id='word_1_57' title='bbox 489 629 641 661; x_wconf 75' lang='lat' dir='ltr'>contineri</span> <span class='ocrx_word' id='word_1_58' title='bbox 665 629 780 662; x_wconf 83' lang='lat' dir='ltr'>dieitur</span> <span class='ocrx_word' id='word_1_59' title='bbox 798 629 827 662; x_wconf 93' lang='lat' dir='ltr'>in</span> <span class='ocrx_word' id='word_1_60' title='bbox 849 630 959 662; x_wconf 82' lang='lat' dir='ltr'>litteris</span> 
     </span>
     <span class='ocr_line' id='line_1_16' title="bbox 216 682 781 725; baseline 0.004 -11"><span class='ocrx_word' id='word_1_61' title='bbox 216 682 334 715; x_wconf 86' lang='lat' dir='ltr'>tenoris</span> <span class='ocrx_word' id='word_1_62' title='bbox 358 682 410 725; x_wconf 86' lang='lat' dir='ltr'>qui</span> <span class='ocrx_word' id='word_1_63' title='bbox 438 683 595 725; x_wconf 78' lang='lat' dir='ltr'>seqnitur,</span> <span class='ocrx_word' id='word_1_64' title='bbox 622 683 781 716; x_wconf 65' lang='lat' dir='ltr'>videlicet:</span> 
     </span>
    </p>

    <p class='ocr_par' dir='ltr' id='par_1_5' title="bbox 216 736 963 2650">
     <span class='ocr_line' id='line_1_17' title="bbox 265 736 959 777; baseline 0 -10"><span class='ocrx_word' id='word_1_65' title='bbox 265 748 278 767; x_wconf 87' lang='grc'>((</span> <span class='ocrx_word' id='word_1_66' title='bbox 300 736 372 777; x_wconf 80' lang='lat' dir='ltr'>Nos,</span> <span class='ocrx_word' id='word_1_67' title='bbox 404 736 499 767; x_wconf 83' lang='lat' dir='ltr'>frater</span> <span class='ocrx_word' id='word_1_68' title='bbox 524 736 670 768; x_wconf 87' lang='lat' dir='ltr'>Claudius</span> <span class='ocrx_word' id='word_1_69' title='bbox 696 737 838 776; x_wconf 70' lang='lat' dir='ltr'>Yaussin⁷</span> <span class='ocrx_word' id='word_1_70' title='bbox 863 737 959 768; x_wconf 80' lang='lat' dir='ltr'>abbas</span> 
     </span>
     <span class='ocr_line' id='line_1_18' title="bbox 216 783 959 832; baseline 0 -10"><span class='ocrx_word' id='word_1_71' title='bbox 216 789 373 828; x_wconf 85' lang='lat' dir='ltr'>Cistercii,</span> <span class='ocrx_word' id='word_1_72' title='bbox 403 799 509 821; x_wconf 83' lang='lat' dir='ltr'>sacrae</span> <span class='ocrx_word' id='word_1_73' title='bbox 544 790 721 832; x_wconf 67' lang='lat' dir='ltr'>theologiae</span> <span class='ocrx_word' id='word_1_74' title='bbox 753 790 784 822; x_wconf 93' lang='lat' dir='ltr'>in</span> <span class='ocrx_word' id='word_1_75' title='bbox 815 783 959 823; x_wconf 76' lang='lat' dir='ltr'>facultate</span> 
     </span>
     <span class='ocr_line' id='line_1_19' title="bbox 216 842 959 886; baseline 0.003 -12"><span class='ocrx_word' id='word_1_76' title='bbox 216 842 381 874; x_wconf 84' lang='lat' dir='ltr'>Parisiensi</span> <span class='ocrx_word' id='word_1_77' title='bbox 411 842 538 882; x_wconf 79' lang='lat' dir='ltr'>doctor,</span> <span class='ocrx_word' id='word_1_78' title='bbox 563 843 823 877; x_wconf 77' lang='lat' dir='ltr'>christianissimo</span> <span class='ocrx_word' id='word_1_79' title='bbox 847 845 913 886; x_wconf 75' lang='lat' dir='ltr'>regi</span> <span class='ocrx_word' id='word_1_80' title='bbox 943 855 959 876; x_wconf 94' lang='lat' dir='ltr'>a</span> 
     </span>
     <span class='ocr_line' id='line_1_20' title="bbox 216 896 960 940; baseline 0.004 -13"><span class='ocrx_word' id='word_1_81' title='bbox 216 896 423 928; x_wconf 80' lang='lat' dir='ltr'>sanctioribus</span> <span class='ocrx_word' id='word_1_82' title='bbox 444 897 594 937; x_wconf 82' lang='lat' dir='ltr'>consiliis,</span> <span class='ocrx_word' id='word_1_83' title='bbox 615 902 644 929; x_wconf 87' lang='lat' dir='ltr'>et</span> <span class='ocrx_word' id='word_1_84' title='bbox 662 896 691 928; x_wconf 95' lang='lat' dir='ltr'>in</span> <span class='ocrx_word' id='word_1_85' title='bbox 717 908 868 940; x_wconf 79' lang='lat' dir='ltr'>supremo</span> <span class='ocrx_word' id='word_1_86' title='bbox 887 898 960 930; x_wconf 91' lang='lat' dir='ltr'>Bur-</span> 
     </span>
     <span class='ocr_line' id='line_1_21' title="bbox 216 948 958 993; baseline 0.004 -13"><span class='ocrx_word' id='word_1_87' title='bbox 216 948 351 991; x_wconf 82' lang='lat' dir='ltr'>gundiae</span> <span class='ocrx_word' id='word_1_88' title='bbox 377 955 483 981; x_wconf 87' lang='lat' dir='ltr'>senatu</span> <span class='ocrx_word' id='word_1_89' title='bbox 502 950 624 993; x_wconf 84' lang='lat' dir='ltr'>primus</span> <span class='ocrx_word' id='word_1_90' title='bbox 642 950 839 982; x_wconf 76' lang='lat' dir='ltr'>consiliarius</span> <span class='ocrx_word' id='word_1_91' title='bbox 858 956 958 991; x_wconf 82' lang='lat' dir='ltr'>natus,</span> 
     </span>
     <span class='ocr_line' id='line_1_22' title="bbox 216 1002 960 1047; baseline 0.004 -13"><span class='ocrx_word' id='word_1_92' title='bbox 216 1002 353 1034; x_wconf 73' lang='lat' dir='ltr'>universi</span> <span class='ocrx_word' id='word_1_93' title='bbox 372 1002 586 1036; x_wconf 81' lang='lat' dir='ltr'>Cistereiensis</span> <span class='ocrx_word' id='word_1_94' title='bbox 604 1003 728 1035; x_wconf 87' lang='lat' dir='ltr'>Ordinis</span> <span class='ocrx_word' id='word_1_95' title='bbox 747 1009 836 1047; x_wconf 81' lang='lat' dir='ltr'>capnt</span> <span class='ocrx_word' id='word_1_96' title='bbox 860 1014 895 1036; x_wconf 90' lang='lat' dir='ltr'>ac</span> <span class='ocrx_word' id='word_1_97' title='bbox 913 1015 960 1037; x_wconf 89' lang='lat' dir='ltr'>su-</span> 
     </span>
     <span class='ocr_line' id='line_1_23' title="bbox 216 1056 959 1100; baseline 0.003 -13"><span class='ocrx_word' id='word_1_98' title='bbox 216 1056 322 1098; x_wconf 81' lang='lat' dir='ltr'>perior</span> <span class='ocrx_word' id='word_1_99' title='bbox 340 1056 506 1098; x_wconf 67' lang='lat' dir='ltr'>gmeralis,</span> <span class='ocrx_word' id='word_1_100' title='bbox 529 1056 733 1100; x_wconf 83' lang='lat' dir='ltr'>eiusdemque</span> <span class='ocrx_word' id='word_1_101' title='bbox 757 1057 882 1100; x_wconf 84' lang='lat' dir='ltr'>capituli</span> <span class='ocrx_word' id='word_1_102' title='bbox 909 1068 959 1100; x_wconf 76' lang='lat' dir='ltr'>ge-</span> 
     </span>
     <span class='ocr_line' id='line_1_24' title="bbox 216 1109 959 1152; baseline 0.004 -12"><span class='ocrx_word' id='word_1_103' title='bbox 216 1109 331 1140; x_wconf 86' lang='lat' dir='ltr'>neralis</span> <span class='ocrx_word' id='word_1_104' title='bbox 348 1109 487 1152; x_wconf 78' lang='lat' dir='ltr'>plenaria</span> <span class='ocrx_word' id='word_1_105' title='bbox 506 1109 691 1142; x_wconf 90' lang='lat' dir='ltr'>anctoritate</span> <span class='ocrx_word' id='word_1_106' title='bbox 705 1110 848 1152; x_wconf 77' lang='lat' dir='ltr'>fungens.</span> <span class='ocrx_word' id='word_1_107' title='bbox 863 1111 959 1143; x_wconf 87' lang='lat' dir='ltr'>omni-</span> 
     </span>
     <span class='ocr_line' id='line_1_25' title="bbox 216 1161 957 1206; baseline 0.003 -12"><span class='ocrx_word' id='word_1_108' title='bbox 216 1161 274 1194; x_wconf 86' lang='lat' dir='ltr'>bus</span> <span class='ocrx_word' id='word_1_109' title='bbox 297 1168 478 1205; x_wconf 69' lang='lat' dir='ltr'>praesentes</span> <span class='ocrx_word' id='word_1_110' title='bbox 502 1162 622 1194; x_wconf 76' lang='lat' dir='ltr'>litteras</span> <span class='ocrx_word' id='word_1_111' title='bbox 644 1163 832 1206; x_wconf 86' lang='lat' dir='ltr'>inspecturis</span> <span class='ocrx_word' id='word_1_112' title='bbox 849 1169 957 1197; x_wconf 87' lang='lat' dir='ltr'>notum</span> 
     </span>
     <span class='ocr_line' id='line_1_26' title="bbox 216 1216 958 1259; baseline 0.003 -11"><span class='ocrx_word' id='word_1_113' title='bbox 216 1226 284 1248; x_wconf 88' lang='lat' dir='ltr'>esse</span> <span class='ocrx_word' id='word_1_114' title='bbox 301 1216 456 1257; x_wconf 78' lang='lat' dir='ltr'>volumus,</span> <span class='ocrx_word' id='word_1_115' title='bbox 482 1216 576 1259; x_wconf 83' lang='lat' dir='ltr'>quod,</span> <span class='ocrx_word' id='word_1_116' title='bbox 595 1227 665 1249; x_wconf 87' lang='lat' dir='ltr'>eum</span> <span class='ocrx_word' id='word_1_117' title='bbox 687 1217 843 1250; x_wconf 75' lang='lat' dir='ltr'>exhibitae</span> <span class='ocrx_word' id='word_1_118' title='bbox 869 1218 958 1250; x_wconf 86' lang='lat' dir='ltr'>nobis</span> 
     </span>
     <span class='ocr_line' id='line_1_27' title="bbox 217 1268 955 1312; baseline 0.004 -12"><span class='ocrx_word' id='word_1_119' title='bbox 217 1268 332 1301; x_wconf 82' lang='lat' dir='ltr'>fuerint</span> <span class='ocrx_word' id='word_1_120' title='bbox 349 1274 491 1312; x_wconf 87' lang='lat' dir='ltr'>patentes</span> <span class='ocrx_word' id='word_1_121' title='bbox 505 1269 657 1312; x_wconf 78' lang='lat' dir='ltr'>quaedam</span> <span class='ocrx_word' id='word_1_122' title='bbox 676 1269 798 1302; x_wconf 81' lang='lat' dir='ltr'>litterae</span> <span class='ocrx_word' id='word_1_123' title='bbox 823 1281 839 1302; x_wconf 88' lang='lat' dir='ltr'>a</span> <span class='ocrx_word' id='word_1_124' title='bbox 864 1281 955 1304; x_wconf 72' lang='lat' dir='ltr'>reve-</span> 
     </span>
     <span class='ocr_line' id='line_1_28' title="bbox 217 1321 960 1367; baseline 0.004 -13"><span class='ocrx_word' id='word_1_125' title='bbox 217 1321 404 1355; x_wconf 89' lang='lat' dir='ltr'>rendissimo</span> <span class='ocrx_word' id='word_1_126' title='bbox 429 1323 671 1365; x_wconf 72' lang='lat' dir='ltr'>praedecessore</span> <span class='ocrx_word' id='word_1_127' title='bbox 689 1329 796 1356; x_wconf 86' lang='lat' dir='ltr'>nostro</span> <span class='ocrx_word' id='word_1_128' title='bbox 812 1324 879 1367; x_wconf 82' lang='lat' dir='ltr'>piae</span> <span class='ocrx_word' id='word_1_129' title='bbox 897 1335 960 1357; x_wconf 91' lang='lat' dir='ltr'>me-</span> 
     </span>
     <span class='ocr_line' id='line_1_29' title="bbox 217 1376 955 1411; baseline 0.005 -4"><span class='ocrx_word' id='word_1_130' title='bbox 217 1376 338 1408; x_wconf 86' lang='lat' dir='ltr'>moriae</span> <span class='ocrx_word' id='word_1_131' title='bbox 361 1376 521 1408; x_wconf 86' lang='lat' dir='ltr'>Bonifaeio</span> <span class='ocrx_word' id='word_1_132' title='bbox 545 1376 658 1408; x_wconf 80' lang='lat' dir='ltr'>abbate</span> <span class='ocrx_word' id='word_1_133' title='bbox 682 1376 822 1409; x_wconf 86' lang='lat' dir='ltr'>Cistercii</span> <span class='ocrx_word' id='word_1_134' title='bbox 849 1381 877 1411; x_wconf 85' lang='lat' dir='ltr'>et</span> <span class='ocrx_word' id='word_1_135' title='bbox 902 1389 955 1411; x_wconf 91' lang='lat' dir='ltr'>ea-</span> 
     </span>
     <span class='ocr_line' id='line_1_30' title="bbox 216 1429 958 1473; baseline 0.003 -11"><span class='ocrx_word' id='word_1_136' title='bbox 216 1429 316 1473; x_wconf 90' lang='lat' dir='ltr'>pitulo</span> <span class='ocrx_word' id='word_1_137' title='bbox 331 1430 469 1472; x_wconf 80' lang='lat' dir='ltr'>generali</span> <span class='ocrx_word' id='word_1_138' title='bbox 484 1430 521 1462; x_wconf 91' lang='lat' dir='ltr'>de</span> <span class='ocrx_word' id='word_1_139' title='bbox 542 1440 623 1463; x_wconf 90' lang='lat' dir='ltr'>anno</span> <span class='ocrx_word' id='word_1_140' title='bbox 638 1441 774 1464; x_wconf 78' lang='lat' dir='ltr'>tucchlv</span> <span class='ocrx_word' id='word_1_141' title='bbox 788 1437 958 1471; x_wconf 86' lang='lat' dir='ltr'>emanatae‚</span> 
     </span>
     <span class='ocr_line' id='line_1_31' title="bbox 217 1483 960 1526; baseline 0.003 -11"><span class='ocrx_word' id='word_1_142' title='bbox 217 1493 352 1526; x_wconf 87' lang='lat' dir='ltr'>quarum</span> <span class='ocrx_word' id='word_1_143' title='bbox 370 1487 460 1516; x_wconf 88' lang='lat' dir='ltr'>tenor</span> <span class='ocrx_word' id='word_1_144' title='bbox 476 1483 627 1526; x_wconf 88' lang='lat' dir='ltr'>sequitur,</span> <span class='ocrx_word' id='word_1_145' title='bbox 642 1489 670 1516; x_wconf 91' lang='lat' dir='ltr'>et</span> <span class='ocrx_word' id='word_1_146' title='bbox 685 1489 731 1516; x_wconf 89' lang='lat' dir='ltr'>est</span> <span class='ocrx_word' id='word_1_147' title='bbox 748 1484 834 1516; x_wconf 88' lang='lat' dir='ltr'>talis:</span> <span class='ocrx_word' id='word_1_148' title='bbox 862 1497 873 1515; x_wconf 67' lang='grc' dir='ltr'><strong>α</strong></span> <span class='ocrx_word' id='word_1_149' title='bbox 891 1485 960 1518; x_wconf 93' lang='lat' dir='ltr'>Uni-</span> 
     </span>
     <span class='ocr_line' id='line_1_32' title="bbox 217 1536 960 1580; baseline 0.004 -12"><span class='ocrx_word' id='word_1_150' title='bbox 217 1536 316 1569; x_wconf 86' lang='lat' dir='ltr'>versis</span> <span class='ocrx_word' id='word_1_151' title='bbox 340 1536 597 1568; x_wconf 82' lang='lat' dir='ltr'>christifidelibus</span> <span class='ocrx_word' id='word_1_152' title='bbox 632 1541 812 1580; x_wconf 75' lang='lat' dir='ltr'>praesentes</span> <span class='ocrx_word' id='word_1_153' title='bbox 841 1538 960 1571; x_wconf 79' lang='lat' dir='ltr'>litteras</span> 
     </span>
     <span class='ocr_line' id='line_1_33' title="bbox 218 1588 956 1632; baseline 0.004 -11"><span class='ocrx_word' id='word_1_154' title='bbox 218 1588 428 1632; x_wconf 90' lang='lat' dir='ltr'>inspecturis,</span> <span class='ocrx_word' id='word_1_155' title='bbox 453 1589 549 1622; x_wconf 85' lang='lat' dir='ltr'>frater</span> <span class='ocrx_word' id='word_1_156' title='bbox 578 1589 754 1622; x_wconf 84' lang='lat' dir='ltr'>Bonifaeius</span> <span class='ocrx_word' id='word_1_157' title='bbox 786 1590 881 1623; x_wconf 87' lang='lat' dir='ltr'>abbas</span> <span class='ocrx_word' id='word_1_158' title='bbox 905 1592 956 1625; x_wconf 86' lang='lat' dir='ltr'>Ci-</span> 
     </span>
     <span class='ocr_line' id='line_1_34' title="bbox 217 1643 956 1686; baseline 0.004 -11"><span class='ocrx_word' id='word_1_159' title='bbox 217 1643 334 1683; x_wconf 86' lang='lat' dir='ltr'>stercii,</span> <span class='ocrx_word' id='word_1_160' title='bbox 359 1648 505 1686; x_wconf 83' lang='lat' dir='ltr'>totusque</span> <span class='ocrx_word' id='word_1_161' title='bbox 531 1649 702 1676; x_wconf 87' lang='lat' dir='ltr'>conventus</span> <span class='ocrx_word' id='word_1_162' title='bbox 727 1644 875 1677; x_wconf 85' lang='lat' dir='ltr'>abbatum</span> <span class='ocrx_word' id='word_1_163' title='bbox 902 1656 956 1679; x_wconf 80' lang='lat' dir='ltr'>ca-</span> 
     </span>
     <span class='ocr_line' id='line_1_35' title="bbox 216 1696 958 1739; baseline 0.005 -11"><span class='ocrx_word' id='word_1_164' title='bbox 216 1696 306 1739; x_wconf 90' lang='lat' dir='ltr'>pituli</span> <span class='ocrx_word' id='word_1_165' title='bbox 321 1697 487 1739; x_wconf 86' lang='lat' dir='ltr'>generalis,</span> <span class='ocrx_word' id='word_1_166' title='bbox 502 1697 632 1729; x_wconf 87' lang='lat' dir='ltr'>salutem</span> <span class='ocrx_word' id='word_1_167' title='bbox 647 1697 677 1729; x_wconf 92' lang='lat' dir='ltr'>in</span> <span class='ocrx_word' id='word_1_168' title='bbox 693 1698 800 1730; x_wconf 89' lang='lat' dir='ltr'>salutis</span> <span class='ocrx_word' id='word_1_169' title='bbox 815 1699 958 1732; x_wconf 86' lang='lat' dir='ltr'>authore.</span> 
     </span>
     <span class='ocr_line' id='line_1_36' title="bbox 217 1749 956 1795; baseline 0.005 -14"><span class='ocrx_word' id='word_1_170' title='bbox 217 1749 416 1782; x_wconf 88' lang='lat' dir='ltr'>Universitati</span> <span class='ocrx_word' id='word_1_171' title='bbox 443 1755 565 1783; x_wconf 81' lang='lat' dir='ltr'>vestrae</span> <span class='ocrx_word' id='word_1_172' title='bbox 589 1752 801 1794; x_wconf 84' lang='lat' dir='ltr'>praesentium</span> <span class='ocrx_word' id='word_1_173' title='bbox 833 1753 956 1795; x_wconf 79' lang='lat' dir='ltr'>signifi-</span> 
     </span>
     <span class='ocr_line' id='line_1_37' title="bbox 218 1804 960 1848; baseline 0.003 -11"><span class='ocrx_word' id='word_1_174' title='bbox 218 1804 340 1837; x_wconf 79' lang='lat' dir='ltr'>catione</span> <span class='ocrx_word' id='word_1_175' title='bbox 374 1804 577 1844; x_wconf 81' lang='lat' dir='ltr'>intimamus,</span> <span class='ocrx_word' id='word_1_176' title='bbox 606 1805 711 1848; x_wconf 84' lang='lat' dir='ltr'>quod,</span> <span class='ocrx_word' id='word_1_177' title='bbox 737 1816 806 1838; x_wconf 88' lang='lat' dir='ltr'>eum</span> <span class='ocrx_word' id='word_1_178' title='bbox 833 1806 960 1839; x_wconf 90' lang='lat' dir='ltr'>domina</span> 
     </span>
     <span class='ocr_line' id='line_1_38' title="bbox 218 1856 958 1900; baseline 0.004 -11"><span class='ocrx_word' id='word_1_179' title='bbox 218 1856 363 1899; x_wconf 85' lang='lat' dir='ltr'>Blaneba‚</span> <span class='ocrx_word' id='word_1_180' title='bbox 385 1857 514 1890; x_wconf 87' lang='lat' dir='ltr'>illustris</span> <span class='ocrx_word' id='word_1_181' title='bbox 528 1858 637 1900; x_wconf 81' lang='lat' dir='ltr'>regina</span> <span class='ocrx_word' id='word_1_182' title='bbox 651 1858 810 1899; x_wconf 61' lang='lat' dir='ltr'>Francffle,</span> <span class='ocrx_word' id='word_1_183' title='bbox 822 1860 958 1892; x_wconf 85' lang='lat' dir='ltr'>nobilem</span> 
     </span>
     <span class='ocr_line' id='line_1_39' title="bbox 218 1909 960 1955; baseline 0.004 -13"><span class='ocrx_word' id='word_1_184' title='bbox 218 1909 375 1942; x_wconf 86' lang='lat' dir='ltr'>abbatiam</span> <span class='ocrx_word' id='word_1_185' title='bbox 406 1910 710 1952; x_wconf 83' lang='lat' dir='ltr'>sanctimonialium,</span> <span class='ocrx_word' id='word_1_186' title='bbox 736 1922 817 1955; x_wconf 88' lang='lat' dir='ltr'>qnae</span> <span class='ocrx_word' id='word_1_187' title='bbox 846 1912 960 1945; x_wconf 85' lang='lat' dir='ltr'>dicitur</span> 
     </span>
     <span class='ocr_line' id='line_1_40' title="bbox 218 1963 957 2006; baseline 0.005 -11"><span class='ocrx_word' id='word_1_188' title='bbox 218 1963 340 1996; x_wconf 87' lang='lat' dir='ltr'>abbatia</span> <span class='ocrx_word' id='word_1_189' title='bbox 365 1963 396 1996; x_wconf 89' lang='lat' dir='ltr'>B.</span> <span class='ocrx_word' id='word_1_190' title='bbox 422 1964 536 1996; x_wconf 87' lang='lat' dir='ltr'>Mariae</span> <span class='ocrx_word' id='word_1_191' title='bbox 561 1964 685 2006; x_wconf 81' lang='lat' dir='ltr'>Regalis</span> <span class='ocrx_word' id='word_1_192' title='bbox 710 1965 792 1997; x_wconf 83' lang='lat' dir='ltr'>iuxta</span> <span class='ocrx_word' id='word_1_193' title='bbox 814 1966 957 1999; x_wconf 89' lang='lat' dir='ltr'>Pontisa-</span> 
     </span>
     <span class='ocr_line' id='line_1_41' title="bbox 219 2016 961 2058; baseline 0.004 -9"><span class='ocrx_word' id='word_1_194' title='bbox 219 2027 297 2058; x_wconf 87' lang='lat' dir='ltr'>ram,</span> <span class='ocrx_word' id='word_1_195' title='bbox 319 2016 487 2056; x_wconf 79' lang='lat' dir='ltr'>fundasset,</span> <span class='ocrx_word' id='word_1_196' title='bbox 505 2016 699 2050; x_wconf 83' lang='lat' dir='ltr'>aedificasset</span> <span class='ocrx_word' id='word_1_197' title='bbox 717 2023 746 2050; x_wconf 87' lang='lat' dir='ltr'>et</span> <span class='ocrx_word' id='word_1_198' title='bbox 770 2019 961 2052; x_wconf 83' lang='lat' dir='ltr'>sufficienter</span> 
     </span>
     <span class='ocr_line' id='line_1_42' title="bbox 219 2070 961 2113; baseline 0.003 -10"><span class='ocrx_word' id='word_1_199' title='bbox 219 2070 355 2103; x_wconf 88' lang='lat' dir='ltr'>dotasset</span> <span class='ocrx_word' id='word_1_200' title='bbox 380 2081 438 2113; x_wconf 89' lang='lat' dir='ltr'>pro</span> <span class='ocrx_word' id='word_1_201' title='bbox 454 2070 595 2103; x_wconf 88' lang='lat' dir='ltr'>remedio</span> <span class='ocrx_word' id='word_1_202' title='bbox 613 2071 735 2103; x_wconf 83' lang='lat' dir='ltr'>animae</span> <span class='ocrx_word' id='word_1_203' title='bbox 755 2082 829 2104; x_wconf 88' lang='lat' dir='ltr'>suae</span> <span class='ocrx_word' id='word_1_204' title='bbox 847 2078 876 2104; x_wconf 90' lang='lat' dir='ltr'>et</span> <span class='ocrx_word' id='word_1_205' title='bbox 893 2083 961 2105; x_wconf 89' lang='lat' dir='ltr'>suo-</span> 
     </span>
     <span class='ocr_line' id='line_1_43' title="bbox 220 2124 959 2170; baseline 0.004 -14"><span class='ocrx_word' id='word_1_206' title='bbox 220 2135 301 2165; x_wconf 82' lang='lat' dir='ltr'>rum,</span> <span class='ocrx_word' id='word_1_207' title='bbox 312 2124 441 2167; x_wconf 82' lang='lat' dir='ltr'>cupiens</span> <span class='ocrx_word' id='word_1_208' title='bbox 456 2125 661 2167; x_wconf 85' lang='lat' dir='ltr'>imposterum</span> <span class='ocrx_word' id='word_1_209' title='bbox 680 2125 846 2168; x_wconf 81' lang='lat' dir='ltr'>providere</span> <span class='ocrx_word' id='word_1_210' title='bbox 864 2126 959 2170; x_wconf 88' lang='lat' dir='ltr'>quieti</span> 
     </span>
     <span class='ocr_line' id='line_1_44' title="bbox 220 2178 959 2222; baseline 0.001 -11"><span class='ocrx_word' id='word_1_211' title='bbox 220 2183 252 2211; x_wconf 79' lang='lat' dir='ltr'>et</span> <span class='ocrx_word' id='word_1_212' title='bbox 274 2178 342 2222; x_wconf 78' lang='lat' dir='ltr'>paci</span> <span class='ocrx_word' id='word_1_213' title='bbox 364 2178 518 2211; x_wconf 88' lang='lat' dir='ltr'>dictarum</span> <span class='ocrx_word' id='word_1_214' title='bbox 539 2178 822 2211; x_wconf 74' lang='lat' dir='ltr'>sanctimonialium</span> <span class='ocrx_word' id='word_1_215' title='bbox 844 2179 959 2212; x_wconf 84' lang='lat' dir='ltr'>ibidem</span> 
     </span>
     <span class='ocr_line' id='line_1_45' title="bbox 221 2231 960 2276; baseline 0.003 -12"><span class='ocrx_word' id='word_1_216' title='bbox 221 2232 284 2265; x_wconf 90' lang='lat' dir='ltr'>Deo</span> <span class='ocrx_word' id='word_1_217' title='bbox 309 2231 521 2272; x_wconf 85' lang='lat' dir='ltr'>servientium,</span> <span class='ocrx_word' id='word_1_218' title='bbox 546 2231 643 2275; x_wconf 60' lang='lat' dir='ltr'>yoluit</span> <span class='ocrx_word' id='word_1_219' title='bbox 668 2237 697 2264; x_wconf 89' lang='lat' dir='ltr'>et</span> <span class='ocrx_word' id='word_1_220' title='bbox 721 2232 882 2265; x_wconf 88' lang='lat' dir='ltr'>humiliter</span> <span class='ocrx_word' id='word_1_221' title='bbox 904 2244 960 2276; x_wconf 92' lang='lat' dir='ltr'>po-</span> 
     </span>
     <span class='ocr_line' id='line_1_46' title="bbox 222 2284 961 2328; baseline 0 -11"><span class='ocrx_word' id='word_1_222' title='bbox 222 2285 356 2326; x_wconf 77' lang='lat' dir='ltr'>stulavit⁷</span> <span class='ocrx_word' id='word_1_223' title='bbox 382 2284 464 2328; x_wconf 86' lang='lat' dir='ltr'>quod</span> <span class='ocrx_word' id='word_1_224' title='bbox 491 2289 572 2317; x_wconf 85' lang='lat' dir='ltr'>esset</span> <span class='ocrx_word' id='word_1_225' title='bbox 596 2284 715 2316; x_wconf 87' lang='lat' dir='ltr'>abbatis</span> <span class='ocrx_word' id='word_1_226' title='bbox 740 2290 770 2317; x_wconf 88' lang='lat' dir='ltr'>et</span> <span class='ocrx_word' id='word_1_227' title='bbox 790 2292 961 2318; x_wconf 82' lang='lat' dir='ltr'>conventus</span> 
     </span>
     <span class='ocr_line' id='line_1_47' title="bbox 221 2338 961 2381; baseline 0.001 -10"><span class='ocrx_word' id='word_1_228' title='bbox 221 2338 360 2372; x_wconf 83' lang='lat' dir='ltr'>Cistercii</span> <span class='ocrx_word' id='word_1_229' title='bbox 386 2338 449 2370; x_wconf 87' lang='lat' dir='ltr'>lilia</span> <span class='ocrx_word' id='word_1_230' title='bbox 474 2338 625 2381; x_wconf 83' lang='lat' dir='ltr'>specialis.</span> <span class='ocrx_word' id='word_1_231' title='bbox 652 2338 714 2370; x_wconf 79' lang='lat' dir='ltr'>Nos</span> <span class='ocrx_word' id='word_1_232' title='bbox 740 2339 849 2381; x_wconf 81' lang='lat' dir='ltr'>igitur,</span> <span class='ocrx_word' id='word_1_233' title='bbox 881 2339 961 2372; x_wconf 87' lang='lat' dir='ltr'>laeto</span> 
     </span>
     <span class='ocr_line' id='line_1_48' title="bbox 222 2392 962 2435; baseline 0 -10"><span class='ocrx_word' id='word_1_234' title='bbox 222 2392 327 2425; x_wconf 85' lang='lat' dir='ltr'>animo</span> <span class='ocrx_word' id='word_1_235' title='bbox 353 2397 455 2424; x_wconf 83' lang='lat' dir='ltr'>tantae</span> <span class='ocrx_word' id='word_1_236' title='bbox 480 2392 624 2425; x_wconf 86' lang='lat' dir='ltr'>dominae</span> <span class='ocrx_word' id='word_1_237' title='bbox 654 2393 799 2435; x_wconf 88' lang='lat' dir='ltr'>precibus</span> <span class='ocrx_word' id='word_1_238' title='bbox 827 2403 962 2425; x_wconf 88' lang='lat' dir='ltr'>annuen-</span> 
     </span>
     <span class='ocr_line' id='line_1_49' title="bbox 223 2446 963 2487; baseline 0 -8"><span class='ocrx_word' id='word_1_239' title='bbox 223 2449 278 2486; x_wconf 82' lang='lat' dir='ltr'>tes,</span> <span class='ocrx_word' id='word_1_240' title='bbox 303 2446 486 2479; x_wconf 87' lang='lat' dir='ltr'>ordinamus</span> <span class='ocrx_word' id='word_1_241' title='bbox 511 2451 540 2478; x_wconf 91' lang='lat' dir='ltr'>et</span> <span class='ocrx_word' id='word_1_242' title='bbox 565 2446 740 2487; x_wconf 79' lang='lat' dir='ltr'>statuimus,</span> <span class='ocrx_word' id='word_1_243' title='bbox 762 2452 795 2479; x_wconf 89' lang='lat' dir='ltr'>ut</span> <span class='ocrx_word' id='word_1_244' title='bbox 814 2447 896 2480; x_wconf 90' lang='lat' dir='ltr'>dicta</span> <span class='ocrx_word' id='word_1_245' title='bbox 913 2447 963 2479; x_wconf 91' lang='lat' dir='ltr'>ab-</span> 
     </span>
     <span class='ocr_line' id='line_1_50' title="bbox 222 2496 962 2543; baseline 0.003 -12"><span class='ocrx_word' id='word_1_246' title='bbox 222 2496 306 2532; x_wconf 84' lang='lat' dir='ltr'>batia</span> <span class='ocrx_word' id='word_1_247' title='bbox 334 2499 364 2531; x_wconf 87' lang='lat' dir='ltr'>B.</span> <span class='ocrx_word' id='word_1_248' title='bbox 398 2499 511 2532; x_wconf 80' lang='lat' dir='ltr'>Mariae</span> <span class='ocrx_word' id='word_1_249' title='bbox 544 2499 669 2542; x_wconf 77' lang='lat' dir='ltr'>Regalis</span> <span class='ocrx_word' id='word_1_250' title='bbox 696 2500 736 2532; x_wconf 91' lang='lat' dir='ltr'>ita</span> <span class='ocrx_word' id='word_1_251' title='bbox 768 2500 862 2543; x_wconf 91' lang='lat' dir='ltr'>pleno</span> <span class='ocrx_word' id='word_1_252' title='bbox 894 2499 962 2533; x_wconf 93' lang='lat' dir='ltr'>iure</span> 
     </span>
     <span class='ocr_line' id='line_1_51' title="bbox 222 2552 959 2596; baseline 0.001 -12"><span class='ocrx_word' id='word_1_253' title='bbox 222 2552 378 2596; x_wconf 85' lang='lat' dir='ltr'>pertineat</span> <span class='ocrx_word' id='word_1_254' title='bbox 401 2552 439 2584; x_wconf 87' lang='lat' dir='ltr'>ad</span> <span class='ocrx_word' id='word_1_255' title='bbox 464 2552 611 2585; x_wconf 89' lang='lat' dir='ltr'>abbatem</span> <span class='ocrx_word' id='word_1_256' title='bbox 637 2558 667 2585; x_wconf 92' lang='lat' dir='ltr'>et</span> <span class='ocrx_word' id='word_1_257' title='bbox 694 2558 882 2586; x_wconf 79' lang='lat' dir='ltr'>conventum</span> <span class='ocrx_word' id='word_1_258' title='bbox 907 2553 959 2586; x_wconf 90' lang='lat' dir='ltr'>Ci-</span> 
     </span>
     <span class='ocr_line' id='line_1_52' title="bbox 223 2605 961 2650; baseline 0 -12"><span class='ocrx_word' id='word_1_259' title='bbox 223 2605 326 2639; x_wconf 77' lang='lat' dir='ltr'>stercii</span> <span class='ocrx_word' id='word_1_260' title='bbox 364 2605 560 2649; x_wconf 81' lang='lat' dir='ltr'>supradictos</span> <span class='ocrx_word' id='word_1_261' title='bbox 585 2606 687 2650; x_wconf 85' lang='lat' dir='ltr'>quoad</span> <span class='ocrx_word' id='word_1_262' title='bbox 715 2606 961 2647; x_wconf 85' lang='lat' dir='ltr'>institutionem,</span> 
     </span>
    </p>
   </div>
   <div class='ocr_carea' id='block_1_5' title="bbox 992 253 1737 2543">
    <p class='ocr_par' dir='ltr' id='par_1_6' title="bbox 992 253 1737 2212">
     <span class='ocr_line' id='line_1_53' title="bbox 992 253 1730 294; baseline 0 -9"><span class='ocrx_word' id='word_1_263' title='bbox 992 254 1238 294; x_wconf 77' lang='lat' dir='ltr'>destitutionem,</span> <span class='ocrx_word' id='word_1_264' title='bbox 1261 254 1478 294; x_wconf 61' lang='lat' dir='ltr'>visitationem,</span> <span class='ocrx_word' id='word_1_265' title='bbox 1501 253 1730 287; x_wconf 81' lang='lat' dir='ltr'>correctionem</span> 
     </span>
     <span class='ocr_line' id='line_1_54' title="bbox 992 307 1732 351; baseline 0 -12"><span class='ocrx_word' id='word_1_266' title='bbox 992 312 1021 340; x_wconf 88' lang='lat' dir='ltr'>et</span> <span class='ocrx_word' id='word_1_267' title='bbox 1047 307 1328 347; x_wconf 83' lang='lat' dir='ltr'>reformationem,</span> <span class='ocrx_word' id='word_1_268' title='bbox 1354 312 1383 339; x_wconf 90' lang='lat' dir='ltr'>et</span> <span class='ocrx_word' id='word_1_269' title='bbox 1408 307 1512 340; x_wconf 88' lang='lat' dir='ltr'>omnia</span> <span class='ocrx_word' id='word_1_270' title='bbox 1546 307 1626 349; x_wconf 87' lang='lat' dir='ltr'>alia,</span> <span class='ocrx_word' id='word_1_271' title='bbox 1653 317 1732 351; x_wconf 89' lang='lat' dir='ltr'>quae</span> 
     </span>
     <span class='ocr_line' id='line_1_55' title="bbox 992 359 1733 404; baseline 0 -12"><span class='ocrx_word' id='word_1_272' title='bbox 992 360 1071 404; x_wconf 92' lang='lat' dir='ltr'>patri</span> <span class='ocrx_word' id='word_1_273' title='bbox 1098 359 1203 392; x_wconf 85' lang='lat' dir='ltr'>abbati</span> <span class='ocrx_word' id='word_1_274' title='bbox 1237 361 1266 392; x_wconf 90' lang='lat' dir='ltr'>in</span> <span class='ocrx_word' id='word_1_275' title='bbox 1299 363 1354 393; x_wconf 80' lang='lat' dir='ltr'>sua</span> <span class='ocrx_word' id='word_1_276' title='bbox 1392 361 1453 392; x_wconf 74' lang='lat' dir='ltr'>tilia</span> <span class='ocrx_word' id='word_1_277' title='bbox 1480 364 1664 404; x_wconf 81' lang='lat' dir='ltr'>competunt</span> <span class='ocrx_word' id='word_1_278' title='bbox 1695 360 1733 392; x_wconf 91' lang='lat' dir='ltr'>de</span> 
     </span>
     <span class='ocr_line' id='line_1_56' title="bbox 993 414 1734 458; baseline 0.001 -12"><span class='ocrx_word' id='word_1_279' title='bbox 993 414 1060 446; x_wconf 90' lang='lat' dir='ltr'>iure</span> <span class='ocrx_word' id='word_1_280' title='bbox 1085 414 1210 447; x_wconf 88' lang='lat' dir='ltr'>Ordinis</span> <span class='ocrx_word' id='word_1_281' title='bbox 1228 415 1452 453; x_wconf 81' lang='lat' dir='ltr'>Cistereiensis,</span> <span class='ocrx_word' id='word_1_282' title='bbox 1470 415 1552 458; x_wconf 89' lang='lat' dir='ltr'>quod</span> <span class='ocrx_word' id='word_1_283' title='bbox 1571 414 1656 447; x_wconf 85' lang='lat' dir='ltr'>nulla</span> <span class='ocrx_word' id='word_1_284' title='bbox 1673 414 1734 447; x_wconf 83' lang='lat' dir='ltr'>alia</span> 
     </span>
     <span class='ocr_line' id='line_1_57' title="bbox 992 468 1734 511; baseline 0 -12"><span class='ocrx_word' id='word_1_285' title='bbox 992 477 1126 511; x_wconf 83' lang='lat' dir='ltr'>persona</span> <span class='ocrx_word' id='word_1_286' title='bbox 1148 468 1178 499; x_wconf 91' lang='lat' dir='ltr'>in</span> <span class='ocrx_word' id='word_1_287' title='bbox 1203 470 1238 500; x_wconf 77' lang='lat' dir='ltr'>ea</span> <span class='ocrx_word' id='word_1_288' title='bbox 1265 468 1311 500; x_wconf 91' lang='lat' dir='ltr'>ius</span> <span class='ocrx_word' id='word_1_289' title='bbox 1330 468 1387 501; x_wconf 93' lang='lat' dir='ltr'>sibi</span> <span class='ocrx_word' id='word_1_290' title='bbox 1406 468 1534 511; x_wconf 81' lang='lat' dir='ltr'>aliquod</span> <span class='ocrx_word' id='word_1_291' title='bbox 1550 468 1648 500; x_wconf 79' lang='lat' dir='ltr'>valeat</span> <span class='ocrx_word' id='word_1_292' title='bbox 1666 478 1734 500; x_wconf 77' lang='lat' dir='ltr'>ven-</span> 
     </span>
     <span class='ocr_line' id='line_1_58' title="bbox 992 519 1734 564; baseline 0.001 -12"><span class='ocrx_word' id='word_1_293' title='bbox 992 519 1115 552; x_wconf 88' lang='lat' dir='ltr'>dicare:</span> <span class='ocrx_word' id='word_1_294' title='bbox 1141 520 1171 552; x_wconf 91' lang='lat' dir='ltr'>in</span> <span class='ocrx_word' id='word_1_295' title='bbox 1197 520 1264 552; x_wconf 89' lang='lat' dir='ltr'>eins</span> <span class='ocrx_word' id='word_1_296' title='bbox 1288 521 1333 553; x_wconf 87' lang='lat' dir='ltr'>rei</span> <span class='ocrx_word' id='word_1_297' title='bbox 1352 521 1567 553; x_wconf 83' lang='lat' dir='ltr'>testimonium</span> <span class='ocrx_word' id='word_1_298' title='bbox 1589 530 1734 564; x_wconf 90' lang='lat' dir='ltr'>praesen-</span> 
     </span>
     <span class='ocr_line' id='line_1_59' title="bbox 993 574 1734 617; baseline 0 -11"><span class='ocrx_word' id='word_1_299' title='bbox 993 579 1039 606; x_wconf 85' lang='lat' dir='ltr'>tes</span> <span class='ocrx_word' id='word_1_300' title='bbox 1063 574 1182 606; x_wconf 85' lang='lat' dir='ltr'>litteras</span> <span class='ocrx_word' id='word_1_301' title='bbox 1206 574 1375 617; x_wconf 88' lang='lat' dir='ltr'>praedietis</span> <span class='ocrx_word' id='word_1_302' title='bbox 1401 574 1576 607; x_wconf 78' lang='lat' dir='ltr'>abbatissae</span> <span class='ocrx_word' id='word_1_303' title='bbox 1599 580 1628 607; x_wconf 85' lang='lat' dir='ltr'>et</span> <span class='ocrx_word' id='word_1_304' title='bbox 1659 585 1734 608; x_wconf 84' lang='lat' dir='ltr'>con-</span> 
     </span>
     <span class='ocr_line' id='line_1_60' title="bbox 994 627 1733 670; baseline 0.001 -11"><span class='ocrx_word' id='word_1_305' title='bbox 994 627 1096 660; x_wconf 88' lang='lat' dir='ltr'>ventui</span> <span class='ocrx_word' id='word_1_306' title='bbox 1121 627 1265 660; x_wconf 86' lang='lat' dir='ltr'>misimus</span> <span class='ocrx_word' id='word_1_307' title='bbox 1302 628 1394 670; x_wconf 74' lang='lat' dir='ltr'>sigilli</span> <span class='ocrx_word' id='word_1_308' title='bbox 1426 628 1524 660; x_wconf 86' lang='lat' dir='ltr'>nostri</span> <span class='ocrx_word' id='word_1_309' title='bbox 1560 628 1733 661; x_wconf 86' lang='lat' dir='ltr'>munimine</span> 
     </span>
     <span class='ocr_line' id='line_1_61' title="bbox 994 681 1734 715; baseline 0.001 -2"><span class='ocrx_word' id='word_1_310' title='bbox 994 681 1186 714; x_wconf 84' lang='lat' dir='ltr'>roboratas¹.</span> <span class='ocrx_word' id='word_1_311' title='bbox 1212 682 1323 714; x_wconf 84' lang='lat' dir='ltr'>Actum</span> <span class='ocrx_word' id='word_1_312' title='bbox 1350 692 1431 715; x_wconf 89' lang='lat' dir='ltr'>anno</span> <span class='ocrx_word' id='word_1_313' title='bbox 1456 681 1579 714; x_wconf 89' lang='lat' dir='ltr'>Domini</span> <span class='ocrx_word' id='word_1_314' title='bbox 1600 691 1734 715; x_wconf 65' lang='lat' dir='ltr'>›iechiv</span> 
     </span>
     <span class='ocr_line' id='line_1_62' title="bbox 994 735 1732 778; baseline 0.001 -12"><span class='ocrx_word' id='word_1_315' title='bbox 994 740 1138 778; x_wconf 86' lang='lat' dir='ltr'>tempore</span> <span class='ocrx_word' id='word_1_316' title='bbox 1156 735 1283 778; x_wconf 77' lang='lat' dir='ltr'>capituli</span> <span class='ocrx_word' id='word_1_317' title='bbox 1302 735 1457 777; x_wconf 80' lang='lat' dir='ltr'>generalis</span> <span class='ocrx_word' id='word_1_318' title='bbox 1475 740 1503 767; x_wconf 91' lang='lat' dir='ltr'>et</span> <span class='ocrx_word' id='word_1_319' title='bbox 1521 735 1691 778; x_wconf 79' lang='lat' dir='ltr'>sigillatum</span> <span class='ocrx_word' id='word_1_320' title='bbox 1705 750 1732 767; x_wconf 86' lang='lat'>».</span> 
     </span>
     <span class='ocr_line' id='line_1_63' title="bbox 999 789 1735 823; baseline 0.003 -3"><span class='ocrx_word' id='word_1_321' title='bbox 999 801 1011 820; x_wconf 75' lang='lat' dir='ltr'>&lt;i</span> <span class='ocrx_word' id='word_1_322' title='bbox 1026 789 1133 821; x_wconf 88' lang='lat' dir='ltr'>Frater</span> <span class='ocrx_word' id='word_1_323' title='bbox 1147 789 1323 822; x_wconf 87' lang='lat' dir='ltr'>Bonifaeius</span> <span class='ocrx_word' id='word_1_324' title='bbox 1337 789 1438 822; x_wconf 88' lang='lat' dir='ltr'>dictus</span> <span class='ocrx_word' id='word_1_325' title='bbox 1451 789 1547 822; x_wconf 84' lang='lat' dir='ltr'>abbas</span> <span class='ocrx_word' id='word_1_326' title='bbox 1562 794 1591 822; x_wconf 88' lang='lat' dir='ltr'>et</span> <span class='ocrx_word' id='word_1_327' title='bbox 1604 800 1735 823; x_wconf 82' lang='lat' dir='ltr'>conven-</span> 
     </span>
     <span class='ocr_line' id='line_1_64' title="bbox 995 841 1734 882; baseline 0.003 -9"><span class='ocrx_word' id='word_1_328' title='bbox 995 847 1043 874; x_wconf 87' lang='lat' dir='ltr'>tus</span> <span class='ocrx_word' id='word_1_329' title='bbox 1062 841 1213 882; x_wconf 76' lang='lat' dir='ltr'>Cistercii,</span> <span class='ocrx_word' id='word_1_330' title='bbox 1231 841 1351 874; x_wconf 83' lang='lat' dir='ltr'>dilectis</span> <span class='ocrx_word' id='word_1_331' title='bbox 1371 842 1400 874; x_wconf 94' lang='lat' dir='ltr'>in</span> <span class='ocrx_word' id='word_1_332' title='bbox 1418 842 1541 875; x_wconf 78' lang='lat' dir='ltr'>Christo</span> <span class='ocrx_word' id='word_1_333' title='bbox 1559 842 1734 875; x_wconf 88' lang='lat' dir='ltr'>abbatissae</span> 
     </span>
     <span class='ocr_line' id='line_1_65' title="bbox 994 895 1736 938; baseline 0 -10"><span class='ocrx_word' id='word_1_334' title='bbox 994 901 1023 928; x_wconf 92' lang='lat' dir='ltr'>et</span> <span class='ocrx_word' id='word_1_335' title='bbox 1048 896 1212 929; x_wconf 74' lang='lat' dir='ltr'>conventui</span> <span class='ocrx_word' id='word_1_336' title='bbox 1232 895 1263 928; x_wconf 90' lang='lat' dir='ltr'>B.</span> <span class='ocrx_word' id='word_1_337' title='bbox 1285 896 1398 928; x_wconf 82' lang='lat' dir='ltr'>Mariae</span> <span class='ocrx_word' id='word_1_338' title='bbox 1414 896 1538 938; x_wconf 81' lang='lat' dir='ltr'>Regalis</span> <span class='ocrx_word' id='word_1_339' title='bbox 1556 896 1640 928; x_wconf 80' lang='lat' dir='ltr'>iuxta</span> <span class='ocrx_word' id='word_1_340' title='bbox 1656 896 1736 929; x_wconf 90' lang='lat' dir='ltr'>Pon-</span> 
     </span>
     <span class='ocr_line' id='line_1_66' title="bbox 994 950 1735 991; baseline 0.001 -9"><span class='ocrx_word' id='word_1_341' title='bbox 994 950 1118 983; x_wconf 75' lang='lat' dir='ltr'>[isaram</span> <span class='ocrx_word' id='word_1_342' title='bbox 1146 950 1295 991; x_wconf 74' lang='lat' dir='ltr'>salutem,</span> <span class='ocrx_word' id='word_1_343' title='bbox 1321 955 1351 982; x_wconf 86' lang='lat' dir='ltr'>et</span> <span class='ocrx_word' id='word_1_344' title='bbox 1376 950 1541 983; x_wconf 87' lang='lat' dir='ltr'>continuos</span> <span class='ocrx_word' id='word_1_345' title='bbox 1567 950 1596 982; x_wconf 89' lang='lat' dir='ltr'>in</span> <span class='ocrx_word' id='word_1_346' title='bbox 1630 953 1735 984; x_wconf 74' lang='lat' dir='ltr'>sancta</span> 
     </span>
     <span class='ocr_line' id='line_1_67' title="bbox 995 1003 1734 1047; baseline 0.003 -13"><span class='ocrx_word' id='word_1_347' title='bbox 995 1003 1147 1045; x_wconf 73' lang='lat' dir='ltr'>religione</span> <span class='ocrx_word' id='word_1_348' title='bbox 1179 1004 1347 1046; x_wconf 85' lang='lat' dir='ltr'>profectus.</span> <span class='ocrx_word' id='word_1_349' title='bbox 1384 1004 1459 1036; x_wconf 90' lang='lat' dir='ltr'>Cum</span> <span class='ocrx_word' id='word_1_350' title='bbox 1485 1003 1522 1036; x_wconf 88' lang='lat' dir='ltr'>ad</span> <span class='ocrx_word' id='word_1_351' title='bbox 1552 1003 1734 1047; x_wconf 88' lang='lat' dir='ltr'>petitionem</span> 
     </span>
     <span class='ocr_line' id='line_1_68' title="bbox 994 1056 1736 1099; baseline 0.001 -11"><span class='ocrx_word' id='word_1_352' title='bbox 994 1056 1138 1089; x_wconf 87' lang='lat' dir='ltr'>dominae</span> <span class='ocrx_word' id='word_1_353' title='bbox 1163 1057 1317 1089; x_wconf 82' lang='lat' dir='ltr'>Blancliae</span> <span class='ocrx_word' id='word_1_354' title='bbox 1342 1057 1472 1089; x_wconf 84' lang='lat' dir='ltr'>illustris</span> <span class='ocrx_word' id='word_1_355' title='bbox 1493 1057 1619 1099; x_wconf 75' lang='lat' dir='ltr'>reginae</span> <span class='ocrx_word' id='word_1_356' title='bbox 1640 1057 1736 1090; x_wconf 88' lang='lat' dir='ltr'>Fran-</span> 
     </span>
     <span class='ocr_line' id='line_1_69' title="bbox 994 1110 1736 1154; baseline 0.003 -13"><span class='ocrx_word' id='word_1_357' title='bbox 994 1110 1059 1142; x_wconf 87' lang='lat' dir='ltr'>ciae</span> <span class='ocrx_word' id='word_1_358' title='bbox 1084 1111 1227 1142; x_wconf 88' lang='lat' dir='ltr'>statuerit</span> <span class='ocrx_word' id='word_1_359' title='bbox 1253 1111 1422 1154; x_wconf 79' lang='lat' dir='ltr'>capitulum</span> <span class='ocrx_word' id='word_1_360' title='bbox 1449 1111 1605 1153; x_wconf 74' lang='lat' dir='ltr'>generale,</span> <span class='ocrx_word' id='word_1_361' title='bbox 1626 1116 1660 1143; x_wconf 87' lang='lat' dir='ltr'>ut</span> <span class='ocrx_word' id='word_1_362' title='bbox 1681 1111 1736 1143; x_wconf 84' lang='lat' dir='ltr'>ab·</span> 
     </span>
     <span class='ocr_line' id='line_1_70' title="bbox 994 1162 1736 1207; baseline 0.003 -13"><span class='ocrx_word' id='word_1_363' title='bbox 994 1162 1076 1195; x_wconf 87' lang='lat' dir='ltr'>batia</span> <span class='ocrx_word' id='word_1_364' title='bbox 1101 1169 1212 1203; x_wconf 70' lang='lat' dir='ltr'>vestra,</span> <span class='ocrx_word' id='word_1_365' title='bbox 1238 1174 1331 1207; x_wconf 87' lang='lat' dir='ltr'>quam</span> <span class='ocrx_word' id='word_1_366' title='bbox 1359 1163 1519 1207; x_wconf 85' lang='lat' dir='ltr'>praedicta</span> <span class='ocrx_word' id='word_1_367' title='bbox 1539 1164 1647 1206; x_wconf 80' lang='lat' dir='ltr'>regina</span> <span class='ocrx_word' id='word_1_368' title='bbox 1666 1164 1736 1196; x_wconf 85' lang='lat' dir='ltr'>fun-</span> 
     </span>
     <span class='ocr_line' id='line_1_71' title="bbox 993 1215 1736 1258; baseline 0.003 -10"><span class='ocrx_word' id='word_1_369' title='bbox 993 1215 1086 1255; x_wconf 80' lang='lat' dir='ltr'>davit,</span> <span class='ocrx_word' id='word_1_370' title='bbox 1111 1216 1258 1250; x_wconf 88' lang='lat' dir='ltr'>nobiliter</span> <span class='ocrx_word' id='word_1_371' title='bbox 1281 1217 1456 1249; x_wconf 78' lang='lat' dir='ltr'>aedificavit</span> <span class='ocrx_word' id='word_1_372' title='bbox 1480 1222 1510 1249; x_wconf 86' lang='lat' dir='ltr'>et</span> <span class='ocrx_word' id='word_1_373' title='bbox 1534 1217 1672 1258; x_wconf 80' lang='lat' dir='ltr'>dotavit,</span> <span class='ocrx_word' id='word_1_374' title='bbox 1697 1217 1736 1250; x_wconf 85' lang='lat' dir='ltr'>sit</span> 
     </span>
     <span class='ocr_line' id='line_1_72' title="bbox 994 1269 1734 1313; baseline 0.003 -12"><span class='ocrx_word' id='word_1_375' title='bbox 994 1269 1056 1301; x_wconf 82' lang='lat' dir='ltr'>titia</span> <span class='ocrx_word' id='word_1_376' title='bbox 1080 1270 1219 1302; x_wconf 81' lang='lat' dir='ltr'>Cistercii</span> <span class='ocrx_word' id='word_1_377' title='bbox 1245 1270 1411 1313; x_wconf 86' lang='lat' dir='ltr'>specialis,</span> <span class='ocrx_word' id='word_1_378' title='bbox 1436 1281 1494 1303; x_wconf 87' lang='lat' dir='ltr'>nos</span> <span class='ocrx_word' id='word_1_379' title='bbox 1519 1271 1663 1303; x_wconf 89' lang='lat' dir='ltr'>similiter</span> <span class='ocrx_word' id='word_1_380' title='bbox 1688 1276 1734 1303; x_wconf 85' lang='lat' dir='ltr'>at-</span> 
     </span>
     <span class='ocr_line' id='line_1_73' title="bbox 993 1323 1735 1367; baseline 0.004 -13"><span class='ocrx_word' id='word_1_381' title='bbox 993 1323 1155 1356; x_wconf 88' lang='lat' dir='ltr'>tendentes</span> <span class='ocrx_word' id='word_1_382' title='bbox 1173 1323 1256 1366; x_wconf 89' lang='lat' dir='ltr'>piam</span> <span class='ocrx_word' id='word_1_383' title='bbox 1271 1323 1469 1357; x_wconf 87' lang='lat' dir='ltr'>devotionem</span> <span class='ocrx_word' id='word_1_384' title='bbox 1485 1324 1663 1367; x_wconf 85' lang='lat' dir='ltr'>praedictae</span> <span class='ocrx_word' id='word_1_385' title='bbox 1678 1323 1735 1357; x_wconf 91' lang='lat' dir='ltr'>do-</span> 
     </span>
     <span class='ocr_line' id='line_1_74' title="bbox 994 1376 1734 1422; baseline 0.003 -14"><span class='ocrx_word' id='word_1_386' title='bbox 994 1376 1106 1417; x_wconf 84' lang='lat' dir='ltr'>minae,</span> <span class='ocrx_word' id='word_1_387' title='bbox 1125 1387 1178 1409; x_wconf 78' lang='lat' dir='ltr'>vos</span> <span class='ocrx_word' id='word_1_388' title='bbox 1205 1377 1234 1408; x_wconf 93' lang='lat' dir='ltr'>in</span> <span class='ocrx_word' id='word_1_389' title='bbox 1256 1388 1363 1410; x_wconf 88' lang='lat' dir='ltr'>curam</span> <span class='ocrx_word' id='word_1_390' title='bbox 1385 1383 1524 1410; x_wconf 88' lang='lat' dir='ltr'>nostram</span> <span class='ocrx_word' id='word_1_391' title='bbox 1544 1377 1734 1422; x_wconf 85' lang='lat' dir='ltr'>recipimus:</span> 
     </span>
     <span class='ocr_line' id='line_1_75' title="bbox 994 1429 1736 1479; baseline 0.001 -18"><span class='ocrx_word' id='word_1_392' title='bbox 994 1429 1035 1461; x_wconf 89' lang='lat' dir='ltr'>ita</span> <span class='ocrx_word' id='word_1_393' title='bbox 1059 1429 1142 1472; x_wconf 92' lang='lat' dir='ltr'>quod</span> <span class='ocrx_word' id='word_1_394' title='bbox 1169 1429 1198 1461; x_wconf 94' lang='lat' dir='ltr'>in</span> <span class='ocrx_word' id='word_1_395' title='bbox 1224 1435 1412 1473; x_wconf 87' lang='lat' dir='ltr'>perpetuum</span> <span class='ocrx_word' id='word_1_396' title='bbox 1438 1430 1476 1462; x_wconf 91' lang='lat' dir='ltr'>ad</span> <span class='ocrx_word' id='word_1_397' title='bbox 1501 1441 1558 1464; x_wconf 92' lang='lat' dir='ltr'>nos</span> <span class='ocrx_word' id='word_1_398' title='bbox 1581 1430 1736 1479; x_wconf 70' lang='lat' dir='ltr'>pertineat</span> 
     </span>
     <span class='ocr_line' id='line_1_76' title="bbox 994 1483 1736 1527; baseline 0.003 -12"><span class='ocrx_word' id='word_1_399' title='bbox 994 1483 1024 1515; x_wconf 93' lang='lat' dir='ltr'>in</span> <span class='ocrx_word' id='word_1_400' title='bbox 1049 1483 1196 1516; x_wconf 88' lang='lat' dir='ltr'>omnibus</span> <span class='ocrx_word' id='word_1_401' title='bbox 1221 1488 1250 1516; x_wconf 92' lang='lat' dir='ltr'>et</span> <span class='ocrx_word' id='word_1_402' title='bbox 1275 1493 1331 1527; x_wconf 89' lang='lat' dir='ltr'>per</span> <span class='ocrx_word' id='word_1_403' title='bbox 1355 1483 1459 1516; x_wconf 89' lang='lat' dir='ltr'>omnia</span> <span class='ocrx_word' id='word_1_404' title='bbox 1484 1484 1640 1526; x_wconf 78' lang='lat' dir='ltr'>visitatio,</span> <span class='ocrx_word' id='word_1_405' title='bbox 1666 1494 1736 1517; x_wconf 85' lang='lat' dir='ltr'>cor-</span> 
     </span>
     <span class='ocr_line' id='line_1_77' title="bbox 994 1537 1737 1578; baseline 0.001 -9"><span class='ocrx_word' id='word_1_406' title='bbox 994 1537 1092 1570; x_wconf 87' lang='lat' dir='ltr'>rectio</span> <span class='ocrx_word' id='word_1_407' title='bbox 1124 1541 1154 1570; x_wconf 86' lang='lat' dir='ltr'>et</span> <span class='ocrx_word' id='word_1_408' title='bbox 1183 1537 1366 1570; x_wconf 84' lang='lat' dir='ltr'>reformatio</span> <span class='ocrx_word' id='word_1_409' title='bbox 1397 1537 1510 1570; x_wconf 87' lang='lat' dir='ltr'>domus</span> <span class='ocrx_word' id='word_1_410' title='bbox 1543 1543 1681 1578; x_wconf 76' lang='lat' dir='ltr'>vestrae,</span> <span class='ocrx_word' id='word_1_411' title='bbox 1707 1543 1737 1570; x_wconf 92' lang='lat' dir='ltr'>et</span> 
     </span>
     <span class='ocr_line' id='line_1_78' title="bbox 994 1591 1735 1635; baseline 0.001 -12"><span class='ocrx_word' id='word_1_412' title='bbox 994 1595 1107 1631; x_wconf 84' lang='lat' dir='ltr'>cetera,</span> <span class='ocrx_word' id='word_1_413' title='bbox 1132 1602 1211 1635; x_wconf 87' lang='lat' dir='ltr'>quae</span> <span class='ocrx_word' id='word_1_414' title='bbox 1237 1591 1268 1624; x_wconf 92' lang='lat' dir='ltr'>in</span> <span class='ocrx_word' id='word_1_415' title='bbox 1292 1592 1405 1624; x_wconf 85' lang='lat' dir='ltr'>litteris</span> <span class='ocrx_word' id='word_1_416' title='bbox 1430 1592 1557 1635; x_wconf 89' lang='lat' dir='ltr'>capituli</span> <span class='ocrx_word' id='word_1_417' title='bbox 1576 1592 1735 1634; x_wconf 80' lang='lat' dir='ltr'>generalis</span> 
     </span>
     <span class='ocr_line' id='line_1_79' title="bbox 994 1644 1734 1678; baseline 0.003 -2"><span class='ocrx_word' id='word_1_418' title='bbox 994 1644 1202 1677; x_wconf 85' lang='lat' dir='ltr'>continentur.</span> <span class='ocrx_word' id='word_1_419' title='bbox 1230 1645 1262 1677; x_wconf 93' lang='lat' dir='ltr'>ln</span> <span class='ocrx_word' id='word_1_420' title='bbox 1288 1645 1377 1677; x_wconf 89' lang='lat' dir='ltr'>cuius</span> <span class='ocrx_word' id='word_1_421' title='bbox 1403 1645 1447 1677; x_wconf 88' lang='lat' dir='ltr'>rei</span> <span class='ocrx_word' id='word_1_422' title='bbox 1475 1645 1685 1678; x_wconf 88' lang='lat' dir='ltr'>testimonium</span> <span class='ocrx_word' id='word_1_423' title='bbox 1704 1651 1734 1678; x_wconf 87' lang='lat' dir='ltr'>et</span> 
     </span>
     <span class='ocr_line' id='line_1_80' title="bbox 995 1698 1736 1741; baseline 0.001 -11"><span class='ocrx_word' id='word_1_424' title='bbox 995 1704 1180 1741; x_wconf 87' lang='lat' dir='ltr'>perpetuam</span> <span class='ocrx_word' id='word_1_425' title='bbox 1196 1698 1376 1730; x_wconf 81' lang='lat' dir='ltr'>firmitatem</span> <span class='ocrx_word' id='word_1_426' title='bbox 1392 1698 1479 1731; x_wconf 76' lang='lat' dir='ltr'>vobis</span> <span class='ocrx_word' id='word_1_427' title='bbox 1493 1699 1736 1732; x_wconf 82' lang='lat' dir='ltr'>transmittimus</span> 
     </span>
     <span class='ocr_line' id='line_1_81' title="bbox 994 1751 1736 1795; baseline 0.001 -12"><span class='ocrx_word' id='word_1_428' title='bbox 994 1757 1176 1795; x_wconf 86' lang='lat' dir='ltr'>praesentes</span> <span class='ocrx_word' id='word_1_429' title='bbox 1200 1752 1318 1785; x_wconf 84' lang='lat' dir='ltr'>litteras</span> <span class='ocrx_word' id='word_1_430' title='bbox 1336 1751 1429 1794; x_wconf 77' lang='lat' dir='ltr'>sigilli</span> <span class='ocrx_word' id='word_1_431' title='bbox 1448 1752 1547 1784; x_wconf 85' lang='lat' dir='ltr'>nostri</span> <span class='ocrx_word' id='word_1_432' title='bbox 1562 1752 1736 1784; x_wconf 89' lang='lat' dir='ltr'>munimine</span> 
     </span>
     <span class='ocr_line' id='line_1_82' title="bbox 994 1804 1736 1838; baseline 0.003 -2"><span class='ocrx_word' id='word_1_433' title='bbox 994 1804 1169 1837; x_wconf 83' lang='lat' dir='ltr'>roboratas.</span> <span class='ocrx_word' id='word_1_434' title='bbox 1189 1805 1299 1837; x_wconf 80' lang='lat' dir='ltr'>Actum</span> <span class='ocrx_word' id='word_1_435' title='bbox 1318 1815 1399 1837; x_wconf 85' lang='lat' dir='ltr'>anno</span> <span class='ocrx_word' id='word_1_436' title='bbox 1416 1805 1539 1838; x_wconf 88' lang='lat' dir='ltr'>Domini</span> <span class='ocrx_word' id='word_1_437' title='bbox 1557 1815 1693 1838; x_wconf 76' lang='lat' dir='ltr'>iiiecxmv</span> <span class='ocrx_word' id='word_1_438' title='bbox 1707 1811 1736 1838; x_wconf 87' lang='lat' dir='ltr'>et</span> 
     </span>
     <span class='ocr_line' id='line_1_83' title="bbox 994 1858 1736 1902; baseline 0.001 -12"><span class='ocrx_word' id='word_1_439' title='bbox 994 1858 1164 1900; x_wconf 79' lang='lat' dir='ltr'>sigillatum</span> <span class='ocrx_word' id='word_1_440' title='bbox 1185 1870 1212 1890; x_wconf 72' lang='grc' dir='ltr'>»ς</span> <span class='ocrx_word' id='word_1_441' title='bbox 1230 1869 1286 1891; x_wconf 89' lang='lat' dir='ltr'>nos</span> <span class='ocrx_word' id='word_1_442' title='bbox 1310 1865 1491 1902; x_wconf 89' lang='lat' dir='ltr'>praesentes</span> <span class='ocrx_word' id='word_1_443' title='bbox 1519 1859 1556 1891; x_wconf 90' lang='lat' dir='ltr'>de</span> <span class='ocrx_word' id='word_1_444' title='bbox 1582 1859 1678 1892; x_wconf 80' lang='lat' dir='ltr'>verbo</span> <span class='ocrx_word' id='word_1_445' title='bbox 1698 1859 1736 1891; x_wconf 89' lang='lat' dir='ltr'>ad</span> 
     </span>
     <span class='ocr_line' id='line_1_84' title="bbox 995 1911 1736 1956; baseline 0.003 -13"><span class='ocrx_word' id='word_1_446' title='bbox 995 1911 1125 1944; x_wconf 80' lang='lat' dir='ltr'>verbum</span> <span class='ocrx_word' id='word_1_447' title='bbox 1145 1922 1238 1955; x_wconf 87' lang='lat' dir='ltr'>supra</span> <span class='ocrx_word' id='word_1_448' title='bbox 1256 1922 1420 1955; x_wconf 83' lang='lat' dir='ltr'>expressas</span> <span class='ocrx_word' id='word_1_449' title='bbox 1439 1913 1557 1945; x_wconf 88' lang='lat' dir='ltr'>litteras</span> <span class='ocrx_word' id='word_1_450' title='bbox 1575 1912 1736 1956; x_wconf 88' lang='lat' dir='ltr'>approba-</span> 
     </span>
     <span class='ocr_line' id='line_1_85' title="bbox 995 1965 1733 2009; baseline 0.001 -12"><span class='ocrx_word' id='word_1_451' title='bbox 995 1965 1094 1997; x_wconf 89' lang='lat' dir='ltr'>vimus</span> <span class='ocrx_word' id='word_1_452' title='bbox 1113 1970 1142 1998; x_wconf 90' lang='lat' dir='ltr'>et</span> <span class='ocrx_word' id='word_1_453' title='bbox 1159 1965 1400 2009; x_wconf 50' lang='lat' dir='ltr'>acceptavimus</span> <span class='ocrx_word' id='word_1_454' title='bbox 1418 1965 1460 1998; x_wconf 90' lang='lat' dir='ltr'>uti</span> <span class='ocrx_word' id='word_1_455' title='bbox 1480 1965 1560 1998; x_wconf 87' lang='lat' dir='ltr'>serie</span> <span class='ocrx_word' id='word_1_456' title='bbox 1581 1976 1733 2009; x_wconf 85' lang='lat' dir='ltr'>praesen-</span> 
     </span>
     <span class='ocr_line' id='line_1_86' title="bbox 995 2019 1737 2062; baseline 0.003 -12"><span class='ocrx_word' id='word_1_457' title='bbox 995 2019 1072 2051; x_wconf 89' lang='lat' dir='ltr'>tium</span> <span class='ocrx_word' id='word_1_458' title='bbox 1100 2019 1315 2062; x_wconf 89' lang='lat' dir='ltr'>approbamus</span> <span class='ocrx_word' id='word_1_459' title='bbox 1340 2024 1369 2051; x_wconf 89' lang='lat' dir='ltr'>et</span> <span class='ocrx_word' id='word_1_460' title='bbox 1393 2025 1605 2062; x_wconf 76' lang='lat' dir='ltr'>acceptamus,</span> <span class='ocrx_word' id='word_1_461' title='bbox 1620 2024 1737 2062; x_wconf 79' lang='lat' dir='ltr'>gratas-</span> 
     </span>
     <span class='ocr_line' id='line_1_87' title="bbox 995 2073 1735 2116; baseline -0.001 -11"><span class='ocrx_word' id='word_1_462' title='bbox 995 2084 1056 2116; x_wconf 90' lang='lat' dir='ltr'>que</span> <span class='ocrx_word' id='word_1_463' title='bbox 1082 2078 1111 2105; x_wconf 88' lang='lat' dir='ltr'>et</span> <span class='ocrx_word' id='word_1_464' title='bbox 1137 2078 1218 2105; x_wconf 89' lang='lat' dir='ltr'>ratas</span> <span class='ocrx_word' id='word_1_465' title='bbox 1236 2073 1401 2113; x_wconf 87' lang='lat' dir='ltr'>habemus⁷</span> <span class='ocrx_word' id='word_1_466' title='bbox 1421 2073 1595 2116; x_wconf 82' lang='lat' dir='ltr'>iisdemque</span> <span class='ocrx_word' id='word_1_467' title='bbox 1620 2083 1735 2105; x_wconf 76' lang='lat' dir='ltr'>novum</span> 
     </span>
     <span class='ocr_line' id='line_1_88' title="bbox 997 2126 1736 2170; baseline 0 -12"><span class='ocrx_word' id='word_1_468' title='bbox 997 2126 1103 2167; x_wconf 80' lang='lat' dir='ltr'>robur,</span> <span class='ocrx_word' id='word_1_469' title='bbox 1121 2132 1274 2169; x_wconf 89' lang='lat' dir='ltr'>quatenus</span> <span class='ocrx_word' id='word_1_470' title='bbox 1292 2137 1370 2170; x_wconf 80' lang='lat' dir='ltr'>opus</span> <span class='ocrx_word' id='word_1_471' title='bbox 1386 2127 1474 2166; x_wconf 84' lang='lat' dir='ltr'>foret,</span> <span class='ocrx_word' id='word_1_472' title='bbox 1489 2136 1665 2170; x_wconf 86' lang='lat' dir='ltr'>novamque</span> <span class='ocrx_word' id='word_1_473' title='bbox 1683 2126 1736 2158; x_wconf 84' lang='lat' dir='ltr'>fir·</span> 
     </span>
     <span class='ocr_line' id='line_1_89' title="bbox 997 2179 1332 2212; baseline 0.003 -1"><span class='ocrx_word' id='word_1_474' title='bbox 997 2179 1135 2212; x_wconf 90' lang='lat' dir='ltr'>mitatem</span> <span class='ocrx_word' id='word_1_475' title='bbox 1158 2179 1332 2212; x_wconf 87' lang='lat' dir='ltr'>adiicimus.</span> 
     </span>
    </p>

    <p class='ocr_par' dir='ltr' id='par_1_7' title="bbox 996 2233 1737 2436">
     <span class='ocr_line' id='line_1_90' title="bbox 1040 2233 1737 2266; baseline 0.001 -1"><span class='ocrx_word' id='word_1_476' title='bbox 1040 2233 1150 2265; x_wconf 82' lang='lat' dir='ltr'>Datum</span> <span class='ocrx_word' id='word_1_477' title='bbox 1177 2233 1316 2266; x_wconf 86' lang='lat' dir='ltr'>Cistereii</span> <span class='ocrx_word' id='word_1_478' title='bbox 1342 2233 1392 2266; x_wconf 90' lang='lat' dir='ltr'>die</span> <span class='ocrx_word' id='word_1_479' title='bbox 1410 2243 1463 2266; x_wconf 69' lang='lat' dir='ltr'>xm</span> <span class='ocrx_word' id='word_1_480' title='bbox 1482 2233 1596 2266; x_wconf 89' lang='lat' dir='ltr'>mensis</span> <span class='ocrx_word' id='word_1_481' title='bbox 1613 2243 1737 2266; x_wconf 79' lang='lat' dir='ltr'>novem-</span> 
     </span>
     <span class='ocr_line' id='line_1_91' title="bbox 996 2286 1735 2326; baseline 0.001 -8"><span class='ocrx_word' id='word_1_482' title='bbox 996 2286 1059 2318; x_wconf 85' lang='lat' dir='ltr'>bris</span> <span class='ocrx_word' id='word_1_483' title='bbox 1084 2297 1165 2319; x_wconf 87' lang='lat' dir='ltr'>anno</span> <span class='ocrx_word' id='word_1_484' title='bbox 1190 2286 1310 2319; x_wconf 89' lang='lat' dir='ltr'>Domini</span> <span class='ocrx_word' id='word_1_485' title='bbox 1329 2297 1454 2326; x_wconf 76' lang='lat' dir='ltr'>itincmx,</span> <span class='ocrx_word' id='word_1_486' title='bbox 1472 2286 1528 2319; x_wconf 82' lang='lat' dir='ltr'>sub</span> <span class='ocrx_word' id='word_1_487' title='bbox 1548 2292 1656 2320; x_wconf 87' lang='lat' dir='ltr'>nostro</span> <span class='ocrx_word' id='word_1_488' title='bbox 1674 2297 1735 2319; x_wconf 86' lang='lat' dir='ltr'>ma-</span> 
     </span>
     <span class='ocr_line' id='line_1_92' title="bbox 997 2339 1734 2382; baseline 0 -11"><span class='ocrx_word' id='word_1_489' title='bbox 997 2339 1080 2372; x_wconf 86' lang='lat' dir='ltr'>nuali</span> <span class='ocrx_word' id='word_1_490' title='bbox 1099 2340 1198 2382; x_wconf 78' lang='lat' dir='ltr'>signo,</span> <span class='ocrx_word' id='word_1_491' title='bbox 1213 2340 1372 2372; x_wconf 63' lang='lat' dir='ltr'>secretarii</span> <span class='ocrx_word' id='word_1_492' title='bbox 1391 2339 1489 2373; x_wconf 77' lang='lat' dir='ltr'>nostri</span> <span class='ocrx_word' id='word_1_493' title='bbox 1510 2339 1734 2382; x_wconf 80' lang='lat' dir='ltr'>chirographo,</span> 
     </span>
     <span class='ocr_line' id='line_1_93' title="bbox 996 2392 1646 2436; baseline 0 -11"><span class='ocrx_word' id='word_1_494' title='bbox 996 2398 1025 2425; x_wconf 89' lang='lat' dir='ltr'>et</span> <span class='ocrx_word' id='word_1_495' title='bbox 1051 2393 1178 2426; x_wconf 84' lang='lat' dir='ltr'>maioris</span> <span class='ocrx_word' id='word_1_496' title='bbox 1203 2393 1301 2425; x_wconf 84' lang='lat' dir='ltr'>nostri</span> <span class='ocrx_word' id='word_1_497' title='bbox 1327 2392 1421 2435; x_wconf 75' lang='lat' dir='ltr'>sigilli</span> <span class='ocrx_word' id='word_1_498' title='bbox 1440 2393 1646 2436; x_wconf 82' lang='lat' dir='ltr'>appositione.</span> 
     </span>
    </p>

    <p class='ocr_par' dir='ltr' id='par_1_8' title="bbox 996 2446 1737 2543">
     <span class='ocr_line' id='line_1_94' title="bbox 1040 2446 1735 2488; baseline 0 -10"><span class='ocrx_word' id='word_1_499' title='bbox 1040 2446 1185 2479; x_wconf 88' lang='lat' dir='ltr'>Claudius</span> <span class='ocrx_word' id='word_1_500' title='bbox 1207 2446 1302 2479; x_wconf 86' lang='lat' dir='ltr'>abbas</span> <span class='ocrx_word' id='word_1_501' title='bbox 1330 2446 1544 2479; x_wconf 84' lang='lat' dir='ltr'>Cistereiensis</span> <span class='ocrx_word' id='word_1_502' title='bbox 1569 2446 1735 2488; x_wconf 79' lang='lat' dir='ltr'>generalis,</span> 
     </span>
     <span class='ocr_line' id='line_1_95' title="bbox 996 2499 1737 2543; baseline 0 -11"><span class='ocrx_word' id='word_1_503' title='bbox 996 2499 1035 2532; x_wconf 92' lang='lat' dir='ltr'>sit</span> <span class='ocrx_word' id='word_1_504' title='bbox 1054 2499 1226 2542; x_wconf 81' lang='lat' dir='ltr'>signatum:</span> <span class='ocrx_word' id='word_1_505' title='bbox 1245 2504 1270 2532; x_wconf 82' lang='lat' dir='ltr'>et</span> <span class='ocrx_word' id='word_1_506' title='bbox 1289 2500 1394 2542; x_wconf 72' lang='lat' dir='ltr'>infra:</span> <span class='ocrx_word' id='word_1_507' title='bbox 1419 2499 1460 2532; x_wconf 89' lang='lat' dir='ltr'>De</span> <span class='ocrx_word' id='word_1_508' title='bbox 1482 2499 1628 2533; x_wconf 86' lang='lat' dir='ltr'>mandato</span> <span class='ocrx_word' id='word_1_509' title='bbox 1649 2510 1737 2543; x_wconf 85' lang='lat' dir='ltr'>prae-</span> 
     </span>
    </p>
   </div>
   <div class='ocr_carea' id='block_1_6' title="bbox 1035 2611 1591 2647">
    <p class='ocr_par' dir='ltr' id='par_1_9' title="bbox 1035 2611 1591 2647">
     <span class='ocr_line' id='line_1_96' title="bbox 1035 2611 1591 2647; baseline -0.002 -8"><span class='ocrx_word' id='word_1_510' title='bbox 1035 2614 1042 2639; x_wconf 87' lang='lat' dir='ltr'>t</span> <span class='ocrx_word' id='word_1_511' title='bbox 1068 2612 1136 2639; x_wconf 86' lang='lat' dir='ltr'>Edit.</span> <span class='ocrx_word' id='word_1_512' title='bbox 1157 2611 1236 2639; x_wconf 73' lang='lat' dir='ltr'>ltlain.</span> <span class='ocrx_word' id='word_1_513' title='bbox 1253 2612 1318 2647; x_wconf 81' lang='lat' dir='ltr'>legit</span> <span class='ocrx_word' id='word_1_514' title='bbox 1332 2612 1475 2640; x_wconf 76' lang='lat' dir='ltr'>roboratis</span> <span class='ocrx_word' id='word_1_515' title='bbox 1488 2613 1528 2647; x_wconf 85' lang='lat' dir='ltr'>(n.</span> <span class='ocrx_word' id='word_1_516' title='bbox 1544 2614 1591 2645; x_wconf 83' lang='lat' dir='ltr'>T.).</span> 
     </span>
    </p>
   </div>
   <div class='ocr_carea' id='block_1_7' title="bbox 1639 194 1925 230">
    <p class='ocr_par' dir='ltr' id='par_1_10' title="bbox 1639 194 1925 230">
     <span class='ocr_line' id='line_1_97' title="bbox 1639 194 1925 230; baseline 0.014 -4"><span class='ocrx_word' id='word_1_517' title='bbox 1639 194 1702 228; x_wconf 70' lang='lat'>(593</span> <span class='ocrx_word' id='word_1_518' title='bbox 1749 204 1797 229; x_wconf 75' lang='lat' dir='ltr'>An.</span> <span class='ocrx_word' id='word_1_519' title='bbox 1813 204 1840 230; x_wconf 84' lang='lat' dir='ltr'>c.</span> <span class='ocrx_word' id='word_1_520' title='bbox 1864 204 1925 230; x_wconf 67' lang='lat' dir='ltr'>ieet</span> 
     </span>
    </p>
   </div>
  </div>
 </body>
</html>
