2202 3190
394 139 458 173 830

352 202 468 235 CXXII.
496 201 557 234 Pro
585 199 767 233 resecandis
789 199 970 243 sumptibus
987 209 1096 243 super-

441 255 513 288 ssuis
539 254 570 286 in
596 252 738 287 ecclesiis
759 259 790 286 et
810 253 1012 286 monasteriis
1029 263 1097 285 mo-

439 307 576 341 nialium
602 306 711 347 Urbis,
737 305 813 339 298.

353 360 505 394 CLXXIII.
534 359 709 394 Prohibitio
735 359 920 393 extrahendi
945 359 1043 392 libros
1067 364 1097 392 et

440 424 666 458 quaecumque
680 413 740 446 alia
759 425 796 447 ex
813 412 1010 446 bibliotheca
1025 423 1098 446 con-

441 474 552 501 ventus
567 467 597 500 S.
614 467 739 500 Martini
757 467 971 500 Eremitarum
997 465 1096 499 sancti

442 521 611 565 Augustini
637 520 771 554 civitatis
795 520 957 562 Senensis,
978 519 1052 552 300.

353 576 506 610 CLXXIV.
541 574 695 608 Concedit
727 574 960 618 indulgentiam
992 574 1098 617 plena-

442 629 520 662 riam
535 627 686 661 omnibus
701 628 858 672 personis,
869 633 933 661 tam
949 626 1099 671 regulari-

444 681 506 715 bus
521 692 616 725 quam
632 680 844 721 secularibus,
860 691 942 724 quae
956 691 1013 724 per
1026 679 1099 713 octi-

443 735 541 768 duum
563 734 722 768 vacabunt
746 734 905 768 exercitiis
922 733 1097 777 spirituali-

442 788 503 821 bus
520 788 551 821 in
569 787 721 821 domibus
739 787 906 821 Societatis
925 787 1007 827 Iesu,
1022 786 1098 819 ibid.

355 842 492 876 CLXXV.
534 841 734 882 Declaratio,
778 841 863 884 quod
902 841 998 874 Breve
1033 840 1095 873 Ur-

443 895 519 928 bani
544 894 622 935 VIII,
649 905 712 938 quo
738 893 1002 927 constitutionem
1021 893 1098 927 Gre-

444 947 526 991 gorii
554 947 603 980 XV
636 959 732 991 super
762 947 943 980 exclusione
973 953 1098 991 patrum

443 1001 628 1045 provinciae
665 1001 704 1034 ab
739 1002 885 1044 ingressu
922 1000 1098 1034 definitorii

445 1066 504 1099 pro
517 1055 689 1099 provinciis
707 1055 934 1098 Hispaniarum
954 1060 984 1088 et
996 1055 1099 1088 India-

445 1119 516 1141 rum
542 1108 670 1142 Ordinis
696 1108 855 1141 Minorum
882 1108 982 1141 sancti
1003 1108 1098 1141 Fran-

445 1161 519 1195 cisci
544 1160 582 1194 de
607 1161 816 1195 Observantia
836 1161 998 1194 dumtaxat
1017 1171 1099 1194 erna-

443 1220 551 1248 natam
570 1215 607 1248 ad
622 1221 719 1248 totam
744 1215 895 1248 familiam
913 1215 1094 1249 ultramon-

446 1274 553 1302 tanam
572 1269 725 1309 extendit,
742 1279 806 1302 non
827 1269 1099 1312 comprehendere

446 1321 625 1366 provincias
651 1322 740 1366 regni
760 1322 879 1356 Galliae
900 1321 1027 1356 Ordinis
1045 1321 1100 1355 hu-

430 1374 598 1418 iusmodi,
624 1374 699 1408 197.
935 1407 937 1409 .

361 1427 513 1461 CLXXVI.
531 1427 678 1461 Facultas
696 1428 897 1472 particularis
911 1429 1031 1462 nuncio
1042 1428 1101 1461 Po—

446 1481 550 1514 loniae
574 1481 774 1524 indulgendi,
791 1487 827 1514 ut
847 1481 879 1514 in
901 1481 1102 1514 renovatione

447 1540 629 1568 contractus
664 1535 941 1568 matrimoniorum
972 1534 1103 1568 nulliter

447 1593 685 1621 contractorum
721 1588 824 1632 possit
859 1588 961 1622 omitti
1002 1588 1102 1621 forma

449 1640 581 1674 Concilii
609 1641 802 1681 Tridentini,
828 1640 902 1676 311.

360 1692 525 1728 CLXXVII.
550 1694 696 1727 Diversae
722 1695 888 1728 facultates
905 1694 1026 1729 nuncio
1042 1695 1099 1728 Po-

449 1747 555 1781 loniae
580 1747 619 1781 ad
645 1748 821 1781 triennium
853 1749 1048 1792 proximum,
1075 1752 1105 1781 et

447 1801 572 1834 interim
598 1801 733 1836 durante
766 1804 823 1836 sua
848 1803 1019 1846 legatione,
1046 1813 1104 1846 pro

447 1855 666 1898 praesentibus
692 1855 900 1889 ecclesiarum
926 1862 956 1889 et
985 1856 1104 1891 incola-

449 1918 521 1941 rum
553 1909 642 1953 regni
675 1909 826 1943 Poloniae
858 1910 1104 1943 necessitatibus

451 1961 684 2005 spiritualibus,
711 1962 789 1996 304.

362 2013 541 2048 CLXXVIII.
568 2015 749 2049 Declaratio
771 2016 859 2059 quod
877 2015 1104 2049 Cistercienses

449 2067 569 2112 absque
602 2070 755 2113 scrupulo
787 2070 1000 2104 conscientiae
1032 2080 1105 2114 pos-

451 2122 515 2156 sint
545 2123 629 2156 vesci
663 2123 815 2157 carnibus
848 2124 933 2158 intra
964 2130 994 2158 et
1018 2130 1105 2158 extra

450 2182 539 2220 septa
563 2178 771 2220 monasterii,
806 2189 878 2212 cum
905 2188 969 2212 non
1002 2178 1043 2212 sit
1067 2178 1106 2211 de

452 2229 630 2264 substantia
656 2232 793 2274 regulae,
818 2231 894 2265 312.

363 2282 516 2316 CLXXIX.
541 2283 587 2316 Ad
613 2284 872 2328 archiepiscopos
894 2291 924 2318 et
941 2285 1107 2329 episcopos

454 2335 604 2370 Poloniae
627 2342 657 2369 et
689 2337 894 2378 Lithuaniae,
913 2343 949 2371 ut
974 2348 1107 2382 congre-

452 2394 527 2431 gent
550 2391 689 2432 synodos
714 2401 772 2434 pro
793 2391 994 2434 reparatione
1011 2391 1107 2425 divini

414 2462 417 2463 ν
457 2441 572 2483 cultus,
596 2442 671 2476 313.

367 2495 508 2530 CLXXX.
536 2497 712 2531 Declaratio
737 2499 912 2533 validitatis
942 2500 1110 2534 confirma-

456 2551 578 2583 tionum
594 2557 623 2584 et
640 2562 792 2586 novarum
809 2554 1000 2588 electionum
1019 2564 1110 2598 supe-

943 146 1038 170 BULLA
1044 146 1120 170 RIUM
1146 145 1296 170 ROMANUM

1237 197 1360 231 riorum
1383 195 1643 240 Congregationis
1663 197 1795 230 fratrum
1822 197 1890 231 Dis-

1238 251 1452 284 calceatorum
1483 250 1613 284 Ordinis
1644 250 1677 284 B.
1705 249 1821 283 Mariae
1853 251 1893 285 de

1238 304 1380 337 Mercede
1414 303 1652 347 Redemptionis
1685 302 1888 347 Captivorum

1237 358 1320 391 ultra
1345 357 1517 391 triennium
1543 362 1652 391 contra
1674 357 1808 390 formam
1838 356 1890 389 lit-

1239 416 1379 445 terarum
1403 410 1546 454 Gregorii
1565 410 1615 443 XV
1632 410 1799 451 factarum,
1817 420 1891 443 cum

1238 465 1474 505 declaratione,
1501 463 1588 508 quod
1613 465 1645 497 in
1670 464 1813 497 futurum
1839 473 1891 496 su-

1237 518 1378 562 periores
1403 517 1558 551 ordinarii
1588 528 1652 551 non
1677 518 1761 551 ultra
1792 527 1893 550 unum

1237 572 1401 605 dumtaxat
1436 569 1610 604 triennium
1645 571 1826 614 proximum
1861 569 1893 602 in

1238 637 1349 660 eorum
1375 625 1489 659 officiis
1519 624 1721 665 confirmari,
1755 634 1811 657 seu
1837 623 1893 657 de‘-

1237 691 1302 714 nuo
1328 680 1399 723 eligi
1425 679 1561 724 possint,
1585 684 1656 720 etc.‚
1683 677 1759 711 315.

1151 733 1303 767 CLXXXI.
1332 733 1525 768 Constitutio
1551 744 1615 777 qua
1632 733 1824 766 innovantur
1842 742 1894 765 or-

1238 787 1345 821 dinata
1363 788 1448 821 iussu
1472 787 1570 820 felicis
1591 785 1821 820 recordationis
1840 784 1895 818 Ur-

1237 841 1309 874 bani
1336 841 1401 874 VIII
1428 846 1458 874 et
1482 839 1658 874 Innocentii
1685 839 1709 872 X
1737 849 1794 883 pro
1818 836 1894 872 subss

1238 895 1384 928 ventione
1408 905 1587 939 pauperum
1609 899 1815 938 aegrotorum
1836 893 1894 926 Ur-

1238 948 1298 988 bis,
1326 948 1401 982 317.

1151 1001 1317 1036 CLXXXII.
1327 1002 1444 1036 Statuit
1457 1003 1692 1035 universitatem
1706 999 1894 1034 iudaeorum

1238 1055 1271 1088 in
1295 1055 1376 1088 Urbe
1400 1055 1679 1096 commorantium,
1708 1052 1831 1087 iudaeis
1853 1052 1892 1086 ad

1240 1108 1335 1142 tidem
1361 1108 1565 1141 christianam
1584 1106 1755 1148 conversis,
1773 1106 1822 1139 ius
1838 1116 1896 1149 qa-

1240 1160 1318 1205 zaffl'z
1342 1162 1385 1195 eis
1410 1167 1593 1206 competens
1618 1171 1715 1205 super
1746 1158 1895 1193 domibus

1239 1216 1320 1248 intra
1338 1221 1425 1258 septa
1442 1214 1540 1259 ghetti
1558 1213 1746 1248 eorumdem
1766 1213 1896 1247 iudaeo-

1241 1279 1311 1302 rum
1329 1267 1507 1302 constitutis
1524 1268 1645 1301 solvere
1663 1267 1762 1300 teneri
1783 1275 1896 1311 quarn-

1240 1322 1294 1356 diu
1314 1322 1429 1355 domus
1447 1321 1632 1355 huiusmodi
1650 1330 1716 1354 non
1737 1324 1830 1353 erunt
1850 1318 1897 1352 lo-

1242 1380 1341 1417 catae,
1369 1374 1447 1408 319.

1153 1428 1334 1462 CLXXXIII.
1367 1428 1574 1462 Confirmatio
1600 1426 1815 1472 quorumdam
1841 1424 1898 1460 de-

1241 1488 1403 1515 cretorum
1443 1481 1698 1525 congregationis
1730 1489 1896 1514 sacrorum

1241 1535 1361 1568 rituum
1408 1546 1466 1579 pro
1514 1535 1665 1578 episcopo
1714 1531 1892 1568 Conchensi

1243 1588 1328 1622 circa
1366 1587 1620 1622 observationem
1653 1586 1897 1620 caeremonialis

1244 1642 1366 1675 romani
1403 1648 1434 1675 et
1458 1641 1661 1675 rubricarum
1687 1640 1824 1674 missalis
1848 1650 1899 1674 ro-

1244 1696 1330 1729 mani
1361 1706 1418 1740 per
1449 1695 1571 1728 clerum
1604 1694 1708 1728 dictae
1742 1693 1896 1729 ecclesiae

1245 1749 1421 1790 faciendae,
1441 1748 1515 1782 321.

1156 1802 1336 1837 CLXXXIV.
1363 1801 1550 1836 Commissio
1574 1800 1693 1834 nuncio
1718 1800 1898 1845 apostolico

1244 1855 1404 1899 Neapolis,
1420 1860 1455 1889 ut
1479 1860 1568 1889 curet
1584 1854 1656 1895 sibi,
1675 1864 1732 1888 seu
1751 1853 1899 1898 personis

1243 1909 1283 1942 ab
1314 1920 1352 1942 eo
1384 1908 1590 1952 delegandis,
1623 1908 1802 1951 consignari
1834 1907 1901 1951 epi-

1244 1974 1376 2008 scopum
1401 1963 1609 1996 Ortonensem
1626 1968 1657 1996 et
1682 1961 1900 2006 Camplensem

1245 2017 1408 2050 detentum
1433 2016 1520 2050 iussu
1545 2015 1765 2049 ministrorum
1798 2016 1902 2059 regio—

1245 2081 1316 2104 rum
1341 2071 1373 2103 in
1399 2081 1468 2104 aree
1485 2070 1655 2111 Piscariae,
1682 2075 1783 2114 utque
1807 2068 1899 2102 illum

1245 2124 1338 2158 Sedis
1369 2124 1571 2167 Apostolicae
1601 2122 1733 2156 nomine
1769 2122 1901 2167 recipiat

1246 2183 1277 2211 et
1301 2177 1455 2211 custodiri
1481 2176 1587 2217 saciat,
1611 2175 1687 2209 322.

1159 2231 1323 2266 CLXXXV.
1348 2230 1510 2264 Innovatio
1542 2229 1649 2263 statuti
1679 2229 1764 2273 quod
1798 2239 1898 2262 cano-

1247 2284 1309 2318 nici
1331 2284 1362 2317 S.
1382 2283 1508 2318 Ioannis
1524 2282 1746 2317 Lateranensis
1764 2282 1802 2316 de
1819 2282 1902 2316 Urbe

1247 2343 1418 2371 teneantur
1435 2337 1472 2370 ad
1495 2337 1676 2371 solvendam
1694 2335 1832 2369 mediam
1849 2346 1904 2369 an-

1247 2397 1354 2425 natam
1380 2391 1543 2424 fructuum
1568 2389 1662 2434 primi
1681 2390 1755 2423 anni
1772 2396 1905 2423 suorum

1250 2445 1499 2479 canonicatuum
1526 2444 1664 2477 fabricae
1688 2443 1831 2477 eiusdem
1857 2452 1906 2475 ec-

1251 2499 1374 2540 clesiae,
1409 2508 1482 2532 cum
1512 2497 1697 2532 extensione
1721 2496 1761 2530 ad
1784 2494 1906 2530 benefi-

1251 2552 1351 2587 ciatos
1376 2558 1405 2586 et
1430 2551 1575 2592 clericos,
1599 2556 1675 2591 etc„
1701 2549 1777 2584 322.
