2185 3188
50 174 98 199 An.
115 171 143 198 C.
166 171 233 197 ¹656

77 1717 193 1739 Exordium.

75 2087 168 2109 facultas
180 2089 230 2109 (31111-

55 2117 165 2145 gregalium
181 2118 230 2136 ora-

57 2144 101 2162 toru
109 2141 188 2162 Domini
198 2148 230 2161 uo·

36 2162 90 2188 iou-i
111 2168 154 2188 lesu
174 2168 230 2189 (11111-

37 2193 40 2217 Ι
56 2195 80 2214 nti
95 2195 194 2215 comtemt-
212 2195 231 2216 iu

37 2223 40 2247 ᾗ
56 2221 97 2240 nnis

37 2254 40 2262 ι
57 2247 182 2271 generalibus
191 2251 230 2269 sta·

57 2275 105 2294 tuta.

136 2222 232 2247 capitulis

840 173 1026 196 ALEXANDER
1052 173 1096 196 Vll
1121 174 1168 196 ΡΡ.

242 219 327 258 ratis,
352 220 473 253 statutis
498 225 527 252 et
558 220 853 260 consuetudinibus,
887 220 983 264 priri-

241 270 331 313 legiis
361 281 496 315 quoque,
529 272 655 306 indultis
673 278 702 306 et
719 273 830 305 litteris
855 278 983 316 aposto-

242 324 309 357 licis
333 324 435 357 eidem
460 325 579 366 ordini,
596 326 741 370 illiusque
766 327 984 371 superioribus

241 382 271 409 et
295 379 466 419 monachis,
481 380 512 411 in
529 380 721 412 contrarium
737 381 983 424 praemissorum

242 432 478 475 quomodolibet
517 434 695 475 concessis,
728 434 921 466 confirmatis
956 437 985 467 et

242 485 415 525 innovatis;
444 486 558 530 quibus
583 487 730 520 omnibus
766 492 796 519 et
831 487 983 530 singulis,

241 538 368 571 illorum
393 544 518 572 tenores
536 539 752 583 praesentibus
768 550 826 583 pro
847 540 938 583 plene
956 544 985 573 et

241 591 433 624 sufficienter
457 593 612 636 expressis
638 602 673 625 ac
694 592 731 625 de
752 593 847 625 verbo
868 593 905 625 ad
921 603 985 625 ver-

241 643 315 676 bum
342 644 465 678 insertis
490 646 640 678 habentes
655 672 662 684 ,
691 646 752 678 illis
776 646 852 678 alias
875 646 905 677 in
927 656 984 679 suo

242 696 356 730 robore
373 699 599 740 permansuris,
615 699 654 731 ad
673 699 919 742 praemissorum
945 700 985 731 es-

241 750 369 791 sectum,
396 751 454 783 1130
472 753 538 784 vice
561 752 732 793 dumtaxat,
758 752 934 795 specialiter
955 758 985 784 et

241 813 388 847 expresse
415 804 625 847 derogamus;
658 805 833 848 ceterisque
858 811 983 838 contra-

242 857 296 889 riis
320 857 579 901 quibuscumque.

284 911 395 943 Datum
420 911 555 950 Romae,
580 912 662 955 apud
685 912 713 944 S.
738 912 865 944 Mariam
889 912 982 945 Maio-

241 975 319 1005 rem,
349 964 407 997 sub
433 965 549 998 annulo
575 965 753 1005 piscatoris,
773 965 824 998 die
836 975 893 998 xxx
911 965 982 997 maii

241 1027 367 1060 1130111,
393 1018 595 1062 pontificatus
619 1019 717 1052 nostri
739 1029 820 1051 anno
839 1028 869 1051 11.

277 1081 332 1107 Dat.
352 1081 396 1108 die
412 1081 446 1107 30
459 1081 523 1107 maii
540 1081 618 1115 1656,
636 1081 732 1116 pontif.
750 1089 820 1108 anno
835 1088 862 1108 11.

590 1242 648 1274 CX.

241 1340 399 1373 Familias
415 1340 664 1383 Conqreqsitiom‘
685 1340 833 1373 Oratoriz'
850 1341 985 1373 Domini

284 1395 389 1427 nostri
406 1394 478 1427 Iesu
500 1394 623 1428 Christi
640 1395 674 1426 in
695 1394 807 1428 Gallia
825 1394 986 1427 condendi

286 1447 323 1480 in
346 1448 415 1479 suis
440 1447 594 1490 capitulis
618 1447 824 1490 yeneralibus
848 1452 981 1488 statuta,

288 1505 342 1533 etc.
567 1512 570 1516 ·

437 1581 601 1608 Alexander
623 1581 700 1615 Papa
722 1581 788 1613 vn,

385 1626 420 1652 ad
441 1626 574 1652 futuram
594 1626 638 1652 rei
659 1626 841 1652 memoriam.

288 1715 302 1757 ξ
326 1713 355 1746 l.
383 1714 415 1746 ln
433 1714 481 1746 bis
501 1714 668 1757 pastoralis
686 1714 778 1746 officii
798 1714 896 1746 nostri
918 1724 986 1757 par-

245 1773 290 1800 tes
313 1767 478 1811 propensis
507 1767 618 1799 studiis
649 1767 899 1810 interponimus,
930 1778 986 1811 per

244 1831 323 1865 quae
348 1820 629 1863 congregationum
658 1831 865 1864 personarum
891 1823 986 1855 ecele-

244 1875 438 1908 siasticarum
465 1876 496 1907 in
521 1875 673 1908 militante
702 1875 849 1915 Ecclesia,
868 1876 918 1908 cui
936 1887 986 1910 au-

244 1933 331 1961 ctore
347 1928 480 1961 Domino
505 1928 731 1971 praesidemus,
750 1928 882 1971 provide
903 1929 986 1962 insti-

245 1986 381 2013 tutarum
397 1990 550 2024 prospero
567 1980 659 2013 statui
676 1986 705 2013 et
720 1981 800 2013 felici
819 1981 985 2014 directioni

245 2040 421 2078 opportune
446 2034 566 2067 consuli
592 2034 794 2067 arbitramur.

290 2087 347 2130 §2
365 2087 441 2119 Cum
459 2087 574 2130 itaque,
593 2088 673 2119 sicut
693 2087 797 2120 dilecti
817 2088 870 2120 lilii
894 2088 987 2120 Fran-

246 2141 347 2174 ciscus
373 2141 564 2183 Bourgoing,
588 2142 787 2185 praepositus
820 2142 986 2184 generalis,

246 2194 406 2237 ceterique
439 2193 614 2237 presbyteri
647 2199 677 2226 et
710 2195 815 2228 clerici
848 2195 983 2237 Congre-

246 2247 381 2290 gationis
395 2247 529 2281 Oratorii
544 2247 666 2280 Domini
679 2248 778 2281 nostri
794 2248 861 2282 lesu
872 2249 985 2283 Christi

246 2301 337 2334 nobis
360 2311 460 2345 nuper
481 2301 593 2344 exponi
607 2302 759 2342 fecerunt,
778 2302 987 2345 Congregatio

247 2353 417 2396 praedicta,
442 2352 644 2386 benedicente
669 2354 812 2394 Domino,
837 2355 868 2387 in
889 2365 987 2398 regno

246 2406 406 2446 Franciac‚
425 2406 449 2439 si
470 2406 556 2446 alibi,
574 2406 724 2439 latissime
740 2407 852 2439 diffusa
873 2408 922 2448 sit,
939 2419 988 2441 ex-

246 2459 399 2502 perientia
416 2470 490 2492 vero
512 2460 623 2493 doceat
639 2460 754 2492 nedum
773 2460 858 2500 utile,
876 2472 985 2494 verum

247 2512 339 2546 etiam
363 2513 576 2546 necessarium
601 2522 668 2546 esse
693 2513 724 2545 in
749 2514 834 2546 omni
859 2524 987 2557 congre-

248 2566 371 2609 gatione
390 2573 417 2599 01
439 2572 529 2609 statu,
546 2573 587 2607 ut,
607 2568 839 2601 iiicomi‘uutatis
861 2580 987 2612 semper

1019 221 1215 255 manentibus
1229 222 1363 265 legibus¹
1374 222 1670 264 fundamentalibus,
1682 233 1761 256 nova

1018 273 1175 306 interdum
1203 278 1316 308 statuta
1332 275 1518 316 condantur,
1537 281 1708 318 mutentur,
1726 286 1761 308 ac

1019 332 1237 367 resumantur,
1267 332 1361 371 prout
1385 339 1492 361 rerum
1525 334 1555 362 et
1579 333 1761 372 temporum

1017 380 1185 413 necessitas
1205 381 1311 424 exigit,
1329 387 1359 414 et
1376 388 1545 426 propterea
1570 387 1761 426 exponentes

1019 432 1171 475 praedicti
1197 433 1254 466 sibi
1280 444 1337 477 per
1357 444 1424 473 nos,
1442 440 1475 467 ut
1497 435 1586 474 infra,
1604 435 1761 478 indulgeri

1018 494 1220 529 summopere
1256 486 1456 520 desiderent:
1488 488 1560 521 hinc
1596 492 1642 522 est
1677 487 1762 531 quod

1019 547 1085 577 nos,
1097 537 1181 581 ipsos
1192 544 1387 582 exponentes
1400 540 1588 583 specialibus
1600 541 1761 574 favoribus

1018 596 1048 622 et
1065 591 1175 633 gratiis
1196 593 1345 635 prosequi
1364 593 1514 633 volentes,
1528 599 1558 626 et
1571 604 1682 627 eorum
1702 594 1763 627 sin·

1018 644 1144 686 gulares
1168 655 1320 688 personas
1345 656 1362 678 a
1386 646 1548 689 quibusvis
1583 657 1762 680 excommu-

1019 697 1195 740 nicationis,
1213 699 1428 742 suspensionis
1446 705 1475 732 et
1496 699 1663 741 interdicti,
1681 700 1762 733 aliis-

1017 760 1078 793 que
1103 751 1321 784 ecclesiasticis
1354 752 1538 793 sententiis,
1568 754 1709 786 censuris
1733 757 1762 787 et

1018 803 1167 846 poe11iS,a
1185 805 1254 837 iure
1272 805 1318 837 vel
1339 805 1377 837 ab
1396 805 1534 848 bomine,
1555 807 1664 849 quavis
1677 817 1763 840 occa-

1018 857 1106 889 sione
1129 858 1175 890 vel
1194 859 1288 891 causa
1306 858 1387 899 latis,
1401 859 1426 891 si
1451 859 1564 902 quibus
1589 859 1763 903 quomodo-

1019 909 1093 942 libet
1109 910 1275 944 innodatae
1289 912 1442 954 existunt‚
1465 912 1502 944 ad
1516 912 1660 946 effectum
1675 923 1763 956 prae-

1018 963 1154 995 sentium
1180 963 1341 997 dumtaxat
1361 965 1630 1007 consequendum,
1649 966 1762 998 barum

1018 1016 1099 1048 serie
1124 1016 1321 1050 absolventes
1347 1023 1376 1050 et
1407 1017 1567 1050 absolutas
1600 1019 1668 1052 fore
1692 1029 1764 1052 cen-

1018 1076 1143 1109 sentes,
1176 1071 1459 1114 supplicationibus
1491 1082 1601 1105 eorum
1635 1073 1763 1105 nomine

1018 1123 1108 1155 nobis
1127 1134 1223 1167 super
1241 1125 1300 1157 hoc
1325 1124 1488 1158 humiliter
1504 1126 1658 1169 porrectis
1676 1127 1763 1159 incli-

1019 1176 1094 1216 nati,
1119 1176 1157 1208 de
1176 1177 1403 1210 venerabilium
1429 1178 1562 1211 fratrum
1580 1184 1762 1212 nostrorum

1019 1234 1143 1262 sanetae
1168 1230 1329 1263 Romanae
1365 1231 1521 1264 Ecclesiae
1555 1232 1763 1265 cardinalium

1019 1282 1272 1326 praepositorum
1286 1284 1426 1326 negociis
1440 1290 1469 1317 et
1481 1285 1763 1318 consultationibus

1018 1336 1240 1379 episcoporum
1267 1342 1297 1369 et
1322 1337 1518 1380 regularium
1544 1339 1686 1379 consilio,
1711 1345 1760 1371 at-

1019 1390 1112 1422 tentis
1130 1391 1276 1431 narratis,
1296 1395 1337 1431 ut,
1356 1391 1483 1424 illibatis
1504 1393 1763 1435 permanentibus

1019 1444 1142 1476 statutis
1167 1444 1268 1476 dictae
1283 1444 1546 1487 Congregationis
1568 1446 1628 1478 iam
1652 1457 1669 1478 a
1685 1446 1763 1479 Sede

1018 1497 1198 1540 Apostolica
1216 1498 1422 1540 confirmatis,
1441 1503 1549 1542 utpote
1570 1499 1671 1531 eidem
1689 1500 1764 1533 Con-

1019 1551 1197 1593 gregationi
1222 1551 1441 1584 essentialibus
1467 1557 1496 1583 et
1525 1552 1763 1585 fundamentaliv

1021 1605 1087 1646 bus,
1115 1604 1189 1648 ipsis
1211 1605 1378 1638 Francisco
1396 1605 1550 1638 moderno
1567 1612 1597 1638 ct
1614 1617 1672 1649 pro
1690 1612 1764 1639 tem-

1020 1668 1096 1701 pore
1114 1658 1337 1692 0111510311111132
1357 1659 1539 1702 praeposito
1560 1660 1699 1702 generali
1717 1671 1763 1693 ce-

1021 1712 1158 1754 terisque
1199 1711 1393 1755 presbyteris
1436 1718 1465 1744 et
1501 1713 1625 1745 clericis
1662 1713 1763 1746 dictae

1020 1764 1279 1807 Congregationis
1300 1765 1390 1798 liceat
1411 1765 1441 1797 13
1466 1766 1530 1798 suis
1548 1766 1691 1810 capitulis
1712 1777 1764 1809 ge-

1020 1818 1180 1850 neralibus
1205 1829 1264 1861 pro
1289 1818 1373 1851 bono
1391 1824 1420 1851 et
1438 1819 1518 1851 felici
1548 1820 1703 1861 regimine
1727 1830 1763 1853 ac

1020 1871 1193 1904 directione
1219 1871 1317 1914 ipsius
1337 1872 1598 1914 Congregationis
1623 1873 1683 1905 alia
1705 1879 1763 1906 sta-

1021 1930 1096 1965 tuta,
1117 1924 1332 1957 ordinationes
1358 1929 1387 1958 et
1412 1926 1546 1968 capitula
1572 1926 1675 1967 edere,
1701 1927 1764 1959 illa-

1020 1988 1081 2021 que
1102 1988 1173 2010 cum
1192 1988 1271 2021 opus
1289 1978 1382 2010 fuerit
1401 1989 1560 2019 revocare,
1590 1990 1762 2021 resumere,

1021 2031 1198 2071 immutare,
1213 2031 1385 2074 corrigere,
1400 2032 1522 2074 aliaque
1540 2032 1577 2064 de
1595 2042 1676 2065 novo
1693 2043 1764 2066 con-

1020 2084 1104 2126 dere,
1129 2090 1224 2127 prout
1248 2095 1355 2117 rerum
1374 2090 1402 2117 01
1425 2090 1604 2128 temporum
1631 2087 1764 2129 qualitas

1021 2138 1134 2180 exiget,
1159 2148 1239 2181 quae
1264 2143 1369 2170 tamen
1394 2138 1432 2170 ad
1457 2139 1578 2171 nullum
1600 2143 1763 2182 peccatum

1021 2191 1249 2233 obsti·ingaut⁸,
1269 2202 1305 2224 ac
1330 2192 1503 2225 dummodo
1520 2193 1617 2225 sacris
1635 2194 1763 2226 canoni-

1020 2246 1089 2286 bus,
1103 2245 1232 2278 Concilii
1247 2245 1419 2277 Tridentini
1437 2245 1582 2287 decretis,
1597 2256 1632 2279 ac
1646 2247 1762 2279 consti-

1022 2298 1195 2331 tutionibus
1227 2303 1258 2331 et
1288 2299 1539 2332 ordinationibus
1564 2299 1762 2342 apostolicis⁷

1021 2352 1143 2385 statutis
1156 2362 1173 2383 a
1188 2351 1284 2383 felicis
1296 2351 1524 2384 reeordationis
1542 2352 1724 2386 Innocentio
1738 2353 1762 2386 X

1022 2405 1265 2449 praedecessore
1289 2411 1398 2438 nostro
1416 2405 1446 2437 in
1464 2405 1603 2438 eiusdem
1624 2406 1762 2448 Congre-

1060 2489 1067 2513 t
1088 2486 1158 2513 Edit.
1176 2486 1257 2512 Main.
1276 2486 1339 2520 legit
1356 2486 1424 2520 leyt's
1439 2494 1487 2520 pro
1504 2486 1612 2520 leyibus
1627 2488 1663 2518 (n.
1677 2486 1723 2522 1.),

1056 2532 1073 2558 2
1092 2531 1192 2558 Forsan
1212 2530 1301 2565 aptius
1320 2531 1457 2559 existenti
1477 2536 1513 2563 (R.
1536 2531 1584 2565 T.).

1057 2578 1071 2602 :5
1094 2576 1161 2602 Edit.
1185 2577 1261 2602 11313,
1286 2577 1350 2611 legit
1371 2577 1531 2611 obstrz'riyci(
1551 2583 1578 2611 13
1610 2584 1655 2610 rs.

1662 165 1725 198 173
1775 175 1823 200 An.
1842 173 1869 200 c.
1890 175 1960 202 1656
