2243 3205
245 199 295 226 An.
314 198 427 226 &1660

292 898 308 918 Α
330 896 423 918 censuris

239 923 356 944 alumtxuur
375 924 423 945 Vin-

239 954 328 971 erutum.

273 1639 355 1662 Deci-eti
371 1646 418 1662 con·

235 1666 334 1690 firmano.

237 1906 347 1927 Contraria
358 1906 418 1927 tollit.

472 189 534 222 532

443 247 484 280 tio
510 246 728 289 subiungebat,
752 247 923 291 prohibitio
947 247 1125 282 huiusmodi
1149 249 1178 281 in

441 300 565 343 capituli
577 301 732 343 generalis
746 300 845 333 dictae
859 302 1111 345 congregationis
1128 313 1180 335 no·

443 353 566 385 tissime
580 353 738 386 celebrato
758 354 896 386 relaxata
917 355 1019 395 fuerit,
1041 365 1077 388 eo
1097 354 1178 398 quod

442 405 530 437 multi
541 406 713 450 presbxteri
730 406 825 450 ipsius
835 408 1088 450 congregationis
1104 418 1179 451 pro-

442 458 523 490 xime
540 459 718 502 praeteritis
736 460 824 493 annis
837 461 952 493 obiisse
969 461 1178 505 reperiuntur,

442 513 571 555 ipsaque
612 513 816 555 congregatio
848 513 979 557 proinde
1016 514 1178 558 penuriam

440 565 557 608 patitur
574 565 782 606 sacerdotum,
801 566 852 609 qui
879 567 987 598 missas
1013 571 1179 610 perpetuas

441 618 483 650 illi
509 618 725 651 incumbentes
744 619 921 652 eelebrent:
945 620 1036 652 nobis
1056 624 1180 663 proptu-

440 680 492 702 rea
511 670 688 714 praedictus
706 671 884 705 Vincentius
909 672 1004 704 abbas
1024 672 1179 714 generalis

439 723 601 756 humiliter
625 724 793 768 supplicari
816 725 885 757 fecit
912 730 945 758 ut
970 726 1000 757 in
1025 725 1178 768 praemis-

439 776 480 809 sis
513 783 688 820 opportune
720 778 887 821 providere
919 778 956 811 de
988 778 1178 821 benignitate

438 830 610 873 apostolica
634 830 846 873 dignaremur.

483 883 497 926 ξ
521 884 551 916 3.
570 885 631 917 Nos
653 884 758 927 igitur,
777 885 878 929 ipsum
899 885 1095 918 Vineentium
1113 895 1178 928 spe-

439 935 568 968 cialibus
589 937 747 970 favoribus
772 943 802 969 et
826 938 934 980 gratiis
951 938 1098 981 prosequi
1126 949 1177 971 ro-

438 988 544 1030 lentes‚
565 992 594 1022 ct
613 999 630 1021 a
654 989 816 1032 quibusvis
834 990 1176 1031 excommunicationis,

437 1046 505 1083 ete,
531 1041 642 1074 harum
665 1043 745 1075 serie
770 1043 966 1076 absolventes
991 1049 1021 1076 et
1045 1044 1173 1076 absolu-

437 1099 500 1126 tum
527 1095 593 1127 sore
618 1101 789 1138 censentes,
816 1096 995 1129 huiusmodi
1018 1097 1173 1140 supplica-

436 1147 573 1180 tionibus
598 1147 756 1188 inclinati‚
782 1153 830 1189 ut,
855 1149 893 1181 ad
923 1150 1173 1193 quinquennium

435 1200 614 1242 proximum
637 1205 768 1241 tantum,
791 1202 937 1234 monaehi
960 1203 1175 1245 congregatio-

436 1252 484 1285 nis
502 1254 670 1295 praefatae,
696 1254 767 1287 licet
792 1255 975 1287 sexennium
1000 1255 1039 1287 ab
1065 1265 1173 1288 eorum

436 1305 578 1347 ingressu
608 1306 750 1339 eamdem
778 1309 1054 1350 congregationem
1086 1319 1175 1352 prae-

436 1359 557 1391 teriisse
589 1359 719 1392 minime
755 1361 942 1403 reperiatur,
971 1361 1175 1394 nihilominus

435 1421 540 1444 sacros
566 1412 702 1454 ordines,
737 1413 866 1445 servatis
893 1414 969 1446 alias
1003 1414 1173 1457 servandis,

435 1465 595 1509 suscipere
623 1466 723 1498 libere
748 1472 777 1499 et
802 1467 885 1499 licite
918 1467 1037 1510 possint
1064 1473 1094 1500 et
1121 1479 1174 1500 va-

434 1518 526 1560 leant,
545 1519 731 1551 auctoritate
755 1520 937 1563 apostoliea,
955 1525 1063 1553 tenore
1088 1531 1176 1564 prae-

434 1572 580 1612 sentium,
606 1572 808 1605 concedimus
826 1577 856 1605 et
876 1573 1083 1616 indulgemus.

479 1626 493 1668 ᾗ
510 1625 538 1657 4.
557 1626 764 1659 Deeerncntes
782 1626 905 1658 easdem
931 1632 1111 1669 praesentes
1129 1628 1175 1660 lit-

435 1684 516 1711 teras
531 1679 647 1721 firmas,
666 1684 735 1718 ete,
757 1679 864 1722 sicque
878 1680 908 1711 in
925 1680 1104 1723 praemissis
1119 1691 1175 1724 per

434 1742 652 1775 quoscumque
678 1732 796 1765 iudices
822 1732 998 1766 ordinarios
1030 1739 1059 1765 et
1090 1733 1174 1766 dele-

435 1790 533 1828 gatos,
560 1791 628 1825 eto,
652 1785 775 1818 definiri
800 1786 926 1827 debere,
943 1796 978 1819 ac
1004 1787 1127 1819 irritum
1146 1792 1175 1820 et

435 1839 536 1879 inane,
554 1839 578 1871 si
596 1848 694 1879 secus
708 1844 776 1879 ete,
795 1839 962 1882 contigerit
975 1840 1128 1873 attentari.

479 1893 494 1935 ξ
524 1892 552 1925 5.
586 1893 653 1925 Non
685 1892 879 1925 obstantibus
910 1894 1113 1936 praemissis,
1139 1904 1174 1927 ac

435 1945 711 1978 constitutionibus
732 1949 761 1979 et
785 1945 1032 1978 ordinationibus
1053 1952 1174 1990 aposto-

435 1999 513 2039 licis,
529 1999 703 2042 ceterisque
721 1999 886 2032 contrariis
911 1999 1171 2044 quibuscumque.

480 2053 589 2086 Datum
618 2053 744 2092 Romae,
770 2052 852 2095 apud
870 2052 899 2085 S.
926 2053 1053 2085 Mariam
1078 2053 1172 2086 Maio-

435 2116 513 2147 rem,
529 2106 586 2138 sub
600 2105 715 2138 annulo
730 2105 907 2145 Piscatoris,
921 2105 970 2137 die
985 2116 1026 2138 xv
1041 2106 1172 2139 iannua—

436 2159 472 2191 rii
491 2168 605 2198 MDCLx,
623 2158 824 2202 pontificatus
837 2159 935 2191 nostri
954 2169 1036 2192 anno
1054 2169 1082 2192 v.

472 2220 529 2247 Dat.
547 2220 590 2247 die
613 2220 644 2247 15
664 2219 779 2247 ianuarii
801 2219 879 2254 1650,
897 2220 995 2255 pontif.
1016 2229 1087 2248 anno
1106 2228 1131 2247 v.

713 2354 885 2388 CCLXXIX.

438 2426 528 2465 Quod
565 2426 682 2468 fratres
721 2426 862 2458 Minores
893 2424 930 2457 de
963 2424 1174 2458 Observantici

479 2480 584 2511 sancti
607 2479 778 2512 Fre-mce'soi
788 2478 977 2522 provinciae
1006 2478 1173 2512 Valentino

479 2542 545 2564 non
575 2532 699 2574 possint
733 2533 872 2565 transire
906 2531 950 2565 ad
981 2532 1171 2567 Recolleotos

480 2586 598 2629 absque
624 2585 752 2618 licenzid
780 2586 929 2619 ministri
948 2587 1169 2630 provincialis.

1024 200 1201 224 BULLAmUM
1225 199 1378 223 ROMANUM

1406 248 1570 275 Alexander
1589 247 1667 281 Papa
1686 247 1754 280 VII,

1353 293 1389 319 ad
1409 292 1542 319 futuram
1561 292 1606 319 rei
1626 292 1806 319 memoriam.

1257 353 1318 397 §f
1339 354 1421 386 Alias
1446 364 1504 397 pro
1529 358 1617 397 parte
1636 353 1739 386 dilecti
1764 353 1819 386 filii
1847 353 1949 387 lacobi

1212 407 1374 447 Quintana,
1385 407 1598 450 procuratoris
1607 406 1787 450 provinciae
1794 406 1949 440 Valentiae

1213 459 1336 492 Ordinis
1351 460 1483 492 fratrum
1505 460 1658 492 lllinorum
1676 459 1773 492 sancti
1791 459 1950 493 Francisci

1212 511 1250 544 de
1275 511 1477 545 Observantia
1517 518 1785 556 noncupatorum,
1820 523 1949 556 congre-

1213 565 1330 607 gationi
1361 565 1586 597 venerabilium
1616 565 1747 598 fratrum
1768 569 1948 599 nostrorum

1213 618 1242 651 S.
1264 619 1298 651 R.
1317 619 1348 651 E.
1368 618 1572 651 cardinalium
1590 619 1723 662 negotiis
1747 624 1777 652 et
1793 619 1949 652 consulta-

1213 671 1352 703 tionibus
1366 671 1584 715 cpiscoporum
1603 676 1633 704 et
1649 671 1842 714 regularium
1859 682 1949 715 prae-

1212 724 1331 767 positae
1348 724 1498 768 exposito,
1516 724 1600 768 quod
1621 725 1742 768 (vigore
1762 724 1949 758 concordiae

1212 776 1329 810 dudum
1363 777 1444 810 inter
1474 777 1585 810 fratres
1609 778 1744 811 Minores
1767 778 1806 811 de
1829 777 1950 811 Obser-

1213 830 1315 862 vantia
1341 835 1538 874 nuncupatos
1556 841 1590 863 ex
1616 832 1678 863 una
1703 836 1732 863 et
1755 831 1867 865 fratres
1890 831 1950 864 Re-

1211 884 1358 917 collectos
1383 884 1563 928 provinciae
1584 889 1613 917 et
1633 884 1756 918 Ordinis
1776 884 1949 929 praedicto-

1212 947 1280 969 rum
1300 947 1334 969 ex
1361 937 1458 970 altera
1479 937 1620 980 partibus
1646 937 1739 970 initae
1756 943 1785 971 et
1809 948 1826 971 a
1850 938 1948 972 felicis

1211 989 1438 1023 recordationis
1467 990 1620 1033 Gregorio
1649 991 1748 1035 Papae
1772 991 1838 1024 XIII
1862 1002 1949 1035 prae-

1210 1043 1375 1075 decessore
1399 1048 1506 1076 nostro
1518 1043 1731 1085 confirmatae,
1742 1055 1802 1088 qua
1811 1048 1947 1086 cavetur,

1209 1095 1292 1139 quod
1318 1096 1439 1138 fratres,
1458 1096 1509 1140 qui
1535 1107 1570 1129 ex
1596 1097 1741 1130 domibus
1766 1108 1827 1131 non
1847 1098 1948 1131 recol—

1210 1150 1296 1183 lectis
1328 1150 1365 1181 ad
1403 1150 1585 1182 recollectas
1616 1150 1750 1183 transire
1782 1151 1947 1192 voluerint,

1210 1213 1394 1235 consensum
1409 1203 1497 1246 prius
1516 1203 1544 1234 in
1565 1203 1691 1246 scriptis
1708 1203 1842 1237 babeant
1858 1215 1948 1247 guar-

1209 1255 1289 1287 dIani
1309 1261 1337 1288 et
1362 1261 1532 1288 conventus
1561 1256 1672 1288 domus
1693 1257 1730 1288 ad
1748 1267 1840 1300 quam
1862 1262 1946 1290 tran-

1209 1309 1270 1341 sire
1296 1309 1505 1347 intenderint;
1531 1319 1702 1342 consensus
1732 1320 1807 1343 vero
1832 1310 1944 1343 liuius-

1210 1361 1293 1394 modi
1318 1372 1374 1405 per
1400 1366 1469 1394 vota
1498 1367 1616 1394 secreta
1641 1363 1833 1405 exquiratur,
1850 1368 1889 1406 et,
1909 1373 1947 1397 eo

1209 1415 1348 1456 obtento,
1376 1414 1500 1446 licentia
1525 1415 1685 1448 humiliter
1709 1419 1833 1458 petatur
1851 1426 1868 1449 a
1893 1416 1949 1449 mi-

1209 1467 1308 1499 nistro
1334 1468 1517 1510 provinciali
1551 1469 1731 1500 transeundi
1760 1468 1799 1501 ad
1823 1469 1948 1513 praedi-

1210 1525 1289 1552 ctam
1305 1520 1445 1560 domum,
1466 1531 1559 1563 quam
1575 1521 1640 1564 ipse
1652 1521 1793 1554 minister
1814 1522 1947 1565 benigne

1209 1573 1382 1606 concedere
1407 1574 1563 1617 teneatur)
1590 1575 1679 1606 multi
1704 1585 1767 1608 non
1791 1575 1858 1609 zelo
1883 1576 1947 1609 vir-

1211 1627 1293 1667 tutis,
1314 1637 1370 1660 nec
1395 1631 1428 1660 ut
1452 1628 1621 1660 ferventius
1646 1628 1709 1661 Deo
1734 1628 1855 1661 servire
1879 1640 1948 1673 pos-

1209 1686 1286 1720 sent,
1305 1680 1358 1712 sed
1384 1691 1440 1723 per
1465 1681 1632 1713 voluntatis
1658 1681 1896 1714 inconstantiam
1917 1687 1947 1715 et

1209 1733 1448 1766 mutabilitatem
1475 1733 1637 1766 tenderent
1660 1734 1699 1766 ad
1723 1735 1858 1778 aliquem
1876 1746 1947 1769 con-

1209 1790 1332 1818 ventum
1352 1786 1592 1818 recollectorum
1611 1791 1641 1818 et
1664 1787 1842 1830 acciperent
1858 1793 1945 1829 vota;

1207 1849 1242 1871 ac
1266 1839 1338 1871 licet
1363 1839 1504 1872 minister
1528 1839 1729 1882 provincialis
1757 1840 1876 1875 videret
1898 1845 1945 1875 ta-

1207 1893 1267 1924 lem
1296 1893 1458 1926 transitum
1492 1903 1559 1926 esse
1591 1899 1700 1926 contra
1725 1894 1842 1927 bonum
1867 1894 1946 1938 regi-

1208 1956 1277 1977 men
1314 1945 1414 1978 dictae
1449 1944 1629 1989 provinciae
1662 1952 1692 1979 et
1729 1947 1815 1980 nullo
1850 1947 1944 1981 modo

1207 1999 1384 2038 convenire,
1414 1998 1483 2042 ipso
1509 1999 1604 2032 invito
1630 2001 1799 2033 transirent
1827 2000 1865 2033 ad
1892 2011 1944 2034 re—

1207 2052 1363 2091 collectos,
1389 2052 1457 2084 freti
1482 2053 1635 2095 particula
1652 2053 1850 2096 supradictae
1869 2064 1944 2087 con-

1206 2105 1349 2144 cordiae,
1374 2115 1435 2148 qua
1459 2105 1574 2138 dicitur
1597 2105 1681 2149 quod
1713 2106 1861 2139 minister
1883 2117 1944 2150 pro

1206 2158 1354 2190 vincentis
1387 2158 1552 2191 licenciam
1585 2158 1748 2192 concedere
1773 2163 1943 2201 teneatur,-

1206 2216 1236 2244 et
1263 2212 1294 2244 in
1323 2211 1431 2244 eadem
1459 2212 1654 2255 expositione
1678 2212 1858 2254 subiuncto,
1883 2213 1944 2247 hoc

1208 2264 1302 2297 videri
1329 2275 1396 2297 esse
1420 2270 1530 2298 eontra
1561 2271 1696 2298 mentem
1726 2265 1800 2299 dicti
1825 2265 1945 2310 Grego—

1207 2318 1243 2350 rii
1276 2318 1529 2362 praedecessoris
1561 2322 1591 2352 et
1625 2318 1830 2362 religionem,
1860 2319 1943 2353 ideo·

1206 2382 1265 2414 que
1283 2371 1320 2404 ad
1340 2372 1416 2404 tales
1435 2372 1551 2405 abusus
1573 2372 1732 2406 evitandos
1749 2372 1850 2405 dictae
1874 2383 1944 2407 con-

1206 2425 1380 2468 gregationi
1404 2426 1589 2469 supplicato,
1606 2431 1640 2458 ut
1657 2426 1810 2460 declaret¹
1827 2426 1942 2460 dictam

1206 2479 1405 2523 particulam,
1431 2479 1471 2511 ita
1502 2479 1621 2513 scilicet
1645 2485 1678 2512 ut
1702 2480 1843 2513 minister
1866 2490 1942 2524 pro-

1241 2597 1251 2621 1
1274 2595 1404 2630 Legerem
1424 2595 1582 2624 declararet
1600 2596 1637 2631 (n.
1654 2596 1702 2630 τ.).

1966 199 2016 224 An.
2033 197 2062 225 C.
2080 198 2148 227 1660

1989 365 2076 390 Mutiva.
