2263 3215
275 1278 311 1293 10¹
329 1280 350 1293 lv..

345 1246 394 1265 Cen·
401 1245 455 1265 :aria

337 1275 341 1284 ι

488 172 525 184 υ(

488 187 526 203 ΑΙ

461 228 561 259 eidem
588 226 783 259 Ferdinainlo
809 225 885 267 regi,
913 225 1042 266 eiusque
1068 236 1197 256 sun-ees-

462 281 584 313 soribus
609 291 665 322 pro
691 285 831 320 tempore
863 277 1068 309 existentibus
1099 277 1197 309 Bobe-

463 334 541 365 miae
567 333 710 373 regibus,
735 331 808 373 ipsis
834 335 936 362 tamen
961 335 990 362 et
1016 340 1113 372 regno
1139 330 1198 361 hu-

464 386 595 419 iusmodi
622 386 651 416 in
678 385 811 427 puritate
838 383 1030 416 orthodoxae
1063 383 1135 415 fidei
1170 387 1199 414 et

464 440 583 471 sincera
615 448 689 479 erga
723 438 897 469 ltonianum
924 436 1106 469 Pontificem
1142 445 1200 478 pro

465 498 603 534 tempore.
618 490 801 522 existentem
819 495 848 521 et
859 489 971 521 Sedem
987 488 1199 532 Apostolicam

464 544 626 577 ‹lexotione
662 543 907 586 persistentibus,
935 542 982 574 ius
1018 541 1200 574 nominandi

466 607 630 641 personam
642 595 784 628 idoneam
799 596 837 627 ad
854 595 967 627 dictam
988 594 1199 627 cathedralem

467 650 626 683 eeclesiam
642 676 649 689 ‚
673 648 834 692 perpetuis
859 648 972 680 suturis
993 647 1200 690 temporibus,

466 703 540 735 dum
565 713 622 746 pro
647 708 789 745 tempore
815 701 957 742 vacabit,
991 705 1021 732 et
1057 700 1116 732 iam
1142 700 1201 732 hae

466 757 569 800 prima
584 755 660 795 viee,
680 755 769 787 nobis
786 760 814 787 et
832 765 889 798 pro
903 759 1046 797 tempore
1060 753 1201 787 existenti

467 810 608 842 Romano
633 807 836 847 Pontitici‚de
861 807 955 839 simili
980 806 1122 847 consilio,
1147 817 1201 839 au-

469 862 609 895 ctoritate
634 867 661 893 et
688 865 794 894 tenore
809 860 948 904 paribus,
970 859 1114 892 similiter
1135 870 1205 903 per-

468 921 563 959 petuo
589 914 810 954 concedimus,
843 913 1043 957 impertimur
1067 917 1097 945 et
1120 912 1200 945 assi-

468 979 610 1011 gnamus.

513 1022 527 1065 ἓ
551 1021 580 1054 3.
606 1022 812 1054 Decernentes
841 1030 877 1053 ex
910 1029 994 1052 nunc
1026 1019 1150 1053 irritum
1176 1024 1206 1052 et

470 1075 569 1117 inane,
585 1075 609 1107 si
630 1085 718 1107 secus
743 1073 899 1117 superbis
917 1083 934 1105 a
950 1083 1119 1116 quoquam,
1135 1083 1207 1116 qua-

470 1129 514 1161 vis
539 1128 742 1169 auctoritate,
771 1127 904 1160 scienter
929 1126 976 1159 xel
1002 1126 1206 1169 ignoranter,

472 1181 639 1224 contigerit
663 1179 816 1212 attentari.

516 1235 530 1278 g
554 1234 582 1267 4.
608 1234 676 1267 Non
695 1232 890 1267 obstantibus
904 1232 1121 1265 Lateranensis
1139 1242 1209 1266 eon-

473 1287 535 1321 cilii
560 1286 727 1320 novissime
758 1285 907 1318 celebrati
939 1286 1072 1319 uniones
1097 1296 1210 1330 perpe-

474 1347 541 1374 tuas
564 1341 623 1374 nisi
648 1341 678 1373 in
703 1340 825 1373 casibus
842 1351 859 1372 a
877 1340 945 1373 iure
961 1340 1124 1384 permissis
1141 1340 1210 1372 lieri

474 1394 681 1438 prohibentis,
701 1404 736 1426 ac
752 1393 868 1426 nostris
881 1397 911 1427 et
924 1393 1128 1426 cancellariae
1142 1403 1212 1437 apo-

475 1448 582 1481 stolice
606 1447 733 1490 regulis,
752 1457 808 1490 per
825 1457 901 1490 quas
922 1446 1041 1479 dudum
1059 1447 1140 1479 inter
1153 1447 1212 1479 alia

475 1501 644 1540 voluimus,
669 1500 753 1543 quod
776 1503 916 1543 petentes
940 1499 1091 1532 beneficia
1118 1500 1213 1533 eecle-

476 1554 598 1587 siastica
623 1553 690 1586 aliis
715 1553 797 1586 uniri
823 1558 1005 1586 tenerentur
1034 1554 1213 1597 exprimere

476 1617 585 1640 verum
618 1617 756 1639 annuum
788 1607 925 1640 valorem
970 1612 1033 1639 tam
1069 1608 1212 1640 beneficii

476 1661 554 1693 uniti
579 1671 672 1704 quam
697 1660 824 1694 alterius
856 1660 905 1693 cui
943 1660 1027 1693 aliud
1051 1661 1135 1693 uniri
1159 1671 1212 1704 pe-

477 1719 616 1755 teretur,
647 1725 683 1747 ac
707 1714 791 1758 quod
814 1714 948 1748 uniones
977 1714 1214 1749 committantur

477 1767 514 1799 ad
539 1773 659 1811 partes,
686 1767 802 1800 vocatis
826 1767 976 1800 interesse
1005 1767 1213 1810 habentibus,

478 1826 508 1853 et
531 1821 691 1864 quibusvis
715 1821 783 1853 aliis
814 1821 1088 1854 constitutionibus
1113 1827 1142 1854 et
1166 1832 1216 1855 or-

479 1874 690 1907 dinationibus
706 1875 896 1917 apostolicis,
921 1885 1043 1908 necnon
1061 1875 1214 1909 dictarum

480 1927 692 1969 ecclesiarum,
718 1927 810 1959 etiam
836 1927 1022 1970 iuramento,
1051 1928 1216 1961 confirma-

482 1980 563 2013 tione
587 1981 769 2024 apostolica,
784 1981 831 2013 vel
857 1981 966 2024 quavis
982 1981 1131 2016 firmitate
1156 1982 1215 2014 alia

482 2033 646 2073 roboratis,
670 2033 792 2066 statutis
805 2037 834 2067 et
848 2035 1136 2075 consuetudinibus,
1155 2036 1217 2078 pri-

482 2087 602 2129 vilegiis
622 2097 756 2129 quoque,
777 2086 904 2120 indultis
918 2093 947 2120 et
961 2088 1072 2121 litteris
1092 2094 1216 2132 aposto-

483 2140 559 2182 licis,
585 2141 645 2172 illis
661 2151 832 2184 earumque
850 2142 1058 2184 praesulibus,
1073 2142 1217 2186 capitulis

483 2199 512 2226 et
536 2194 687 2237 personis,
701 2194 758 2226 sub
783 2194 1034 2238 quibuscumque
1055 2195 1218 2228 tenoribus

483 2252 512 2280 et
536 2247 654 2287 formis,
679 2257 715 2280 ac
739 2257 810 2280 eum
832 2247 994 2290 quibusvis
1019 2248 1110 2280 etiam
1132 2248 1219 2282 dero-

484 2301 675 2343 gatoriarum
701 2301 930 2343 derogatoriis,
963 2301 1093 2344 aliisque
1119 2302 1219 2335 effica-

485 2353 621 2385 cioribus
641 2358 670 2385 et
688 2353 819 2387 insolitis
837 2353 994 2393 clausulis,
1014 2354 1220 2388 irritantibus-

486 2417 545 2449 que
577 2412 606 2438 et
638 2407 705 2439 aliis
737 2407 880 2447 decretiS,
902 2407 933 2439 in
964 2417 1079 2450 genere
1110 2409 1157 2441 vel
1189 2409 1220 2441 in

487 2459 610 2501 specie,
635 2459 725 2491 etiam
752 2465 839 2493 motu
863 2460 993 2504 proprio
1018 2466 1047 2493 et
1072 2461 1221 2494 consisto-

488 2511 606 2543 rialiter
630 2516 660 2543 et
679 2512 753 2544 alias
770 2518 877 2545 contra
894 2514 1065 2557 praemissa
1093 2525 1221 2558 quomo-

488 2563 604 2598 dolibet
627 2565 792 2607 concessis,
809 2567 1000 2601 contii-matis
1015 2573 1044 2601 et
1058 2568 1221 2610 innovatis3

1043 178 1217 200 immanium
1246 175 1396 199 noimixuu

1216 224 1344 266 ,quibus
1363 222 1518 263 munibus,
1540 221 1662 254 etiamsi
1678 221 1754 255 alias
1772 232 1831 266 pro
1844 223 1972 256 illorum

1232 274 1396 307 sullicienti
1421 273 1624 316 derogatione
1644 274 1682 306 de
1715 274 1774 307 illis
1798 286 1974 319 eorumque

1234 328 1304 360 totis
1345 327 1508 359 tenoribus
1544 327 1705 370 specialiS‚
1734 329 1901 372 specifica,
1927 339 1976 361 ex-

1232 391 1341 424 pressa
1366 385 1395 413 et
1419 380 1578 413 individua
1603 391 1638 413 ac
1662 381 1701 413 de
1725 381 1821 415 verbo
1842 382 1880 414 ad
1909 392 1975 415 ver-

1234 434 1318 475 bum,
1344 444 1407 467 non
1432 439 1535 467 autem
1560 445 1617 478 per
1637 434 1792 468 clausulas
1812 435 1976 478 generales

1235 487 1318 519 idem
1356 487 1579 530 imponantes,
1613 488 1730 521 mentio
1758 493 1810 520 aut
1849 489 1976 532 quaevis

1235 540 1294 572 alia
1329 541 1491 584 expressio
1528 541 1673 574 habenda
1698 546 1751 574 aut
1781 541 1886 585 aliqua
1916 542 1977 574 alia

1236 593 1390 637 exquisita
1414 594 1515 627 forma
1544 595 1581 627 ad
1615 595 1676 628 hoc
1700 594 1852 628 servanda
1877 595 1977 636 foret,

1237 651 1362 680 tenores
1376 647 1568 689 huiusmodi,
1588 659 1624 681 ac
1641 649 1665 681 si
1686 648 1725 681 de
1741 648 1839 681 verbo
1856 648 1895 680 ad
1911 658 1978 681 ver-

1236 700 1311 733 bum
1329 700 1407 733 nihil
1428 702 1550 744 penitus
1566 702 1683 735 omisso
1699 707 1730 735 et
1755 701 1858 735 forma
1872 701 1978 734 inillis

1237 753 1352 785 tradita
1376 753 1540 788 observata
1568 754 1675 787 inserti
1706 754 1831 795 forent,
1860 753 1978 787 eisdem

1237 806 1456 850 praesentibus
1480 817 1538 850 pro
1555 807 1647 851 plene
1672 812 1701 840 et
1721 806 1913 839 sufficienter
1930 817 1979 840 ex-

1238 861 1354 904 pressis
1379 865 1409 894 et
1434 861 1559 894 insertis
1584 861 1745 902 habentes,
1767 861 1828 894 illis
1853 860 1928 893 alias
1946 860 1979 892 in

1238 925 1295 947 suo
1320 915 1434 948 robore
1458 914 1690 958 permansuris,
1714 914 1772 947 hac
1801 914 1867 947 vice
1892 913 1979 946 dum-

1238 973 1330 1010 taxat,
1352 968 1464 1001 harum
1490 968 1570 1001 serie
1590 967 1768 1011 specialiter
1784 972 1814 1000 et
1831 976 1980 1010 expresse

1240 1026 1327 1054 motu
1350 1026 1460 1054 nostro
1485 1021 1553 1065 pari
1579 1021 1786 1064 derogamus,
1814 1019 1979 1054 contrariis

1240 1074 1500 1118 quibuscumque.

1285 1128 1299 1171 g
1324 1128 1353 1161 5.
1379 1128 1461 1161 Nulli
1493 1138 1570 1170 ergo
1601 1127 1729 1161 omnino
1758 1127 1924 1161 hominum
1947 1126 1982 1160 li-

1242 1186 1310 1214 ceat
1333 1182 1414 1214 lianc
1437 1181 1584 1225 paginam
1607 1185 1734 1215 nostrae
1763 1180 1981 1225 separationis,

1242 1235 1547 1276 dismembrationis,
1573 1234 1801 1279 exemptionis,
1826 1235 1982 1268 liberatio-

1243 1290 1301 1330 nis,
1326 1289 1502 1331 erectionis,
1528 1289 1742 1330 institutionis,
1759 1288 1982 1329 concessionis,

1244 1342 1474 1385 assignationis,
1500 1343 1749 1386 suppressionis,
1776 1342 1983 1385 extinctionis,

1245 1396 1369 1429 unionis
1383 1423 1390 1436 ,
1422 1396 1663 1440 applicationis,
1696 1395 1963 1439 appropriationis
1977 1421 1985 1436 ,

1246 1450 1475 1491 submissionis,
1500 1450 1678 1490 voluntatis,
1704 1449 1851 1490 mandati,
1874 1449 1987 1492 impar-

1247 1503 1374 1544 titionis,
1388 1502 1505 1536 decreti
1526 1506 1555 1536 et
1572 1502 1785 1545 derogationis
1803 1501 1986 1545 infringere,

1247 1556 1292 1588 vel
1319 1556 1346 1588 ei
1371 1566 1450 1588 ausu
1475 1555 1644 1588 temerario
1669 1554 1841 1595 contraire3
1866 1555 1892 1588 si
1916 1555 1986 1598 quis

1247 1608 1352 1642 autem
1375 1609 1436 1642 hoc
1460 1612 1612 1643 attentare
1636 1608 1894 1652 praesumpserit,
1911 1607 1988 1641 indi-

1247 1662 1430 1706 gnationem
1444 1656 1668 1706 omnipotentis
1689 1661 1744 1694 Dei
1762 1672 1798 1694 ac
1819 1661 1985 1695 beatorum

1248 1716 1331 1749 Petri
1355 1721 1385 1749 et
1408 1716 1495 1748 Pauli
1520 1715 1736 1759 apostolorum
1761 1715 1827 1748 eius
1858 1725 1891 1748 se
1924 1725 1983 1748 no-

1248 1769 1326 1802 verit
1350 1769 1562 1802 incursurum.

1292 1822 1403 1855 Datum
1428 1822 1556 1861 Romae,
1574 1821 1657 1865 apud
1688 1821 1717 1854 S.
1743 1821 1872 1853 Mariam
1897 1821 1988 1854 Maio-

1249 1886 1326 1916 rem,
1341 1886 1422 1908 anno
1439 1875 1665 1908 Incarnationis
1679 1874 1859 1908 Dominicae
1872 1884 1987 1917 MDGLV,

1249 1940 1283 1964 111
1302 1940 1401 1963 nonas
1418 1929 1496 1970 iulii,
1514 1928 1714 1972 pontificatus
1737 1929 1837 1962 nostri
1861 1938 1943 1962 anno
1968 1938 1987 1961 1.

1286 1993 1344 2019 Dat.
1365 1992 1407 2019 die
1423 1992 1439 2019 5
1455 1991 1511 2018 iulii
1527 1991 1606 2024 1655,
1624 1990 1718 2026 pontif.
1735 1998 1805 2017 anno
1821 1999 1839 2017 1.

1253 2178 1462 2220 Confirmatio
1486 2177 1604 2210 decreti
1635 2177 1892 2221 conyreyatiom's
1921 2177 1990 2221 epi-

1295 2242 1462 2275 scoporum
1478 2235 1506 2264 el
1519 2231 1725 2273 reqularz'um
1735 2241 1831 2274 super
1849 2233 1992 2264 transitu

1295 2284 1552 2318 ltIcmle'canlizcm
1575 2284 1617 2316 ad
1644 2284 1877 2318 Cartltusianos
1894 2283 1913 2317 ¹.

1446 2355 1613 2382 Alexander
1632 2355 1709 2388 Papa
1729 2356 1796 2389 vn,

1394 2401 1430 2426 ad
1450 2399 1582 2426 futuram
1601 2398 1645 2426 rei
1665 2399 1846 2427 memoriam.

1298 2461 1312 2505 ἓ
1337 2461 1365 2494 1.
1392 2460 1551 2494 Emanavit
1583 2471 1683 2504 nuper
1707 2472 1724 2494 a
1749 2461 1993 2505 congregatione

1255 2513 1479 2547 venerabilium
1505 2513 1636 2546 fratrum
1660 2518 1842 2548 nostrorum
1868 2519 1993 2548 sanetae

1290 2578 1302 2604 1
1324 2576 1362 2604 Ex
1381 2575 1489 2611 aegest.
1509 2575 1537 2603 in
1556 2576 1662 2604 Secret.
1683 2576 1761 2604 Brev.

1992 176 2029 200 An
2054 176 2079 201 (ἶ,
2106 177 2171 204 14-55

2022 1141 2076 1161 Huic
2091 1141 2181 1166 paginae

1996 1169 2184 1197 contravenientes

1997 1197 2064 1221 punit.

2033 2467 2148 2489 Decretum
2158 2472 2192 2489 re-

2007 2493 2080 2516 fertur.
