2202 3190
420 139 483 174 818

376 204 514 249 Spiritus
539 203 685 244 Sanctus,
714 201 769 247 qui
795 212 854 236 suo
873 227 1026 237 .....
1054 202 1119 236 744

376 258 477 302 Super
500 256 663 290 militantis
689 255 850 290 Ecclesiae
875 283 1025 289 .....
1053 255 1119 290 194

378 310 514 354 Superni
540 309 749 356 dispositione
774 309 902 344 consilii
927 309 1028 344 vices.
1075 309 1116 342 57

737 443 761 476 T

378 550 464 582 Tuae
488 548 520 581 in
544 558 603 582 nos
629 555 659 582 et
684 548 900 592 Apostolicam
921 575 928 582 .
955 575 962 582 .
987 574 994 581 .
1022 575 1028 581 .
1076 547 1119 581 74

380 602 454 635 Tuis
478 601 509 634 in
534 612 592 635 nos
617 607 647 635 et
671 601 755 636 hanc
778 608 921 636 sanctam
944 628 950 635 .
980 628 986 634 .
1017 628 1023 634 .
1053 600 1117 634 262

735 733 761 767 U

378 839 567 883 Unigenitus
589 840 644 874 Dei
673 839 759 872 filius
791 839 959 882 Dominus,
988 866 994 872 .
1023 866 1029 872 .
1099 839 1119 873 2

378 892 572 927 Universalis
598 892 757 927 Ecclesiae
780 892 931 936 regimini
958 920 964 927 .
990 920 997 926 .
1023 920 1029 926 .
1055 891 1120 926 355

967 149 1064 175 BULLA
1069 149 1145 175 mum
1169 148 1321 175 ROMANUM

1169 201 1362 236 Universalis
1386 201 1547 235 Ecclesiae
1571 202 1720 246 regimini
1746 231 1752 238 .
1777 231 1784 238 .
1811 231 1819 239 .
1843 204 1909 239 425

1168 257 1208 290 Ut
1233 255 1401 289 carissima
1421 254 1455 288 in
1481 255 1604 290 Christo
1635 256 1702 290 filia
1744 283 1754 291 .
1779 284 1786 291 .
1813 285 1820 292 .
1845 258 1911 293 105

1167 309 1207 344 Ut
1224 309 1350 353 collegii
1366 308 1550 343 Germanici
1566 314 1661 354 atque
1678 311 1818 355 Hungar.
1845 311 1910 346 638

1167 363 1208 397 Ut
1232 373 1280 403 ea,
1307 372 1389 406 quae
1414 361 1448 395 in
1472 361 1655 397 visitatione
1673 389 1818 397 .....
1845 363 1910 397 126

1166 417 1207 450 Ut
1231 426 1279 457 ea,
1303 425 1386 460 quae
1409 415 1441 449 in
1460 415 1642 450 visitatione
1663 442 1819 450 .....
1847 415 1906 451 581

1167 469 1207 503 Ut
1230 470 1268 503 ee
1291 479 1356 512 qua
1378 479 1436 513 par
1454 474 1502 502 est
1521 467 1746 502 sollicitudine.
1775 495 1783 502 .
1813 495 1821 503 .
1846 468 1912 503 650

1168 521 1208 555 Ut
1230 522 1263 555 in
1287 521 1348 556 hac
1371 522 1455 555 alma
1474 521 1559 556 Urbe
1582 523 1709 555 nostra.
1739 548 1746 554 .
1776 548 1783 555 .
1813 549 1820 555 .
1846 520 1911 555 317

1169 575 1209 609 Ut
1232 574 1265 608 in
1289 575 1515 620 prosequendo
1539 574 1747 609 visitationis.
1776 601 1783 608 .
1813 601 1820 609 .
1847 574 1912 609 129

1169 627 1211 662 Ut
1234 637 1441 672 quacumque
1464 629 1648 673 opportuna
1671 627 1796 662 ratione
1814 653 1822 662 .
1869 626 1913 662 89

1531 733 1555 766 V

1171 839 1265 874 Verbi
1289 839 1423 880 aeterni,
1450 839 1538 884 quod
1565 844 1602 874 ut
1622 838 1826 882 ,illuminaret
1848 838 1913 874 319

1172 894 1305 927 Vineam
1328 893 1467 935 Domini,
1485 904 1569 938 quae
1592 898 1639 928 est
1665 892 1750 928 eius.
1779 920 1786 927 .
1816 920 1823 928 .
1849 892 1915 929 152
