2243 3205
60 141 108 169 An.
123 138 151 167 C.
172 137 240 166 1⁶59

70 1454 74 1456 ἡ
85 1424 196 1446 Decretum
215 1426 242 1446 ii·-

59 1456 131 1473 filans.

111 1906 242 1928 Obstantiurn

61 1936 176 1961 derogatio.

852 135 1038 162 ALEXANDER
1063 137 1108 161 vn
1126 138 1175 161 PP.

258 185 365 219 storali
385 185 552 229 providere
572 186 721 229 volentes,
742 190 829 219 motu
854 185 997 230 proprio,

257 249 293 271 ac
317 249 353 271 ex
379 240 464 272 certa
489 239 619 273 seientia
644 245 674 272 et
699 240 822 273 matura
847 238 998 272 delibera-

257 291 341 325 tione
365 293 490 333 nostris,
508 292 609 336 deque
629 292 818 336 apostolicae
835 291 998 335 potestatis

257 344 462 388 plenitudine,
485 345 569 389 quod
588 345 627 378 de
651 349 755 379 cetero
779 344 938 389 perpetuis
955 344 999 376 su-

257 397 336 431 turis
357 398 555 442 temporibus
576 404 771 432 correctores
790 397 998 442 provinciales

257 450 331 484 dicti
356 451 490 492 Ordinis,
509 453 668 496 completo
693 458 723 485 et
743 458 851 485 exacto
872 451 997 484 illorum

257 504 361 538 officio
386 505 579 546 huiusmodi,
605 517 660 550 per
685 517 736 539 sex
763 516 861 539 annos
888 505 998 538 imme—

257 558 339 591 diate
364 565 530 603 sequentes
543 559 581 592 ab
606 559 715 593 eodem
741 569 872 592 munere
889 568 999 591 vacare

257 618 287 645 et
311 624 435 647 cessare
467 613 622 655 debeant,
647 615 689 646 ita
719 619 752 647 ut
781 618 852 646 ante
876 613 997 657 lapsum

256 666 373 699 sexenii
398 666 578 700 huiusmodi
604 666 642 699 ad
668 677 782 699 munus
807 671 837 699 et
860 666 998 699 officium

257 720 447 752 correctoris
463 720 666 763 provincialis
687 720 914 765 cuiuscumque
929 730 1000 763 pro-

256 772 376 806 vinciae
396 773 520 806 Ordinis
545 773 696 817 praedicti
722 773 825 806 denuo
853 773 926 817 eligi
951 774 998 806 vel

256 827 373 860 assumi
398 827 485 860 nullo
511 827 605 860 modo
630 827 762 871 possint,
780 832 889 860 tenore
912 837 999 871 prae-

256 880 391 913 sentium
417 880 598 921 statuimus3
619 886 712 924 atque
729 881 771 913 ita
795 880 834 913 ab
852 881 998 914 omnibus

256 939 286 967 et
311 933 444 977 singulis
467 934 542 967 dicti
563 934 689 968 Ordinis
714 934 864 967 fratribus
885 939 915 967 et
931 945 999 978 per-

256 987 363 1030 sonis,
389 988 447 1021 sub
472 988 696 1032 indignationis
719 992 844 1022 nostrae
869 999 904 1021 ac
939 988 999 1032 pri-

256 1041 390 1075 vationis
407 1041 492 1075 vocis
509 1042 629 1075 activae
652 1047 682 1075 et
706 1041 858 1086 passivae,
876 1052 998 1075 necnon

257 1094 455 1138 dignitatum,
479 1095 656 1129 officiorum
682 1100 712 1128 et
735 1095 998 1139 praeeminentia-

257 1159 327 1181 rum
352 1148 577 1193 quarumlibet,
602 1159 638 1182 ae
662 1153 832 1193 perpetuae
857 1148 999 1181 inhabili-

258 1202 327 1235 tatis
351 1201 389 1235 ad
426 1202 480 1235 illa
514 1207 544 1235 et
579 1202 706 1246 quaevis
738 1203 798 1235 alia
829 1202 997 1236 obtinenda

256 1256 376 1299 poenis,
395 1266 432 1289 eo
450 1255 517 1300 ipso
534 1255 654 1300 absque
667 1255 879 1289 declaratione
896 1255 998 1289 incur-

257 1309 372 1351 rendis,
390 1309 537 1342 inviolate
555 1314 585 1342 et
600 1314 756 1353 perpetuo
773 1308 891 1342 servari
907 1319 997 1353 prae-

257 1363 392 1407 cipimus
416 1368 447 1396 et
469 1362 664 1396 mandamus.

302 1417 317 1460 ἓ
341 1416 370 1449 3.
400 1416 610 1450 Decet-nentes
634 1416 679 1449 sic
710 1421 741 1449 et
764 1426 827 1450 non
852 1416 942 1449 aliter
967 1416 997 1449 in

256 1470 436 1514 praemissis
456 1480 512 1514 per
537 1480 753 1514 quoscumque
773 1470 891 1503 iudices
919 1470 999 1503 ordi-

256 1523 362 1557 narios
380 1529 410 1556 et
423 1523 591 1567 delegatos,
603 1523 695 1556 etiam
710 1534 875 1557 causarum
891 1523 998 1568 palatii

257 1577 420 1621 apostolici
445 1577 614 1618 auditores,
632 1581 662 1611 et
686 1577 715 1610 S.
740 1577 775 1610 R.
801 1577 834 1610 Ε.
857 1576 998 1610 cardina-

256 1630 312 1670 les,
338 1630 431 1664 etiam
456 1630 494 1664 de
519 1631 615 1665 latere
639 1631 779 1674 legatos,
806 1630 938 1663 iudicari
970 1634 1000 1663 et

256 1683 378 1717 definiri
401 1684 515 1718 debere
533 1711 541 1726 ,
573 1695 609 1718 ac
633 1684 757 1717 irritum
789 1688 819 1718 et
846 1684 947 1725 inane,
973 1685 997 1718 si

256 1748 346 1771 secus
363 1748 458 1782 super
473 1737 523 1770 his
539 1748 556 1770 a
573 1748 743 1782 quoquam,
769 1738 878 1781 quavis
891 1743 999 1772 aueto-

257 1793 359 1835 ritate‚
394 1792 528 1832 scienter
552 1792 599 1825 vel
625 1792 817 1836 ignoranter,
833 1792 1000 1836 eontigerit

256 1846 412 1880 attentari.

302 1900 317 1944 ἓ
341 1900 371 1933 lt.
406 1901 473 1934 Non
506 1900 699 1934 obstantibus
724 1900 999 1934 constitutionibus

258 1958 288 1988 et
304 1954 554 1987 ordinationibus
573 1954 762 1998 apostolicis,
787 1965 824 1988 ae
848 1954 921 1988 dicti
947 1955 1000 1989 Or-

258 2008 338 2041 dinis
362 2008 471 2051 regula
505 2012 535 2042 et
570 2008 763 2041 correctorio
796 2013 997 2052 nuncupato,

257 2072 380 2096 necnon
405 2062 526 2095 statutis
551 2065 581 2095 et
604 2062 893 2103 consuetudinibus,
904 2063 997 2095 etiam

257 2115 445 2156 iuramento,
466 2115 704 2148 confirmatione
731 2116 921 2159 apostoliea,
950 2117 998 2150 vel

257 2170 367 2213 quavis
386 2169 534 2202 firmitate
553 2169 614 2201 alia
633 2169 801 2210 roboratis,
825 2170 998 2213 privilegiis

260 2233 396 2268 quoque,
423 2222 549 2255 indultis
573 2227 604 2255 et
631 2222 743 2256 litteris
763 2223 942 2266 apostolicis
968 2224 997 2255 in

259 2276 452 2310 contrarium
484 2276 730 2320 praemissorum
760 2276 998 2319 quomodolibet

260 2329 424 2372 concessis,
439 2329 631 2363 confirmatis
652 2334 681 2362 et
706 2329 869 2369 innovatis;
884 2330 997 2373 quibus

259 2383 405 2418 omnibus
425 2388 455 2416 et
468 2382 609 2426 singulis,
628 2383 753 2415 illorum
772 2386 894 2416 tenores
912 2393 998 2426 prae-

259 2436 399 2470 sentibus
412 2446 471 2480 pro
485 2436 575 2480 plene
593 2440 622 2468 et
635 2435 825 2468 sufficienter
843 2436 998 2479 expressis

260 2495 289 2524 et
309 2489 433 2523 insertis
453 2488 614 2531 habentes,
631 2489 692 2521 illis
716 2488 791 2522 alias
812 2488 843 2521 in
862 2499 919 2522 suo
944 2500 995 2523 ro-

259 2543 336 2579 bore
359 2543 573 2589 permansuris
585 2570 593 2585 ,
609 2543 647 2577 ad
664 2543 911 2588 praemissorum
928 2543 998 2578 effe-

1678 129 1743 163 453
1789 139 1838 166 An.
1860 140 1887 166 e.
1905 141 1973 169 1659

1032 189 1129 225 etum,
1141 186 1198 218 bac
1210 186 1276 219 viee
1287 186 1457 227 dumtaxat,
1475 187 1651 231 specialiter
1676 193 1706 220 et
1725 197 1774 220 ex-

1031 248 1139 282 presse
1164 238 1375 282 derogamus3
1408 241 1582 284 ceterisque
1606 240 1773 274 contrariis

1031 292 1292 337 quibuscumque.

1076 346 1091 389 ἓ
1115 345 1144 378 5.
1172 346 1321 379 Volumus
1350 352 1454 380 autem
1492 353 1525 380 ut
1558 347 1771 392 praesentium
1823 361 1973 387 Trausnmpio-

1032 399 1250 443 transumptis,
1275 400 1367 434 etiam
1394 401 1571 444 impressis,
1597 411 1692 434 manu
1716 401 1773 433 ali·
1788 393 1833 408 '⁰¹¹³
1850 387 1909 408 “m

1033 453 1122 486 cuius
1139 453 1252 486 notarii
1267 453 1383 501 publici
1402 454 1597 499 subscriptis,
1618 461 1648 488 et
1670 455 1772 498 sigillo

1034 517 1187 550 personae
1205 506 1235 539 in
1253 507 1465 541 ecclesiastica
1483 508 1634 551 dignitate
1659 508 1774 542 consti-

1034 564 1117 592 tutae
1144 560 1283 601 munitis,
1301 560 1410 593 eadem
1435 572 1566 605 prorsus
1583 562 1660 595 fides
1685 561 1774 594 adhi-

1033 613 1144 646 beatur
1168 613 1296 656 ubique,
1314 624 1394 657 quae
1411 615 1628 658 praesentibus
1645 614 1774 648 adhibe-

1033 673 1121 701 retur
1139 667 1165 700 si
1183 668 1286 701 forent
1305 668 1463 702 exhibitae
1480 669 1526 702 vel
1552 674 1705 703 ostensae.

1077 722 1189 754 Datum
1215 722 1343 762 Romae,
1369 722 1451 766 apud
1473 722 1502 755 S.
1527 723 1655 756 Mariam
1681 723 1774 756 Maio-

1033 785 1110 817 rem,
1129 775 1187 808 sub
1204 776 1321 809 annulo
1335 776 1514 817 piscatoris,
1532 776 1582 809 die
1598 786 1673 809 xxiv
1691 787 1774 809 mar-

1033 828 1067 861 tii
1084 839 1210 870 nncmx,
1231 826 1436 873 pontificatus
1455 830 1554 864 nostri
1580 840 1662 864 anno
1687 840 1728 863 1v.

1069 892 1126 919 Dat.
1145 892 1188 919 die
1204 891 1238 919 24
1254 892 1343 920 martii
1362 892 1439 928 1659,
1455 892 1552 928 pontif.
1570 900 1644 920 anno
1658 899 1692 920 tv.

1351 1037 1455 1071 CCXL.

1035 1116 1245 1159 Confirmatio
1260 1118 1482 1161 quarumdam
1498 1118 1774 1162 eapz'tulutionum

1076 1170 1163 1204 <inter
1191 1170 1357 1204 electorem
1387 1172 1632 1215 ilsaytmtinum‚
1658 1171 1776 1214 episeo-

1074 1235 1156 1267 pum
1192 1224 1478 1268 Herbipolensem,
1519 1236 1556 1257 ac
1592 1224 1773 1268 capitulum

1077 1278 1182 1312 dictae
1205 1278 1449 1322 Herbipolensis
1474 1278 1622 1312 ecclesiae
1636 1277 1654 1311 ¹.

1227 1359 1395 1387 Alexander
1415 1360 1494 1393 Papa
1513 1360 1575 1394 VII,

1155 1404 1192 1431 ad
1212 1408 1387 1438 perpetuam
1407 1404 1453 1431 rei
1473 1404 1653 1432 memoriam.

1077 1473 1119 1506 Ex
1145 1473 1308 1517 impositae
1332 1474 1424 1507 nobis
1449 1473 1597 1507 divinitus
1628 1474 1774 1518 apostoli·
1817 1467 1936 1506 morinum.

1033 1537 1087 1560 cae
1105 1527 1262 1561 servitutis
1283 1527 1389 1560 debito
1406 1527 1547 1560 omnium
1569 1528 1773 1561 ecelesiarum

1033 1580 1157 1613 utilitati
1183 1580 1324 1614 sollicitis
1350 1580 1460 1614 studiis
1480 1581 1595 1623 iugiter
1613 1581 1775 1624 invigilan-

1033 1639 1088 1675 tes,
1103 1634 1133 1667 in
1159 1644 1226 1667 eam
1244 1644 1352 1667 euram
1377 1633 1528 1678 peculiari
1547 1634 1710 1668 sedulitate
1728 1634 1774 1667 in-

1034 1687 1231 1728 cumbimus,
1256 1692 1290 1720 ut
1314 1686 1365 1719 illa
1381 1714 1388 1728 ,
1414 1697 1494 1731 quae
1519 1687 1599 1720 inter
1623 1698 1774 1732 personas

1033 1742 1063 1774 in
1089 1747 1206 1775 sortem
1232 1741 1355 1774 Domini
1381 1746 1558 1785 assumptas
1574 1751 1633 1785 pro
1651 1751 1775 1775 conser—

1033 1796 1141 1829 vandis
1165 1796 1369 1829 ecelesiarum
1394 1795 1581 1839 praesertim
1603 1796 1774 1829 cathedra-

1033 1849 1108 1882 lium
1124 1850 1229 1889 rebus,
1247 1849 1455 1893 augendoque
1477 1849 1507 1882 in
1529 1849 1572 1882 eis
1595 1849 1680 1882 cultu
1697 1849 1774 1882 divi-

1033 1914 1084 1944 no,
1099 1908 1128 1936 et
1146 1903 1345 1936 removendis
1363 1903 1423 1935 illis
1442 1913 1522 1946 quae
1539 1902 1616 1946 ipsis
1634 1903 1775 1936 ecclesiis

1033 1962 1063 1990 et
1079 1962 1243 2001 pastorum
1262 1956 1445 1989 earumdem
1470 1956 1592 1990 iuribus
1618 1957 1775 2000 praeiudi—

1033 2011 1116 2043 cium
1142 2021 1289 2044 successu
1315 2010 1466 2054 temporis
1485 2010 1601 2043 inferre
1626 2011 1775 2051 valerent,

1033 2064 1201 2097 salubriter
1235 2069 1388 2097 conventa
1418 2074 1485 2097 esse
1522 2064 1774 2107 dignoscuntur,

1032 2117 1193 2161 apostolici
1225 2117 1407 2151 muniminis
1438 2118 1595 2161 praesidio
1620 2117 1775 2151 constabi-

1031 2171 1156 2204 llantur.

1076 2224 1091 2267 ξ
1115 2224 1144 2256 l.
1165 2223 1240 2257 Cum
1266 2224 1382 2267 itaque,
1407 2224 1487 2257 sieut
1511 2225 1700 2268 accepimns,
1722 2235 1772 2257 ve·
1814 2229 1929 2257 Expositio·

1031 2276 1178 2309 nei-abilis
1198 2276 1293 2309 frater
1314 2277 1443 2310 loannes
1468 2278 1628 2321 Philippus
1653 2277 1772 2311 archie-

1031 2329 1179 2372 piscopus
1189 2329 1396 2372 lllaguntinus,
1410 2330 1489 2363 sacri
1499 2331 1629 2363 Romani
1647 2331 1770 2374 imperii

1031 2383 1178 2426 princeps
1196 2383 1323 2425 elector,
1342 2384 1386 2416 uti
1404 2384 1554 2417 ecelesiae
1569 2384 1772 2428 llerbipolen-

1031 2436 1093 2478 sis,
1119 2437 1167 2470 eui
1195 2446 1229 2469 ex
1257 2437 1459 2470 concessione
1484 2443 1514 2470 et
1537 2437 1771 2482 dispensatione

1067 2553 1077 2579 1
1100 2552 1138 2580 Ex
1157 2552 1264 2588 Regest.
1286 2553 1311 2580 in
1331 2553 1434 2582 Secret.
1455 2552 1532 2582 Brev.
