2202 3190
258 207 306 233 An.
323 208 350 234 c.
374 208 441 234 ¹662
488 199 550 231 752

270 1437 385 1457 contrariis
395 1437 430 1457 de-

250 1465 317 1487 rogat.

454 266 524 288 rum
550 255 630 288 serie
658 255 854 288 absolventes
880 259 909 287 et
930 254 1107 288 absolutum
1129 255 1196 289 sore

454 314 626 349 censentes,
653 307 833 341 huiusmodi
851 308 1134 352 supplicationibus
1152 308 1195 341 in-

453 362 557 395 clinati
574 389 581 402 ,
606 362 643 395 de
668 361 854 395 eorumdem
880 361 1108 402 cardinalium,
1140 362 1194 405 qui

452 415 635 448 relationem
660 415 764 448 dilecti
789 415 845 447 filii
870 415 1077 448 commissarii
1098 425 1192 458 gene—

451 468 525 501 ralis
542 468 648 501 curiae
667 468 793 502 Ordinis
809 468 990 502 huiusmodi
1005 468 1191 512 praesertim

452 522 535 554 circa
554 525 758 555 memoratam
777 521 1035 555 consuetudinem
1057 522 1087 554 in
1110 531 1188 564 pro-

451 575 553 607 vincia
575 574 760 608 l‘ictaviensi
778 575 867 618 regni
888 575 1004 608 Galliae
1029 575 1191 617 bucusque

451 627 569 660 servari
594 628 719 660 solitam
743 627 947 668 audiverunt,
972 627 1113 667 consilio,
1138 631 1187 659 at-

450 680 542 713 tentis
560 680 703 721 narratis,
717 680 830 714 dilecto
849 680 913 713 filio
938 679 1094 724 superiori
1119 690 1191 723 pro-

450 733 575 767 vinciali
595 734 696 767 dictae
719 733 900 778 provinciae
930 744 986 777 per
1010 736 1189 776 praesentes

450 787 675 821 committimus
687 792 716 820 et
726 787 930 830 iniungimus⁷
939 790 981 827 ut,
989 785 1090 830 quoad
1102 796 1190 830 prae-

404 854 411 859 ·
450 846 569 874 tensam
594 840 703 885 ipsius,
721 840 985 884 quemadmodum
1004 843 1033 874 et
1055 840 1188 872 aliarum

450 894 566 928 Galliae
590 894 827 938 provinciarum
847 894 921 926 dieti
941 893 1065 927 Ordinis
1082 893 1120 926 ab
1137 892 1190 926 ob-

449 948 606 981 servantia
631 953 876 981 memoratarum
906 948 1022 981 Urbani
1050 947 1185 991 praede-

449 1002 581 1035 cessoris
594 1002 769 1035 litterarum
784 1012 801 1034 a
814 1001 904 1035 nobis
917 1001 1069 1034 indultam
1084 1011 1188 1034 exem-

447 1055 598 1099 ptionem,
616 1055 769 1099 praefatas
790 1059 913 1088 nostras
927 1054 959 1087 in
973 1054 1067 1087 simili
1085 1055 1187 1088 forma

447 1109 554 1142 Brevis
567 1109 686 1142 litteras
699 1108 827 1142 omnino
841 1108 961 1142 servari
974 1108 1032 1141 sub
1046 1108 1187 1141 censuris

447 1163 579 1206 aliisque
603 1162 662 1196 sibi
686 1162 841 1195 benevisis
866 1162 976 1206 poenis
1001 1162 1187 1195 auctoritate

447 1218 556 1250 nostra
581 1216 752 1260 apostolica
777 1216 904 1249 mandet
936 1222 966 1249 et
996 1215 1185 1260 praecipiat;

447 1270 695 1303 contradictores
719 1275 749 1303 et
772 1274 985 1314 repugnantes
1009 1279 1183 1313 quoscum-

447 1335 509 1368 que
533 1324 652 1357 eisdem
677 1324 786 1368 poenis
811 1323 952 1356 effective
973 1322 1185 1363 subiiciend03

448 1383 478 1410 et
501 1377 675 1421 praemissa
700 1382 882 1420 exequatur.

491 1431 506 1474 ἓ
529 1430 559 1464 3.
584 1432 653 1465 Non
677 1430 874 1464 obstantibus
898 1429 1046 1463 omnibus
1072 1434 1102 1462 et
1124 1429 1186 1462 sin-

446 1484 527 1528 gulis
552 1484 623 1525 illis,
647 1495 727 1528 quae
747 1485 778 1517 in
802 1484 919 1517 eisdem
937 1483 1048 1517 litteris
1069 1483 1185 1516 nostris

445 1538 658 1571 concessimus
675 1548 737 1571 non
754 1537 889 1580 obstare,
914 1536 1091 1580 ceterisque
1115 1546 1186 1570 con-

445 1592 549 1625 trariis
573 1592 834 1636 quibuscumque.

487 1646 599 1679 Datum
628 1646 755 1686 Romae,
780 1645 862 1689 apud
886 1645 915 1679 S.
941 1644 1069 1677 Mariam
1094 1643 1185 1677 Maio-

443 1710 530 1740 rem,
557 1699 614 1732 sub
634 1700 750 1732 annulo
774 1698 958 1739 piscatoris,
986 1698 1036 1731 die
1056 1708 1107 1732 xlv
1133 1698 1179 1731 ia-

442 1753 544 1786 nuarii
558 1763 697 1793 iincrxn,
709 1752 910 1796 pontificatus
922 1752 1022 1786 nostri
1035 1762 1116 1784 anno
1129 1762 1181 1785 vu.

477 1816 538 1842 Dat.
559 1815 602 1842 die
620 1816 652 1842 14
671 1815 787 1842 ianuarii
804 1815 882 1848 1662,
897 1814 995 1850 pontif.
1011 1823 1082 1842 anno
1097 1822 1144 1841 vu.

713 1977 909 2011 CCCLXXIII.

444 2068 563 2103 Contra
586 2066 763 2100 nonnullos
787 2067 959 2100 monachos
986 2067 1178 2102 Cistercien-

485 2131 532 2154 ses
556 2122 592 2153 in
614 2121 727 2155 Gallia
742 2120 947 2154 Abstinentes
965 2125 1176 2164 nuncupatos,

487 2178 645 2208 tentantes
678 2174 881 2207 introducere
911 2176 948 2207 in
982 2176 1180 2208 monasteria

485 2227 714 2260 abstinentiam
730 2238 750 2260 a
767 2227 930 2268 carnibus,
951 2238 1089 2271 quarum
1110 2238 1179 2261 esus

485 2282 579 2314 certis
603 2281 711 2314 diebus
737 2292 758 2314 α
790 2281 869 2315 Sede
891 2281 1079 2325 Apostolicd
1105 2292 1179 2315 con-

485 2345 588 2368 cessus
612 2340 667 2376 est,
695 2339 723 2368 et
747 2335 890 2368 nolentes
915 2335 1041 2369 obedire
1064 2336 1179 2369 consti—

486 2388 663 2422 talionibus
680 2389 873 2432 apostolicis,
897 2389 1102 2434 eiusdemque
1121 2389 1179 2424 Or-

485 2440 572 2474 dinis
588 2441 608 2475 ¹.

479 2522 487 2546 1
512 2520 548 2547 De
568 2521 618 2548 hac
637 2521 748 2549 materia
770 2522 828 2549 vide
842 2522 876 2550 ad
892 2522 1033 2550 constitut.
1054 2529 1176 2557 ccxxvul,

442 2563 520 2591 huius
539 2565 630 2597 Pont.,
655 2573 735 2600 supra
759 2574 818 2601 pag.
845 2565 895 2593 312
920 2567 956 2593 In
982 2567 1130 2602 supremi,
1151 2571 1178 2594 et

441 2608 530 2636 Consi.
551 2614 668 2640 ccexffl,
688 2609 797 2644 Nuper,
817 2617 899 2645 supra
917 2617 978 2645 pag.
999 2610 1061 2638 695.

1039 208 1216 232 BULLARIUM
1241 207 1396 231 ROMANUM

1425 255 1590 282 Alexander
1609 255 1685 289 Papa
1708 256 1771 289 vn,

1350 299 1386 326 ad
1405 302 1580 334 perpetuam
1599 299 1643 327 rei
1663 301 1844 328 memoriam.

1271 361 1287 404 ξ
1311 361 1339 393 t.
1362 361 1446 394 Alias
1469 372 1527 405 pro
1551 366 1640 405 parte
1664 361 1768 395 dilecti
1800 362 1856 395 filii
1885 375 1962 407 pro·
2006 374 2122 399 Expositis

1227 415 1382 447 curatoris
1413 415 1569 457 generalis
1600 415 1724 448 Ordinis
1752 415 1965 450 Cisterciensis

1225 467 1316 500 nobis
1334 468 1485 511 exposito,
1499 468 1593 512 quod,
1607 468 1678 501 licet
1695 479 1802 502 omnes
1820 469 1966 502 monachi

1226 520 1299 553 dicti
1324 521 1448 554 Ordinis
1473 526 1535 553 tam
1554 521 1662 554 stricte
1678 521 1715 554 ad
1734 521 1964 556 observantiam

1224 574 1418 617 paupertatis
1435 579 1609 617 teneantur,
1626 580 1659 608 ut
1679 575 1851 619 capitulum
1872 586 1965 618 gene-

1224 627 1289 660 rale
1314 627 1454 660 eiusdem
1480 627 1604 661 Ordinis
1628 638 1709 661 anno
1727 638 1812 662 MDCV
1830 629 1965 662 celebra-

1224 684 1290 712 tum
1322 681 1516 714 revocaverit
1548 691 1657 714 omnes
1690 686 1719 713 et
1747 691 1964 726 quascumque

1224 734 1364 767 licentias
1399 740 1429 768 et
1464 735 1713 778 dispensationes
1738 735 1964 780 cuiuscumque

1223 788 1337 831 privati
1361 799 1468 821 rerum
1495 793 1525 821 et
1541 789 1698 822 bonorum
1716 799 1802 830 usus,
1820 789 1963 833 proprie-

1223 836 1304 881 tatis,
1328 841 1536 884 possessionis
1572 845 1601 875 et
1632 841 1763 874 dominii
1787 852 1844 885 per
1868 853 1962 886 quos-

1223 904 1357 937 cumque
1381 894 1561 938 superiores
1578 894 1652 927 dicti
1675 894 1799 927 Ordinis
1825 904 1861 927 ex
1885 894 1959 938 qui-

1222 947 1419 991 buscumque
1460 947 1561 980 causis
1603 957 1791 990 concessas,
1830 958 1963 992 eamque

1221 1001 1453 1034 revocationem
1492 1000 1590 1044 ipsius
1626 1000 1750 1034 Ordinis
1790 1001 1961 1045 capitulum

1221 1054 1367 1097 generale
1385 1064 1466 1087 anno
1483 1064 1578 1088 niuem
1594 1053 1814 1095 revocaverit&
1830 1065 1901 1088 cum
1919 1054 1962 1088 in-

1222 1108 1380 1141 iunctione
1415 1107 1644 1141 observationis
1680 1113 1805 1141 exactae
1843 1108 1960 1141 decreti

1220 1161 1349 1195 Concilii
1374 1160 1558 1201 Tridentini,
1583 1171 1658 1194 sess.
1675 1171 1737 1194 xxv
1757 1161 1803 1194 De
1819 1161 1960 1205 reform„

1221 1225 1288 1259 cap.
1306 1225 1328 1248 11
1344 1215 1391 1249 De
1405 1214 1625 1258 reqularibus,
1646 1214 1703 1247 sub
1720 1215 1821 1258 poena
1841 1224 1960 1247 excom-

1221 1268 1440 1302 municationis
1465 1268 1535 1312 ipso
1560 1268 1640 1301 facto
1670 1267 1879 1301 incurrendae
1903 1278 1959 1312 op-

1221 1322 1409 1366 ponentibus
1434 1332 1501 1355 sese
1523 1322 1597 1355 huic
1614 1321 1789 1354 executioni
1806 1324 1836 1355 et
1851 1321 1960 1355 obser-

1220 1376 1351 1417 vantiae,
1372 1381 1401 1409 et
1422 1375 1625 1408 inhabilitatis
1646 1375 1684 1407 ad
1704 1375 1832 1418 quaevis
1846 1375 1958 1416 officia,

1220 1429 1336 1472 gradus
1349 1434 1379 1462 et
1392 1429 1569 1472 dignitates3
1587 1438 1622 1461 ac
1638 1428 1767 1472 ‚insuper
1780 1431 1959 1462 contractus

1218 1493 1235 1515 a
1259 1481 1449 1526 quibusdam
1473 1481 1641 1516 abbatibus
1666 1481 1865 1524 regularibus
1886 1492 1957 1514 cum

1218 1536 1282 1569 suis
1297 1535 1458 1569 monachis
1471 1535 1564 1569 initos
1584 1545 1642 1578 pro
1663 1534 1858 1578 separatione
1872 1545 1958 1568 men-

1218 1600 1270 1623 sae
1299 1589 1511 1623 conventualis
1547 1589 1586 1621 ab
1621 1588 1767 1622 abbatiali
1800 1588 1958 1622 censuerit

1218 1654 1285 1676 esse
1309 1642 1554 1683 rescindendos,
1586 1647 1745 1685 tamquam
1778 1642 1956 1686 paupertati

1218 1696 1385 1740 religiosae
1410 1696 1596 1737 contrarios,
1611 1706 1727 1740 eosque
1744 1696 1775 1728 in
1792 1701 1954 1740 posterum

1217 1760 1234 1782 a
1258 1760 1457 1793 quocumque
1481 1749 1625 1783 attentari
1650 1748 1866 1792 prohibuerit3
1886 1749 1955 1782 nul-

1217 1804 1328 1847 lusque
1353 1803 1392 1836 sit
1416 1803 1446 1835 in
1472 1813 1570 1845 regno
1594 1803 1710 1836 Galliae
1734 1802 1886 1845 praedicti
1902 1802 1956 1836 Or-

1216 1856 1297 1889 dinis
1321 1855 1501 1899 prosessor,
1527 1855 1579 1899 qui
1604 1855 1635 1888 in
1660 1865 1716 1888 suo
1740 1855 1892 1889 novitiatu
1916 1855 1955 1888 ad

1217 1910 1310 1943 vitam
1335 1919 1534 1943 communem
1564 1914 1594 1942 et
1622 1909 1794 1952 praefatam
1818 1919 1953 1953 pauper-

1217 1964 1286 1996 tatis
1307 1963 1538 1997 observantiam
1558 1972 1621 1996 non
1646 1962 1739 1995 suerit
1763 1962 1953 2004 instructUS,

1216 2017 1364 2050 educatus
1390 2022 1420 2049 et
1443 2016 1617 2059 obligatus,
1904 2022 1907 2025 ·

1259 2070 1315 2113 §2
1342 2069 1551 2103 Nihilominus
1563 2069 1703 2102 nonnulli
1718 2069 1858 2112 religiosi
1875 2069 1953 2103 eius-

1214 2123 1284 2155 dem
1310 2123 1435 2156 Ordinis
1458 2123 1489 2155 in
1514 2123 1612 2156 Gallia
1637 2122 1709 2155 dicti
1736 2123 1951 2163 Abstinentes‚

1214 2187 1268 2209 seu
1292 2176 1458 2209 strictioris
1472 2176 1697 2217 observantiae,
1712 2176 1769 2208 sub
1788 2180 1952 2220 praetextu

1214 2229 1432 2263 introducendi
1458 2229 1488 2261 in
1513 2228 1702 2262 monasteria
1731 2229 1950 2262 abstinentiam

1213 2294 1230 2315 a
1253 2283 1410 2323 carnibus,
1434 2293 1566 2326 quarum
1592 2292 1663 2315 esus
1688 2282 1781 2315 certis
1798 2282 1910 2316 diebus
1933 2293 1951 2316 a

1213 2337 1291 2370 Sede
1315 2337 1491 2381 Apostolica
1513 2346 1680 2370 concessus
1697 2341 1752 2379 est,
1771 2341 1873 2370 certos
1889 2336 1949 2370 ini-

1213 2391 1286 2425 bant
1310 2395 1498 2431 contractus,
1516 2390 1741 2423 transactiones
1765 2395 1795 2423 et
1820 2400 1949 2424 concor-

1212 2444 1282 2477 data
1299 2454 1370 2477 cum
1386 2443 1520 2487 antiquis
1538 2442 1663 2476 Ordinis
1678 2443 1858 2476 huiusmodi
1875 2443 1948 2476 reli-

1211 2497 1317 2540 giosis,
1334 2497 1448 2540 quibus
1462 2502 1562 2529 certas
1581 2496 1748 2540 pensiones
1761 2497 1791 2528 in
1807 2496 1947 2540 pecuniis
1980 2490 1983 2492 ¹

1211 2556 1241 2583 et
1253 2550 1406 2583 fructibus
1422 2549 1647 2594 promittebant
1663 2554 1694 2582 et
1708 2549 1945 2592 distribuebant,

1248 2613 1258 2638 1
1276 2611 1386 2639 Videtur
1399 2611 1543 2647 legendum
1558 2611 1739 2639 renovaveivtt
1756 2614 1793 2645 (R.
1809 2612 1857 2646 τ.).

1982 210 2031 238 An.
2046 210 2075 237 C.
2097 210 2165 240 ¹662
