2243 3205
306 263 353 289 Αη.
375 262 402 289 C.
427 264 490 290 1⁶57

302 746 411 768 Contraria
424 749 482 769 tollit.

318 1761 459 1782 Prooemium.

314 2292 428 2318 Exposuio.

537 254 600 289 312
1075 268 1251 293 ssuLLAmuit
1278 268 1430 293 nonanun

503 313 747 354 contrahentur,
774 313 871 346 valida
905 320 935 347 et
963 315 1101 358 legitima
1126 315 1187 348 sint
1211 322 1240 349 et
1274 317 1422 360 regulae,
1448 327 1542 360 quam
1569 317 1714 350 monachi
1745 317 1869 351 Ordinis
1897 318 2007 352 huius-

502 376 569 398 csse
595 376 718 409 semper
743 367 861 399 rcnscri
891 367 1039 411 debeant,
1065 379 1126 401 non
1151 380 1239 401 serus
1275 370 1357 402 modi
1382 370 1579 413 profitentur,
1603 380 1665 404 non
1690 381 1757 403 esse
1787 371 2006 410 declaraverit,

502 428 536 450 ac
555 418 578 450 si
598 420 718 451 servata
737 420 835 452 forma
861 419 933 453 dicti
959 421 1086 454 Concilii
1113 427 1142 454 et
1165 421 1239 453 alias
1273 428 1302 455 ct
1326 422 1464 465 capitulo
1489 423 1637 465 generali,
1656 423 1772 467 illoque
1793 430 1942 465 cessante,
1960 425 2009 457 ab·

501 470 538 502 ad
564 471 792 515 praescriptum
813 473 1043 516 praedictarum
1065 474 1236 507 litterarum
1273 475 1335 506 bati
1356 485 1413 517 pro
1439 479 1578 519 tempore
1602 476 1744 508 existenti
1763 477 1942 510 monasterii
1963 478 2008 512 Ci-

501 529 679 556 nostrarum
717 528 875 559 contracta
901 526 1041 568 fuissent,
1069 526 1239 559 decernere
1273 527 1376 560 stercii
1402 527 1540 560 eiusdem
1566 528 1690 561 Ordinis
1715 539 1785 561 cum
1811 529 2009 572 quibuscum-

501 576 626 620 possitis
651 582 681 608 et
705 577 849 618 valeatis,
881 579 1005 622 plenam
1038 585 1065 611 ct
1101 579 1236 622 amplam
1272 590 1332 622 que
1356 579 1529 622 abbatibus,
1556 582 1717 614 monachis
1742 587 1771 614 et
1802 581 2007 623 monialibus,

500 630 686 671 facultatem,
708 632 877 674 apostolica
903 633 1104 673 auctoritate,
1130 638 1237 665 tenore
1272 642 1307 665 ac
1330 632 1398 666 aliis
1423 634 1565 677 personis
1583 634 1681 678 ipsius
1694 634 1818 668 Ordinis
1832 640 1904 668 tunc
1921 646 2008 679 prae-

499 683 722 725 praesenbum,
747 685 947 719 concedimus
973 692 1002 718 et
1027 685 1235 730 impertimur.
1271 685 1410 718 sentibus
1427 692 1456 719 ct
1479 686 1602 727 suturis,
1620 687 1790 720 secundum
1809 687 2007 721 discretionis

544 736 558 779 ξ,
581 736 610 768 53.
637 738 702 770 Non
728 738 940 780 obstantibus,
967 739 1068 783 quoad
1094 750 1128 771 ea
1158 749 1236 782 quae
1271 747 1380 770 eorum
1397 739 1563 772 arbitrium
1581 745 1611 772 et
1629 740 1834 774 eonscientiae
1858 740 2005 774 iudicium

499 790 716 832 praesentibus
729 795 799 825 sunt
814 792 1109 834 contraria,eisdem
1122 792 1236 826 nostris
1271 791 1379 834 (super
1396 802 1458 834 quo
1478 802 1588 825 eorum
1614 793 1818 827 conscientias
1842 793 2005 837 oneravit),

499 843 619 882 litteris,
636 853 671 876 ac
697 844 733 876 iis
757 845 915 885 omnibus,
935 856 1015 889 quae
1041 845 1070 877 in
1098 845 1157 877 illis
1182 856 1234 878 vo·
1270 844 1532 888 quandocumque
1551 851 1580 878 et
1596 846 1856 890 quotiescumque
1879 856 2006 880 necesse

498 895 612 928 luimus
635 906 696 929 non
717 897 851 937 obstare,
870 898 1045 941 ceterisque
1070 897 1235 930 contrariis
1269 897 1313 929 cis
1338 908 1393 930 seu
1417 899 1505 931 alteri
1532 899 1670 943 ipsorum
1697 899 1865 941 videretur,
1890 910 1946 944 per
1973 911 2006 934 se

497 948 756 992 quibuscumque.
1270 950 1316 983 vel
1339 951 1416 984 alios
1433 951 1641 995 dispensandi,
1656 963 1692 986 ac
1706 953 1750 985 eis
1763 952 1920 986 licentiam
1936 964 2006 986 con-

541 1002 649 1034 Datum
677 1003 803 1043 Romae,
830 1004 910 1047 apud
932 1004 960 1037 S.
983 1003 1108 1036 Mariam
1144 1003 1235 1036 Maio·
1268 1003 1408 1046 cedendi,
1434 1004 1517 1047 quod
1543 1005 1689 1038 carnibus
1714 1006 1807 1039 etiam
1831 1009 1918 1040 extra
1943 1017 2005 1039 mo-

496 1065 582 1095 rem,
603 1055 660 1087 sub
678 1057 794 1089 annulo
816 1057 991 1099 piscatoris,
1006 1058 1055 1090 dic
1070 1068 1088 1091 x
1106 1067 1233 1090 novem-
1267 1056 1476 1090 nasteriorum
1503 1058 1637 1101 septajn
1650 1058 1901 1102 quibuscumque
1916 1059 2003 1102 Iocis,

496 1106 560 1139 bris
579 1117 716 1149 MDCLVH,
737 1109 938 1152 pontificatus
961 1110 1059 1144 nostri
1087 1120 1168 1142 anno
1188 1120 1231 1143 111.
1267 1108 1384 1153 absque
1404 1109 1534 1143 alicuius
1558 1121 1679 1154 poenae
1704 1110 1831 1144 incursu
1855 1115 1908 1144 aut
1930 1122 2003 1145 con-

531 1169 586 1197 trat.
604 1171 647 1197 die
664 1171 697 1199 10
712 1171 866 1198 novembris
885 1173 962 1207 1657,
981 1173 1076 1208 pontit.
1100 1181 1171 1200 auno
1192 1180 1229 1200 iu.
1266 1162 1412 1195 scientiae
1448 1164 1597 1207 scrupulo
1622 1163 1704 1197 vesci
1729 1168 1758 1197 et
1788 1164 1832 1198 uti
1857 1169 2002 1208 possent,

1265 1216 1388 1260 plenam
1415 1222 1444 1249 et
1468 1216 1599 1250 liberam
1625 1217 1813 1260 facultatem,
1834 1217 2001 1259 licentiam,

1265 1274 1448 1313 potestatem
1474 1275 1503 1302 et
1528 1270 1745 1304 auctoritatem
1767 1271 1957 1304 concesserit
1972 1275 2002 1304 et

1265 1322 1450 1365 indulserit,
1483 1323 1717 1368 capitulumque
1748 1325 1895 1367 generale
1927 1324 2000 1358 dicti

1264 1374 1387 1408 Ordinis
1404 1375 1441 1408 de
1458 1386 1538 1409 anno
1563 1387 1724 1410 uanxxxl
1749 1377 1951 1419 celebratum,
1970 1378 2000 1411 in

1265 1432 1324 1464 vim
1344 1437 1373 1465 et
1393 1431 1608 1465 executionem
1630 1431 1739 1464 indulti
1757 1432 1947 1474 huiusmodi,
1969 1432 1999 1466 in

1263 1485 1408 1519 omnibus
1427 1485 1624 1519 monasteriis
1641 1484 1779 1518 eiusdem
1804 1485 1928 1519 Ordinis
1944 1496 1998 1530 ge-

1262 1538 1410 1572 neraliter
1443 1549 1529 1571 esum
1566 1539 1705 1572 carnium
1737 1539 1938 1583 permiserit,
1964 1550 1999 1573 ac

1263 1583 1390 1625 ceteris¹
1409 1591 1519 1625 diebus
1536 1592 1573 1625 ad
1598 1591 1781 1625 servandam
1807 1592 2000 1626 uniformita-

1264 1649 1323 1679 tem
1349 1655 1419 1678 cum
1445 1645 1590 1679 omnibus
1615 1644 1770 1688 religiosis
1796 1645 1893 1690 ipsius
1913 1645 1999 1679 Ordi-

1261 1699 1308 1732 nis
1326 1699 1560 1743 dispensaverit,
1587 1699 1770 1732 recolendae
1789 1709 1915 1744 quoque
1934 1710 1998 1732 me-

1262 1752 1379 1786 moriae
1412 1752 1584 1785 Alexander
1618 1753 1699 1796 Papa
1725 1752 1761 1784 Vl
1787 1752 1880 1785 etiam
1909 1763 1998 1796 prae-

1260 1806 1405 1839 decessor
1436 1811 1562 1847 noster,
1598 1815 1654 1849 per
1686 1815 1756 1837 suas
1789 1805 1906 1849 pariter
1938 1806 1996 1839 sub

1259 1860 1388 1903 plumbo
1431 1869 1511 1893 anno
1554 1859 1780 1892 Incarnationis
1816 1859 1995 1893 Dominicae

1258 1923 1419 1946 ncnxcvnt
1444 1917 1553 1946 octavo
1579 1912 1646 1945 idus
1667 1911 1846 1945 novembris
1873 1912 1996 1956 expedi-

1258 1973 1302 1999 tas
1320 1967 1447 2006 litteras,
1470 1966 1726 2000 Cistei‘ciensibns
1743 1966 1921 1999 reformatis
1942 1965 1994 1999 Hi-

1257 2021 1392 2065 spaniae,
1418 2026 1451 2054 ut
1475 2020 1631 2060 carnibus,
1658 2020 1741 2053 iuxta
1766 2019 1993 2054 ordinationem

1257 2085 1314 2117 per
1338 2074 1480 2106 abbatem
1506 2073 1644 2107 Cistcrcii
1663 2078 1692 2106 et
1716 2073 1886 2117 capitulum
1905 2083 1995 2116 gene-

1256 2127 1320 2160 rale
1346 2126 1470 2160 Ordinis
1495 2126 1675 2159 huiusmodi
1700 2126 1822 2169 factam,
1844 2126 1944 2159 libere
1964 2132 1994 2160 et

1257 2180 1339 2213 licite
1356 2184 1386 2214 et
1409 2180 1525 2223 absque
1542 2180 1647 2223 aliquo
1676 2179 1884 2213 eonscientiae
1904 2191 1991 2213 scru-

1255 2234 1328 2278 pulo
1354 2233 1435 2267 vesci
1461 2233 1608 2274 valerent,
1623 2233 1766 2266 similiter
1791 2235 1991 2275 concesserit,

1256 2292 1398 2331 totusque
1419 2286 1502 2321 Ordo
1522 2286 1701 2331 praedictus
1718 2287 1836 2330 ubique
1860 2287 1991 2321 diffusus

1254 2341 1284 2373 in
1310 2341 1361 2374 tali
1385 2351 1442 2374 usu
1460 2344 1489 2374 et
1506 2340 1730 2375 consuetudine
1748 2351 1764 2373 a
1781 2345 1905 2374 centum
1924 2351 1991 2385 scp-

1254 2395 1391 2439 tuaginta
1416 2405 1467 2428 sex
1494 2395 1539 2427 vel
1565 2394 1690 2428 circiter
1715 2394 1803 2427 annis
1824 2395 1900 2428 citra
1930 2395 1990 2428 exi-

1254 2449 1332 2491 stat)
1357 2447 1482 2492 quidam
1515 2447 1719 2481 nihilominus
1751 2447 1896 2480 monachi
1923 2457 1989 2480 me-

1254 2502 1365 2535 morati
1391 2500 1515 2534 Ordinis
1541 2500 1570 2533 in
1591 2500 1688 2534 Gallia
1704 2500 1896 2534 abstinentes
1914 2511 1989 2534 nun-

1253 2555 1356 2599 cupati
1392 2565 1485 2598 super
1510 2554 1569 2588 hoc
1592 2559 1708 2598 puncto
1742 2554 1868 2598 regulae
1897 2554 1985 2587 suffi-

773 1316 950 1349 CLXXVIII.

492 1394 675 1428 Declartttio
689 1396 774 1439 quod
787 1396 1007 1431 cistercienses
1020 1398 1136 1441 absque
1147 1408 1230 1430 scrit-

536 1449 615 1491 pulo
640 1450 852 1482 conscientiae
874 1452 999 1494 possint
1022 1451 1100 1484 vesci
1125 1452 1218 1485 carni

539 1501 595 1533 bus
621 1502 710 1534 intra
734 1507 762 1535 el
786 1507 878 1535 extra
902 1508 991 1546 septa
1018 1505 1225 1544 monasterii,

537 1565 609 1587 cum
633 1565 697 1588 non
721 1556 763 1588 stt
787 1556 825 1589 de
849 1557 1030 1589 substantia
1055 1557 1196 1600 reptilae.

684 1636 850 1663 Alexander
874 1637 951 1670 Papa
970 1637 1033 1668 vll,

637 1681 673 1708 ad
692 1681 824 1708 futuram
843 1682 888 1709 rei
903 1682 1082 1709 memoriam.

534 1753 567 1785 In
586 1753 724 1796 supremi
745 1754 936 1796 apostolatus
952 1754 1085 1796 fastigio,
1107 1754 1227 1788 meritis

491 1805 562 1838 licet
586 1805 768 1849 imparibus,
794 1806 898 1839 divina
924 1807 1130 1850 dispositione
1156 1818 1226 1841 con-

490 1858 598 1898 stituti,
624 1858 660 1890 ad
687 1869 733 1899 ca,
753 1859 866 1902 quibus
889 1859 1141 1893 christifidelium
1168 1861 1225 1893 sub

490 1911 575 1944 suavi
603 1911 762 1954 religionis
795 1912 869 1955 iugo
895 1918 963 1946 vota
989 1923 1045 1946 sua
1069 1914 1132 1946 Deo
1159 1914 1225 1947 red-

488 1964 562 1997 dere
587 1965 792 2007 satagentium
824 1966 920 2009 quieti
953 1971 978 1998 et
1015 1967 1224 2000 conscientiae

488 2018 646 2051 securitati
673 2018 856 2061 consulitur,
874 2020 1039 2063 propensis
1055 2021 1165 2053 studiis
1181 2021 1224 2053 in-

489 2071 655 2113 tendimus,
680 2083 715 2105 ac
741 2072 875 2116 desuper
900 2073 1035 2106 creditae
1052 2074 1142 2108 nobis
1159 2086 1224 2108 cae-

488 2125 560 2158 litus
586 2125 824 2169 dispensationis
856 2131 958 2170 partes
984 2127 1221 2171 interponimus,

487 2181 581 2221 prout
606 2178 635 2210 in
660 2178 791 2212 Domino
821 2179 1032 2223 conspicimus
1057 2180 1223 2215 salubriter

486 2232 643 2275 expedire.

530 2285 544 2330 g
570 2286 596 2318 t.
622 2287 696 2319 Cum
723 2286 842 2330 itaque,
868 2287 948 2320 sicut
980 2287 1111 2321 dilectus
1141 2288 1221 2322 tilius

486 2343 672 2383 procurator
690 2340 844 2383 generalis
865 2340 989 2374 Ordinis
1009 2341 1221 2375 Cistcrciensis

484 2392 574 2426 nobis
599 2403 700 2437 nuper
717 2393 829 2437 exponi
856 2394 926 2427 fecit
943 2394 1027 2436 (licet
1046 2394 1164 2428 dudum
1183 2396 1220 2428 sc-

486 2445 551 2478 licis
576 2446 800 2480 recordationis
830 2446 933 2480 Sixtus
963 2447 1044 2491 Papa
1068 2447 1105 2480 tv
1129 2458 1219 2491 prae-

483 2498 628 2532 decessor
653 2505 769 2540 noster,
794 2510 848 2544 per
876 2511 946 2533 suas
970 2511 1051 2533 anno
1077 2501 1219 2534 incarna-

485 2552 576 2585 tionis
602 2553 781 2587 Dominicae
802 2563 951 2587 MCDLxxv
980 2554 1083 2588 idibus
1100 2554 1219 2588 decem-

483 2604 549 2638 bris
566 2605 623 2638 sub
645 2606 773 2648 plumbo
797 2607 956 2650 expeditas
976 2607 1104 2648 litteras,
1129 2608 1219 2641 absti-

484 2658 621 2692 nentiam
657 2670 673 2691 a
709 2660 854 2693 carnibus
890 2661 927 2694 dt:
963 2661 1219 2695 substantialibus
1289 2672 1297 2696 t
1318 2669 1416 2698 Forsan
1432 2670 1574 2707 legendum
1589 2670 1675 2697 certis
1690 2678 1739 2705 pro
1754 2669 1854 2697 celeris
1869 2670 1907 2704 (tt.
1923 2669 1972 2706 T.)-

2022 272 2070 299 An.
2087 273 2116 300 C.
2137 274 2199 304 1657
