2243 3205
279 234 325 259 An.
338 233 365 259 c.
389 233 455 259 ¹558
500 223 563 257 5352

318 1511 386 1531 Tertor
411 1517 435 1529 ss»

279 1538 373 1557 carchar.

474 291 594 314 nei-non
620 281 770 313 alterum'
797 280 1010 325 episcopatum
1029 281 1208 315 Curiensem

473 335 568 366 altera
585 344 618 366 ex
638 334 788 378 partibus⁷
808 339 872 366 tuin
891 335 983 366 rausa
1002 339 1027 367 et
1048 335 1210 367 occasione

473 387 635 419 hominum
662 398 714 419 seu
741 387 963 420 iurisdictionis
988 388 1045 420 sub
1070 388 1157 421 Calva
1180 387 1209 419 in

475 440 557 472 Valle
583 440 728 479 venusta,
755 445 819 472 turn
845 445 874 472 et
900 440 1030 472 aliarum
1060 445 1210 483 praeten-

474 492 596 525 sionum
629 492 701 525 dicti
727 492 934 537 episcopatus,
966 498 1074 525 eontra
1102 497 1128 524 et
1163 492 1212 524 ad-

474 555 582 577 versus
609 545 825 578 serenissimos
857 546 1042 579 archiduces
1070 545 1211 578 Austriac

474 602 631 642 tamquam
659 598 790 631 comites
814 599 935 644 Tyrolis
959 610 1067 632 versae
1092 604 1160 631 sunt
1183 602 1212 632 ct

475 651 684 692 vertebantur,
710 652 846 696 praevia,
872 664 906 685 cx
934 658 1022 696 parte
1047 651 1210 696 praelibati

475 705 664 737 serenissimi
687 705 875 745 archiducis,
897 706 1095 738 dominorum
1111 704 1210 737 Caroli

474 758 585 801 Fiegcr
609 757 699 790 liberi
726 759 853 791 Baronis
878 759 916 790 ab
941 758 1095 802 llirsperg
1121 756 1211 790 Veni-

474 811 600 854 pontani
628 811 790 854 regiminis
815 811 1004 852 consiliarii,
1030 821 1065 843 ac
1090 809 1212 843 loannis

475 864 647 896 Venerandi
674 875 690 896 a
715 864 913 897 Wittenbacli
949 864 1025 896 iuris
1050 863 1212 906 utriusque

475 916 622 949 licentiati
644 917 812 949 consiliarii
845 927 880 949 ac
901 927 1043 949 camerac
1071 915 1213 948 archidu-

475 969 549 1001 calis
565 969 779 1012 procuratoris
793 969 829 1002 ad
845 969 967 1002 easdem
983 968 1211 1002 controversias

474 1022 680 1055 amicabiliter
724 1022 956 1067 componendas
991 1021 1211 1066 deputatione,

475 1073 513 1106 de
537 1084 644 1107 earum
662 1074 803 1115 scientia,
824 1085 977 1108 consensu
1002 1080 1031 1107 et
1057 1075 1212 1107 voluntate

475 1132 618 1159 nostrum
644 1127 807 1171 utriusque
822 1127 920 1171 partis
938 1128 1061 1159 matura
1082 1127 1213 1171 praeha-

476 1179 541 1211 bita
560 1179 739 1212 actitatione
764 1185 793 1212 et.
817 1180 1041 1213 deliberatione
1066 1179 1210 1212 conside-

476 1231 569 1264 ratis²
587 1232 616 1264 in
630 1233 713 1265 hunc
726 1233 778 1276 qui
796 1233 936 1277 sequitur
951 1233 1079 1266 modum
1098 1232 1213 1265 fuerint

476 1285 680 1325 terminatae,
708 1285 912 1330 diremptae³‚
940 1297 975 1319 ac
1001 1286 1212 1329 compositae,

476 1350 674 1384 sequensque
698 1340 862 1373 conventio
886 1340 1022 1384 desuper
1052 1340 1128 1372 inita
1147 1352 1214 1384 per-

477 1394 579 1437 petuis
605 1394 717 1427 suturis
742 1393 936 1438 temporibus
954 1394 1039 1426 omni
1066 1394 1213 1427 firmitate

477 1452 506 1479 et
531 1447 646 1481 robore
671 1447 830 1480 duratura.

521 1501 535 1544 ξ
563 1501 588 1533 l.
615 1501 698 1533 Inter
723 1511 779 1534 nos
798 1512 856 1545 per
873 1511 1049 1545 espressmn
1071 1501 1127 1534 suit
1145 1511 1213 1535 con-

477 1554 609 1594 clusum,
630 1559 674 1594 nt,
694 1553 773 1586 sicut
799 1564 854 1586 nos
879 1554 1038 1597 praefatus
1062 1554 1212 1586 archidux

476 1616 533 1650 per
551 1607 758 1641 venditionem
778 1607 892 1640 iurium
912 1607 942 1639 in
957 1607 1035 1640 valle
1049 1607 1214 1640 Scbanfich

476 1660 534 1693 sub
559 1671 640 1693 anno
664 1670 802 1694 »mcxcix
831 1660 874 1693 vcl
907 1661 1126 1694 alienationem
1152 1671 1213 1694 non

476 1718 614 1747 secutam
641 1714 872 1758 superioritatis
893 1714 1064 1747 criminalis
1093 1720 1122 1747 ct
1141 1714 1215 1747 huic

476 1778 669 1801 annexorum
697 1768 726 1800 in
752 1768 830 1801 valle
855 1768 1035 1811 Engadinae
1058 1768 1214 1802 inferioris

476 1822 657 1865 neutiquam
677 1821 869 1865 episcopatui
886 1821 1026 1855 Curiensi
1041 1822 1143 1865 quoad
1160 1832 1215 1855 sua

477 1876 556 1915 iura,
575 1875 739 1919 privilegia
765 1882 792 1907 ct
818 1875 967 1916 dominia,
992 1886 1072 1919 quae
1097 1875 1127 1908 in
1155 1875 1213 1908 eis-

476 1927 546 1961 dem
572 1928 648 1961 locis
673 1928 753 1960 idern
779 1928 946 1972 episcopus
966 1928 1069 1968 habet,
1090 1928 1214 1972 praeiu-

477 1981 581 2014 dicare
607 1981 812 2021 intendimus,
844 1981 885 2013 ita
910 1991 968 2013 nec
1000 1981 1028 2013 in
1053 1986 1214 2025 posterum

477 2034 610 2067 debeant
642 2035 688 2067 vel
720 2034 839 2078 possint
867 2034 995 2078 praefati
1029 2034 1215 2067 venditionis

477 2093 507 2120 et
531 2087 726 2120 alienationis
751 2092 930 2120 contractus
960 2087 1060 2119 cidem
1094 2087 1215 2131 episco-

477 2141 562 2185 patui
589 2141 619 2173 in
644 2140 735 2174 dictis
759 2141 823 2173 suis
848 2140 979 2181 iuribus,
1000 2141 1173 2184 privilegiis
1186 2145 1215 2174 et,

477 2193 624 2226 dominiis
641 2193 767 2238 aliquod
789 2192 959 2236 ‘generare‘
976 2193 1213 2237 praeiudicium.

523 2247 584 2291 5⁶2.
612 2247 718 2286 Quoad
749 2246 1008 2287 iurisdictionem,
1036 2247 1132 2291 quae⁵
1156 2248 1214 2280 sub

478 2301 568 2334 Calva
585 2301 623 2333 dc
639 2304 668 2334 et
685 2310 781 2344 super
798 2300 979 2333 hominibus
995 2300 1032 2333 ad
1051 2301 1213 2334 ecclesiam

478 2354 658 2387 Curicnsem
684 2364 740 2397 per
764 2354 857 2386 Vallis
878 2354 1031 2386 venustae
1055 2353 1216 2387 districtus

517 2453 526 2477 1
549 2451 605 2478 Vox
625 2451 752 2478 alterum
772 2450 925 2477 redundare
945 2450 1051 2477 videtur
1069 2451 1108 2485 (a.
1122 2450 1170 2485 τ.).

515 2496 531 2522 2
551 2496 589 2521 Αη
608 2499 682 2522 recta
702 2494 779 2522 lectio
799 2495 899 2521 iudicet
917 2495 989 2521 scius
1007 2496 1046 2528 (a.
1062 2496 1110 2529 T.)-

517 2541 532 2566 3
548 2540 618 2566 Edit.
635 2539 716 2566 Main.
734 2540 798 2573 legit
814 2540 943 2574 direptae
960 2545 995 2571 tu.
1008 2540 1057 2574 ³1).

518 2584 532 2608 4
548 2583 613 2610 Male
629 2584 693 2610 edit.
711 2583 788 2610 lllain.
806 2583 869 2618 legit
882 2584 1017 2618 generari
1031 2585 1069 2617 (R.
1085 2588 1133 2617 an).

518 2627 534 2651 ἴ)
549 2627 600 2654 Vox
615 2635 687 2661 quac
703 2627 780 2654 nobis
795 2627 888 2654 deesse
906 2627 960 2654 visa
975 2627 1022 2654 suit
1038 2627 1137 2662 <1‹.T.).

1054 233 1229 257 nt'LLARIUM
1255 233 1408 257 ROMANL'M

1244 280 1490 321 Venotriensem,
1505 280 1732 321 Gluinsensem,
1750 281 1931 314 Malsensem
1951 287 1980 314 et

1244 333 1499 366 Sililandrenscni
1511 333 1721 376 spectantibus
1734 333 1865 366 attinere
1875 334 1981 377 digno-

1227 386 1350 428 rscssur,
1369 386 1489 418 nullum
1517 386 1563 418 ius
1583 385 1729 429 deinceps
1750 396 1802 418 seu
1822 396 1980 419 accessum

1245 439 1321 470 bene
1341 438 1541 471 memoratus*
1561 439 1758 482 episcopatus
1775 449 1868 483 super
1886 444 1916 471 et
1932 439 1981 471 ad-

1245 501 1353 523 versus
1377 491 1490 524 dictam
1525 491 1771 524 iurisdictionem
1803 502 1856 524 seu
1885 492 1983 524 homi-

1245 554 1299 576 nes
1323 544 1436 576 lrabeat
1460 554 1513 576 seu
1539 544 1744 588 praetendere
1769 545 1888 586 valeat⁷
1909 545 1984 577 sed²

1245 597 1350 641 potius
1375 602 1516 629 teneatur
1540 597 1685 640 deinceps
1706 597 1810 630 omnia
1832 596 1901 630 iura
1925 597 1984 630 hac

1246 651 1275 682 in
1300 655 1388 694 parte
1408 650 1523 691 habita,
1544 651 1839 695 quomodocumque
1856 650 1983 683 demum

1246 704 1456 747 appellentur,
1486 704 1566 737 sicut
1589 703 1681 736 etiam
1707 713 1816 737 omnes
1840 703 1984 737 homines

1247 756 1386 789 eiusdem
1413 757 1573 797 ecclesiae,
1596 757 1648 800 qui
1667 757 1697 789 in
1717 756 1869 789 Tirolcnsi
1895 756 1985 789 terri-

1247 809 1328 842 torio
1353 809 1493 843 habitant
1525 815 1554 841 et
1578 809 1783 851 habitabunt,
1807 809 1920 842 harum
1946 814 1985 842 te-

1246 873 1323 895 nore
1338 863 1555 896 serenissimae
1573 863 1679 895 domui
1697 862 1818 903 cedere,
1836 866 1866 896 et
1882 862 1983 895 eidem

1247 916 1383 948 totaliter
1407 916 1603 949 renunciare.

1291 969 1305 1012 ἓ
1329 969 1358 1001 3.
1380 969 1403 1002 Ε
1423 974 1531 1002 contra
1557 980 1630 1002 vero
1649 975 1711 1002 tres
1727 979 1785 1014 pro
1809 969 1922 1002 horum
1942 979 1986 1002 re-

1247 1022 1502 1066 compensatione
1516 1021 1676 1063 ecclesiae,
1689 1027 1719 1054 et
1732 1021 1986 1066 iurapatronatus

1248 1080 1308 1107 tam
1333 1074 1501 1118 parochiae
1525 1075 1694 1108 Tirolensis
1723 1085 1816 1118 quam
1841 1073 1985 1107 beneficii

1248 1127 1285 1160 de
1303 1128 1458 1171 Burgstall
1483 1128 1512 1160 in
1531 1127 1671 1161 dominio
1699 1126 1892 1168 Preifestain‚
1917 1126 1986 1159 iure

1248 1180 1449 1224 proprietatis
1463 1180 1658 1225 episcopatui
1673 1180 1835 1221 ceduntur,
1852 1184 1886 1213 ut
1903 1190 1986 1212 rnen-

1248 1244 1299 1265 sae
1324 1233 1494 1278 episcopali
1520 1234 1740 1278 incorporatae
1768 1244 1823 1265 seu
1844 1232 1986 1276 incorpo-

1249 1292 1314 1319 rata
1339 1297 1405 1319 esse
1430 1286 1573 1327 debeant,
1591 1291 1681 1330 pacto
1699 1291 1813 1326 tamen,
1832 1291 1864 1318 ut
1881 1285 1985 1318 nullus

1247 1351 1305 1385 pro
1323 1340 1593 1372 administratione
1610 1340 1763 1372 dictarum
1781 1338 1984 1372 ecclesiarum

1247 1393 1285 1425 ab
1299 1393 1453 1437 episcopis
1477 1392 1690 1432 Ciu-iensibus,
1707 1392 1759 1436 qui
1777 1390 1985 1424 ‘serenissimo

1249 1446 1306 1479 loci
1332 1445 1465 1490 principi
1491 1450 1639 1489 acceptus
1670 1456 1732 1478 non
1753 1439 1809 1485 sit,
1839 1444 1985 1479 substitui

1248 1505 1278 1532 ct
1295 1499 1490 1543 praesentari
1509 1500 1618 1539 valeat,
1639 1509 1730 1542 quem
1750 1498 1786 1530 ad
1804 1498 1898 1531 finem
1916 1497 1986 1532 sub-

1248 1553 1440 1586 stituendum
1470 1563 1523 1585 seu
1549 1551 1809 1596 praesentandum
1836 1551 1923 1595 prius
1943 1561 1988 1584 se-

1249 1606 1421 1639 renissimis
1438 1605 1662 1639 archiducibus
1681 1616 1739 1649 pro
1756 1615 1865 1638 eorum
1881 1605 1988 1648 placet

1249 1665 1278 1692 et
1302 1670 1428 1693 assensu
1463 1659 1622 1692 insinuare
1646 1665 1673 1692 et
1699 1658 1862 1692 notificare
1890 1657 1985 1691 iidem

1249 1713 1386 1757 episcopi
1412 1718 1586 1745 teneantur.

1293 1767 1308 1810 g
1332 1766 1361 1798 st.
1386 1767 1448 1799 Nos
1473 1765 1634 1804 archidux,
1656 1776 1726 1797 cum
1748 1765 1905 1808 praefatus
1920 1764 1983 1808 epi-

1250 1824 1394 1863 scopatus
1419 1819 1466 1851 ius
1490 1817 1704 1850 haereditandi
1731 1817 1815 1850 bona
1839 1817 1986 1850 ccclesia-

1250 1873 1325 1906 stica
1349 1872 1424 1905 cleri
1450 1871 1581 1905 minoris
1606 1881 1663 1914 per
1688 1871 1872 1904 comitatus3
1896 1870 1985 1904 Tiro-

1250 1928 1366 1960 lensem
1393 1926 1514 1970 aliaque
1539 1925 1638 1958 bona⁴
1656 1925 1818 1957 Austriaca
1834 1924 1987 1958 dioecesis

1249 1979 1406 2013 Curiensis
1439 1977 1621 2022 praetendat
1654 1977 1847 2020 (dummodo
1882 1982 1987 2010 tamen

1250 2032 1492 2077 patrimonialia,
1504 2042 1557 2064 seu
1572 2030 1671 2075 quasi,
1685 2041 1746 2064 non
1762 2030 1850 2074 sint),
1865 2030 1985 2075 episco-

1249 2096 1324 2130 pum
1346 2090 1375 2118 et
1396 2085 1533 2117 eiusdem
1551 2094 1749 2117 successores
1765 2084 1824 2117 hac
1845 2083 1875 2116 in
1901 2083 1988 2117 iure⁵

1250 2139 1401 2183 impedire
1427 2149 1480 2171 seu
1506 2137 1694 2182 perturbare
1714 2136 1839 2180 quidem
1856 2147 1919 2170 non
1939 2148 1988 2170 vo-

1250 2193 1367 2231 lumus3
1400 2191 1547 2223 libentius
1576 2195 1679 2222 tamen
1713 2190 1905 2229 videremus,
1933 2190 1985 2222 ubi

1250 2257 1320 2279 curn
1347 2244 1469 2278 clericis
1489 2250 1517 2277 et
1539 2244 1652 2277 horum
1674 2244 1814 2286 singulis,
1834 2243 1918 2276 iuxta
1938 2253 1987 2276 cu-

1286 2362 1296 2387 1
1315 2359 1425 2386 Videtur
1439 2358 1581 2394 legendum
1594 2359 1852 2393 praememoratus,
1864 2360 1893 2383 ut
1907 2356 1986 2391 infra,

1249 2412 1297 2440 pro
1314 2404 1381 2431 bene
1398 2405 1572 2430 memoratus
1586 2404 1626 2436 (a.
1643 2402 1682 2431 τ.)

1283 2449 1300 2476 2
1316 2449 1459 2483 perperam
1474 2449 1503 2473 ut
1519 2449 1584 2481 puto
1598 2445 1662 2473 edit.
1680 2445 1758 2472 Main.
1776 2445 1860 2472 habet
1874 2454 1923 2472 seu
1938 2453 1986 2480 pro

1249 2493 1297 2520 sed
1313 2493 1348 2526 (n.
1364 2492 1412 2524 T.).

1285 2537 1301 2564 3
1321 2535 1432 2562 Videtur
1451 2534 1595 2570 legendum
1615 2534 1780 2562 comitatum
1799 2539 1839 2567 (n.
1855 2539 1902 2567 τ.).

1287 2582 1302 2607 4
1322 2580 1359 2607 Ex
1374 2579 1443 2606 infra
1458 2578 1581 2606 dicendis
1596 2578 1684 2614 potius
1699 2578 1758 2614 lege
1773 2579 1843 2605 loca.

1286 2627 1302 2653 5
1322 2624 1475 2661 Legenduin
1487 2625 1581 2651 hucin
1593 2633 1624 2652 re
1641 2623 1680 2651 vel
1698 2623 1748 2650 hoc
1764 2623 1795 2651 in
1813 2623 1878 2651 iure
1889 2622 1985 2659 (n.·r.).

1999 233 2088 260 Amc.
2111 235 2176 263 ¹658
