2263 3215
287 208 334 236 Λη.
352 209 380 237 Γ.
404 210 470 237 ιὸῡι)
521 202 578 234 192

1070 212 1247 235 BULLARIUM
1270 212 1423 236 ROMANUM

485 269 592 291 omncs
607 259 720 290 fratres
735 258 833 302 ipsius
855 259 1044 302 provinciae,
1066 264 1223 303 tamquam
1260 259 1482 292 minationibus
1514 265 1540 291 et
1575 260 1855 291 consultationibus
1890 265 1996 292 votum

485 312 508 343 si
534 311 656 343 noviter
681 311 788 343 suisset
812 316 931 349 erecta;
958 317 987 344 et
1012 318 1138 346 mortuo
1170 324 1223 345 seu
1258 312 1428 345 decisivum
1449 312 1478 343 in
1500 311 1685 355 aequalitate
1700 312 1942 355 suffragioruim
1967 315 1997 346 et

485 363 649 396 deficiente
667 363 773 406 aliquo
790 364 959 398 diffinitore
984 376 1019 398 ex
1045 370 1132 408 parte
1150 365 1222 397 dicti
1239 379 1241 383 ⁴
1259 370 1291 397 ut
1315 376 1374 408 pro
1406 364 1529 396 interim
1566 370 1693 408 reponat
1728 364 1940 408 praesidentes
1965 365 1996 397 in

483 416 684 460 provincialis
708 417 871 458 nominati,
898 418 927 450 in
953 418 1020 450 eius
1044 418 1147 451 locum
1172 428 1240 458 no-¹

1239 459 1240 490 l
1257 476 1422 513 antequam
1441 470 1578 502 celebret
1595 470 1776 514 capitulum.
1791 470 1997 504 Concedimus

1239 509 1386 566 linsuper
1410 523 1494 556 dicto
1519 523 1663 556 ministro
1692 523 1875 567 provinciali
1902 524 1997 556 sacul-

483 469 640 501 minamus
655 475 684 501 et
702 469 847 512 eligimus
863 476 982 514 patrem
998 472 1125 504 fratrem
1140 471 1223 504 loan-

483 532 552 555 nem
579 522 616 555 de
641 522 739 555 Sousa
772 524 1006 559 consessorem:
1037 528 1066 557 ct
1098 529 1223 557 mortuo

482 585 536 607 seu
561 575 726 608 det‘icientc
759 577 863 620 aliquo
894 576 1063 610 diffinitore
1094 587 1129 609 ex
1162 570 1240 609 alial

483 633 582 670 parte,
607 628 805 662 nominamus
823 634 852 662 et
866 629 1013 671 eligimus
1032 635 1150 673 patrem
1166 630 1222 662 sra-
1238 645 1239 669 1

483 685 561 713 trem
581 680 729 714 Didae-um
756 693 772 714 a
797 682 1006 726 Conceptione
1031 672 1239 725 praedicato-i

482 744 569 774 rem;
595 740 623 767 et
649 741 774 768 mortuo
800 735 928 768 custode
961 745 1014 767 seu
1039 734 1220 776 deficiente,

480 787 680 820 nominamus
705 792 734 822 ct
759 788 905 831 eligimus
931 788 961 820 in
984 789 1051 820 cius
1069 788 1171 820 locum
1193 793 1238 820 et¹

481 839 619 873 officium
644 845 765 884 patrem
792 842 920 875 fratrem
946 841 1096 874 Tliomam
1116 851 1132 872 a
1150 840 1221 873 divo

480 893 697 927 Bonavcntura
719 894 988 938 praedicatorem3
1009 898 1134 927 mortuo
1155 899 1221 926 tan-

480 947 551 979 dem
576 947 762 990 provinciali
788 947 959 987 nominato,
986 952 1075 990 pater
1096 946 1221 989 dignior

481 999 579 1041 (iuxta
603 999 728 1033 Ordinis
752 1000 879 1042 statuta)
904 1005 1054 1033 convocet
1078 999 1221 1033 diffinito-

480 1051 573 1092 rium,
595 1052 751 1096 eligatque
777 1052 928 1085 vicarium
943 1052 1169 1096 provincialem
1184 1063 1219 1085 ex

481 1111 568 1149 parte
593 1105 667 1138 dicti
692 1105 916 1149 provincialis,
942 1105 992 1138 cui
1018 1106 1221 1139 concedimus

482 1164 577 1192 totam
605 1160 842 1199 auctoritatem,
867 1169 959 1202 quam
985 1169 1042 1202 per
1067 1159 1140 1192 istas
1165 1159 1217 1192 lit-

480 1218 562 1245 teras
587 1217 729 1256 patentes
755 1212 940 1255 provinciali
967 1212 1127 1246 nominato
1160 1213 1217 1245 da-

479 1277 559 1299 mus.
594 1267 859 1310 Declaramusque
889 1271 1010 1310 patrem
1043 1266 1219 1310 digniorem

479 1324 509 1354 et
534 1325 721 1363 perpetuum
747 1320 846 1363 ipsius
871 1320 1052 1364 provinciae
1074 1331 1141 1353 csse
1166 1331 1219 1364 pa-

480 1379 558 1406 trem
585 1374 712 1406 fratrem
746 1373 905 1407 Simonem
931 1384 948 1406 a
974 1374 1002 1406 S.
1034 1373 1219 1414 Callian-inat,

478 1437 585 1461 sacrae
607 1426 782 1469 theologiae
808 1427 959 1460 lectorem
977 1427 1075 1469 (iuxta
1095 1426 1219 1460 Ordinis

478 1481 626 1525 statuta),
652 1481 724 1524 quia
750 1480 778 1513 in
805 1480 857 1513 itta
888 1480 946 1513 fuit
980 1480 1122 1513 minister
1147 1491 1220 1524 pro-

478 1534 629 1574 vincialis;
655 1534 704 1567 cui
730 1534 968 1578 subsequuntur
990 1533 1044 1574 illi,
1061 1534 1113 1577 qui
1130 1538 1219 1568 antea

478 1588 524 1620 vel
551 1593 659 1631 postea
672 1588 800 1620 suerunt
816 1597 871 1619 seu
885 1587 1002 1620 suerint
1027 1586 1132 1619 vicarii
1150 1598 1220 1631 pro-

480 1641 641 1680 viuciales;
668 1646 697 1674 et
723 1652 781 1684 pro
805 1641 889 1674 bono
914 1640 999 1684 pacis
1016 1645 1047 1673 et
1068 1641 1219 1684 tranquil-

476 1694 571 1727 litatis
605 1694 770 1737 ipsiusmet
805 1693 984 1738 provinciae
1017 1694 1219 1728 concedimus

475 1747 640 1792 privilegia
675 1747 772 1791 patris
804 1747 984 1791 provinciae
1016 1747 1097 1791 patri
1129 1747 1217 1780 fratri

476 1801 704 1845 Christophoro
739 1812 756 1834 a
791 1801 1022 1845 Conceptione,
1058 1806 1089 1834 et
1118 1801 1217 1845 priori

475 1856 564 1889 fratri
590 1856 710 1889 Simoni
735 1866 751 1888 a
778 1855 889 1897 Plagis,
914 1861 1075 1899 tamquam
1095 1855 1119 1887 si
1146 1866 1217 1888 vere

476 1913 505 1943 et
537 1909 663 1942 realiter
699 1909 830 1941 fuissent
867 1908 975 1941 vicarii
1009 1908 1217 1951 provinciales

476 1962 624 2005 legitimi;
642 1962 904 2005 declaramusque
930 1961 1032 2005 ipsum
1056 1961 1215 1995 Simonem

475 2027 493 2049 a
518 2016 621 2059 Plagis
646 2020 766 2059 patrem
796 2015 1012 2048 immediatum
1045 2026 1102 2058 pro
1135 2015 1215 2048 cele-

475 2069 619 2102 bratione
644 2069 734 2101 istius
759 2068 893 2112 proximi
914 2068 1054 2112 capituli,
1073 2069 1216 2112 quamvis

475 2132 538 2156 non
562 2122 677 2156 habeat
700 2122 779 2155 duos
808 2132 907 2155 annos
938 2122 1112 2165 completos
1142 2121 1215 2154 dicti

475 2175 587 2216 officii;
606 2176 811 2219 ministerque
827 2175 1032 2219 provincialis
1050 2175 1110 2207 iam
1129 2185 1145 2207 a
1163 2185 1215 2208 no-

475 2229 523 2262 bis
548 2229 728 2262 nominatus
753 2228 937 2262 convocabit
957 2228 1083 2261 eosdem
1110 2233 1215 2272 patres

475 2288 506 2316 et
529 2282 712 2316 definitores
746 2283 777 2315 in
811 2282 964 2316 coenobio
995 2282 1048 2315 ubi
1081 2282 1215 2315 voluerit

474 2336 512 2369 ad
537 2335 760 2370 celebrandum
782 2336 953 2380 capitulum
972 2335 1168 2380 provinciale
1185 2341 1215 2368 et

474 2391 644 2424 electiones
662 2391 811 2431 minores,
828 2390 1081 2434 praesidebitque
1098 2390 1128 2423 in
1151 2389 1214 2430 illo,

474 2443 667 2478 dimidiando
684 2444 790 2477 omnia
810 2443 913 2477 osticia
939 2443 1130 2487 provinciae,
1152 2448 1213 2476 tam

474 2496 721 2540 guardianorum
747 2507 841 2540 quam
860 2497 1050 2530 vicariorum
1068 2496 1099 2529 in
1112 2496 1214 2540 capite

475 2555 505 2583 et
539 2550 715 2589 lectorium
746 2550 794 2582 eui
829 2550 923 2583 etiam
956 2550 1158 2583 concedimus
1182 2549 1213 2581 in

475 2603 622 2638 omnibus
647 2607 676 2638 ct
700 2602 832 2647 singulis
856 2603 1080 2646 electionibus,
1110 2603 1213 2637 deter-

1258 417 1483 454 comeiitilitss,
1514 417 1551 449 ad
1584 428 1663 460 quos
1696 418 1799 461 primo
1830 417 1997 451 accesserit

1258 581 1349 608 tatem
1376 575 1554 608 celebrandi
1588 577 1866 619 congregationem
1900 576 1996 609 inter-

1257 628 1391 661 mediam
1418 634 1447 661 ct
1471 629 1670 672 praesidendi
1704 629 1734 662 in
1767 629 1840 670 illa,
1871 635 1900 662 et
1925 629 1997 663 licet.

1256 682 1378 722 babeat,
1404 682 1484 715 sicut
1508 682 1611 724 habet,
1641 682 1854 726 plenissimam
1880 688 1995 716 aucto-

1255 735 1378 769 ritatem
1404 746 1498 779 super
1523 746 1632 768 omnes
1657 736 1770 768 fratres
1794 741 1823 769 et
1843 736 1996 771 moniales

1256 788 1354 832 ipsius
1378 788 1558 831 provinciae
1582 799 1599 821 a
1624 789 1673 821 die
1699 788 1787 822 istius
1802 793 1928 823 nostrae
1944 799 1997 823 no-

1256 841 1434 874 minationis
1451 848 1480 874 et
1501 842 1677 881 electionis;
1703 847 1807 875 tamen
1833 842 1995 882 volumus,

1255 894 1339 937 quod
1358 900 1482 938 tempus
1501 894 1548 927 sui
1571 895 1695 928 triennii
1713 901 1744 928 et
1760 895 1895 928 aliorum
1909 905 1996 939 prae-

1256 948 1389 980 latorum
1416 952 1615 991 computetur
1640 953 1671 980 et
1694 954 1879 981 numeretur
1903 959 1921 980 a
1945 948 1995 981 die

1255 1000 1475 1034 celebrationis
1500 1000 1627 1044 capituli
1645 1011 1744 1044 usque
1762 1001 1799 1033 ad
1818 1005 1880 1035 tres
1897 1011 1995 1034 annos

1255 1053 1420 1087 continuos
1445 1059 1476 1086 et
1500 1064 1551 1086 sex
1571 1064 1706 1093 menses3
1724 1059 1754 1087 et
1774 1064 1812 1087 ne
1831 1053 1994 1097 provincia

1256 1107 1322 1150 ipsa
1348 1106 1485 1150 patiatur
1510 1106 1628 1139 similes
1649 1107 1880 1140 controversias
1900 1112 1930 1140 et
1950 1118 1995 1140 re-

1255 1159 1417 1201 belliones
1438 1159 1620 1192 ordinamus
1636 1165 1667 1192 et
1686 1159 1883 1192 declaramus
1899 1159 1995 1203 quod,

1255 1214 1278 1246 si
1304 1224 1340 1246 ex
1373 1214 1478 1257 aliquo
1509 1214 1679 1247 infortunio
1710 1219 1741 1246 et
1772 1213 1995 1256 urgentissima

1255 1270 1348 1301 causa
1378 1268 1490 1308 maris,
1516 1267 1643 1308 mortis,
1669 1268 1860 1307 Turcarum,
1885 1268 1932 1300 vel
1958 1278 1993 1302 ex

1254 1321 1357 1365 aliqua
1383 1321 1444 1353 alia
1469 1321 1519 1354 liic
1543 1331 1605 1354 non
1631 1323 1778 1364 exprcssa
1807 1326 1837 1353 et
1860 1321 1992 1355 fortasse

1253 1374 1460 1418 exprimenda
1486 1376 1594 1416 causa,
1621 1380 1689 1415 etc„
1703 1373 1839 1417 cogitata
1860 1378 1890 1408 et
1909 1374 1995 1408 inco-

1254 1428 1362 1471 gitata,
1377 1433 1446 1467 etc„
1464 1438 1480 1460 a
1498 1427 1673 1460 maioritate
1698 1431 1729 1461 et
1752 1427 1885 1471 paritate
1903 1426 1996 1461 ratio'-

1253 1481 1312 1521 nis,
1337 1486 1406 1523 etc,
1432 1482 1588 1525 completo
1615 1480 1749 1515 triennio
1774 1486 1804 1514 et
1827 1492 1881 1514 sex
1906 1491 1994 1514 men-

1253 1535 1349 1576 sibus,
1370 1535 1608 1568 commissarius
1634 1535 1773 1568 visitator
1799 1535 1828 1578 (a
1849 1534 1993 1569 ministro

1253 1588 1391 1631 generali
1415 1588 1460 1620 vel
1487 1598 1505 1620 a
1529 1588 1620 1621 nobis
1633 1587 1843 1632 deputandus>
1856 1587 1893 1620 ad
1909 1587 1993 1621 illam

1253 1641 1446 1684 provinciam
1472 1651 1535 1675 non
1560 1641 1737 1681 accesserit,
1760 1641 1902 1674 minister
1919 1651 1992 1684 pro-

1253 1694 1393 1727 vincialis
1417 1700 1447 1727 et
1470 1705 1580 1728 omnes
1605 1694 1656 1727 alii
1682 1694 1812 1738 praelati
1830 1693 1945 1727 durent
1962 1694 1993 1728 in

1252 1749 1317 1782 suis
1351 1749 1463 1782 osticiis
1499 1759 1596 1792 usque
1629 1749 1666 1781 ad
1697 1748 1863 1782 adventum
1894 1747 1993 1792 ipsius

1254 1803 1431 1843 visitatoris,
1446 1803 1491 1835 vel
1506 1802 1634 1836 alterius
1651 1813 1708 1835 suo
1725 1802 1862 1844 nomine,
1882 1802 1921 1834 ad
1941 1812 1992 1835 ce-

1252 1855 1436 1888 lebrandum
1456 1855 1626 1898 capitulum
1649 1860 1678 1887 et
1702 1854 1941 1898 suffragandum
1960 1855 1991 1888 in

1251 1909 1319 1948 illo;
1345 1914 1375 1941 et
1398 1913 1552 1952 quatenus
1578 1908 1635 1940 ista
1660 1908 1830 1941 declaratio
1847 1908 1992 1942 etdeter-

1252 1962 1382 1995 minatio
1407 1961 1446 1994 sit
1468 1966 1577 1994 eontra
1601 1961 1721 2005 aliquas
1741 1961 1845 1994 Bullas
1869 1967 1992 2005 aposto-

1251 2016 1326 2049 licas
1339 2015 1376 2048 ad
1391 2015 1651 2059 compositionem
1674 2020 1704 2047 et
1729 2014 1905 2048 remedium
1923 2025 1990 2059 per-

1250 2074 1378 2112 petuum
1392 2068 1490 2112 ipsius
1506 2067 1686 2112 provinciae
1703 2067 1939 2109 ultramarinae,
1957 2068 1989 2101 in

1250 2121 1327 2161 illis,
1348 2121 1533 2154 auctoritate
1556 2121 1697 2154 eiusdem
1727 2132 1834 2154 sacrae
1857 2131 1990 2165 congre-

1248 2175 1392 2217 gationis,
1417 2185 1475 2218 pro
1501 2175 1558 2207 hac
1584 2174 1650 2207 vice
1675 2175 1914 2218 dispensamus,
1939 2175 1989 2208 de-

1249 2229 1467 2272 claramusque
1499 2238 1561 2261 non
1598 2228 1666 2261 dari
1695 2239 1785 2261 casus
1822 2234 1989 2262 vacaturae

1249 2282 1383 2315 ministri
1409 2282 1609 2326 provincialis
1623 2282 1661 2314 ad
1676 2282 1932 2316 convocationem
1946 2282 1989 2316 di-

1247 2335 1367 2378 gnioris
1403 2335 1500 2379 patris
1537 2335 1739 2379 provinciae,
1774 2335 1833 2368 nisi
1868 2335 1988 2370 vacatio

1247 2388 1415 2431 contigerit
1428 2388 1509 2421 inter
1522 2388 1636 2421 limites
1651 2388 1774 2421 triennii
1792 2394 1822 2422 et
1838 2399 1891 2422 sex
1905 2399 1988 2422 men-

1246 2441 1345 2481 sium;
1375 2441 1582 2485 volumusque
1614 2441 1697 2486 quod
1728 2442 1805 2475 haec
1836 2441 1988 2475 resolutio

1247 2495 1332 2528 circa
1356 2494 1625 2529 continuationem
1650 2495 1853 2539 provincialis
1873 2500 1904 2528 et
1919 2505 1990 2529 con-

1247 2548 1443 2581 vocationem
1480 2540 1633 2591 dignioris
1670 2548 1767 2592 patris
1805 2547 1988 2591 provinciae

1247 2602 1432 2636 observetur
1469 2602 1500 2636 in
1536 2602 1602 2647 ipsa
1637 2602 1669 2635 in
1702 2607 1914 2647 pei·p‹.·tuum;
1947 2602 1987 2636 ad

2011 212 2060 237 An.
2076 212 2103 239 C.
2127 213 2189 242 ¹650
