2263 3215
270 204 366 231 Αη.·α.
389 203 455 230 1655
502 193 542 226 te

305 898 323 917 -ji
346 898 364 916 ot
375 902 416 917 seri
427 897 452 916 iri

273 924 363 943 niaiulil.

465 250 595 294 aliisque
620 247 836 283 ecclesiasticis
861 245 1032 285 sententiis,
1061 244 1200 277 censuris

466 309 496 336 et
519 303 637 347 poenis,
662 312 679 334 a
704 302 770 334 iure
796 300 841 332 vel
866 299 905 331 ab
930 298 1068 337 homine,
1092 297 1201 341 quavis

466 356 628 389 occasione
652 354 699 386 vel
724 354 815 385 causa
840 351 918 391 latis,
943 351 969 383 si
991 350 1104 393 quibus
1128 360 1202 392 quo-

468 408 636 442 modolibet
661 405 824 439 innodatus
849 404 961 443 existit,
988 403 1026 435 ad
1055 402 1200 435 effectum

467 461 674 506 praesentium
692 459 852 491 dumtaxat
868 456 1133 499 consequendum,
1151 454 1202 487 lia-

467 525 537 547 rum
562 513 642 546 serie
662 512 856 544 absolventes
881 515 911 542 et
935 508 1114 541 absolutum
1135 507 1200 540 sore

467 571 637 605 censentes,
658 563 836 596 huiusmodi
858 560 1139 605 supplicationibus
1160 559 1201 591 in-

467 619 581 660 clinati,
598 617 826 662 pracinsertum
847 614 1050 648 cardinalium
1075 612 1200 656 praedi-

466 678 587 705 ctorum
611 671 781 709 decretum,
806 668 977 713 apostolica
1005 666 1200 707 auctoritate,

467 731 574 758 tenore
597 723 819 767 praesentium,
845 721 1068 754 confirmamus
1093 724 1123 752 et
1147 730 1201 762 ap-

467 778 649 821 probamus,
670 776 776 819 illique
801 774 988 807 inviolabilis
1011 773 1201 817 apostolicae

468 830 622 863 firmitatis
647 829 709 861 vini
733 834 763 861 et
787 828 885 861 robur
911 827 1083 860 adiicimus.

511 883 526 925 ,ξ
550 883 579 915 4.
597 883 802 915 Decerneutes
820 885 1000 924 praesentes
1018 880 1136 913 litteras
1152 879 1202 912 sir-

469 947 544 976 mas,
565 935 680 968 validas
701 941 730 967 ct
754 935 893 967 efficaces
914 933 1046 966 existere
1072 938 1101 965 et
1126 933 1202 974 sore,

467 1000 502 1022 ac
526 989 564 1021 ab
588 989 658 1029 illis,
679 988 716 1020 ad
741 998 818 1031 quos
843 992 960 1030 spectat
985 991 1015 1019 et
1039 997 1098 1030 pro
1122 991 1201 1019 tem-

467 1053 544 1086 pore
575 1041 744 1085 spectabit,
770 1040 989 1073 inviolabiliter
1021 1039 1201 1081 observari,

467 1095 573 1138 sicque
597 1094 628 1126 in
652 1094 833 1138 praemissis
849 1104 904 1137 per
921 1103 1137 1137 quoscumque
1154 1093 1201 1126 iu-

466 1148 550 1181 dices
574 1147 748 1180 ordinarios
773 1151 802 1179 et
825 1146 995 1189 delegatos,
1020 1146 1113 1179 etiam
1132 1156 1203 1178 cau—

466 1211 571 1233 sarum
589 1200 692 1244 palatii
707 1199 869 1243 apostolici
884 1199 1053 1240 auditores,
1070 1199 1201 1232 iudicari

465 1259 496 1285 et
518 1253 641 1286 definiri
665 1252 801 1293 debere,
825 1263 860 1285 ac
884 1252 1008 1285 irritum
1033 1257 1063 1284 et
1089 1252 1200 1294 inane,

467 1307 492 1339 si
518 1316 607 1340 secus
620 1317 714 1350 super
738 1306 785 1339 his
802 1316 818 1338 a
835 1316 1002 1349 quoquam,
1020 1305 1128 1349 quavis
1141 1316 1198 1338 au-

468 1360 624 1401 ctoritate,
649 1359 782 1392 scienter
807 1359 853 1392 vel
878 1359 1076 1402 ignoranter,
1102 1359 1202 1392 conti-

468 1413 549 1456 gerit
572 1413 725 1446 attentari.

512 1467 526 1509 §
550 1466 578 1499 5.
604 1467 670 1500 Non
700 1465 895 1499 obstantibus
925 1466 1202 1500 constitutionibus

382 1511 431 1523 ''¹'’
469 1523 498 1553 et
522 1519 769 1552 ordinationibus
799 1520 997 1563 apostolicis,
1027 1519 1202 1562 ceterisque

469 1572 633 1605 contrariis
653 1572 912 1616 quibuscumque.

512 1625 622 1658 Datum
646 1626 777 1666 Itomae,
802 1625 884 1669 apud
907 1626 936 1659 S.
962 1626 1089 1659 Mariam
1114 1626 1204 1658 Maio-

469 1689 545 1721 rem,
563 1679 620 1712 sub
638 1680 752 1712 annulo
766 1679 942 1720 Piscatoris,
958 1680 1008 1713 die
1025 1690 1102 1713 xxix
1129 1679 1202 1712 maii

469 1742 582 1773 iincrv,
598 1732 797 1776 pontificatus
818 1733 917 1766 nostri
935 1743 1016 1766 anuo
1035 1744 1053 1767 1.

504 1794 561 1822 Dat.
578 1793 621 1822 die
636 1794 668 1821 20
684 1795 745 1823 maii
761 1795 839 1830 1655,
857 1795 952 1830 pontif.
970 1803 1039 1823 anuo
1056 1802 1072 1822 1.

813 1965 859 1997 vl.

473 2053 638 2088 Revocano
662 2053 773 2086 Brevis
800 2053 923 2086 Urbani
944 2053 1042 2095 VIII,
1065 2064 1128 2097 quo
1153 2064 1206 2086 ca-

516 2111 628 2147 vetur,
662 2111 698 2139 ut
731 2106 932 2139 baccalaurei
960 2107 1207 2150 provinciarum

517 2160 636 2193 Italiae
661 2159 794 2193 Ordinis
813 2161 954 2202 fratrum,
974 2160 1010 2193 B.
1029 2160 1154 2193 Mariae
1170 2160 1207 2192 de

517 2213 622 2245 Monte
643 2212 787 2246 Carmelo
807 2213 942 2245 Romam
964 2213 1147 2255 ntayisterii
1171 2213 1208 2246 in

516 2266 607 2298 sacra
633 2265 790 2308 tlteoloqid
811 2265 1006 2308 suscipiendi
1030 2266 1128 2299 causei
1151 2276 1206 2299 vc-

517 2318 589 2351 nire
612 2327 649 2350 ac
669 2318 753 2350 initui
775 2318 811 2350 in
826 2319 1010 2360 praesentia
1026 2319 1207 2352 cardinalis

516 2371 701 2413 protectoris
714 2375 742 2403 et
753 2370 875 2413 prioris
888 2371 1049 2414 generalis
1063 2371 1142 2404 dicti
1153 2370 1208 2405 Or-

518 2423 606 2455 dinis
623 2424 806 2456 examinari
825 2423 965 2464 debcant,
982 2435 1104 2457 necnon
1120 2426 1209 2458 resti-

520 2476 600 2508 tutio
622 2476 726 2518 priori
741 2477 884 2519 generali
908 2477 1049 2510 eiusdem
1075 2477 1208 2512 Ordinis

519 2528 684 2570 simultatis
695 2530 899 2571 promerendi
923 2530 1021 2563 dictos
1039 2531 1207 2565 baccalau-

519 2591 587 2615 γοοδ
610 2582 651 2614 (ul
676 2582 895 2625 magsae'steri'unt
918 2584 954 2616 ‘in
983 2584 1096 2617 iisdem
1121 2590 1208 2618 statu

1040 196 1217 220 nULtiitnlUM
1242 194 1394 219 ROMANUM

1277 247 1306 276 et
1333 241 1479 275 terminis
1499 240 1533 272 in
1557 237 1672 284 quibus
1695 238 1757 272 illa
1788 247 1827 272 ex
1858 237 1972 272 consti-

1279 294 1457 328 talionibus
1482 291 1616 326 Ordinis
1640 292 1669 325 ei
1689 292 1882 336 competebat
1905 301 1968 324 an-

1279 352 1407 391 tequam
1428 349 1590 380 emanaret
1613 345 1714 379 Breve
1734 344 1969 389 praedicauit&

1427 435 1594 463 Alexander
1614 435 1694 469 Papa
1712 434 1774 469 vn,

1358 479 1394 506 ad
1413 482 1589 514 perpetuam
1607 479 1653 507 rei
1672 478 1850 507 memoriam.

1279 559 1437 591 Romanus
1449 559 1599 599 Pontifex,
1617 558 1723 602 gregis
1742 557 1893 592 dominici
1913 557 1971 591 sibi
2013 569 2133 592 montium.

1235 611 1383 645 divinitus
1408 611 1568 645 commissi
1585 611 1772 644 utilitatibus
1796 611 1911 654 iugiter
1927 611 1973 644 in-

1237 663 1381 707 vigilans,
1398 665 1548 698 nonnulla
1565 675 1582 697 a
1594 663 1891 708 praedecessoribus
1909 662 1974 696 suis

1235 718 1408 751 secundum
1439 722 1619 762 temporum
1651 718 1863 751 conditionem
1893 726 1971 750 con-

1235 771 1317 804 sulto
1349 771 1452 812 sacta,
1484 771 1509 804 si
1545 771 1748 815 postmodnm
1780 769 1974 814 experientia

1236 835 1344 857 rerum
1358 824 1510 868 magistra
1522 824 1643 857 inutilia
1659 824 1764 868 potius
1781 829 1812 857 et
1827 823 1976 856 damnosa

1237 887 1304 910 esse
1318 877 1567 921 comperiuntur,
1580 877 1739 910 interdum
1757 882 1892 918 revocat,
1905 886 1977 921 pro-

1236 935 1280 972 ut,
1298 941 1417 972 rerum,
1434 941 1642 975 personarum
1664 936 1695 964 et
1718 931 1862 964 locorum
1880 929 1976 973 quali-

1236 988 1297 1016 tate
1310 989 1432 1017 mature
1445 984 1611 1027 perpensa,
1626 983 1781 1027 conspicit
1797 983 1829 1016 in
1841 982 1976 1016 Domino

1236 1037 1404 1071 salubriter
1429 1036 1585 1080 expedire.

1280 1091 1294 1134 ἓ
1319 1090 1347 1123 l.
1374 1090 1453 1123 Sane
1476 1100 1535 1133 pro
1559 1094 1650 1134 parte
1678 1088 1783 1122 dilecti
1807 1088 1864 1122 filii
1887 1087 1974 1122 Marii

1236 1142 1414 1183 ventui-ini,
1438 1142 1562 1176 Ordinis
1586 1142 1721 1175 fratrum
1745 1142 1774 1176 S.
1799 1141 1914 1186 Mariae
1937 1142 1975 1174 de

1235 1196 1336 1229 Monte
1367 1195 1509 1229 Carmelo
1545 1195 1661 1239 prioris
1695 1194 1851 1238 generalis
1885 1194 1976 1228 nobis

1235 1259 1335 1292 nuper
1359 1248 1537 1292 expositum
1562 1248 1637 1289 suit,
1661 1248 1746 1292 quod
1770 1247 1846 1280 alias
1869 1257 1973 1291 quon-

1235 1303 1306 1336 dam
1332 1302 1515 1336 Theodorus
1535 1301 1678 1342 Stratius,
1691 1301 1832 1335 eiusdem
1852 1300 1976 1334 Ordinis

1237 1361 1310 1389 tunc
1334 1356 1422 1400 prior
1442 1355 1640 1398 generalis‚a
1663 1354 1762 1388 felicis
1785 1353 1977 1388 recordatio-

1236 1409 1284 1442 nis
1309 1408 1434 1443 Urbano
1460 1408 1542 1451 Papa
1568 1407 1632 1440 Vlll
1656 1407 1900 1451 praedecessore
1923 1416 1977 1440 no-

1236 1467 1301 1496 stro
1325 1461 1465 1496 ordinari
1482 1460 1625 1503 obtinuit,
1642 1465 1686 1501 ut,
1703 1459 1895 1504 quicumque
1913 1459 1976 1492 fra-

1236 1521 1300 1549 tres
1315 1515 1551 1560 provinciarum
1575 1514 1681 1547 Italiae
1705 1513 1780 1546 dicti
1804 1512 1928 1547 Ordinis
1945 1513 1976 1545 in

1236 1570 1327 1603 sacra
1353 1567 1513 1611 theologia
1528 1567 1726 1601 baccalaurei
1742 1566 1781 1599 ad
1804 1565 1976 1617 magisterii

1236 1623 1268 1656 in
1293 1622 1402 1656 eadem
1427 1623 1515 1655 sacra
1540 1621 1699 1663 theologia
1722 1619 1855 1663 gradum
1876 1618 1989 1662 adspi-·

1237 1682 1354 1718 iurent,
1379 1676 1467 1710 illum
1492 1676 1653 1719 suscipere
1680 1683 1880 1718 nequaquam
1903 1682 1976 1716 pos-

1237 1735 1304 1765 sent
1323 1731 1382 1763 nisi
1400 1731 1516 1764 Romae
1533 1729 1565 1762 in
1581 1728 1757 1772 praesentia
1776 1726 1976 1760 existentium

1239 1794 1297 1827 pro
1322 1788 1465 1827 tempore
1481 1781 1648 1816 cardinalis
1665 1780 1748 1825 apud
1765 1779 1877 1814 Sedem
1892 1779 1976 1823 Apo-

1239 1836 1380 1870 stolicam
1404 1835 1595 1880 protectoris
1619 1839 1651 1867 et
1674 1833 1789 1877 prioris
1820 1831 1977 1876 generalis

1239 1889 1363 1923 Ordinis
1387 1888 1567 1922 huiusmodi
1591 1886 1759 1921 examinati
1782 1886 1923 1926 fuissent,
1947 1890 1978 1918 et

1239 1943 1315 1976 alias
1331 1947 1426 1986 prout
1443 1942 1474 1975 in
1491 1941 1632 1975 eiusdem
1657 1939 1775 1973 Urbani
1798 1938 1979 1983 praedeces-

1240 1995 1320 2029 soris
1345 1995 1457 2028 litteris
1481 1994 1617 2038 desuper
1633 1993 1665 2025 in
1681 1992 1776 2025 simili
1790 1992 1893 2025 forma
1908 1990 1980 2024 Bre-

1240 2049 1286 2082 vis
1310 2048 1461 2092 expeditis
1483 2048 1605 2092 plenius
1630 2046 1818 2080 continetur.

1285 2103 1300 2146 ᾗ
1323 2103 1353 2136 02.
1378 2102 1453 2136 Cum
1478 2106 1597 2142 autem,
1622 2101 1702 2134 sicut
1725 2099 1834 2133 eadem
1859 2097 1981 2142 exposi-

1242 2156 1284 2189 tio
1304 2155 1527 2199 subiungebat,
1545 2165 1582 2188 ex
1599 2154 1739 2198 plurium
1759 2162 1915 2186 annorum
1931 2161 1981 2184 ex-

1240 2208 1393 2254 perientia
1409 2214 1530 2243 constet
1540 2207 1771 2242 ordinationem
1788 2204 1979 2246 huiusmodi,

1241 2264 1282 2296 ob
1307 2262 1481 2306 ingentium
1511 2271 1720 2306 expensarum
1745 2265 1776 2294 et
1799 2259 1976 2293 incommo-

1241 2316 1354 2350 dorum
1380 2326 1485 2357 onera,
1503 2325 1582 2359 quae
1607 2315 1734 2349 eosdem
1758 2313 1980 2347 baccalaureos

1242 2371 1274 2403 in
1297 2369 1463 2403 itineribus
1482 2369 1731 2413 praemissorum
1747 2368 1843 2402 causa
1865 2366 1904 2400 ad
1923 2366 1981 2400 Ur-

1242 2424 1312 2457 bem
1341 2422 1508 2456 accedendi
1537 2422 1671 2467 indeque
1698 2422 1737 2456 ad
1765 2430 1875 2455 eorum
1899 2429 1977 2453 con-

1242 2482 1351 2510 ventus
1374 2475 1527 2510 redeundi
1551 2486 1628 2520 ergo
1653 2473 1855 2520 peragendis,
1877 2473 1982 2507 mora·

1282 2601 1291 2627 ι
1313 2592 1349 2620 Ex
1370 2592 1475 2628 Regest.
1496 2592 1523 2618 111
1543 2591 1643 2620 Secret.
1665 2591 1742 2619 Brev.

1984 189 2034 216 An.
2050 189 2080 218 C.
2101 188 2169 218 1655

2017 1099 2095 1120 itanu

2047 2104 2178 2126 Euat-rantur

1994 2131 2127 2153 incommoda
2141 2131 2179 2151 hu-

1995 2159 2026 2180 ius
2033 2157 2180 2179 ordinationis.
