2243 3205
264 193 312 220 An⁴
330 193 357 221 c.
380 194 446 222 1659
492 185 555 218 504

462 253 512 275 res
537 241 629 275 etiam
655 243 793 276 veriores
829 253 864 276 ac
901 243 988 276 datae
1024 244 1199 277 habeantur

461 306 519 340 pro
544 296 720 340 expressiS,
747 307 801 328 seu
826 296 857 328 in
883 302 947 330 toto
974 298 1019 330 vel
1055 299 1085 330 in
1110 303 1198 342 parte

461 349 595 393 exprimi
620 349 739 393 possint
765 350 795 382 in
820 349 940 383 litteris.
955 351 988 383 Et
1008 351 1045 383 dc
1067 350 1197 393 singulis

461 401 583 434 statutis
607 407 636 434 et
656 402 916 443 ordinationibus,
945 403 1107 443 mandatis,
1132 413 1197 434 cas-

462 455 590 495 satione,
616 455 810 497 irritatione,
835 456 1066 496 annullatione,
1092 455 1198 500 probi-

461 506 644 550 bitionibus‚
669 507 799 551 singulis
825 508 969 549 decretis,
983 508 1197 551 derogatione,

462 563 593 606 aliisque
617 561 816 606 praemissis,
843 567 875 594 ut
905 572 1018 605 supra,
1045 572 1124 604 quac
1149 561 1199 593 bic

461 626 521 660 pro
556 615 747 648 sufficienter
770 619 797 647 et
829 615 866 647 ad
906 620 1025 658 partem
1058 614 1199 658 repetitis

461 668 648 708 habeantur,
674 672 706 700 ut
731 677 825 711 supra
851 667 881 699 in
906 667 1016 700 litteris
1050 667 1199 699 latissime

462 721 701 755 extendendum.
731 721 767 753 Et
792 731 862 754 cum
888 722 1067 765 opportuna
1101 719 1198 764 depu-

462 775 578 809 tatione
607 775 745 808 eiusdem
778 774 929 807 auditoris
958 773 1114 816 generalis
1146 772 1198 816 qui

461 828 639 861 facultatem
665 827 779 860 habeat
803 826 917 859 citandi
947 826 977 858 in
1003 826 1102 858 fornia
1125 825 1200 857 inhi-

461 880 555 913 bendi
580 885 609 913 et
634 880 744 924 exequi
771 879 912 913 faciendi.
938 879 1085 911 Invocato
1106 878 1198 911 etiam

462 934 585 967 brachii
611 934 760 967 secularis
785 933 916 975 auxilio,
942 932 966 965 si
992 942 1070 976 opus
1096 932 1199 973 suerit,

462 997 532 1019 cun]
551 987 729 1030 opportuna
744 985 946 1029 derogatione
964 983 1200 1029 quomodolibet

462 1040 695 1073 contrariorum
721 1039 750 1071 in
775 1038 887 1072 litteris
918 1038 1068 1070 latissime
1093 1042 1198 1070 exten-

462 1092 608 1125 dendum.
634 1093 670 1125 Et
694 1091 777 1136 quod
802 1092 867 1124 sola
891 1090 1064 1135 praesentis
1097 1095 1200 1123 motus

461 1146 583 1191 proprii
598 1146 759 1189 signatura
777 1145 918 1185 sufficiat,
933 1149 962 1176 et
975 1144 1092 1188 ubique
1106 1143 1198 1175 fidem

462 1199 554 1232 saciat
578 1199 608 1231 in
633 1198 748 1231 iudicio
773 1203 803 1231 et
828 1202 924 1239 extra,
950 1197 1060 1239 regula
1081 1201 1201 1229 contra-

462 1252 509 1286 ria
533 1262 596 1286 non
620 1252 771 1286 obstante.
797 1252 857 1286 Seu
875 1251 967 1284 etiam
989 1251 1199 1295 praesentium

462 1306 678 1350 transumptis,
692 1306 785 1340 etiam
804 1304 977 1349 impressiS,
992 1309 1021 1337 et
1039 1314 1133 1336 manu
1150 1303 1201 1336 ali-

463 1360 552 1394 cuius
576 1359 689 1393 notarii
725 1359 840 1404 publici
872 1357 1079 1402 subscriptis,
1105 1367 1140 1389 ac
1160 1356 1200 1389 si-

463 1415 539 1459 gillo
563 1415 696 1447 alicuius
730 1424 883 1458 personae
916 1413 946 1444 in
976 1411 1126 1455 dignitate
1151 1421 1200 1442 ec-

464 1469 637 1503 clesiastica
653 1468 840 1501 constitutae
854 1467 992 1506 munitis,
1002 1465 1109 1498 eadem
1125 1464 1202 1497 fides

463 1533 595 1568 prorsus
612 1522 808 1562 adhibeatur,
823 1531 903 1564 quae
920 1524 1100 1564 praesentes
1119 1517 1202 1551 adhi-

463 1576 603 1617 beretur,
636 1575 659 1608 si
691 1575 793 1608 forent
821 1573 1017 1617 originaliter
1046 1571 1202 1605 exhibitae

464 1630 511 1663 vel
537 1634 690 1670 ostensae,
716 1639 770 1661 seu
799 1628 891 1661 etiam
920 1627 1055 1671 desuper
1082 1626 1202 1660 litterae

464 1684 653 1730 apostolicae
677 1683 768 1716 etiam
787 1693 845 1727 per
863 1682 959 1717 Breve
980 1686 1122 1714 nostrum
1149 1690 1203 1713 seu

465 1739 504 1772 de
528 1738 615 1771 curia
640 1738 774 1781 desuper
798 1735 938 1780 expediri
963 1734 1092 1779 possint.

508 1792 619 1826 Datum
637 1791 764 1832 Romae,
790 1789 873 1833 apud
901 1790 930 1823 S.
955 1789 1083 1821 Mariam
1109 1787 1201 1820 Maio-

466 1855 545 1885 rem,
566 1844 706 1878 kalendis
731 1843 870 1877 octobris
890 1852 1015 1883 noemi,
1034 1841 1201 1886 pontifica-

467 1905 516 1932 tus
540 1897 639 1932 nostri
664 1908 745 1931 anno
764 1907 793 1931 v.

504 1961 562 1991 Dat.
584 1960 626 1989 die
644 1962 653 1987 1
674 1959 793 1988 octobris
810 1958 889 1992 1659,
906 1957 1001 1994 pontif.
1019 1965 1088 1984 anno
1107 1966 1128 1983 v.

766 2093 911 2129 CCLXlll.

469 2169 655 2205 Declaratio
680 2167 766 2212 quod
789 2166 921 2201 nullum
947 2166 998 2198 ius
1028 2175 1085 2198 nec
1111 2165 1208 2197 eliam

514 2222 712 2255 cumulative
739 2223 895 2264 competat
926 2219 1205 2252 administratori-

515 2276 571 2309 bus
603 2286 658 2308 seu
688 2274 910 2318 superioribus
940 2272 1209 2305 monasteriorum

515 2329 758 2364 Parisiensium
784 2332 811 2361 et
837 2327 980 2360 aliorum
1004 2325 1210 2359 monasterio-

517 2394 592 2416 rum
618 2381 916 2417 Carmelitanarum
943 2379 1211 2413 Excalccatarum

518 2437 611 2481 reyni
635 2436 800 2470 Frcmciae
819 2434 978 2468 visitandi
994 2433 1080 2466 dicta
1098 2443 1211 2465 mona-

519 2491 628 2530 steria,
644 2500 716 2522 cum
728 2489 862 2522 diversis
878 2487 1142 2522 ordinationibus
1156 2486 1213 2518 eir-

520 2553 557 2575 ca
580 2542 772 2581 visitatores,
799 2546 853 2574 etc.
868 2542 885 2573 ¹.

513 2606 523 2636 1
548 2604 584 2631 Ex
606 2604 711 2639 Regest.
734 2605 760 2631 in
781 2606 855 2631 Secr.
878 2603 952 2630 Brer.

1033 186 1217 229 snULLAan
1243 195 1394 219 nomana

1425 244 1588 271 Alexander
1609 244 1684 278 Papa
1708 244 1770 277 vu,

1351 288 1387 315 ad
1406 291 1581 330 perpetuam
1600 288 1644 315 rei
1665 288 1845 316 memoriam.

1276 349 1319 382 Ad
1346 349 1503 393 pastorale
1526 349 1697 392 fastigium,
1713 349 1800 382 nullo
1816 349 1887 382 licet
1906 360 1965 382 ine-

1232 403 1363 435 ritorum
1396 407 1575 436 nostrorum
1608 402 1775 445 suffragio,
1805 413 1860 446 per
1890 402 1966 435 ines-

1233 456 1356 488 sabilem
1397 456 1518 489 divinae
1558 456 1706 489 bonitatis
1746 455 1966 488 abundantiam

1233 509 1349 551 evecti,
1381 509 1461 543 inter
1490 510 1690 552 gravissimas
1716 509 1968 553 multiplicesque

1233 573 1342 603 curas,
1374 563 1488 606 quibus
1519 562 1644 595 assidue
1675 563 1866 606 premimur,
1900 572 1967 594 eam

1234 615 1383 658 peculiari
1416 615 1518 648 studio
1551 615 1791 658 amplectimur,
1827 620 1858 647 ut
1887 614 1967 647 felici

1982 196 2030 220 An.
2048 194 2074 220 C.
2097 194 2162 222 ¹659

2015 363 2152 383 Prooemium.

1233 679 1391 701 sacrarum
1415 668 1571 711 virginum
1591 674 1620 700 et
1636 669 1836 701 honestarum
1859 667 1983 700 mulie--

1234 732 1313 761 rum,
1328 732 1417 765 quae,
1432 724 1534 765 spreta
1550 721 1646 754 seculi
1663 721 1805 762 vanitate,
1820 719 1969 753 Altissimi

1233 774 1391 822 obsequiis
1417 785 1484 807 sese
1514 774 1571 806 sub
1598 774 1682 806 suavi
1709 773 1871 816 religionis
1896 773 1970 816 iugo

1234 828 1462 871 manciparunt,
1478 827 1622 869 regimini
1638 833 1666 860 et
1680 826 1844 859 directioni
1858 836 1971 869 oppor-

1235 881 1316 913 tunis
1332 880 1505 914 rationibus
1520 880 1684 913 consulere
1699 883 1886 922 satagamus,
1899 888 1970 922 pro-

1234 939 1275 973 ut,
1291 936 1413 967 matura
1432 932 1682 966 consideratione
1696 932 1832 976 praevia,
1850 931 1971 975 conspi-

1234 986 1333 1019 cimus
1350 986 1379 1019 in
1396 986 1529 1019 Domino
1546 984 1714 1018 salubriter
1731 983 1887 1028 expedire.

1277 1040 1292 1083 ἓ
1316 1039 1344 1071 1.
1370 1038 1492 1071 Dudum
1518 1038 1669 1082 siquidem
1695 1037 1792 1070 felicis
1817 1036 1966 1070 recorda-
2008 1047 2092 1075 :nativa
2105 1047 2168 1069 huius
2216 1065 2218 1074 ι

1234 1092 1326 1125 tionis
1356 1092 1498 1126 Clemens
1530 1092 1612 1135 Papa
1644 1090 1709 1124 Vlll
1745 1089 1970 1134 praedecessor

1233 1150 1349 1185 noster,
1359 1155 1416 1189 per
1430 1145 1578 1188 quasdam
1590 1154 1661 1177 suas
1675 1143 1732 1177 sub
1745 1142 1875 1187 plumbo
1889 1152 1970 1175 anno

1234 1198 1458 1231 Incarnationis
1483 1198 1657 1231 dominicae
1672 1207 1779 1239 ninom,
1799 1196 1902 1228 idibus
1919 1205 1971 1229 no-

1233 1251 1422 1294 novembris,
1435 1251 1590 1295 expeditas
1604 1251 1734 1291 litteras,
1744 1249 1969 1283 monasterium

1234 1315 1315 1338 nunc
1340 1305 1565 1338 incarnationis
1585 1309 1800 1348 nuncupatum
1822 1303 1972 1336 parisien-

1235 1369 1266 1391 se
1288 1358 1469 1391 monialium
1495 1357 1621 1391 Ordinis
1645 1358 1676 1390 B.
1694 1357 1731 1390 M.
1750 1357 1782 1389 V.
1808 1356 1845 1389 de
1870 1357 1972 1389 Monte

1234 1412 1375 1445 Carmelo
1386 1413 1637 1445 Excalceatarum
1649 1415 1898 1455 nuncupatarum
1914 1410 1972 1442 sub

1235 1465 1458 1498 reformatione
1476 1470 1599 1497 sanctae
1612 1463 1755 1497 Teresiae
1772 1463 1910 1507 primum
1930 1462 1974 1495 in-

1235 1518 1348 1553 stituti¹
1367 1518 1546 1551 huiusmodi
1572 1518 1603 1550 in
1621 1527 1718 1560 regno
1739 1516 1897 1557 Franciae,
1915 1516 1972 1549 sub

1236 1573 1329 1606 certis
1355 1572 1448 1605 modo
1466 1576 1495 1605 et
1513 1572 1613 1604 forma
1632 1576 1704 1603 tuno
1722 1570 1889 1614 expressis,
1906 1579 1974 1613 per-

1237 1630 1330 1670 petuo
1357 1625 1454 1659 erexit
1478 1630 1508 1658 et
1533 1624 1674 1663 instituit,
1700 1634 1735 1656 ac
1761 1623 1842 1655 idem
1865 1632 1973 1657 mona-

1237 1680 1367 1712 sterium
1387 1679 1430 1711 sic
1448 1683 1598 1718 erectum,
1624 1677 1753 1720 eiusque
1773 1676 1974 1717 abbatissam,

1238 1737 1423 1766 conventum
1457 1737 1483 1763 ct
1523 1731 1689 1770 moniales,
1716 1735 1874 1770 rectores,
1899 1729 1970 1762 ossi-

1238 1787 1342 1827 ciales,
1367 1785 1538 1825 ministros,
1564 1784 1734 1816 servientes
1759 1788 1789 1816 et
1813 1793 1974 1827 personas,

1238 1849 1359 1873 necnon
1387 1839 1468 1872 bona
1501 1837 1655 1876 universa,
1681 1836 1718 1868 ab
1743 1836 1828 1869 omni
1853 1835 1976 1868 iurisdi-

1239 1893 1350 1933 ctione,
1376 1891 1586 1931 correctione,
1611 1889 1801 1930 visitatione,
1826 1888 1975 1930 dominio,

1239 1945 1468 1990 superioritate,
1490 1943 1682 1976 subiectione
1699 1948 1729 1975 et
1746 1946 1897 1986 potestate
1917 1951 1976 1986 pro

1241 2005 1381 2043 tempore
1414 1997 1574 2030 existentis
1610 1995 1747 2040 episcopi
1777 1994 1976 2035 Parisiensis,

1241 2064 1295 2085 seu
1321 2052 1403 2085 illius
1428 2050 1570 2084 officialis
1598 2055 1650 2082 aut
1683 2048 1788 2082 vicarii
1814 2049 1844 2080 in
1877 2048 1974 2092 spiri-

1241 2105 1375 2138 tualibus
1409 2103 1576 2148 generalis,
1610 2113 1731 2135 necnon
1763 2106 1976 2146 protectorum

1241 2170 1277 2192 ac
1297 2158 1489 2202 generalium
1514 2162 1543 2189 ct
1560 2155 1798 2200 provincialium
1820 2155 1978 2188 ministro-

1243 2224 1333 2254 rum,
1359 2213 1556 2255 aliorumque
1581 2211 1793 2254 praelatorum
1827 2214 1856 2241 et
1887 2219 1979 2252 supe-

1242 2268 1361 2301 riorum
1387 2265 1510 2299 Ordinis
1528 2265 1657 2297 sratrum
1674 2263 1887 2306 mitigatorum
1902 2261 1980 2295 eius-

1243 2321 1312 2354 dem
1345 2321 1376 2353 Β.
1411 2320 1447 2352 Μ.
1485 2319 1517 2351 V.
1555 2318 1592 2350 de
1628 2318 1729 2350 Monte
1767 2316 1909 2349 Carmelo
1948 2316 1980 2347 in

1244 2372 1457 2419 spiritualibus
1482 2377 1511 2404 et
1542 2370 1766 2414 temporalibus
1798 2368 1921 2413 penitus
1951 2372 1981 2401 et

1244 2429 1373 2462 omnino
1400 2426 1504 2460 itidem
1536 2430 1688 2469 perpetuo
1714 2423 1828 2456 exemit
1852 2427 1881 2455 et
1905 2422 1981 2454 libe-

1245 2481 1334 2521 rarit,
1359 2491 1394 2512 ac
1415 2479 1471 2511 sub
1496 2478 1578 2511 beati
1603 2476 1684 2509 Petri
1701 2481 1729 2508 et
1747 2475 1833 2508 Sedis
1854 2476 1981 2518 Aposto-

1245 2535 1322 2567 licae
1347 2539 1439 2577 atque
1459 2533 1515 2565 sua
1533 2536 1561 2564 et
1579 2540 1637 2575 pro
1655 2535 1799 2573 tempore
1822 2527 1981 2560 existentis

1284 2600 1292 2624 1
1319 2597 1417 2623 Forsan
1438 2595 1531 2631 primi
1551 2593 1679 2621 ‘Instituit'
1697 2593 1735 2626 (n.
1756 2591 1803 2625 au).

1985 1074 2148 1096 eonstituitoun.

2225 1386 2233 1434 »ae—t.
2216 1310 2217 1315 Α
2216 1300 2217 1303 Α
2216 1259 2217 1270 ᾖ
2216 1228 2217 1245 ᾼᾼ
2216 1195 2217 1202 ᾼ

2224 1514 2233 1605 ...,.
