2185 3188
36 175 83 202 An.
100 173 127 201 C.
150 172 215 201 ¹657

824 169 1007 194 ALExANDEn
1033 169 1076 192 vn
1101 169 1148 192 ΓΓ.

226 218 303 263 cipis
326 218 551 262 Apostolorum
581 224 611 252 et
642 218 670 252 S.
696 217 811 251 Mariae
842 216 984 250 Maioris*

226 277 423 315 nuncupatae
449 271 588 305 eiusdem
614 271 706 305 Urbis
731 271 871 304 ecclesiis
903 270 985 309 sive,

227 324 364 358 basilicis
388 324 527 357 adstricti
553 324 723 358 ferventius
740 323 852 356 divinis
878 324 969 357 inter-

228 377 299 418 sint,
325 377 349 410 si
374 378 492 421 primas
517 377 683 420 dignitates
711 377 742 409 in
758 376 898 410 ecclesiis
915 386 968 409 seu

228 429 365 463 basilicis
375 430 557 463 huiusmodi
569 430 745 463 obtinentes
759 430 870 463 ceteris
884 440 970 473 prae-
985 434 986 438 ’

229 483 327 516 sentia
348 485 402 515 sua
426 483 648 527 praeluxerint.
671 482 803 524 Idcirco,
822 482 860 515 de
878 492 970 515 vene·
986 475 987 485 ¹

229 535 376 568 rabilium
399 536 530 569 fratrum
555 541 736 569 nostrorum
755 536 783 568 S.
803 537 836 568 P..
855 535 886 568 E.
902 545 969 568 car-

228 588 379 621 dinalium
400 599 436 622 ac
453 589 639 622 dilectorum
656 588 793 622 filiorum
813 589 971 622 Romanae
987 622 988 633 ἶ

229 642 338 675 Curiae
363 643 577 686 praelatorum
595 642 850 685 congregationis
875 652 989 685 super¹

228 694 364 737 negotiis
393 695 579 728 visitationis
611 694 801 738 apostolicae
833 705 850 726 a
881 683 990 737 nobisl

229 747 392 781 institutae
424 747 579 789 consilio,
604 747 727 781 dilectis
759 747 832 780 filiis
856 747 972 780 nostris

230 801 370 834 eiusdem
396 801 426 835 S.
452 802 486 834 R.
512 801 544 834 E.
571 800 785 834 cardinalibus
810 800 905 833 trium
921 811 972 834 ec-

230 854 397 887 clesiarum
422 854 486 887 sive
510 854 713 887 basilicarum
739 853 972 897 praedictarum

230 908 510 953 archipresbyteris
547 918 630 941 nunc
671 913 700 941 et
734 919 793 952 pro
831 904 991 951 tempore?

230 961 447 1003 existentibus,
464 961 636 1006 apostolica
653 961 847 1003 auctoritate,
866 966 974 994 tenore
990 976 991 1004 l

230 1014 455 1060 praesentium,
473 1015 556 1049 serio
577 1015 781 1058 iniungimus,
801 1020 835 1047 ut
860 1014 918 1058 ipsi
945 1015 974 1046 in

231 1068 372 1102 ecclesiis
401 1068 465 1102 sive
490 1068 627 1102 basilicis
647 1067 839 1108 huiusmodi,
860 1068 891 1100 in
911 1068 992 1111 qui-1

232 1123 290 1156 bus
316 1122 582 1167 arcliipi·esl)5tei·i
600 1121 783 1165 dignitatem
802 1121 975 1165 respective
991 1151 992 1166 ἶ

232 1177 375 1210 obtinent
398 1181 428 1209 et
451 1187 509 1220 pro
535 1181 677 1219 tempore
702 1175 909 1216 obtinebunt⁷
932 1170 993 1207 di-'

233 1231 313 1264 vinis
346 1230 456 1264 officiis
485 1230 636 1263 interesse
666 1228 819 1269 studeant,
844 1234 874 1262 et
899 1229 993 1277 vica-¹

233 1284 298 1318 rios
311 1284 463 1328 deputent
487 1283 643 1327 praelatos
663 1293 774 1326 graves
799 1286 828 1316 et
847 1282 975 1326 probos⁷

233 1337 287 1382 qui
310 1347 374 1371 non
399 1337 459 1371 sint
483 1337 624 1370 canonici
649 1336 800 1377 eiusdem,
825 1340 878 1369 aut
902 1336 995 1378 alte-1

234 1391 300 1424 rius
325 1390 495 1431 ecclesiae,
519 1401 577 1423 nec
605 1390 643 1423 ad
669 1390 805 1434 aliquam
831 1389 976 1423 residen-

235 1445 309 1478 tiam
334 1445 481 1488 obligati,
510 1455 545 1478 ac
567 1445 618 1478 tali
643 1444 786 1478 doctrina
812 1450 839 1477 et
864 1434 996 1488 pietatel

233 1498 404 1543 praeditos,
418 1504 453 1531 ut
469 1499 618 1531 ecelesiae
633 1498 700 1531 iura
717 1498 807 1538 tueri,
826 1504 856 1531 et
869 1508 978 1531 causas
994 1497 996 1543 ζ

235 1564 271 1586 ac
295 1552 410 1585 iudicia
441 1563 497 1596 per
526 1552 609 1596 ipsos
634 1562 826 1595 cognoscere
852 1556 882 1585 et
912 1557 975 1584 ter-

235 1606 355 1639 minare
380 1606 523 1645 valeant,
549 1606 743 1649 singulisque
777 1605 920 1649 capitulis
951 1607 996 1637 et1

235 1659 535 1703 congregationibus
560 1659 785 1703 capitularibus
815 1659 997 1699 intersints

235 1723 377 1756 congruo
405 1723 462 1756 per
486 1712 777 1756 archipresbyteros
802 1712 979 1756 praedictos

236 1766 353 1800 eisdem
386 1765 555 1799 constituto
585 1766 721 1806 salario,
746 1766 829 1809 quod
854 1776 916 1798 non
942 1765 998 1798 siti

236 1819 342 1853 minus
358 1818 487 1852 dimidia
508 1819 654 1863 portione
671 1818 979 1863 arcliipresbyterali⁷
996 1834 998 1872 ἱ

237 1885 294 1919 per
323 1873 515 1907 camerarios
544 1879 570 1906 et
600 1873 826 1917 depositarium
852 1873 998 1917 capituli*

237 1927 370 1970 singulis
395 1926 554 1960 mensibus
571 1927 756 1970 statutisque
782 1926 999 1970 temporibnsi

238 1980 408 2025 praedictis
434 1980 560 2013 vicariis
586 1980 708 2023 integre
737 1986 767 2012 et
797 1980 863 2013 sine
888 1961 999 2012 dimi-l

238 2034 368 2069 nutione
392 2034 556 2073 solvendo;
582 2044 678 2067 onere
703 2039 807 2066 tamen
832 2033 999 2080 iniuncto,¹

241 2094 273 2122 ut
296 2088 409 2121 divinis
441 2087 552 2121 officiis
577 2087 687 2120 diebus
712 2087 798 2120 sestis
822 2087 859 2120 tle
886 2097 979 2131 prac-

240 2147 332 2186 cepto
357 2147 386 2174 et
410 2141 479 2174 aliis
504 2141 686 2174 earumdem
711 2141 913 2174 basilicarum
939 2142 1000 2173 re—'

241 2196 378 2240 spective
402 2194 646 2228 solemnioribus
683 2195 832 2227 interesse
857 2205 892 2227 ac
919 2206 1000 2239 mu-¹

241 2260 299 2282 nus
324 2248 473 2293 praefecti
506 2248 536 2280 in
561 2248 659 2281 choro
683 2258 831 2281 exercere
856 2247 984 2281 omnino

243 2306 417 2335 teneantur.
438 2300 527 2340 Quod
552 2301 577 2333 si
602 2301 770 2345 praedictis
791 2300 900 2333 diebus
922 2301 985 2333 olli-

244 2357 292 2390 cio
322 2355 427 2388 divino
463 2364 526 2387 non
563 2354 781 2395 interfuerint,
818 2354 986 2397 punctetur

244 2409 358 2454 portio,
376 2408 493 2441 eisdem
515 2407 639 2441 vicariis
657 2413 690 2440 ut
708 2418 803 2451 supra
821 2407 985 2451 assignata⁷

245 2463 275 2495 in
301 2462 432 2506 duplum
458 2461 534 2501 eius,
553 2472 615 2505 quo
634 2462 838 2494 mulctaretur
856 2461 986 2504 quilibet

246 2515 423 2557 canonicus,
450 2520 478 2548 et
516 2515 630 2548 mulcta
663 2514 921 2549 interessentibus
950 2526 986 2549 eo

247 2569 314 2614 ipso
339 2573 507 2603 accrescat.

1646 157 1705 190 ⁶271

1045 215 1102 259 §2
1116 216 1324 249 Decernentes
1345 217 1469 250 easdem
1490 220 1671 260 praesentes
1691 214 1741 246 lit-

1002 273 1083 301 teras
1097 273 1126 302 et
1140 268 1170 301 in
1187 269 1230 302 eis
1245 275 1389 302 contenta
1406 279 1632 313 quaecumque,
1648 267 1741 301 etiam

1003 333 1038 355 ex
1071 333 1108 355 eo
1140 323 1224 366 quod
1256 323 1406 366 praedicti
1440 323 1613 356 cardinales
1644 321 1743 354 archi-

1003 376 1178 420 presbyteri
1202 382 1231 409 et
1261 376 1313 408 alii
1344 376 1484 419 quilibet,
1498 376 1590 408 etiam
1617 374 1742 419 speciali

1003 431 1076 463 nota
1100 434 1130 462 et
1162 429 1364 473 expressione
1392 429 1478 471 digni
1504 429 1534 461 in
1564 428 1744 472 praemissis

1004 483 1109 516 forsan
1124 483 1275 515 interesse
1293 481 1455 522 habentes,
1470 492 1523 514 seu
1539 482 1653 514 babere
1670 492 1745 524 quo-

1005 546 1066 579 quo
1091 536 1186 569 modo
1208 535 1467 580 praetendentes,
1493 535 1552 567 illis
1578 545 1638 568 non
1669 545 1745 567 eon-

1005 589 1168 630 senserint,
1186 594 1240 622 aut
1269 589 1306 621 ad
1336 599 1370 621 ea
1396 588 1496 622 vocati
1518 594 1547 620 et
1568 588 1675 628 auditi,
1691 598 1746 620 seu

1006 652 1140 683 causae,
1173 648 1303 686 propter
1335 652 1412 685 quas
1445 642 1530 685 ipsae
1566 646 1747 685 praesentes

1006 701 1203 736 emanarunt⁷
1228 695 1390 737 adductae,
1416 694 1604 735 verificatae,
1629 699 1682 726 aut
1706 694 1747 726 iu·

1007 749 1156 783 stificatae
1172 759 1235 783 non
1251 749 1377 791 fuerint,
1396 754 1449 781 aut
1471 759 1507 781 ex
1532 748 1592 780 alia
1611 746 1749 790 qualibet

1007 802 1207 846 quantumvis
1231 802 1370 845 legitima
1390 807 1419 835 et
1433 800 1630 845 privilegiata
1645 801 1748 841 eausa,

1008 857 1123 897 colore,
1148 861 1310 900 praetextu
1335 861 1364 889 et
1388 855 1498 899 eapite,
1512 855 1606 887 etiam
1632 853 1663 886 in
1683 863 1751 886 cor-

1007 920 1084 954 pore
1109 910 1186 943 iuris
1211 910 1328 950 clauso,
1354 909 1447 942 etiam
1472 908 1626 948 enormis,
1651 917 1747 940 enor-

1009 963 1166 996 missimae
1181 968 1211 996 et
1224 963 1326 997 totalis
1340 962 1497 1003 laesionis,
1511 961 1598 994 nullo
1611 970 1750 1004 unquam

1009 1021 1151 1061 tempore
1182 1016 1220 1049 de
1246 1015 1458 1060 subreptionis
1484 1015 1529 1047 vel
1555 1013 1751 1057 obreptionis

1009 1075 1062 1102 aut
1086 1070 1237 1102 nullitatis
1252 1069 1336 1110 vitio,
1359 1069 1405 1101 vel
1427 1067 1606 1101 intentionis
1627 1071 1753 1100 nostrae

1010 1133 1064 1156 seu
1090 1123 1239 1156 interesse
1269 1122 1452 1156 habentium
1483 1131 1674 1160 consensus,
1700 1125 1753 1152 aut

1009 1177 1070 1210 alio
1092 1187 1293 1221 quocumque
1308 1175 1538 1220 quantumlibet
1558 1173 1752 1208 substantiali

1010 1236 1040 1263 et
1071 1230 1262 1262 individuam
1300 1229 1535 1273 expressionem
1574 1227 1753 1271 requirente

1010 1284 1132 1317 defectu
1156 1284 1269 1321 notari,
1295 1283 1492 1327 impugnari⁷
1518 1281 1677 1323 restringi,
1702 1281 1751 1312 in-

1012 1338 1151 1380 validari,
1167 1339 1204 1370 ad
1219 1338 1299 1370 riam
1315 1344 1344 1370 et
1362 1337 1512 1370 terminos
1538 1336 1614 1369 iuris
1636 1334 1754 1371 reduci,

1012 1391 1042 1423 in
1068 1391 1115 1424 ius
1148 1392 1195 1423 x'el
1228 1390 1474 1424 controversiam
1509 1389 1674 1427 revocari,
1700 1399 1755 1420 seu

1012 1445 1161 1478 adversus
1187 1445 1254 1477 illas
1280 1444 1462 1488 aperitionis
1487 1444 1560 1485 oris7
1583 1443 1755 1475 restitutio-

1013 1500 1060 1532 nis
1086 1500 1117 1531 in
1142 1500 1319 1542 integrum,
1344 1504 1397 1532 aut
1421 1498 1643 1541 quodcumque
1669 1496 1755 1532 iuris,

1014 1554 1085 1586 sacti
1103 1554 1149 1586 vel
1175 1553 1294 1595 gratiae
1315 1552 1488 1585 remedium
1515 1551 1756 1594 impetrari,seu

995 1607 1106 1654 *etiam
1133 1612 1219 1640 motti
1244 1606 1375 1650 proprio
1401 1616 1550 1638 conresso
1575 1604 1755 1648 ‹pietnpiam

1014 1660 1045 1693 in
1070 1660 1186 1693 iudicio
1213 1661 1259 1692 vel
1285 1664 1372 1693 extra
1396 1659 1471 1692 illud
1499 1659 1551 1700 uti,
1577 1669 1631 1691 seu
1657 1669 1689 1690 se.
1715 1658 1758 1689 iu-

1015 1724 1087 1746 vare
1108 1724 1210 1758 posse,
1225 1713 1278 1746 sed
1297 1713 1420 1746 easdem
1439 1718 1618 1756 praesentes
1637 1712 1756 1744 litteras

1014 1777 1139 1810 semper
1163 1768 1290 1806 firmas,
1315 1766 1432 1798 validas
1457 1771 1486 1798 et
1510 1765 1652 1798 efficat-es
1678 1765 1757 1797 exis-

1015 1827 1080 1854 tere
1098 1826 1127 1853 et
1142 1821 1218 1857 fore,
1239 1830 1374 1863 suosque
1392 1819 1550 1863 plenarios
1571 1822 1600 1852 et
1617 1819 1758 1860 integros

1015 1874 1144 1907 effectus
1169 1874 1275 1907 sortiri
1308 1879 1338 1906 et
1365 1873 1527 1912 obtinere,
1553 1883 1587 1905 ae.
1617 1872 1655 1904 ab
1687 1872 1756 1912 illis,

1015 1927 1053 1959 ad
1073 1938 1151 1971 quos
1169 1932 1288 1971 spectat
1309 1932 1337 1959 et
1355 1937 1414 1970 pro
1435 1932 1577 1969 tempore
1595 1926 1757 1969 spectabit,

1017 1980 1238 2013 inviolabiliter
1264 1979 1444 2019 observari,

1061 2035 1075 2077 ξ
1099 2033 1128 2067 3.
1154 2033 1268 2077 Sicque
1286 2039 1315 2065 et
1336 2043 1397 2065 non
1419 2033 1508 2065 aliter
1529 2033 1559 2064 in
1579 2031 1760 2075 praemissis

1017 2142 1146 2184 legatos,
1168 2141 1260 2175 etiam
1279 2151 1444 2173 causarum
1471 2140 1576 2184 palatii
1598 2139 1761 2182 apostotici

1017 2195 1187 2234 auditores,
1205 2200 1235 2227 et
1252 2195 1280 2227 S.
1292 2195 1325 2227 R.
1342 2194 1373 2226 Ε.
1389 2193 1566 2237 praedictae
1577 2192 1761 2233 cardinales,

1018 2248 1110 2281 etiam
1129 2248 1165 2280 de
1183 2248 1281 2280 latere
1298 2248 1427 2289 legatos,
1442 2247 1581 2289 aliosque
1599 2256 1763 2289 quoscum-

1018 2312 1077 2344 que
1107 2301 1216 2344 quavis
1248 2300 1433 2333 auctoritate
1463 2306 1492 2331 vt
1518 2304 1667 2342 potestate
1698 2299 1764 2331 fun-

1019 2360 1137 2397 gentes,
1159 2359 1188 2386 et
1213 2354 1475 2397 quandocumque
1502 2354 1673 2392 iuncturos,
1695 2352 1764 2384 sul·-

1020 2409 1080 2440 lata
1107 2408 1149 2440 cis
1175 2412 1205 2440 et
1233 2418 1343 2439 eorum
1377 2406 1506 2439 cuilibet
1537 2405 1645 2449 quavis
1674 2406 1764 2438 aliter

1021 2460 1178 2494 iudicandi
1200 2466 1229 2493 et
1247 2459 1473 2503 interpretandi
1498 2459 1643 2491 l'acultate
1668 2464 1696 2491 et
1715 2469 1764 2491 au-

1021 2514 1174 2556 ctoritate⁷
1200 2514 1332 2546 iudicari
1363 2518 1392 2545 et
1421 2512 1543 2545 deliniri
1564 2512 1701 2555 debere,
1727 2523 1763 2545 ac

1023 2568 1147 2602 irritum
1173 2573 1201 2600 et
1237 2567 1328 2600 inane
1347 2594 1354 2607 ,
1385 2567 1409 2600 si
1436 2577 1527 2600 secus
1551 2576 1647 2611 super
1675 2566 1722 2600 liis
1746 2577 1763 2599 a

1756 167 1804 192 An.
1822 167 1848 192 t).
1875 166 1938 192 ti57

1829 227 1940 247 Clausulae

1760 260 1843 281 prae-sei
1851 260 1856 273 t
1863 257 1940 274 ativae.

1804 2039 1903 2059 t‘l-insula
1914 2039 1959 2058 suh-

1016 2098 1073 2131 per
1089 2098 1305 2131 quoscumque
1324 2087 1442 2119 iudices
1460 2086 1638 2119 ordinarios
1656 2090 1682 2117 et
1708 2085 1761 2117 de-
1774 2066 1822 2096 'lm'
