2202 3190
261 177 310 205 An.
331 176 359 203 C.
377 177 444 205 1662
491 170 554 203 774

460 227 626 268 magistros
648 231 675 259 et
693 227 826 259 lectores
848 228 1132 261 controversiarum
1159 240 1194 262 ae

459 280 636 321 linguarum
662 279 878 320 orientalium,
905 280 1044 324 aliosque
1069 282 1193 324 religio-

459 343 508 365 sos
530 333 703 366 ministerio
729 333 877 366 ecelesiae
895 340 924 366 et
941 335 1067 368 servitio
1092 336 1194 367 dome-

458 385 535 417 stico
550 386 645 429 ipsius
663 387 819 420 seminarii
838 389 1041 429 necessarios,
1059 400 1192 432 quorum

459 439 568 472 vteetio
601 445 629 471 et,
654 441 770 473 amotio
797 441 826 473 in
851 442 989 474 futurum
1016 448 1133 486 spectet
1157 442 1193 474 ad

459 498 665 525 memoratum
680 494 892 537 praepositum
918 496 1108 537 generalem,
1122 505 1192 527 cum

457 545 695 589 participatione
721 552 823 579 tamen
841 550 997 591 praefatae
1021 558 1193 590 congrega-

458 598 549 631 tionis
574 600 794 641 cardinalium,
819 607 969 644 quantum
996 602 1033 634 ad
1058 602 1192 634 semina-

458 652 557 692 ristas,
571 664 745 698 eorumque
764 655 896 687 lectores
913 655 1030 687 attinet.
1045 655 1089 687 Ad
1107 655 1192 696 bace,

456 705 756 739 administrationem
776 707 915 740 omnium
942 713 971 740 et
995 707 1192 749 singulorum

456 758 623 801 bonorum,
650 760 826 792 reddituum
853 766 882 793 et
906 766 1115 804 proventuum
1142 771 1192 792 su-

455 813 598 855 pradicto
623 814 809 854 seminario,
835 814 963 857 eiusque
991 814 1192 847 missionibus

457 865 628 906 hactenus,
654 872 714 898 tam
741 878 756 898 a
781 867 921 910 praefato
947 867 1112 899 Francisco
1138 866 1190 899 Ci-

456 918 540 951 mino
565 919 703 960 barone,
728 930 820 963 quam
846 920 883 951 ab
909 920 977 952 aliis
1002 919 1193 962 quibuslibet

456 972 649 1012 relictorum,
667 973 811 1006 datorum
830 984 884 1006 seu
898 973 1097 1016 donatorum,
1114 978 1144 1005 et
1161 973 1190 1005 in

455 1031 617 1067 posterum
643 1027 753 1069 quovis
779 1026 872 1059 modo
896 1026 1084 1067 dandorum,
1103 1025 1192 1058 relin-

454 1079 651 1121 quendorum
670 1086 699 1111 et
717 1080 946 1120 donandorum,
964 1090 1056 1112 curae
1074 1084 1104 1111 ct
1128 1079 1193 1111 dili-

454 1132 578 1174 gentiae
603 1133 772 1176 praepositi
798 1133 953 1175 generalis
978 1138 1007 1165 ct
1023 1132 1191 1166 definitorii

453 1185 665 1227 praefatorum
690 1185 728 1217 ad
753 1185 1001 1229 quinquennium
1028 1185 1192 1218 committi-

455 1248 524 1271 mus
549 1245 578 1271 et
603 1240 820 1283 supponimus,
848 1251 928 1283 quae
953 1239 1191 1279 administratio,

453 1292 542 1325 finito
567 1293 781 1336 quinquennio
799 1293 988 1334 huiusmodi,
1010 1293 1053 1325 cis
1072 1303 1188 1336 proro-

454 1346 520 1387 gari
545 1357 599 1378 seu
620 1347 764 1379 renovari
782 1347 890 1390 possit,
905 1347 929 1379 si
950 1347 1107 1390 praefatae
1124 1357 1192 1378 car-

453 1398 603 1431 dinalium
629 1400 865 1442 congregationi
892 1400 931 1432 ita
963 1399 1129 1441 videbitur,
1155 1401 1189 1431 ea

454 1451 522 1493 lcgc
558 1457 591 1484 ut
623 1452 715 1484 iidem
752 1453 947 1496 praepositus
979 1453 1133 1495 generalis
1163 1458 1191 1484 et

453 1503 665 1537 definitorium
685 1505 875 1538 constituant
899 1505 1061 1548 syndicum
1080 1505 1117 1537 ad
1132 1505 1191 1537 exi—

453 1557 571 1599 gendos
596 1558 880 1601 expcndendosque
897 1557 1037 1590 redditus
1062 1558 1191 1601 praesa-

454 1614 521 1650 tos,
547 1610 601 1653 qui
634 1610 780 1654 syndicus
811 1611 906 1642 semel
941 1611 987 1643 vel
1024 1611 1070 1643 bis
1101 1611 1190 1643 annis

452 1663 583 1705 singulis
600 1663 722 1696 fidelem
741 1664 924 1697 eorumdem
943 1664 1121 1697 reddituum
1144 1675 1190 1697 ra-

452 1715 568 1748 tionem
595 1720 657 1750 tam
683 1717 820 1760 praefato
845 1717 1025 1750 definitorio
1050 1718 1188 1760 generali

452 1777 545 1810 quam
567 1774 758 1801 memoratae
783 1769 988 1801 cardinalium
1014 1779 1188 1811 congrega-

452 1820 528 1853 tioni
553 1822 693 1863 reddere,
709 1833 744 1854 ac
768 1833 825 1866 pro
850 1822 1005 1855 alimentis
1023 1828 1052 1854 et
1069 1828 1190 1854 susten-

452 1875 578 1916 tatIOne,
604 1875 725 1915 vestitu,
750 1876 914 1917 stimulatu,
940 1876 1070 1919 aliisque
1094 1876 1188 1908 rebus

452 1928 636 1960 necessariis
661 1928 816 1960 dictorum
842 1929 1122 1969 seminaristarum,
1140 1939 1188 1961 eo-

452 1991 586 2023 rumque
610 1981 779 2023 lectorum,
806 1986 980 2015 memorato
1012 1991 1093 2014 novo
1118 1992 1188 2014 con-

452 2034 578 2074 ventui,
603 2034 731 2077 eiusque
756 2035 928 2077 superiori,
953 2046 987 2068 ex
1014 2035 1188 2068 redditibus

451 2086 508 2129 ipsi
528 2087 696 2120 seminario
711 2091 771 2120 tam
790 2088 940 2120 hactenus
958 2088 1074 2121 relictis
1092 2099 1186 2131 quam

451 2138 482 2170 in
503 2144 664 2182 posterum
683 2141 907 2183 relinquendis,
926 2146 1013 2173 scuta
1038 2141 1188 2184 quiuqua-

450 2193 534 2234 ginta
560 2198 702 2225 monetae
726 2194 883 2226 annuatim
901 2204 959 2236 pro
983 2195 1123 2238 quolibet
1142 2206 1188 2228 se-

450 2245 612 2278 minarista
636 2251 665 2278 et
689 2247 815 2289 lectore,
830 2247 867 2279 ad
893 2248 1044 2281 rationem
1071 2259 1188 2282 annuo-

450 2310 519 2332 rum
545 2300 770 2343 quinquaginta
784 2306 945 2334 scutorum
971 2308 1113 2336 monetae
1131 2304 1188 2336 liu-

451 2353 595 2394 iusmodi,
620 2365 678 2397 pro
704 2356 768 2387 rata
787 2356 948 2398 temporis,
969 2367 1031 2399 quo
1056 2357 1188 2400 quilibet

450 2405 655 2445 seminat-ista,
680 2418 734 2439 seu
759 2408 857 2440 lector
889 2409 920 2440 in
952 2409 1061 2442 eodem
1086 2411 1183 2442 seini-

450 2458 538 2491 nai-io
568 2460 738 2500 resederit,
763 2460 867 2504 ibique
899 2462 967 2495 aliis
992 2463 1186 2497 cohabitave-

1044 181 1222 205 BULLARIUM
1246 181 1400 206 ROMANUM

1273 230 1287 272 ξ
1311 230 1340 263 6.
1366 229 1453 268 Quod
1471 229 1495 262 si
1513 230 1611 263 lector
1630 241 1688 274 pro
1712 232 1815 265 studio
1838 233 1960 276 lingua-

1229 294 1298 315 rum
1323 284 1417 316 suerit
1442 284 1591 316 secularis
1618 285 1662 316 vel
1690 285 1854 327 religiosus
1886 288 1962 320 altc-

1229 336 1293 368 rius
1317 336 1451 377 Ordinis,
1477 342 1657 380 competens
1682 337 1709 370 ei
1734 338 1881 371 salarium
1906 350 1962 373 seu

1228 389 1416 432 stipendium
1450 400 1484 422 ex
1510 390 1683 423 redditibus
1707 390 1779 423 dicti
1805 391 1962 424 seminarii

1229 447 1421 474 memoratae
1466 442 1720 485 congregationis
1758 443 1962 477 cardinalium

1228 494 1359 527 arbitrio
1384 495 1569 538 assignetur.
1592 496 1722 528 Demum
1749 496 1848 529 eidem
1875 497 1965 530 semi-

1228 548 1316 580 nario
1342 548 1386 581 sic
1409 558 1426 580 a
1450 549 1540 582 nobis
1566 549 1726 589 translato,
1744 559 1797 582 seu
1821 549 1859 583 de
1883 560 1964 584 novo

1228 607 1343 641 erecto,
1369 602 1473 634 omnia
1495 608 1524 634 et
1548 603 1669 645 singula
1694 603 1785 644 bona,
1810 603 1960 644 redditus,

1228 660 1407 698 proventus,
1426 655 1503 695 iura,
1524 656 1661 688 actiones
1678 660 1708 688 et
1724 656 1783 688 alia
1799 666 1964 699 quaecum-

1227 718 1287 750 que
1312 708 1447 740 cuiusvis
1473 708 1607 751 generis,
1632 709 1745 752 speciei
1771 713 1802 741 et
1825 709 1961 752 qualita-

1228 761 1265 793 tis
1279 761 1349 800 sint,
1366 771 1401 793 ac
1416 761 1605 804 ubicumque
1622 761 1764 794 locorum
1783 761 1963 802 consistant,

1229 817 1288 847 tam
1307 814 1367 855 illa,
1386 824 1465 857 quae
1490 824 1506 846 a
1530 814 1670 858 praefato
1688 814 1854 847 Francisco
1871 814 1962 847 Cimi-

1227 877 1285 907 no,
1310 867 1416 900 aliisve
1441 867 1584 910 personis
1604 867 1804 910 quibuslibet,
1829 868 1963 901 semina-

1227 920 1274 953 rio
1291 921 1459 962 antedicto,
1476 921 1605 964 eiusque
1630 921 1830 954 missionibus
1854 921 1963 965 quovis

1227 973 1320 1006 modo
1344 973 1494 1006 hactenus
1523 974 1650 1015 relicta,
1675 973 1808 1015 donata,
1832 974 1903 1006 data
1934 979 1964 1007 et

1227 1026 1355 1069 elargita
1373 1027 1511 1067 fuerant,
1529 1037 1622 1070 quam
1643 1027 1674 1060 in
1690 1033 1851 1071 posterum
1865 1038 1964 1072 quan-

1226 1071 1403 1122 documque
1428 1085 1457 1112 et
1473 1080 1769 1124 quomodocumque
1785 1081 1963 1124 relinquen—

1226 1131 1281 1172 da,
1306 1132 1449 1165 donanda
1464 1159 1471 1173 ,
1492 1132 1593 1165 danda
1618 1137 1647 1167 et
1671 1133 1849 1176 elargienda
1874 1134 1964 1177 (itaut

1226 1184 1316 1217 liceat
1341 1185 1488 1228 praefatis
1512 1186 1692 1229 praeposito
1710 1187 1848 1229 generali
1865 1192 1896 1220 et
1909 1186 1962 1219 de-

1226 1237 1364 1271 linitorio
1390 1238 1527 1271 eiusdem
1562 1239 1720 1271 seminarii
1746 1240 1872 1273 nomine
1896 1240 1962 1273 illo-

1226 1302 1295 1324 rum
1321 1292 1462 1325 omnium
1488 1298 1516 1325 et
1541 1293 1747 1335 singulorum,
1765 1303 1881 1334 veram,
1898 1304 1963 1326 rea-

1226 1345 1285 1377 lem
1323 1350 1352 1377 et
1388 1346 1582 1388 corporalem
1622 1346 1873 1389 possessionem,
1908 1357 1962 1379 seu

1226 1398 1325 1441 quasi,
1341 1398 1578 1441 apprehendere
1597 1404 1626 1430 et
1643 1398 1782 1442 adipisci,
1799 1409 1835 1432 ac
1851 1410 1963 1443 appre-

1226 1451 1354 1483 hensam
1377 1456 1406 1483 et
1423 1451 1566 1494 adeptam
1591 1451 1757 1495 retinere),
1779 1452 1962 1486 auctoritate

1226 1510 1255 1536 et
1281 1510 1386 1537 tenore
1412 1505 1569 1548 praefatis,
1595 1505 1702 1538 itidem
1727 1510 1880 1549 perpetuo
1904 1516 1961 1550 ap-

1225 1557 1398 1600 plicamus,
1424 1558 1620 1601 assignamus
1652 1564 1681 1591 et
1711 1560 1961 1603 appropriarnuS.

1224 1611 1267 1643 Ae
1284 1611 1399 1643 eisdem
1422 1621 1502 1644 novo
1528 1611 1694 1644 conventui
1726 1618 1756 1644 et
1781 1612 1960 1655 seminario,

1224 1674 1345 1697 necnon
1377 1665 1582 1698 seminaristis
1618 1670 1647 1698 et
1682 1666 1830 1698 fratribus
1861 1666 1961 1699 dictae

1224 1717 1483 1760 Congregationis
1501 1718 1605 1751 ltaliae
1626 1718 1725 1750 inillis
1742 1729 1800 1762 pro
1817 1723 1961 1762 tempore

1224 1771 1512 1811 commorantibus,
1539 1776 1571 1803 ut
1600 1771 1747 1804 omnibus
1776 1776 1805 1804 et
1829 1772 1961 1814 singulis

1223 1823 1413 1867 privilegiis,
1451 1823 1671 1866 indulgentiis,
1712 1824 1959 1867 praerogativiS,

1223 1877 1342 1919 gratiis,
1357 1877 1494 1917 indultis,
1519 1877 1771 1919 antelationibuS,
1796 1878 1958 1922 praeemi-

1222 1929 1345 1970 nemus,
1370 1930 1566 1962 facultatibus
1591 1935 1621 1963 et
1644 1931 1821 1972 favoribus,
1845 1930 1960 1974 quibus

1223 1982 1274 2015 alii
1301 1988 1472 2015 conventus
1503 1983 1757 2026 congregationis
1781 1989 1812 2016 et
1835 1983 1959 2017 Ordinis

1222 2036 1444 2078 praefatorum,
1463 2046 1498 2069 ac
1514 2047 1667 2079 personae
1684 2037 1714 2069 in
1739 2036 1783 2070 eis
1800 2036 1957 2080 degentes,

1222 2089 1260 2122 de
1284 2089 1361 2129 iure,
1385 2100 1454 2130 usu,
1479 2090 1704 2123 consuetudine
1728 2095 1758 2123 et
1782 2090 1856 2123 alias
1879 2101 1958 2134 quo-

1223 2143 1395 2175 modolibet
1426 2148 1556 2176 utuntur
1573 2170 1580 2184 ‚
1600 2143 1746 2176 fruuntur
1763 2170 1769 2185 ,
1795 2144 1959 2187 potiuntur

1223 2201 1252 2228 et
1275 2196 1422 2238 gaudent,
1440 2206 1475 2228 ac
1492 2197 1546 2236 uti,
1567 2196 1637 2239 frui,
1658 2196 1752 2240 potiri
1767 2202 1797 2229 et
1820 2196 1957 2239 gaudere

1222 2254 1354 2292 possunt
1378 2253 1406 2283 et
1430 2254 1577 2292 poterunt.
1599 2250 1837 2294 quomodolibet
1860 2250 1891 2283 in
1915 2250 1958 2283 su-

1223 2308 1339 2342 turum,
1364 2303 1576 2346 parisormiter
1599 2308 1630 2336 et
1648 2303 1766 2347 absque
1790 2304 1854 2336 ulla
1869 2314 1957 2347 pror·

1222 2366 1274 2388 sus
1298 2355 1473 2389 differentia
1490 2356 1545 2396 uti,
1570 2356 1640 2399 srui,
1654 2357 1748 2400 potiri
1773 2361 1803 2389 et
1819 2356 1956 2399 gaudere

1222 2409 1320 2442 libere
1345 2409 1472 2442 etlicite
1496 2409 1615 2453 possint
1638 2414 1669 2444 et
1691 2410 1822 2450 valeant,
1839 2409 1956 2442 eisdem

1221 2462 1405 2495 auctoritate
1437 2467 1467 2495 et
1498 2468 1606 2496 tenore
1630 2463 1832 2496 concedimus
1856 2467 1886 2496 et
1910 2463 1957 2496 in·

450 2510 490 2543 rit
514 2516 542 2543 ct
567 2512 758 2554 convixerit,
785 2515 957 2557 respective
990 2516 1110 2549 solvere
1135 2521 1183 2549 tc·
1220 2515 1396 2558 dulgemus.

449 2568 589 2595 neantur.

1264 2570 1279 2612 ἓ
1311 2569 1339 2602 7.
1374 2569 1582 2603 Decernentes
1617 2569 1741 2603 easdem
1775 2573 1956 2613 praesentes

1975 185 2024 212 An.
2045 185 2074 214 C.
2090 187 2156 216 ¹662
2190 189 2194 209 t

1993 247 2119 278 ⁴Sequuntur
2126 253 2158 270 or·
2193 254 2194 264 ¹

1977 274 2103 296 (lunationes.

1996 2558 2104 2580 Ctausulu
2112 2561 2148 2584 ιρ-

1969 2586 2036 2612 pontt.
