2243 3205
275 215 322 239 An.
339 214 364 239 ιι.
391 213 457 239 lons
504 204 567 236 420

286 1654 298 1674 S
310 1654 416 1680 ilipl'catit

470 260 615 303 scriptis,
641 266 669 292 ct
695 261 797 303 slgillo
823 271 974 304 personae
1001 262 1030 294 in
1056 262 1205 306 dignitate

469 313 654 346 constitutae
680 313 817 354 munitis,
843 314 951 347 eadem
977 325 1108 358 prorsus
1129 315 1205 348 sides

470 367 498 397 in
526 366 639 398 iudicio
664 373 690 399 et
718 371 803 401 extra
820 367 849 400 in
863 368 1008 401 omnibus
1025 374 1054 401 et
1069 380 1125 413 per
1143 379 1206 401 om-

468 420 516 451 nia
542 419 747 461 adhibeatur,
772 431 852 464 quae
881 422 955 465 ipsis
988 421 1204 466 praesentibus

467 472 679 514 adhiberetur,
698 474 721 506 si
740 474 841 507 forent
859 475 1013 508 exhibitae
1038 481 1084 508 vet
1104 480 1204 508 osten-

467 537 527 558 sae.

510 580 619 612 Datum
646 581 773 621 Romae,
799 582 880 626 apud
905 583 933 615 S.
960 583 1087 615 Mariam
1109 582 1203 614 Maio-

466 642 542 673 rem,
569 633 625 664 sub
646 634 762 667 annulo
799 634 964 668 piscatoris
982 663 989 675 ,
1023 635 1072 667 die
1096 644 1126 667 v1
1150 634 1202 666 de«

465 685 601 718 cembris
627 696 766 720 nnchin
782 714 789 728 ,
815 688 1014 731 pontificatus
1028 687 1126 720 nostri
1148 697 1201 720 an-

464 748 504 770 no
520 749 560 771 iv.

498 801 558 827 Dat.
580 800 622 827 die
639 802 655 827 6
674 801 828 829 decembris
848 802 923 835 1658,
940 802 1036 838 pontif.
1053 810 1123 829 anno
1139 809 1173 829 iv.

758 944 905 978 CCXXIII.

463 1022 554 1061 Quod
567 1023 680 1055 mellus
695 1024 909 1066 particularis
925 1023 1097 1067 reliqiosus
1120 1025 1200 1059 Con-

503 1076 703 1117 ngegyatz'onis
728 1077 958 1110 canonicorum
992 1077 1198 1120 reqularium

504 1128 535 1160 S.
564 1129 747 1171 Auyustz'm'
780 1129 1009 1173 Portuyalliae
1031 1130 1133 1173 possit
1162 1130 1200 1163 de

504 1185 602 1214 celero
638 1182 814 1225 impetrare
845 1194 865 1215 a
899 1183 977 1216 Sede
1012 1183 1198 1227 Apostolicd

503 1235 652 1277 qztanwe's
683 1236 827 1277 qratiam
852 1241 1092 1270 concernenlem
1116 1248 1197 1270 com-

504 1297 600 1319 mune
624 1288 840 1330 reyz'mcnlum
856 1288 961 1321 dictae
976 1289 1199 1333 Conyreyatz'o-

503 1341 554 1372 m's
578 1342 647 1374 sine
672 1352 825 1375 censensu
847 1347 875 1375 el
899 1343 1033 1386 speciali
1063 1343 1197 1377 licentii?

502 1394 641 1436 capituli
653 1395 817 1437 (feneratis
830 1396 888 1428 sub
903 1396 1008 1438 poem?
1029 1397 1198 1430 nuntiatis

502 1447 623 1479 similis
646 1448 773 1490 (sralz'ae
784 1447 803 1481 ¹.

652 1528 821 1556 Alexander
841 1529 919 1563 Papa
940 1530 1002 1562 vn,

580 1574 615 1598 ad
630 1575 808 1606 perpetuam
828 1573 872 1601 rei
892 1575 1071 1602 memoriam.

502 1642 516 1686 g
542 1642 569 1675 l.
605 1642 700 1683 Cum,
725 1643 805 1676 sicut
838 1644 941 1677 dilecti
967 1645 1022 1677 filii
1049 1646 1196 1690 superior

458 1696 613 1738 generalis
630 1701 659 1729 ct
676 1696 858 1730 definitores
877 1699 1129 1742 congregationis
1147 1710 1196 1733 ca-

457 1749 644 1782 nonicorum
682 1750 875 1793 regularium
902 1751 999 1785 sancti
1029 1753 1194 1796 Augustini

457 1803 546 1845 regni
571 1803 780 1846 Portugalliae
800 1804 891 1837 nobis
908 1815 1009 1849 nuper
1026 1805 1139 1849 exponi
1157 1806 1195 1840 se-

457 1861 577 1898 carunt,
603 1857 742 1890 nonnulli
769 1858 974 1900 particulares
999 1859 1098 1892 dictae
1116 1859 1194 1893 Con-

456 1909 648 1952 gregationis
678 1910 818 1944 canonici
848 1912 959 1955 suapte
984 1917 1094 1955 sponte
1119 1924 1192 1956 pro—

454 1962 524 2005 pria
548 1963 733 1996 auctoritate
758 1974 774 1996 a
799 1963 877 1996 Sede
911 1965 1087 2008 Apostolica
1113 1966 1193 1998 mul-

457 2016 547 2048 toties
579 2016 777 2060 impetrarint
808 2017 990 2062 soleantque
1023 2019 1192 2063 impetrare

455 2069 556 2101 varias
581 2069 695 2112 gratias
720 2075 750 2102 et
773 2070 893 2103 indulta
917 2082 1084 2106 commune
1109 2074 1192 2108 eius-

455 2122 525 2154 dem
539 2122 797 2165 Congregationis
808 2123 949 2167 regimen
961 2128 1192 2168 concernentia,

456 2185 471 2207 c
496 2175 611 2219 quibus
636 2176 826 2220 experientia
851 2176 956 2210 docuit
980 2179 1105 2212 nonnisi
1130 2179 1192 2213 dis-

455 2229 588 2270 cordias,
612 2229 875 2272 perturbationes,
900 2231 1142 2277 animorumque
1164 2244 1193 2267 a·

455 2282 637 2315 lienationes
663 2294 733 2316 cum
768 2283 906 2317 maximo
931 2284 1116 2329 disciplinae
1140 2297 1191 2320 re-

453 2336 572 2378 gularis
589 2337 776 2371 detrimento
793 2338 971 2382 provenire;
989 2338 1079 2373 nobis
1099 2350 1192 2385 prop-

453 2394 537 2422 terea
562 2390 634 2423 dicti
660 2396 849 2435 exponentes
874 2391 1036 2425 humiliter
1070 2393 1190 2437 suppli-

453 2443 516 2474 cari
542 2443 690 2486 fecerunt,
709 2449 742 2477 ut
759 2445 789 2477 in
809 2445 989 2488 praemissis
1013 2451 1191 2490 opportune

452 2496 618 2538 providero
636 2497 673 2530 de
686 2497 877 2541 benignitate
897 2499 1068 2542 apostolica
1085 2499 1191 2543 digna-

454 2560 569 2582 remur.

491 2614 498 2638 l
524 2612 559 2638 Ex
583 2612 687 2646 lte-gest.
710 2613 733 2639 iu
755 2614 856 2641 Secret.
879 2613 954 2641 Brev‚

1051 215 1234 240 BULLAIUUM
1256 215 1408 239 ROMANUM

1289 262 1303 305 ἓ
1327 261 1356 294 02.
1382 262 1444 295 Nos
1462 261 1567 304 igilur,
1586 262 1802 304 incommodis,
1816 263 1928 307 quibus
1944 263 1981 296 ea

1240 314 1278 347 de
1304 316 1396 347 eausa
1422 315 1626 358 congregatio
1647 315 1785 359 praefata
1802 316 1881 349 affici
1910 326 1980 360 pos-

1240 371 1294 407 set,
1320 367 1443 400 obviam
1462 367 1517 410 ire,
1540 367 1684 411 ipsosque
1706 373 1894 411 exponentes
1912 379 1978 412 spe-

1239 420 1325 453 cialis
1357 421 1463 454 favore
1487 421 1606 463 gratiae
1632 421 1780 464 prosequi
1818 421 1977 462 volentes,

1238 479 1267 505 et
1287 483 1398 506 eorum
1419 474 1594 517 singulares
1615 484 1765 518 personas
1782 485 1799 507 a
1817 474 1978 518 quibusv²s

1237 526 1579 568 excommunicationis,
1602 527 1814 571 suspensionis
1838 532 1868 561 et
1885 528 1979 561 inter-

1237 578 1322 619 dicti,
1340 579 1471 623 aliisque
1489 580 1707 613 ecclesiasticis
1721 580 1896 622 sententiis,
1911 591 1979 614 cen-

1236 632 1318 664 suris
1343 637 1372 664 et
1389 633 1536 676 poenis‚a
1551 633 1617 666 iure
1632 633 1678 666 vel
1697 633 1734 666 ab
1748 633 1886 675 bomine,
1902 644 1977 677 qua-

1237 685 1281 717 vis
1311 686 1476 719 occasione
1501 686 1548 718 vel
1574 688 1666 720 causa
1698 687 1788 727 latis,
1812 686 1837 719 si
1862 686 1978 731 quibus

1235 738 1473 782 quomodolibet
1498 739 1636 773 innodati
1662 739 1810 781 existunt,
1835 739 1873 772 ad
1902 739 1976 773 esse-

1235 796 1318 824 ctum
1353 793 1566 835 praesentium
1599 793 1760 826 dumtaxat
1784 802 1977 837 consequen-

1234 845 1318 886 dum,
1330 845 1441 878 harum
1456 846 1535 879 serie
1561 846 1756 881 absolventes
1770 851 1800 880 et
1816 846 1976 880 absolutos

1234 899 1300 932 sore
1333 905 1512 943 censentes,
1530 900 1711 934 huiusmodi
1736 900 1974 945 supplicationi-

1235 952 1293 985 bus
1316 952 1465 994 inclinati,
1491 964 1529 986 ne
1553 954 1592 986 de
1617 958 1722 988 cetero
1746 953 1905 998 perpetuis
1930 953 1976 986 su-

1234 1005 1312 1037 turis
1337 1006 1533 1050 temporibus
1558 1007 1749 1051 quicumque
1773 1007 1873 1041 dictae
1893 1006 1971 1041 Con-

1233 1059 1425 1101 gregationis
1443 1059 1612 1093 canonicus
1634 1059 1833 1104 particularis
1849 1070 1866 1093 a
1885 1070 1976 1104 prae-

1232 1112 1292 1144 sata
1318 1112 1396 1145 Sede
1421 1112 1553 1156 quodvis
1578 1113 1733 1146 indultum
1763 1124 1818 1146 seu
1839 1113 1973 1156 gratiam

1232 1175 1425 1198 concernens
1450 1177 1617 1200 commune
1635 1167 1775 1200 eiusdem
1802 1177 1974 1211 congrega-

1234 1218 1325 1251 tionis
1351 1219 1491 1261 regimen
1509 1225 1538 1252 et
1554 1219 1744 1262 &thermum
1770 1219 1888 1264 absque
1905 1230 1974 1263 spe-

1233 1271 1300 1304 ciali
1327 1273 1453 1315 capituli
1479 1273 1634 1315 generalis
1664 1273 1802 1306 eiusdem
1833 1273 1972 1316 Congre—

1232 1325 1366 1367 gationis
1386 1326 1510 1358 licentia
1526 1332 1554 1358 et
1567 1336 1721 1359 consensu
1736 1337 1863 1370 quoquo
1877 1326 1973 1359 modo

1232 1377 1403 1421 impetrare
1428 1379 1547 1422 possit,
1573 1379 1682 1412 audeat
1709 1380 1755 1411 vel
1781 1384 1972 1423 praesumat,

1232 1431 1402 1474 apostolica
1416 1432 1610 1474 auctoritate,
1626 1437 1735 1465 tenore
1748 1431 1971 1476 praesentium,

1232 1484 1396 1518 statuimus
1421 1489 1451 1518 et
1475 1485 1668 1518 ordinamus.

1276 1537 1290 1580 ἓ
1315 1537 1344 1570 3.
1377 1537 1586 1571 Decernentes
1614 1538 1761 1579 irritum,
1789 1539 1910 1572 nullum
1941 1543 1972 1572 et

1232 1590 1333 1632 inane,
1358 1590 1383 1623 si
1409 1591 1483 1634 quid
1508 1601 1597 1624 secus
1626 1601 1643 1624 a
1671 1602 1831 1635 quoquam
1861 1596 1972 1626 contra

1230 1648 1371 1677 tenorem
1398 1645 1609 1688 praesentium
1635 1645 1802 1688 contigerit
1826 1645 1971 1679 attentari

1231 1697 1278 1729 vel
1306 1697 1478 1741 impetrari.

1276 1750 1290 1793 ς
1308 1750 1338 1783 4.
1356 1751 1425 1784 Non
1439 1750 1634 1784 obstantibus
1651 1750 1925 1785 constitutionibus
1939 1756 1970 1785 et

1229 1803 1479 1837 ordinationibus
1496 1803 1688 1847 apostolicis,
1705 1814 1741 1837 ac
1758 1803 1859 1837 dictae
1883 1804 1966 1838 Con-

1228 1856 1431 1899 gregationis,
1457 1857 1549 1890 etiam
1575 1857 1768 1900 iuramento,
1793 1856 1966 1891 confirma-

1228 1910 1311 1943 tione
1336 1910 1507 1954 apostolica
1533 1911 1580 1943 vel
1606 1911 1715 1954 quavis
1740 1910 1888 1944 firmitate
1908 1911 1968 1945 alia

1228 1963 1394 2004 roboratis,
1418 1964 1541 1996 statutis
1558 1970 1588 1997 et
1604 1964 1896 2007 consuetudinibus,
1921 1975 1968 1998 ee-

1228 2017 1363 2061 terisque
1381 2017 1547 2050 contrariis
1570 2017 1832 2062 quibuscumque.

1265 2070 1377 2103 Datum
1388 2071 1516 2111 Romae,
1529 2070 1612 2114 apud
1626 2070 1655 2104 S.
1665 2071 1793 2104 Mariam
1807 2071 1966 2112 Maiorem,

1226 2123 1285 2156 sub
1302 2123 1418 2157 annulo
1447 2123 1625 2164 Piscatoris‚
1651 2123 1700 2157 die
1729 2134 1760 2157 tx
1788 2124 1966 2158 decembris

1226 2187 1381 2218 MDCLVHI,
1402 2177 1603 2221 pontificatus
1619 2177 1718 2210 nostri
1735 2188 1816 2211 anno
1834 2188 1876 2211 lv.

1261 2239 1319 2267 Dat.
1335 2239 1380 2267 die
1395 2240 1410 2266 9
1426 2239 1580 2267 decembris
1598 2239 1675 2274 1658,
1691 2239 1787 2276 pontif.
1804 2247 1875 2268 anno
1891 2247 1918 2267 iv

1521 2409 1667 2444 CCXXIV.

1226 2498 1413 2532 commissio
1446 2498 1639 2542 inquisitori
1673 2498 1831 2532 Melitam»
1866 2508 1963 2542 super

1267 2552 1463 2586 concessione
1485 2552 1655 2595 facultatis
1678 2551 1868 2596 imponendi
1891 2561 1962 2586 con-

1269 2605 1478 2639 tributionem
1490 2606 1591 2639 trium
1600 2609 1764 2639 scutorum
1776 2615 1872 2650 super
1881 2615 1961 2649 qua-

2002 216 2050 242 An.
2063 215 2091 242 C.
2114 215 2180 244 ¹658
2222 213 2226 241 l

2023 274 2134 297 Decretum
2158 279 2181 298 ut
2224 301 2226 304 ¹

1996 302 2016 322 in
2032 302 2127 324 rubrica.

2012 1547 2131 1570 clausulae.

2011 1760 2119 1782 Contraria
2133 1767 2167 1783 re·

1985 1787 2036 1808 ilcit.
