<?xml version="1.0" encoding="UTF-8"?>
<!DOCTYPE html PUBLIC "-//W3C//DTD XHTML 1.0 Transitional//EN"
    "http://www.w3.org/TR/xhtml1/DTD/xhtml1-transitional.dtd">
<html xmlns="http://www.w3.org/1999/xhtml" xml:lang="en" lang="en">
 <head>
  <title>
</title>
<meta http-equiv="Content-Type" content="text/html;charset=utf-8" />
  <meta name='ocr-system' content='tesseract 3.04.00' />
  <meta name='ocr-capabilities' content='ocr_page ocr_carea ocr_par ocr_line ocrx_word'/>
</head>
<body>
  <div class='ocr_page' id='page_1' title='image "./bullarumdiplomat16cath_0468.png"; bbox 0 0 2243 3205; ppageno 0'>
   <div class='ocr_carea' id='block_1_1' title="bbox 270 209 562 247">
    <p class='ocr_par' dir='ltr' id='par_1_1' title="bbox 270 209 562 247">
     <span class='ocr_line' id='line_1_1' title="bbox 270 209 562 247; baseline -0.007 -2"><span class='ocrx_word' id='word_1_1' title='bbox 270 218 317 246; x_wconf 78' lang='grc' dir='ltr'>Αι.</span> <span class='ocrx_word' id='word_1_2' title='bbox 336 219 365 246; x_wconf 87' lang='lat' dir='ltr'>c.</span> <span class='ocrx_word' id='word_1_3' title='bbox 384 219 451 247; x_wconf 84' lang='lat'>1659</span> <span class='ocrx_word' id='word_1_4' title='bbox 496 209 562 244; x_wconf 75' lang='lat'>434</span> 
     </span>
    </p>
   </div>
   <div class='ocr_carea' id='block_1_2' title="bbox 284 1610 457 1659">
    <p class='ocr_par' dir='ltr' id='par_1_2' title="bbox 284 1610 457 1659">
     <span class='ocr_line' id='line_1_2' title="bbox 301 1610 457 1642; baseline 0.013 -11"><span class='ocrx_word' id='word_1_5' title='bbox 301 1610 391 1642; x_wconf 68' lang='lat' dir='ltr'>Dei-oga!</span> <span class='ocrx_word' id='word_1_6' title='bbox 408 1617 457 1633; x_wconf 81' lang='lat' dir='ltr'>con-</span> 
     </span>
     <span class='ocr_line' id='line_1_3' title="bbox 284 1644 351 1659; baseline -0.015 0"><span class='ocrx_word' id='word_1_7' title='bbox 284 1644 351 1659; x_wconf 80' lang='lat' dir='ltr'>rarus.</span> 
     </span>
    </p>
   </div>
   <div class='ocr_carea' id='block_1_3' title="bbox 465 267 1218 2234">
    <p class='ocr_par' dir='ltr' id='par_1_3' title="bbox 465 267 1216 1582">
     <span class='ocr_line' id='line_1_4' title="bbox 465 267 1206 303; baseline 0.004 -3"><span class='ocrx_word' id='word_1_8' title='bbox 465 277 576 301; x_wconf 89' lang='lat' dir='ltr'>corum</span> <span class='ocrx_word' id='word_1_9' title='bbox 611 267 746 301; x_wconf 87' lang='lat' dir='ltr'>alumnis</span> <span class='ocrx_word' id='word_1_10' title='bbox 782 272 843 301; x_wconf 85' lang='lat' dir='ltr'>tam</span> <span class='ocrx_word' id='word_1_11' title='bbox 880 277 963 302; x_wconf 89' lang='lat' dir='ltr'>nune</span> <span class='ocrx_word' id='word_1_12' title='bbox 1003 270 1206 303; x_wconf 74' lang='lat' dir='ltr'>existentibus</span> 
     </span>
     <span class='ocr_line' id='line_1_5' title="bbox 466 320 1206 366; baseline 0.001 -12"><span class='ocrx_word' id='word_1_13' title='bbox 466 331 560 364; x_wconf 87' lang='lat' dir='ltr'>quam</span> <span class='ocrx_word' id='word_1_14' title='bbox 588 320 852 364; x_wconf 82' lang='lat' dir='ltr'>quandocumque</span> <span class='ocrx_word' id='word_1_15' title='bbox 880 322 1003 362; x_wconf 87' lang='lat' dir='ltr'>suturis,</span> <span class='ocrx_word' id='word_1_16' title='bbox 1028 328 1071 363; x_wconf 92' lang='lat' dir='ltr'>ut,</span> <span class='ocrx_word' id='word_1_17' title='bbox 1096 333 1206 366; x_wconf 88' lang='lat' dir='ltr'>quam-</span> 
     </span>
     <span class='ocr_line' id='line_1_6' title="bbox 466 374 1206 419; baseline 0.001 -12"><span class='ocrx_word' id='word_1_18' title='bbox 466 375 519 408; x_wconf 92' lang='lat' dir='ltr'>diu</span> <span class='ocrx_word' id='word_1_19' title='bbox 536 374 567 407; x_wconf 91' lang='lat' dir='ltr'>in</span> <span class='ocrx_word' id='word_1_20' title='bbox 584 374 693 407; x_wconf 88' lang='lat' dir='ltr'>eodem</span> <span class='ocrx_word' id='word_1_21' title='bbox 714 375 848 418; x_wconf 85' lang='lat' dir='ltr'>collegio</span> <span class='ocrx_word' id='word_1_22' title='bbox 872 376 1047 419; x_wconf 77' lang='lat' dir='ltr'>respective</span> <span class='ocrx_word' id='word_1_23' title='bbox 1071 376 1206 409; x_wconf 77' lang='lat' dir='ltr'>vixerint</span> 
     </span>
     <span class='ocr_line' id='line_1_7' title="bbox 466 427 1208 472; baseline 0.003 -12"><span class='ocrx_word' id='word_1_24' title='bbox 466 427 650 469; x_wconf 87' lang='lat' dir='ltr'>dumtaxat,</span> <span class='ocrx_word' id='word_1_25' title='bbox 690 427 806 460; x_wconf 87' lang='lat' dir='ltr'>ieiunia</span> <span class='ocrx_word' id='word_1_26' title='bbox 845 428 1130 472; x_wconf 81' lang='lat' dir='ltr'>quadragesimalia</span> <span class='ocrx_word' id='word_1_27' title='bbox 1172 439 1208 462; x_wconf 90' lang='lat' dir='ltr'>ac</span> 
     </span>
     <span class='ocr_line' id='line_1_8' title="bbox 466 480 1208 516; baseline 0.001 -3"><span class='ocrx_word' id='word_1_28' title='bbox 466 480 686 514; x_wconf 76' lang='lat' dir='ltr'>abstinentiam</span> <span class='ocrx_word' id='word_1_29' title='bbox 711 481 750 513; x_wconf 87' lang='lat' dir='ltr'>ab</span> <span class='ocrx_word' id='word_1_30' title='bbox 775 491 829 514; x_wconf 91' lang='lat' dir='ltr'>esu</span> <span class='ocrx_word' id='word_1_31' title='bbox 854 482 995 515; x_wconf 89' lang='lat' dir='ltr'>carnium</span> <span class='ocrx_word' id='word_1_32' title='bbox 1021 488 1051 515; x_wconf 87' lang='lat' dir='ltr'>et</span> <span class='ocrx_word' id='word_1_33' title='bbox 1075 493 1208 516; x_wconf 89' lang='lat' dir='ltr'>ovorum</span> 
     </span>
     <span class='ocr_line' id='line_1_9' title="bbox 467 533 1209 578; baseline 0.003 -12"><span class='ocrx_word' id='word_1_34' title='bbox 467 533 599 577; x_wconf 85' lang='lat' dir='ltr'>singulis</span> <span class='ocrx_word' id='word_1_35' title='bbox 627 533 739 567; x_wconf 86' lang='lat' dir='ltr'>diebus</span> <span class='ocrx_word' id='word_1_36' title='bbox 768 535 917 568; x_wconf 88' lang='lat' dir='ltr'>mercurii</span> <span class='ocrx_word' id='word_1_37' title='bbox 946 540 976 568; x_wconf 90' lang='lat' dir='ltr'>et</span> <span class='ocrx_word' id='word_1_38' title='bbox 1006 535 1127 568; x_wconf 90' lang='lat' dir='ltr'>veneris</span> <span class='ocrx_word' id='word_1_39' title='bbox 1152 545 1209 578; x_wconf 88' lang='lat' dir='ltr'>per</span> 
     </span>
     <span class='ocr_line' id='line_1_10' title="bbox 467 587 1209 632; baseline 0 -12"><span class='ocrx_word' id='word_1_40' title='bbox 467 587 563 620; x_wconf 89' lang='lat' dir='ltr'>ritum</span> <span class='ocrx_word' id='word_1_41' title='bbox 579 597 730 630; x_wconf 82' lang='lat' dir='ltr'>graecum</span> <span class='ocrx_word' id='word_1_42' title='bbox 744 615 751 629; x_wconf 95' lang='lat'>,</span> <span class='ocrx_word' id='word_1_43' title='bbox 777 588 856 621; x_wconf 89' lang='lat' dir='ltr'>sicut</span> <span class='ocrx_word' id='word_1_44' title='bbox 880 588 1102 632; x_wconf 87' lang='lat' dir='ltr'>praemittitur,</span> <span class='ocrx_word' id='word_1_45' title='bbox 1120 598 1209 631; x_wconf 89' lang='lat' dir='ltr'>prae-</span> 
     </span>
     <span class='ocr_line' id='line_1_11' title="bbox 467 640 1210 684; baseline -0.001 -10"><span class='ocrx_word' id='word_1_46' title='bbox 467 640 584 684; x_wconf 86' lang='lat' dir='ltr'>scripta</span> <span class='ocrx_word' id='word_1_47' title='bbox 597 645 627 673; x_wconf 89' lang='lat' dir='ltr'>et</span> <span class='ocrx_word' id='word_1_48' title='bbox 639 641 778 674; x_wconf 85' lang='lat' dir='ltr'>iniuncta</span> <span class='ocrx_word' id='word_1_49' title='bbox 791 651 917 674; x_wconf 89' lang='lat' dir='ltr'>servare</span> <span class='ocrx_word' id='word_1_50' title='bbox 937 641 1067 674; x_wconf 90' lang='lat' dir='ltr'>minime</span> <span class='ocrx_word' id='word_1_51' title='bbox 1087 646 1210 673; x_wconf 86' lang='lat' dir='ltr'>tenean-</span> 
     </span>
     <span class='ocr_line' id='line_1_12' title="bbox 468 694 1209 738; baseline 0 -12"><span class='ocrx_word' id='word_1_52' title='bbox 468 698 529 734; x_wconf 87' lang='lat' dir='ltr'>tur,</span> <span class='ocrx_word' id='word_1_53' title='bbox 561 694 747 727; x_wconf 84' lang='lat' dir='ltr'>auctoritate</span> <span class='ocrx_word' id='word_1_54' title='bbox 770 695 954 738; x_wconf 72' lang='lat' dir='ltr'>apostolica,</span> <span class='ocrx_word' id='word_1_55' title='bbox 983 699 1092 727; x_wconf 90' lang='lat' dir='ltr'>tenore</span> <span class='ocrx_word' id='word_1_56' title='bbox 1120 704 1209 737; x_wconf 88' lang='lat' dir='ltr'>prae-</span> 
     </span>
     <span class='ocr_line' id='line_1_13' title="bbox 468 747 1208 790; baseline -0.001 -10"><span class='ocrx_word' id='word_1_57' title='bbox 468 747 624 790; x_wconf 85' lang='lat' dir='ltr'>sentium,</span> <span class='ocrx_word' id='word_1_58' title='bbox 651 748 852 781; x_wconf 83' lang='lat' dir='ltr'>concedimus</span> <span class='ocrx_word' id='word_1_59' title='bbox 877 753 907 781; x_wconf 88' lang='lat' dir='ltr'>et</span> <span class='ocrx_word' id='word_1_60' title='bbox 931 747 1146 790; x_wconf 79' lang='lat' dir='ltr'>indulgemus3</span> <span class='ocrx_word' id='word_1_61' title='bbox 1173 749 1208 780; x_wconf 80' lang='lat' dir='ltr'>ea</span> 
     </span>
     <span class='ocr_line' id='line_1_14' title="bbox 467 800 1212 845; baseline -0.003 -11"><span class='ocrx_word' id='word_1_62' title='bbox 467 803 573 834; x_wconf 88' lang='lat' dir='ltr'>tamen</span> <span class='ocrx_word' id='word_1_63' title='bbox 593 801 672 844; x_wconf 83' lang='lat' dir='ltr'>lege,</span> <span class='ocrx_word' id='word_1_64' title='bbox 690 806 724 834; x_wconf 87' lang='lat' dir='ltr'>ut</span> <span class='ocrx_word' id='word_1_65' title='bbox 747 801 805 845; x_wconf 91' lang='lat' dir='ltr'>ipsi</span> <span class='ocrx_word' id='word_1_66' title='bbox 831 801 949 833; x_wconf 84' lang='lat' dir='ltr'>alumni</span> <span class='ocrx_word' id='word_1_67' title='bbox 967 806 997 833; x_wconf 87' lang='lat' dir='ltr'>et</span> <span class='ocrx_word' id='word_1_68' title='bbox 1017 810 1128 833; x_wconf 87' lang='lat' dir='ltr'>eorum</span> <span class='ocrx_word' id='word_1_69' title='bbox 1146 800 1212 844; x_wconf 92' lang='lat' dir='ltr'>qui-</span> 
     </span>
     <span class='ocr_line' id='line_1_15' title="bbox 468 854 1211 898; baseline -0.001 -11"><span class='ocrx_word' id='word_1_70' title='bbox 468 854 546 887; x_wconf 86' lang='lat' dir='ltr'>libet</span> <span class='ocrx_word' id='word_1_71' title='bbox 577 854 697 888; x_wconf 90' lang='lat' dir='ltr'>interea</span> <span class='ocrx_word' id='word_1_72' title='bbox 728 854 997 898; x_wconf 82' lang='lat' dir='ltr'>quadragesimae,</span> <span class='ocrx_word' id='word_1_73' title='bbox 1016 864 1052 887; x_wconf 90' lang='lat' dir='ltr'>ac</span> <span class='ocrx_word' id='word_1_74' title='bbox 1075 858 1211 898; x_wconf 88' lang='lat' dir='ltr'>quatuor</span> 
     </span>
     <span class='ocr_line' id='line_1_16' title="bbox 468 908 1209 952; baseline -0.001 -11"><span class='ocrx_word' id='word_1_75' title='bbox 468 913 659 952; x_wconf 87' lang='lat' dir='ltr'>temporum,</span> <span class='ocrx_word' id='word_1_76' title='bbox 680 914 847 952; x_wconf 89' lang='lat' dir='ltr'>ceteraque</span> <span class='ocrx_word' id='word_1_77' title='bbox 871 908 1051 951; x_wconf 85' lang='lat' dir='ltr'>vigiliarum</span> <span class='ocrx_word' id='word_1_78' title='bbox 1077 908 1209 950; x_wconf 91' lang='lat' dir='ltr'>ieiunia,</span> 
     </span>
     <span class='ocr_line' id='line_1_17' title="bbox 469 961 1212 1002; baseline 0.001 -8"><span class='ocrx_word' id='word_1_79' title='bbox 469 966 500 994; x_wconf 88' lang='lat' dir='ltr'>et</span> <span class='ocrx_word' id='word_1_80' title='bbox 523 961 554 994; x_wconf 91' lang='lat' dir='ltr'>in</span> <span class='ocrx_word' id='word_1_81' title='bbox 579 962 703 994; x_wconf 91' lang='lat' dir='ltr'>ieiuniis</span> <span class='ocrx_word' id='word_1_82' title='bbox 726 962 907 996; x_wconf 90' lang='lat' dir='ltr'>huiusmodi</span> <span class='ocrx_word' id='word_1_83' title='bbox 927 972 945 994; x_wconf 91' lang='lat' dir='ltr'>a</span> <span class='ocrx_word' id='word_1_84' title='bbox 969 962 1122 1002; x_wconf 90' lang='lat' dir='ltr'>carnium,</span> <span class='ocrx_word' id='word_1_85' title='bbox 1141 972 1212 995; x_wconf 89' lang='lat' dir='ltr'>ovo-</span> 
     </span>
     <span class='ocr_line' id='line_1_18' title="bbox 469 1015 1212 1058; baseline 0 -10"><span class='ocrx_word' id='word_1_86' title='bbox 469 1025 541 1048; x_wconf 89' lang='lat' dir='ltr'>rum</span> <span class='ocrx_word' id='word_1_87' title='bbox 564 1020 594 1048; x_wconf 84' lang='lat' dir='ltr'>et</span> <span class='ocrx_word' id='word_1_88' title='bbox 619 1015 868 1056; x_wconf 82' lang='lat' dir='ltr'>lacticiniorum,</span> <span class='ocrx_word' id='word_1_89' title='bbox 895 1016 1027 1058; x_wconf 82' lang='lat' dir='ltr'>singulis</span> <span class='ocrx_word' id='word_1_90' title='bbox 1051 1026 1127 1049; x_wconf 86' lang='lat' dir='ltr'>vero</span> <span class='ocrx_word' id='word_1_91' title='bbox 1151 1015 1212 1049; x_wconf 91' lang='lat' dir='ltr'>die-</span> 
     </span>
     <span class='ocr_line' id='line_1_19' title="bbox 469 1068 1210 1113; baseline 0.001 -12"><span class='ocrx_word' id='word_1_92' title='bbox 469 1068 530 1102; x_wconf 91' lang='lat' dir='ltr'>bus</span> <span class='ocrx_word' id='word_1_93' title='bbox 554 1068 678 1101; x_wconf 86' lang='lat' dir='ltr'>veneris</span> <span class='ocrx_word' id='word_1_94' title='bbox 704 1074 734 1101; x_wconf 91' lang='lat' dir='ltr'>et</span> <span class='ocrx_word' id='word_1_95' title='bbox 758 1069 887 1109; x_wconf 87' lang='lat' dir='ltr'>sabbati,</span> <span class='ocrx_word' id='word_1_96' title='bbox 916 1069 1030 1113; x_wconf 91' lang='lat' dir='ltr'>quibus</span> <span class='ocrx_word' id='word_1_97' title='bbox 1059 1069 1210 1103; x_wconf 89' lang='lat' dir='ltr'>ieiunium</span> 
     </span>
     <span class='ocr_line' id='line_1_20' title="bbox 470 1122 1210 1167; baseline 0.001 -12"><span class='ocrx_word' id='word_1_98' title='bbox 470 1122 700 1166; x_wconf 85' lang='lat' dir='ltr'>praescriptum</span> <span class='ocrx_word' id='word_1_99' title='bbox 726 1132 789 1156; x_wconf 90' lang='lat' dir='ltr'>non</span> <span class='ocrx_word' id='word_1_100' title='bbox 823 1123 993 1167; x_wconf 89' lang='lat' dir='ltr'>reperitur,</span> <span class='ocrx_word' id='word_1_101' title='bbox 1022 1134 1039 1156; x_wconf 91' lang='lat' dir='ltr'>a</span> <span class='ocrx_word' id='word_1_102' title='bbox 1069 1124 1210 1157; x_wconf 88' lang='lat' dir='ltr'>carnium</span> 
     </span>
     <span class='ocr_line' id='line_1_21' title="bbox 471 1176 1208 1221; baseline 0.001 -12"><span class='ocrx_word' id='word_1_103' title='bbox 471 1186 528 1210; x_wconf 92' lang='lat' dir='ltr'>esu</span> <span class='ocrx_word' id='word_1_104' title='bbox 563 1176 784 1210; x_wconf 79' lang='lat' dir='ltr'>abstinentiam</span> <span class='ocrx_word' id='word_1_105' title='bbox 818 1176 904 1210; x_wconf 88' lang='lat' dir='ltr'>iuxta</span> <span class='ocrx_word' id='word_1_106' title='bbox 933 1177 1130 1221; x_wconf 89' lang='lat' dir='ltr'>praedictum</span> <span class='ocrx_word' id='word_1_107' title='bbox 1164 1177 1208 1210; x_wconf 90' lang='lat' dir='ltr'>ri-</span> 
     </span>
     <span class='ocr_line' id='line_1_22' title="bbox 471 1227 1214 1274; baseline 0.001 -12"><span class='ocrx_word' id='word_1_108' title='bbox 471 1233 538 1262; x_wconf 84' lang='lat' dir='ltr'>tum</span> <span class='ocrx_word' id='word_1_109' title='bbox 564 1229 696 1262; x_wconf 86' lang='lat' dir='ltr'>latinum</span> <span class='ocrx_word' id='word_1_110' title='bbox 714 1227 869 1270; x_wconf 80' lang='lat' dir='ltr'>servent¹‚</span> <span class='ocrx_word' id='word_1_111' title='bbox 886 1229 918 1262; x_wconf 90' lang='lat' dir='ltr'>in</span> <span class='ocrx_word' id='word_1_112' title='bbox 935 1230 1082 1263; x_wconf 91' lang='lat' dir='ltr'>omnibus</span> <span class='ocrx_word' id='word_1_113' title='bbox 1107 1235 1136 1263; x_wconf 88' lang='lat' dir='ltr'>et</span> <span class='ocrx_word' id='word_1_114' title='bbox 1156 1241 1214 1274; x_wconf 87' lang='lat' dir='ltr'>per</span> 
     </span>
     <span class='ocr_line' id='line_1_23' title="bbox 472 1282 1213 1326; baseline 0 -10"><span class='ocrx_word' id='word_1_115' title='bbox 472 1282 588 1323; x_wconf 91' lang='lat' dir='ltr'>omnia,</span> <span class='ocrx_word' id='word_1_116' title='bbox 614 1287 708 1326; x_wconf 85' lang='lat' dir='ltr'>prout</span> <span class='ocrx_word' id='word_1_117' title='bbox 733 1282 964 1323; x_wconf 78' lang='lat' dir='ltr'>christifideles,</span> <span class='ocrx_word' id='word_1_118' title='bbox 989 1283 1042 1326; x_wconf 92' lang='lat' dir='ltr'>qui</span> <span class='ocrx_word' id='word_1_119' title='bbox 1066 1283 1213 1316; x_wconf 88' lang='lat' dir='ltr'>eumdem</span> 
     </span>
     <span class='ocr_line' id='line_1_24' title="bbox 472 1336 1214 1380; baseline 0.001 -11"><span class='ocrx_word' id='word_1_120' title='bbox 472 1336 568 1369; x_wconf 88' lang='lat' dir='ltr'>ritum</span> <span class='ocrx_word' id='word_1_121' title='bbox 594 1336 725 1370; x_wconf 85' lang='lat' dir='ltr'>latinum</span> <span class='ocrx_word' id='word_1_122' title='bbox 751 1342 938 1380; x_wconf 83' lang='lat' dir='ltr'>sequuntur,</span> <span class='ocrx_word' id='word_1_123' title='bbox 956 1337 1009 1370; x_wconf 86' lang='lat' dir='ltr'>illa</span> <span class='ocrx_word' id='word_1_124' title='bbox 1027 1348 1153 1370; x_wconf 89' lang='lat' dir='ltr'>servare</span> <span class='ocrx_word' id='word_1_125' title='bbox 1171 1342 1214 1371; x_wconf 88' lang='lat' dir='ltr'>te-</span> 
     </span>
     <span class='ocr_line' id='line_1_25' title="bbox 472 1389 1213 1430; baseline 0.001 -8"><span class='ocrx_word' id='word_1_126' title='bbox 472 1394 602 1430; x_wconf 86' lang='lat' dir='ltr'>nentur;</span> <span class='ocrx_word' id='word_1_127' title='bbox 629 1400 664 1422; x_wconf 87' lang='lat' dir='ltr'>ac</span> <span class='ocrx_word' id='word_1_128' title='bbox 689 1389 807 1423; x_wconf 89' lang='lat' dir='ltr'>eisdem</span> <span class='ocrx_word' id='word_1_129' title='bbox 839 1390 973 1423; x_wconf 89' lang='lat' dir='ltr'>alumnis</span> <span class='ocrx_word' id='word_1_130' title='bbox 1003 1390 1213 1424; x_wconf 88' lang='lat' dir='ltr'>iuramentum</span> 
     </span>
     <span class='ocr_line' id='line_1_26' title="bbox 474 1443 1214 1487; baseline 0 -10"><span class='ocrx_word' id='word_1_131' title='bbox 474 1443 701 1487; x_wconf 87' lang='lat' dir='ltr'>supradictum,</span> <span class='ocrx_word' id='word_1_132' title='bbox 726 1443 765 1475; x_wconf 90' lang='lat' dir='ltr'>ad</span> <span class='ocrx_word' id='word_1_133' title='bbox 789 1443 1036 1486; x_wconf 87' lang='lat' dir='ltr'>praemissorum</span> <span class='ocrx_word' id='word_1_134' title='bbox 1069 1444 1214 1477; x_wconf 81' lang='lat' dir='ltr'>effectum</span> 
     </span>
     <span class='ocr_line' id='line_1_27' title="bbox 473 1496 1216 1541; baseline 0.003 -12"><span class='ocrx_word' id='word_1_135' title='bbox 473 1496 644 1538; x_wconf 83' lang='lat' dir='ltr'>dumtaxat,</span> <span class='ocrx_word' id='word_1_136' title='bbox 663 1497 849 1530; x_wconf 85' lang='lat' dir='ltr'>auctoritate</span> <span class='ocrx_word' id='word_1_137' title='bbox 867 1501 897 1530; x_wconf 90' lang='lat' dir='ltr'>et</span> <span class='ocrx_word' id='word_1_138' title='bbox 916 1502 1026 1530; x_wconf 87' lang='lat' dir='ltr'>tenore</span> <span class='ocrx_word' id='word_1_139' title='bbox 1046 1497 1216 1541; x_wconf 88' lang='lat' dir='ltr'>praedictis</span> 
     </span>
     <span class='ocr_line' id='line_1_28' title="bbox 474 1550 661 1582; baseline 0 0"><span class='ocrx_word' id='word_1_140' title='bbox 474 1550 661 1582; x_wconf 83' lang='lat' dir='ltr'>relaxamus.</span> 
     </span>
    </p>

    <p class='ocr_par' dir='ltr' id='par_1_4' title="bbox 474 1601 1218 2073">
     <span class='ocr_line' id='line_1_29' title="bbox 519 1601 1217 1647; baseline 0.003 -11"><span class='ocrx_word' id='word_1_141' title='bbox 519 1603 534 1646; x_wconf 65' lang='grc' dir='ltr'>ἓ</span> <span class='ocrx_word' id='word_1_142' title='bbox 558 1601 587 1636; x_wconf 82' lang='lat'>3.</span> <span class='ocrx_word' id='word_1_143' title='bbox 613 1603 681 1637; x_wconf 92' lang='lat' dir='ltr'>Non</span> <span class='ocrx_word' id='word_1_144' title='bbox 706 1603 903 1637; x_wconf 82' lang='lat' dir='ltr'>obstantibus</span> <span class='ocrx_word' id='word_1_145' title='bbox 930 1604 1122 1647; x_wconf 84' lang='lat' dir='ltr'>praemissis,</span> <span class='ocrx_word' id='word_1_146' title='bbox 1146 1615 1217 1638; x_wconf 91' lang='lat' dir='ltr'>nec-</span> 
     </span>
     <span class='ocr_line' id='line_1_30' title="bbox 474 1656 1218 1701; baseline 0.001 -11"><span class='ocrx_word' id='word_1_147' title='bbox 474 1666 538 1690; x_wconf 88' lang='lat' dir='ltr'>non</span> <span class='ocrx_word' id='word_1_148' title='bbox 557 1656 747 1700; x_wconf 76' lang='lat' dir='ltr'>apostolicis,</span> <span class='ocrx_word' id='word_1_149' title='bbox 772 1667 808 1690; x_wconf 89' lang='lat' dir='ltr'>ac</span> <span class='ocrx_word' id='word_1_150' title='bbox 839 1657 870 1690; x_wconf 95' lang='lat' dir='ltr'>in</span> <span class='ocrx_word' id='word_1_151' title='bbox 894 1657 1124 1690; x_wconf 87' lang='lat' dir='ltr'>universalibus</span> <span class='ocrx_word' id='word_1_152' title='bbox 1148 1669 1218 1701; x_wconf 88' lang='lat' dir='ltr'>pro-</span> 
     </span>
     <span class='ocr_line' id='line_1_31' title="bbox 476 1709 1213 1754; baseline 0.001 -12"><span class='ocrx_word' id='word_1_153' title='bbox 476 1710 725 1754; x_wconf 88' lang='lat' dir='ltr'>vincialibusque</span> <span class='ocrx_word' id='word_1_154' title='bbox 749 1709 890 1743; x_wconf 87' lang='lat' dir='ltr'>conciliis</span> <span class='ocrx_word' id='word_1_155' title='bbox 918 1710 1031 1751; x_wconf 89' lang='lat' dir='ltr'>editis,</span> <span class='ocrx_word' id='word_1_156' title='bbox 1055 1711 1213 1753; x_wconf 83' lang='lat' dir='ltr'>generali-</span> 
     </span>
     <span class='ocr_line' id='line_1_32' title="bbox 474 1763 1218 1807; baseline 0.003 -11"><span class='ocrx_word' id='word_1_157' title='bbox 474 1763 534 1796; x_wconf 88' lang='lat' dir='ltr'>bus</span> <span class='ocrx_word' id='word_1_158' title='bbox 548 1763 595 1796; x_wconf 89' lang='lat' dir='ltr'>vel</span> <span class='ocrx_word' id='word_1_159' title='bbox 613 1763 812 1807; x_wconf 85' lang='lat' dir='ltr'>specialibus,</span> <span class='ocrx_word' id='word_1_160' title='bbox 827 1763 1103 1797; x_wconf 82' lang='lat' dir='ltr'>constitutionibus</span> <span class='ocrx_word' id='word_1_161' title='bbox 1121 1770 1151 1797; x_wconf 90' lang='lat' dir='ltr'>et</span> <span class='ocrx_word' id='word_1_162' title='bbox 1170 1775 1218 1798; x_wconf 90' lang='lat' dir='ltr'>or-</span> 
     </span>
     <span class='ocr_line' id='line_1_33' title="bbox 475 1816 1215 1862; baseline 0.003 -13"><span class='ocrx_word' id='word_1_163' title='bbox 475 1816 698 1857; x_wconf 89' lang='lat' dir='ltr'>dinationibus,</span> <span class='ocrx_word' id='word_1_164' title='bbox 719 1827 765 1858; x_wconf 90' lang='lat' dir='ltr'>ac,</span> <span class='ocrx_word' id='word_1_165' title='bbox 783 1822 938 1860; x_wconf 89' lang='lat' dir='ltr'>quatenus</span> <span class='ocrx_word' id='word_1_166' title='bbox 962 1828 1043 1862; x_wconf 87' lang='lat' dir='ltr'>opus</span> <span class='ocrx_word' id='word_1_167' title='bbox 1068 1818 1117 1859; x_wconf 91' lang='lat' dir='ltr'>sit,</span> <span class='ocrx_word' id='word_1_168' title='bbox 1142 1818 1215 1851; x_wconf 90' lang='lat' dir='ltr'>dicti</span> 
     </span>
     <span class='ocr_line' id='line_1_34' title="bbox 476 1870 1217 1913; baseline 0.003 -11"><span class='ocrx_word' id='word_1_169' title='bbox 476 1870 619 1913; x_wconf 78' lang='lat' dir='ltr'>collegii,</span> <span class='ocrx_word' id='word_1_170' title='bbox 646 1870 738 1903; x_wconf 86' lang='lat' dir='ltr'>ctiam</span> <span class='ocrx_word' id='word_1_171' title='bbox 764 1871 952 1911; x_wconf 87' lang='lat' dir='ltr'>iuramento,</span> <span class='ocrx_word' id='word_1_172' title='bbox 977 1871 1217 1905; x_wconf 84' lang='lat' dir='ltr'>confirmatione</span> 
     </span>
     <span class='ocr_line' id='line_1_35' title="bbox 476 1923 1217 1967; baseline 0.001 -11"><span class='ocrx_word' id='word_1_173' title='bbox 476 1923 658 1967; x_wconf 79' lang='lat' dir='ltr'>apostolica,</span> <span class='ocrx_word' id='word_1_174' title='bbox 674 1923 722 1956; x_wconf 89' lang='lat' dir='ltr'>vel</span> <span class='ocrx_word' id='word_1_175' title='bbox 743 1924 851 1967; x_wconf 89' lang='lat' dir='ltr'>quavis</span> <span class='ocrx_word' id='word_1_176' title='bbox 867 1923 1015 1957; x_wconf 81' lang='lat' dir='ltr'>firmitate</span> <span class='ocrx_word' id='word_1_177' title='bbox 1039 1924 1099 1957; x_wconf 77' lang='lat' dir='ltr'>alia</span> <span class='ocrx_word' id='word_1_178' title='bbox 1123 1924 1217 1958; x_wconf 91' lang='lat' dir='ltr'>robo-</span> 
     </span>
     <span class='ocr_line' id='line_1_36' title="bbox 475 1976 1216 2018; baseline 0.003 -10"><span class='ocrx_word' id='word_1_179' title='bbox 475 1976 563 2016; x_wconf 87' lang='lat' dir='ltr'>ratis,</span> <span class='ocrx_word' id='word_1_180' title='bbox 587 1976 709 2010; x_wconf 89' lang='lat' dir='ltr'>statutis</span> <span class='ocrx_word' id='word_1_181' title='bbox 731 1982 761 2009; x_wconf 89' lang='lat' dir='ltr'>et</span> <span class='ocrx_word' id='word_1_182' title='bbox 778 1976 1067 2018; x_wconf 87' lang='lat' dir='ltr'>consuetudinibus,</span> <span class='ocrx_word' id='word_1_183' title='bbox 1088 1977 1216 2010; x_wconf 88' lang='lat' dir='ltr'>ceteris-</span> 
     </span>
     <span class='ocr_line' id='line_1_37' title="bbox 476 2029 1014 2073; baseline 0.002 -12"><span class='ocrx_word' id='word_1_184' title='bbox 476 2038 536 2072; x_wconf 87' lang='lat' dir='ltr'>que</span> <span class='ocrx_word' id='word_1_185' title='bbox 561 2029 728 2062; x_wconf 86' lang='lat' dir='ltr'>contrariis</span> <span class='ocrx_word' id='word_1_186' title='bbox 751 2030 1014 2073; x_wconf 87' lang='lat' dir='ltr'>quibuscumque.</span> 
     </span>
    </p>

    <p class='ocr_par' dir='ltr' id='par_1_5' title="bbox 477 2082 1218 2234">
     <span class='ocr_line' id='line_1_38' title="bbox 520 2082 1218 2127; baseline 0.006 -13"><span class='ocrx_word' id='word_1_187' title='bbox 520 2082 631 2115; x_wconf 89' lang='lat' dir='ltr'>Datum</span> <span class='ocrx_word' id='word_1_188' title='bbox 661 2083 788 2123; x_wconf 84' lang='lat' dir='ltr'>Romae,</span> <span class='ocrx_word' id='word_1_189' title='bbox 813 2083 894 2127; x_wconf 90' lang='lat' dir='ltr'>apud</span> <span class='ocrx_word' id='word_1_190' title='bbox 919 2083 948 2117; x_wconf 92' lang='lat' dir='ltr'>S.</span> <span class='ocrx_word' id='word_1_191' title='bbox 974 2084 1102 2117; x_wconf 84' lang='lat' dir='ltr'>Mariam</span> <span class='ocrx_word' id='word_1_192' title='bbox 1127 2084 1218 2118; x_wconf 87' lang='lat' dir='ltr'>Maio-</span> 
     </span>
     <span class='ocr_line' id='line_1_39' title="bbox 477 2137 1217 2179; baseline 0.003 -10"><span class='ocrx_word' id='word_1_193' title='bbox 477 2146 566 2177; x_wconf 84' lang='lat' dir='ltr'>rem,</span> <span class='ocrx_word' id='word_1_194' title='bbox 598 2137 655 2170; x_wconf 91' lang='lat' dir='ltr'>sub</span> <span class='ocrx_word' id='word_1_195' title='bbox 679 2138 795 2170; x_wconf 87' lang='lat' dir='ltr'>annulo</span> <span class='ocrx_word' id='word_1_196' title='bbox 820 2137 1003 2179; x_wconf 84' lang='lat' dir='ltr'>Piscatoris,</span> <span class='ocrx_word' id='word_1_197' title='bbox 1032 2138 1082 2171; x_wconf 87' lang='lat' dir='ltr'>die</span> <span class='ocrx_word' id='word_1_198' title='bbox 1108 2148 1148 2172; x_wconf 90' lang='lat' dir='ltr'>xv</span> <span class='ocrx_word' id='word_1_199' title='bbox 1174 2139 1217 2171; x_wconf 87' lang='lat' dir='ltr'>fe-</span> 
     </span>
     <span class='ocr_line' id='line_1_40' title="bbox 477 2190 1216 2234; baseline 0.003 -11"><span class='ocrx_word' id='word_1_200' title='bbox 477 2190 597 2223; x_wconf 89' lang='lat' dir='ltr'>bruarii</span> <span class='ocrx_word' id='word_1_201' title='bbox 611 2200 738 2230; x_wconf 77' lang='lat' dir='ltr'>iincmx,</span> <span class='ocrx_word' id='word_1_202' title='bbox 753 2190 953 2234; x_wconf 83' lang='lat' dir='ltr'>pontificatus</span> <span class='ocrx_word' id='word_1_203' title='bbox 965 2192 1064 2225; x_wconf 82' lang='lat' dir='ltr'>nostri</span> <span class='ocrx_word' id='word_1_204' title='bbox 1078 2202 1159 2225; x_wconf 90' lang='lat' dir='ltr'>anno</span> <span class='ocrx_word' id='word_1_205' title='bbox 1175 2202 1216 2226; x_wconf 92' lang='lat' dir='ltr'>1v.</span> 
     </span>
    </p>
   </div>
   <div class='ocr_carea' id='block_1_4' title="bbox 513 2253 1198 2289">
    <p class='ocr_par' dir='ltr' id='par_1_6' title="bbox 513 2253 1198 2289">
     <span class='ocr_line' id='line_1_41' title="bbox 513 2253 1198 2289; baseline 0.003 -9"><span class='ocrx_word' id='word_1_206' title='bbox 513 2253 571 2280; x_wconf 83' lang='lat' dir='ltr'>Dat.</span> <span class='ocrx_word' id='word_1_207' title='bbox 590 2253 633 2280; x_wconf 89' lang='lat' dir='ltr'>die</span> <span class='ocrx_word' id='word_1_208' title='bbox 656 2254 686 2281; x_wconf 81' lang='lat'>15</span> <span class='ocrx_word' id='word_1_209' title='bbox 706 2253 835 2280; x_wconf 82' lang='lat' dir='ltr'>februarii</span> <span class='ocrx_word' id='word_1_210' title='bbox 858 2254 936 2287; x_wconf 77' lang='lat'>1659,</span> <span class='ocrx_word' id='word_1_211' title='bbox 953 2255 1050 2289; x_wconf 87' lang='lat' dir='ltr'>pontis.</span> <span class='ocrx_word' id='word_1_212' title='bbox 1072 2263 1142 2282; x_wconf 88' lang='lat' dir='ltr'>anno</span> <span class='ocrx_word' id='word_1_213' title='bbox 1162 2263 1198 2282; x_wconf 92' lang='lat' dir='ltr'>1v.</span> 
     </span>
    </p>
   </div>
   <div class='ocr_carea' id='block_1_5' title="bbox 742 2321 952 2326">
    <p class='ocr_par' dir='ltr' id='par_1_7' title="bbox 742 2321 952 2326">
     <span class='ocr_line' id='line_1_42' title="bbox 742 2321 952 2326; baseline 0 0"><span class='ocrx_word' id='word_1_214' title='bbox 742 2321 952 2326; x_wconf 95' lang='lat' dir='ltr'> </span> 
     </span>
    </p>
   </div>
   <div class='ocr_carea' id='block_1_6' title="bbox 765 2379 928 2413">
    <p class='ocr_par' dir='ltr' id='par_1_8' title="bbox 765 2379 928 2413">
     <span class='ocr_line' id='line_1_43' title="bbox 765 2379 928 2413; baseline -0.006 0"><span class='ocrx_word' id='word_1_215' title='bbox 765 2379 928 2413; x_wconf 86' lang='lat' dir='ltr'>CCXXXH.</span> 
     </span>
    </p>
   </div>
   <div class='ocr_carea' id='block_1_7' title="bbox 477 2459 1219 2663">
    <p class='ocr_par' dir='ltr' id='par_1_9' title="bbox 477 2459 1219 2663">
     <span class='ocr_line' id='line_1_44' title="bbox 477 2459 1218 2504; baseline 0.004 -13"><span class='ocrx_word' id='word_1_216' title='bbox 477 2459 568 2492; x_wconf 84' lang='lat' dir='ltr'>Nova</span> <span class='ocrx_word' id='word_1_217' title='bbox 591 2462 704 2492; x_wconf 71' lang='lat' dir='ltr'>erectio</span> <span class='ocrx_word' id='word_1_218' title='bbox 724 2459 854 2503; x_wconf 71' lang='lat' dir='ltr'>colleyii</span> <span class='ocrx_word' id='word_1_219' title='bbox 870 2461 1039 2504; x_wconf 78' lang='lat' dir='ltr'>apostolici</span> <span class='ocrx_word' id='word_1_220' title='bbox 1054 2462 1218 2494; x_wconf 77' lang='lat' dir='ltr'>minorum</span> 
     </span>
     <span class='ocr_line' id='line_1_45' title="bbox 519 2512 1218 2557; baseline 0.004 -14"><span class='ocrx_word' id='word_1_221' title='bbox 519 2512 851 2554; x_wconf 70' lang='lat' dir='ltr'>poenitentlariorum</span> <span class='ocrx_word' id='word_1_222' title='bbox 876 2512 1027 2546; x_wconf 77' lang='lat' dir='ltr'>basilicae</span> <span class='ocrx_word' id='word_1_223' title='bbox 1051 2514 1218 2557; x_wconf 78' lang='lat' dir='ltr'>Principis</span> 
     </span>
     <span class='ocr_line' id='line_1_46' title="bbox 521 2564 1219 2607; baseline 0.004 -11"><span class='ocrx_word' id='word_1_224' title='bbox 521 2564 750 2607; x_wconf 77' lang='lat' dir='ltr'>Apostolorum</span> <span class='ocrx_word' id='word_1_225' title='bbox 774 2565 810 2598; x_wconf 78' lang='lat' dir='ltr'>(le</span> <span class='ocrx_word' id='word_1_226' title='bbox 838 2566 930 2607; x_wconf 83' lang='lat' dir='ltr'>Urbe,</span> <span class='ocrx_word' id='word_1_227' title='bbox 951 2577 1024 2599; x_wconf 80' lang='lat' dir='ltr'>cum</span> <span class='ocrx_word' id='word_1_228' title='bbox 1049 2567 1219 2600; x_wconf 71' lang='lat' dir='ltr'>nonnullis</span> 
     </span>
     <span class='ocr_line' id='line_1_47' title="bbox 516 2625 1041 2663; baseline 0.004 -11"><span class='ocrx_word' id='word_1_229' title='bbox 516 2628 527 2652; x_wconf 83' lang='lat'><strong>1</strong></span> <span class='ocrx_word' id='word_1_230' title='bbox 550 2625 620 2654; x_wconf 83' lang='lat' dir='ltr'>Edit.</span> <span class='ocrx_word' id='word_1_231' title='bbox 636 2626 713 2654; x_wconf 65' lang='lat' dir='ltr'>Mein.</span> <span class='ocrx_word' id='word_1_232' title='bbox 731 2627 796 2662; x_wconf 82' lang='lat' dir='ltr'>legit</span> <span class='ocrx_word' id='word_1_233' title='bbox 809 2630 923 2656; x_wconf 76' lang='lat' dir='ltr'>servant</span> <span class='ocrx_word' id='word_1_234' title='bbox 938 2628 975 2663; x_wconf 82' lang='lat' dir='ltr'>(n.</span> <span class='ocrx_word' id='word_1_235' title='bbox 993 2629 1041 2662; x_wconf 72' lang='grc' dir='ltr'>τ.).</span> 
     </span>
    </p>
   </div>
   <div class='ocr_carea' id='block_1_8' title="bbox 1223 272 1230 1098">
    <p class='ocr_par' dir='ltr' id='par_1_10' title="bbox 1223 272 1230 1098">
     <span class='ocr_line' id='line_1_48' title="bbox 1223 272 1230 1098; baseline 0 0"><span class='ocrx_word' id='word_1_236' title='bbox 1223 272 1230 1098; x_wconf 95' lang='lat' dir='ltr'> </span> 
     </span>
    </p>
   </div>
   <div class='ocr_carea' id='block_1_9' title="bbox 1229 1336 1237 2178">
    <p class='ocr_par' dir='ltr' id='par_1_11' title="bbox 1229 1336 1237 2178">
     <span class='ocr_line' id='line_1_49' title="bbox 1229 1336 1237 2178; baseline 0 0"><span class='ocrx_word' id='word_1_237' title='bbox 1229 1336 1237 2178; x_wconf 95' lang='lat' dir='ltr'> </span> 
     </span>
    </p>
   </div>
   <div class='ocr_carea' id='block_1_10' title="bbox 1050 222 1407 247">
    <p class='ocr_par' dir='ltr' id='par_1_12' title="bbox 1050 222 1407 247">
     <span class='ocr_line' id='line_1_50' title="bbox 1050 222 1407 247; baseline 0.003 -2"><span class='ocrx_word' id='word_1_238' title='bbox 1050 222 1228 247; x_wconf 78' lang='lat' dir='ltr'>BULLARIUM</span> <span class='ocrx_word' id='word_1_239' title='bbox 1254 222 1407 247; x_wconf 74' lang='lat' dir='ltr'><strong>ROMANUM</strong></span> 
     </span>
    </p>
   </div>
   <div class='ocr_carea' id='block_1_11' title="bbox 1284 271 1982 412">
    <p class='ocr_par' dir='ltr' id='par_1_13' title="bbox 1284 271 1982 412">
     <span class='ocr_line' id='line_1_51' title="bbox 1285 271 1981 320; baseline 0.009 -17"><span class='ocrx_word' id='word_1_240' title='bbox 1285 271 1546 304; x_wconf 79' lang='lat' dir='ltr'>ordinationibus</span> <span class='ocrx_word' id='word_1_241' title='bbox 1577 283 1638 316; x_wconf 81' lang='lat' dir='ltr'>pro</span> <span class='ocrx_word' id='word_1_242' title='bbox 1673 273 1814 307; x_wconf 81' lang='lat' dir='ltr'>eiusdem</span> <span class='ocrx_word' id='word_1_243' title='bbox 1853 274 1981 320; x_wconf 72' lang='lat' dir='ltr'>colleqii</span> 
     </span>
     <span class='ocr_line' id='line_1_52' title="bbox 1284 324 1982 371; baseline 0.01 -16"><span class='ocrx_word' id='word_1_244' title='bbox 1284 324 1442 367; x_wconf 62' lang='lat' dir='ltr'>gubernio</span> <span class='ocrx_word' id='word_1_245' title='bbox 1459 328 1487 357; x_wconf 82' lang='lat' dir='ltr'>et</span> <span class='ocrx_word' id='word_1_246' title='bbox 1504 324 1605 368; x_wconf 79' lang='lat' dir='ltr'>officii</span> <span class='ocrx_word' id='word_1_247' title='bbox 1620 326 1798 359; x_wconf 78' lang='lat' dir='ltr'>eorumdem</span> <span class='ocrx_word' id='word_1_248' title='bbox 1820 329 1982 371; x_wconf 81' lang='lat' dir='ltr'>poeniten-</span> 
     </span>
     <span class='ocr_line' id='line_1_53' title="bbox 1288 378 1643 412; baseline 0.008 -3"><span class='ocrx_word' id='word_1_249' title='bbox 1288 378 1459 410; x_wconf 74' lang='lat' dir='ltr'>tiariorum</span> <span class='ocrx_word' id='word_1_250' title='bbox 1483 379 1643 412; x_wconf 70' lang='lat' dir='ltr'>exercitio.</span> 
     </span>
    </p>
   </div>
   <div class='ocr_carea' id='block_1_12' title="bbox 1367 467 1862 545">
    <p class='ocr_par' dir='ltr' id='par_1_14' title="bbox 1367 467 1862 545">
     <span class='ocr_line' id='line_1_54' title="bbox 1436 467 1787 503; baseline 0.009 -10"><span class='ocrx_word' id='word_1_251' title='bbox 1436 467 1600 495; x_wconf 78' lang='lat' dir='ltr'>Alexander</span> <span class='ocrx_word' id='word_1_252' title='bbox 1620 468 1699 503; x_wconf 83' lang='lat' dir='ltr'>Papa</span> <span class='ocrx_word' id='word_1_253' title='bbox 1719 469 1787 501; x_wconf 82' lang='lat' dir='ltr'>VH,</span> 
     </span>
     <span class='ocr_line' id='line_1_55' title="bbox 1367 510 1862 545; baseline 0.008 -9"><span class='ocrx_word' id='word_1_254' title='bbox 1367 510 1403 536; x_wconf 86' lang='lat' dir='ltr'>ad</span> <span class='ocrx_word' id='word_1_255' title='bbox 1422 513 1597 545; x_wconf 82' lang='lat' dir='ltr'>perpetuam</span> <span class='ocrx_word' id='word_1_256' title='bbox 1616 512 1660 539; x_wconf 90' lang='lat' dir='ltr'>rei</span> <span class='ocrx_word' id='word_1_257' title='bbox 1681 512 1862 540; x_wconf 84' lang='lat' dir='ltr'>memoriam.</span> 
     </span>
    </p>
   </div>
   <div class='ocr_carea' id='block_1_13' title="bbox 1244 588 1987 1115">
    <p class='ocr_par' dir='ltr' id='par_1_15' title="bbox 1244 588 1987 1115">
     <span class='ocr_line' id='line_1_56' title="bbox 1288 588 1983 635; baseline 0.007 -15"><span class='ocrx_word' id='word_1_258' title='bbox 1288 588 1321 620; x_wconf 91' lang='lat' dir='ltr'>In</span> <span class='ocrx_word' id='word_1_259' title='bbox 1346 589 1535 632; x_wconf 82' lang='lat' dir='ltr'>apostolicae</span> <span class='ocrx_word' id='word_1_260' title='bbox 1560 590 1720 633; x_wconf 83' lang='lat' dir='ltr'>dignitatis</span> <span class='ocrx_word' id='word_1_261' title='bbox 1745 591 1888 635; x_wconf 82' lang='lat' dir='ltr'>fastigio,</span> <span class='ocrx_word' id='word_1_262' title='bbox 1917 602 1983 626; x_wconf 90' lang='lat' dir='ltr'>me-</span> 
     </span>
     <span class='ocr_line' id='line_1_57' title="bbox 1244 640 1984 686; baseline 0.007 -13"><span class='ocrx_word' id='word_1_263' title='bbox 1244 640 1312 673; x_wconf 87' lang='lat' dir='ltr'>ritis</span> <span class='ocrx_word' id='word_1_264' title='bbox 1336 642 1408 675; x_wconf 88' lang='lat' dir='ltr'>licet</span> <span class='ocrx_word' id='word_1_265' title='bbox 1433 642 1618 686; x_wconf 89' lang='lat' dir='ltr'>imparibus,</span> <span class='ocrx_word' id='word_1_266' title='bbox 1643 643 1838 677; x_wconf 85' lang='lat' dir='ltr'>inscrutabili</span> <span class='ocrx_word' id='word_1_267' title='bbox 1862 645 1984 679; x_wconf 90' lang='lat' dir='ltr'>divinae</span> 
     </span>
     <span class='ocr_line' id='line_1_58' title="bbox 1244 695 1985 742; baseline 0.007 -15"><span class='ocrx_word' id='word_1_268' title='bbox 1244 695 1459 738; x_wconf 88' lang='lat' dir='ltr'>providentiae</span> <span class='ocrx_word' id='word_1_269' title='bbox 1484 707 1598 730; x_wconf 85' lang='lat' dir='ltr'>arcano</span> <span class='ocrx_word' id='word_1_270' title='bbox 1628 697 1782 738; x_wconf 86' lang='lat' dir='ltr'>collocati,</span> <span class='ocrx_word' id='word_1_271' title='bbox 1806 698 1845 731; x_wconf 92' lang='lat' dir='ltr'>ad</span> <span class='ocrx_word' id='word_1_272' title='bbox 1869 708 1905 731; x_wconf 88' lang='lat' dir='ltr'>ea</span> <span class='ocrx_word' id='word_1_273' title='bbox 1928 708 1985 742; x_wconf 88' lang='lat' dir='ltr'>per</span> 
     </span>
     <span class='ocr_line' id='line_1_59' title="bbox 1245 748 1986 791; baseline 0.005 -11"><span class='ocrx_word' id='word_1_274' title='bbox 1245 758 1324 791; x_wconf 89' lang='lat' dir='ltr'>quae</span> <span class='ocrx_word' id='word_1_275' title='bbox 1350 748 1601 782; x_wconf 82' lang='lat' dir='ltr'>christifidelium</span> <span class='ocrx_word' id='word_1_276' title='bbox 1629 760 1724 783; x_wconf 86' lang='lat' dir='ltr'>curae</span> <span class='ocrx_word' id='word_1_277' title='bbox 1746 755 1872 784; x_wconf 89' lang='lat' dir='ltr'>nostrae</span> <span class='ocrx_word' id='word_1_278' title='bbox 1897 751 1986 784; x_wconf 89' lang='lat' dir='ltr'>caeli-</span> 
     </span>
     <span class='ocr_line' id='line_1_60' title="bbox 1245 802 1987 838; baseline 0.007 -5"><span class='ocrx_word' id='word_1_279' title='bbox 1245 806 1294 833; x_wconf 86' lang='lat' dir='ltr'>tus</span> <span class='ocrx_word' id='word_1_280' title='bbox 1315 802 1556 835; x_wconf 89' lang='lat' dir='ltr'>commissorum</span> <span class='ocrx_word' id='word_1_281' title='bbox 1582 803 1757 836; x_wconf 86' lang='lat' dir='ltr'>animarum</span> <span class='ocrx_word' id='word_1_282' title='bbox 1773 804 1864 837; x_wconf 86' lang='lat' dir='ltr'>saluti</span> <span class='ocrx_word' id='word_1_283' title='bbox 1878 814 1987 838; x_wconf 89' lang='lat' dir='ltr'>consu-</span> 
     </span>
     <span class='ocr_line' id='line_1_61' title="bbox 1245 854 1985 901; baseline 0.005 -14"><span class='ocrx_word' id='word_1_284' title='bbox 1245 854 1330 896; x_wconf 91' lang='lat' dir='ltr'>litur,</span> <span class='ocrx_word' id='word_1_285' title='bbox 1348 855 1430 898; x_wconf 80' lang='lat' dir='ltr'>iugis</span> <span class='ocrx_word' id='word_1_286' title='bbox 1447 855 1626 899; x_wconf 82' lang='lat' dir='ltr'>vigilantiae</span> <span class='ocrx_word' id='word_1_287' title='bbox 1650 857 1760 890; x_wconf 88' lang='lat' dir='ltr'>studiis</span> <span class='ocrx_word' id='word_1_288' title='bbox 1784 857 1985 901; x_wconf 90' lang='lat' dir='ltr'>intendimus,</span> 
     </span>
     <span class='ocr_line' id='line_1_62' title="bbox 1246 908 1986 954; baseline 0.007 -14"><span class='ocrx_word' id='word_1_289' title='bbox 1246 908 1361 952; x_wconf 86' lang='lat' dir='ltr'>illaque</span> <span class='ocrx_word' id='word_1_290' title='bbox 1385 909 1516 953; x_wconf 88' lang='lat' dir='ltr'>provide</span> <span class='ocrx_word' id='word_1_291' title='bbox 1531 936 1539 950; x_wconf 91' lang='lat'>,</span> <span class='ocrx_word' id='word_1_292' title='bbox 1566 915 1716 954; x_wconf 90' lang='lat' dir='ltr'>quantum</span> <span class='ocrx_word' id='word_1_293' title='bbox 1746 910 1838 944; x_wconf 91' lang='lat' dir='ltr'>nobis</span> <span class='ocrx_word' id='word_1_294' title='bbox 1861 921 1898 944; x_wconf 88' lang='lat' dir='ltr'>ex</span> <span class='ocrx_word' id='word_1_295' title='bbox 1922 911 1986 946; x_wconf 88' lang='lat' dir='ltr'>alto</span> 
     </span>
     <span class='ocr_line' id='line_1_63' title="bbox 1246 962 1986 1009; baseline 0.005 -14"><span class='ocrx_word' id='word_1_296' title='bbox 1246 962 1439 1003; x_wconf 87' lang='lat' dir='ltr'>conceditur,</span> <span class='ocrx_word' id='word_1_297' title='bbox 1465 963 1634 1006; x_wconf 87' lang='lat' dir='ltr'>disponere</span> <span class='ocrx_word' id='word_1_298' title='bbox 1658 964 1847 1008; x_wconf 84' lang='lat' dir='ltr'>satagimus,</span> <span class='ocrx_word' id='word_1_299' title='bbox 1872 970 1986 1009; x_wconf 85' lang='lat' dir='ltr'>prout,</span> 
     </span>
     <span class='ocr_line' id='line_1_64' title="bbox 1246 1016 1985 1063; baseline 0.005 -15"><span class='ocrx_word' id='word_1_300' title='bbox 1246 1017 1369 1049; x_wconf 79' lang='lat' dir='ltr'>matura</span> <span class='ocrx_word' id='word_1_301' title='bbox 1394 1016 1643 1050; x_wconf 88' lang='lat' dir='ltr'>consideratione</span> <span class='ocrx_word' id='word_1_302' title='bbox 1666 1018 1805 1061; x_wconf 75' lang='lat' dir='ltr'>praevia,</span> <span class='ocrx_word' id='word_1_303' title='bbox 1829 1018 1985 1063; x_wconf 89' lang='lat' dir='ltr'>conspici-</span> 
     </span>
     <span class='ocr_line' id='line_1_65' title="bbox 1247 1068 1926 1115; baseline 0.003 -13"><span class='ocrx_word' id='word_1_304' title='bbox 1247 1068 1346 1102; x_wconf 86' lang='lat' dir='ltr'>cimus</span> <span class='ocrx_word' id='word_1_305' title='bbox 1366 1070 1396 1102; x_wconf 90' lang='lat' dir='ltr'>in</span> <span class='ocrx_word' id='word_1_306' title='bbox 1420 1070 1553 1103; x_wconf 89' lang='lat' dir='ltr'>Domino</span> <span class='ocrx_word' id='word_1_307' title='bbox 1577 1070 1746 1104; x_wconf 84' lang='lat' dir='ltr'>salubriter</span> <span class='ocrx_word' id='word_1_308' title='bbox 1770 1071 1926 1115; x_wconf 86' lang='lat' dir='ltr'>expedire.</span> 
     </span>
    </p>
   </div>
   <div class='ocr_carea' id='block_1_14' title="bbox 1291 1122 2183 1187">
    <p class='ocr_par' dir='ltr' id='par_1_16' title="bbox 1291 1122 2183 1187">
     <span class='ocr_line' id='line_1_66' title="bbox 1291 1122 2183 1187; baseline 0.004 -32"><span class='ocrx_word' id='word_1_309' title='bbox 1291 1122 1306 1165; x_wconf 57' lang='grc' dir='ltr'>ξ)</span> <span class='ocrx_word' id='word_1_310' title='bbox 1330 1122 1359 1155; x_wconf 82' lang='grc'>1.</span> <span class='ocrx_word' id='word_1_311' title='bbox 1385 1122 1461 1156; x_wconf 90' lang='lat' dir='ltr'>Cum</span> <span class='ocrx_word' id='word_1_312' title='bbox 1487 1123 1601 1166; x_wconf 88' lang='lat' dir='ltr'>itaque,</span> <span class='ocrx_word' id='word_1_313' title='bbox 1622 1123 1702 1156; x_wconf 87' lang='lat' dir='ltr'>sicut</span> <span class='ocrx_word' id='word_1_314' title='bbox 1726 1124 1916 1168; x_wconf 88' lang='lat' dir='ltr'>accepimus,</span> <span class='ocrx_word' id='word_1_315' title='bbox 1933 1124 1986 1158; x_wconf 88' lang='lat' dir='ltr'>du·</span> <span class='ocrx_word' id='word_1_316' title='bbox 2001 1138 2183 1187; x_wconf 36' lang='lat' dir='ltr'>caldelli?</span> 
     </span>
     <span class='ocr_line' id='line_1_67' title="bbox 2018 1171 2166 1187; baseline -0.007 0"><span class='ocrx_word' id='word_1_317' title='bbox 2018 1171 2054 1187; x_wconf 79' lang='lat' dir='ltr'>ons</span> <span class='ocrx_word' id='word_1_318' title='bbox 2066 1172 2071 1186; x_wconf 89' lang='lat'>1</span> <span class='ocrx_word' id='word_1_319' title='bbox 2161 1181 2166 1186; x_wconf 91' lang='lat'>.</span> 
     </span>
    </p>
   </div>
   <div class='ocr_carea' id='block_1_15' title="bbox 1247 1175 1993 2289">
    <p class='ocr_par' dir='ltr' id='par_1_17' title="bbox 1247 1175 1993 2235">
     <span class='ocr_line' id='line_1_68' title="bbox 1247 1175 1987 1222; baseline 0.005 -15"><span class='ocrx_word' id='word_1_320' title='bbox 1247 1175 1320 1208; x_wconf 92' lang='lat' dir='ltr'>dum</span> <span class='ocrx_word' id='word_1_321' title='bbox 1335 1175 1432 1208; x_wconf 88' lang='lat' dir='ltr'>felicis</span> <span class='ocrx_word' id='word_1_322' title='bbox 1446 1176 1674 1210; x_wconf 89' lang='lat' dir='ltr'>recordationis</span> <span class='ocrx_word' id='word_1_323' title='bbox 1687 1176 1760 1210; x_wconf 88' lang='lat' dir='ltr'>Pius</span> <span class='ocrx_word' id='word_1_324' title='bbox 1769 1177 1853 1221; x_wconf 90' lang='lat' dir='ltr'>Papa</span> <span class='ocrx_word' id='word_1_325' title='bbox 1864 1178 1888 1210; x_wconf 96' lang='lat' dir='ltr'>V</span> <span class='ocrx_word' id='word_1_326' title='bbox 1898 1187 1987 1222; x_wconf 85' lang='lat' dir='ltr'>prae-</span> 
     </span>
     <span class='ocr_line' id='line_1_69' title="bbox 1247 1229 1986 1271; baseline 0.003 -9"><span class='ocrx_word' id='word_1_327' title='bbox 1247 1229 1395 1262; x_wconf 89' lang='lat' dir='ltr'>decessor</span> <span class='ocrx_word' id='word_1_328' title='bbox 1411 1234 1529 1271; x_wconf 88' lang='lat' dir='ltr'>noster,</span> <span class='ocrx_word' id='word_1_329' title='bbox 1546 1230 1640 1263; x_wconf 88' lang='lat' dir='ltr'>certis</span> <span class='ocrx_word' id='word_1_330' title='bbox 1657 1230 1863 1264; x_wconf 83' lang='lat' dir='ltr'>rationalibus</span> <span class='ocrx_word' id='word_1_331' title='bbox 1883 1231 1986 1264; x_wconf 83' lang='lat' dir='ltr'>causis</span> 
     </span>
     <span class='ocr_line' id='line_1_70' title="bbox 1249 1283 1987 1326; baseline 0.003 -11"><span class='ocrx_word' id='word_1_332' title='bbox 1249 1287 1373 1325; x_wconf 88' lang='lat' dir='ltr'>motus,</span> <span class='ocrx_word' id='word_1_333' title='bbox 1401 1293 1459 1326; x_wconf 90' lang='lat' dir='ltr'>pro</span> <span class='ocrx_word' id='word_1_334' title='bbox 1484 1283 1612 1316; x_wconf 88' lang='lat' dir='ltr'>salutari</span> <span class='ocrx_word' id='word_1_335' title='bbox 1643 1283 1868 1318; x_wconf 81' lang='lat' dir='ltr'>reformatione</span> <span class='ocrx_word' id='word_1_336' title='bbox 1892 1284 1987 1317; x_wconf 83' lang='lat' dir='ltr'>colle-</span> 
     </span>
     <span class='ocr_line' id='line_1_71' title="bbox 1248 1336 1988 1380; baseline 0.004 -12"><span class='ocrx_word' id='word_1_337' title='bbox 1248 1336 1291 1379; x_wconf 82' lang='lat' dir='ltr'>gii</span> <span class='ocrx_word' id='word_1_338' title='bbox 1316 1336 1474 1369; x_wconf 90' lang='lat' dir='ltr'>minorum</span> <span class='ocrx_word' id='word_1_339' title='bbox 1500 1336 1816 1380; x_wconf 85' lang='lat' dir='ltr'>poenitentiariorum</span> <span class='ocrx_word' id='word_1_340' title='bbox 1840 1337 1988 1371; x_wconf 87' lang='lat' dir='ltr'>basilicae</span> 
     </span>
     <span class='ocr_line' id='line_1_72' title="bbox 1250 1389 1989 1433; baseline 0.004 -12"><span class='ocrx_word' id='word_1_341' title='bbox 1250 1389 1403 1433; x_wconf 86' lang='lat' dir='ltr'>Principis</span> <span class='ocrx_word' id='word_1_342' title='bbox 1427 1389 1652 1433; x_wconf 86' lang='lat' dir='ltr'>Apostolorum</span> <span class='ocrx_word' id='word_1_343' title='bbox 1674 1389 1712 1422; x_wconf 90' lang='lat' dir='ltr'>de</span> <span class='ocrx_word' id='word_1_344' title='bbox 1732 1389 1825 1432; x_wconf 88' lang='lat' dir='ltr'>Urbe,</span> <span class='ocrx_word' id='word_1_345' title='bbox 1851 1389 1989 1424; x_wconf 85' lang='lat' dir='ltr'>minores</span> 
     </span>
     <span class='ocr_line' id='line_1_73' title="bbox 1250 1442 1988 1486; baseline 0.004 -11"><span class='ocrx_word' id='word_1_346' title='bbox 1250 1442 1507 1485; x_wconf 87' lang='lat' dir='ltr'>poenitentiarios</span> <span class='ocrx_word' id='word_1_347' title='bbox 1532 1443 1585 1486; x_wconf 92' lang='lat' dir='ltr'>qui</span> <span class='ocrx_word' id='word_1_348' title='bbox 1610 1448 1675 1475; x_wconf 85' lang='lat' dir='ltr'>tum</span> <span class='ocrx_word' id='word_1_349' title='bbox 1706 1446 1794 1476; x_wconf 84' lang='lat' dir='ltr'>erant</span> <span class='ocrx_word' id='word_1_350' title='bbox 1811 1443 1852 1478; x_wconf 82' lang='lat' dir='ltr'>ab</span> <span class='ocrx_word' id='word_1_351' title='bbox 1878 1454 1988 1477; x_wconf 88' lang='lat' dir='ltr'>eorum</span> 
     </span>
     <span class='ocr_line' id='line_1_74' title="bbox 1250 1495 1990 1539; baseline 0.003 -11"><span class='ocrx_word' id='word_1_352' title='bbox 1250 1495 1510 1539; x_wconf 86' lang='lat' dir='ltr'>poenitentiariae</span> <span class='ocrx_word' id='word_1_353' title='bbox 1534 1495 1666 1529; x_wconf 87' lang='lat' dir='ltr'>minoris</span> <span class='ocrx_word' id='word_1_354' title='bbox 1691 1496 1794 1530; x_wconf 83' lang='lat' dir='ltr'>officio</span> <span class='ocrx_word' id='word_1_355' title='bbox 1819 1500 1849 1530; x_wconf 88' lang='lat' dir='ltr'>et</span> <span class='ocrx_word' id='word_1_356' title='bbox 1873 1497 1990 1530; x_wconf 86' lang='lat' dir='ltr'>exerci-</span> 
     </span>
     <span class='ocr_line' id='line_1_75' title="bbox 1250 1550 1990 1594; baseline 0.003 -12"><span class='ocrx_word' id='word_1_357' title='bbox 1250 1550 1293 1583; x_wconf 81' lang='lat' dir='ltr'>tio</span> <span class='ocrx_word' id='word_1_358' title='bbox 1321 1550 1446 1594; x_wconf 89' lang='lat' dir='ltr'>penitus</span> <span class='ocrx_word' id='word_1_359' title='bbox 1480 1555 1510 1583; x_wconf 89' lang='lat' dir='ltr'>et</span> <span class='ocrx_word' id='word_1_360' title='bbox 1543 1550 1672 1583; x_wconf 87' lang='lat' dir='ltr'>omnino</span> <span class='ocrx_word' id='word_1_361' title='bbox 1704 1550 1879 1591; x_wconf 87' lang='lat' dir='ltr'>amoverit,</span> <span class='ocrx_word' id='word_1_362' title='bbox 1904 1555 1934 1584; x_wconf 90' lang='lat' dir='ltr'>et</span> <span class='ocrx_word' id='word_1_363' title='bbox 1957 1551 1990 1584; x_wconf 91' lang='lat' dir='ltr'>in</span> 
     </span>
     <span class='ocr_line' id='line_1_76' title="bbox 1250 1603 1990 1646; baseline 0.003 -10"><span class='ocrx_word' id='word_1_364' title='bbox 1250 1614 1359 1637; x_wconf 89' lang='lat' dir='ltr'>eorum</span> <span class='ocrx_word' id='word_1_365' title='bbox 1385 1604 1489 1637; x_wconf 88' lang='lat' dir='ltr'>locum</span> <span class='ocrx_word' id='word_1_366' title='bbox 1515 1603 1554 1636; x_wconf 89' lang='lat' dir='ltr'>ad</span> <span class='ocrx_word' id='word_1_367' title='bbox 1577 1603 1758 1636; x_wconf 92' lang='lat' dir='ltr'>huiusmodi</span> <span class='ocrx_word' id='word_1_368' title='bbox 1783 1614 1906 1646; x_wconf 79' lang='lat' dir='ltr'>munuS,</span> <span class='ocrx_word' id='word_1_369' title='bbox 1926 1604 1990 1638; x_wconf 86' lang='lat' dir='ltr'>offi-</span> 
     </span>
     <span class='ocr_line' id='line_1_77' title="bbox 1250 1657 1990 1701; baseline 0.003 -12"><span class='ocrx_word' id='word_1_370' title='bbox 1250 1657 1333 1690; x_wconf 91' lang='lat' dir='ltr'>cium</span> <span class='ocrx_word' id='word_1_371' title='bbox 1352 1662 1382 1690; x_wconf 91' lang='lat' dir='ltr'>et</span> <span class='ocrx_word' id='word_1_372' title='bbox 1402 1657 1585 1690; x_wconf 85' lang='lat' dir='ltr'>exercitium</span> <span class='ocrx_word' id='word_1_373' title='bbox 1604 1657 1763 1690; x_wconf 89' lang='lat' dir='ltr'>minorum</span> <span class='ocrx_word' id='word_1_374' title='bbox 1782 1657 1990 1701; x_wconf 84' lang='lat' dir='ltr'>poenitentia·</span> 
     </span>
     <span class='ocr_line' id='line_1_78' title="bbox 1250 1710 1990 1755; baseline 0.004 -13"><span class='ocrx_word' id='word_1_375' title='bbox 1250 1711 1372 1743; x_wconf 90' lang='lat' dir='ltr'>riorum</span> <span class='ocrx_word' id='word_1_376' title='bbox 1393 1711 1511 1753; x_wconf 88' lang='lat' dir='ltr'>aliquot</span> <span class='ocrx_word' id='word_1_377' title='bbox 1535 1710 1736 1755; x_wconf 78' lang='lat' dir='ltr'>presbyteros</span> <span class='ocrx_word' id='word_1_378' title='bbox 1759 1711 1922 1754; x_wconf 87' lang='lat' dir='ltr'>regulares</span> <span class='ocrx_word' id='word_1_379' title='bbox 1937 1711 1990 1745; x_wconf 92' lang='lat' dir='ltr'>So-</span> 
     </span>
     <span class='ocr_line' id='line_1_79' title="bbox 1251 1763 1990 1807; baseline 0.003 -12"><span class='ocrx_word' id='word_1_380' title='bbox 1251 1763 1371 1796; x_wconf 88' lang='lat' dir='ltr'>cietatis</span> <span class='ocrx_word' id='word_1_381' title='bbox 1396 1763 1464 1796; x_wconf 89' lang='lat' dir='ltr'>lesu</span> <span class='ocrx_word' id='word_1_382' title='bbox 1489 1763 1684 1797; x_wconf 84' lang='lat' dir='ltr'>substituerit</span> <span class='ocrx_word' id='word_1_383' title='bbox 1708 1767 1737 1797; x_wconf 86' lang='lat' dir='ltr'>et</span> <span class='ocrx_word' id='word_1_384' title='bbox 1760 1763 1990 1807; x_wconf 81' lang='lat' dir='ltr'>subrogaverit,</span> 
     </span>
     <span class='ocr_line' id='line_1_80' title="bbox 1251 1815 1989 1860; baseline 0.003 -12"><span class='ocrx_word' id='word_1_385' title='bbox 1251 1815 1375 1859; x_wconf 88' lang='lat' dir='ltr'>illisque</span> <span class='ocrx_word' id='word_1_386' title='bbox 1399 1815 1527 1849; x_wconf 89' lang='lat' dir='ltr'>domum</span> <span class='ocrx_word' id='word_1_387' title='bbox 1563 1820 1592 1848; x_wconf 88' lang='lat' dir='ltr'>et</span> <span class='ocrx_word' id='word_1_388' title='bbox 1623 1815 1763 1848; x_wconf 88' lang='lat' dir='ltr'>redditus</span> <span class='ocrx_word' id='word_1_389' title='bbox 1794 1826 1854 1860; x_wconf 87' lang='lat' dir='ltr'>pro</span> <span class='ocrx_word' id='word_1_390' title='bbox 1878 1826 1989 1850; x_wconf 88' lang='lat' dir='ltr'>eorum</span> 
     </span>
     <span class='ocr_line' id='line_1_81' title="bbox 1251 1869 1990 1913; baseline 0.003 -11"><span class='ocrx_word' id='word_1_391' title='bbox 1251 1869 1442 1903; x_wconf 85' lang='lat' dir='ltr'>habitatione</span> <span class='ocrx_word' id='word_1_392' title='bbox 1466 1875 1496 1902; x_wconf 88' lang='lat' dir='ltr'>et</span> <span class='ocrx_word' id='word_1_393' title='bbox 1520 1870 1746 1903; x_wconf 87' lang='lat' dir='ltr'>sustentatione</span> <span class='ocrx_word' id='word_1_394' title='bbox 1769 1870 1990 1913; x_wconf 85' lang='lat' dir='ltr'>assignaverit,</span> 
     </span>
     <span class='ocr_line' id='line_1_82' title="bbox 1251 1923 1992 1967; baseline 0.004 -12"><span class='ocrx_word' id='word_1_395' title='bbox 1251 1926 1281 1956; x_wconf 89' lang='lat' dir='ltr'>et</span> <span class='ocrx_word' id='word_1_396' title='bbox 1297 1923 1358 1956; x_wconf 91' lang='lat' dir='ltr'>alia</span> <span class='ocrx_word' id='word_1_397' title='bbox 1382 1924 1466 1956; x_wconf 85' lang='lat' dir='ltr'>circa</span> <span class='ocrx_word' id='word_1_398' title='bbox 1490 1933 1601 1956; x_wconf 89' lang='lat' dir='ltr'>eorum</span> <span class='ocrx_word' id='word_1_399' title='bbox 1622 1923 1867 1967; x_wconf 87' lang='lat' dir='ltr'>deputationem,</span> <span class='ocrx_word' id='word_1_400' title='bbox 1884 1924 1992 1958; x_wconf 84' lang='lat' dir='ltr'>officii-</span> 
     </span>
     <span class='ocr_line' id='line_1_83' title="bbox 1251 1977 1991 2021; baseline 0.003 -12"><span class='ocrx_word' id='word_1_401' title='bbox 1251 1987 1311 2020; x_wconf 91' lang='lat' dir='ltr'>que</span> <span class='ocrx_word' id='word_1_402' title='bbox 1329 1977 1373 2009; x_wconf 90' lang='lat' dir='ltr'>eis</span> <span class='ocrx_word' id='word_1_403' title='bbox 1391 1977 1568 2009; x_wconf 88' lang='lat' dir='ltr'>demandati</span> <span class='ocrx_word' id='word_1_404' title='bbox 1587 1977 1781 2018; x_wconf 84' lang='lat' dir='ltr'>exercitium,</span> <span class='ocrx_word' id='word_1_405' title='bbox 1798 1987 1834 2010; x_wconf 85' lang='lat' dir='ltr'>ac</span> <span class='ocrx_word' id='word_1_406' title='bbox 1849 1977 1991 2021; x_wconf 79' lang='lat' dir='ltr'>ipsorum</span> 
     </span>
     <span class='ocr_line' id='line_1_84' title="bbox 1252 2030 1993 2072; baseline 0.003 -10"><span class='ocrx_word' id='word_1_407' title='bbox 1252 2035 1282 2062; x_wconf 87' lang='lat' dir='ltr'>et</span> <span class='ocrx_word' id='word_1_408' title='bbox 1306 2040 1415 2063; x_wconf 92' lang='lat' dir='ltr'>eorum</span> <span class='ocrx_word' id='word_1_409' title='bbox 1442 2030 1566 2072; x_wconf 86' lang='lat' dir='ltr'>collegii</span> <span class='ocrx_word' id='word_1_410' title='bbox 1598 2035 1713 2063; x_wconf 88' lang='lat' dir='ltr'>statum</span> <span class='ocrx_word' id='word_1_411' title='bbox 1743 2031 1940 2064; x_wconf 83' lang='lat' dir='ltr'>constituerit</span> <span class='ocrx_word' id='word_1_412' title='bbox 1963 2034 1993 2065; x_wconf 88' lang='lat' dir='ltr'>et</span> 
     </span>
     <span class='ocr_line' id='line_1_85' title="bbox 1251 2083 1990 2128; baseline 0.003 -13"><span class='ocrx_word' id='word_1_413' title='bbox 1251 2083 1458 2123; x_wconf 72' lang='lat' dir='ltr'>ordinaverit,</span> <span class='ocrx_word' id='word_1_414' title='bbox 1475 2093 1532 2116; x_wconf 90' lang='lat' dir='ltr'>nec</span> <span class='ocrx_word' id='word_1_415' title='bbox 1553 2088 1655 2116; x_wconf 89' lang='lat' dir='ltr'>tamen</span> <span class='ocrx_word' id='word_1_416' title='bbox 1673 2093 1767 2128; x_wconf 89' lang='lat' dir='ltr'>super</span> <span class='ocrx_word' id='word_1_417' title='bbox 1780 2083 1838 2125; x_wconf 91' lang='lat' dir='ltr'>his,</span> <span class='ocrx_word' id='word_1_418' title='bbox 1851 2084 1891 2117; x_wconf 88' lang='lat' dir='ltr'>ob</span> <span class='ocrx_word' id='word_1_419' title='bbox 1909 2084 1990 2117; x_wconf 88' lang='lat' dir='ltr'>eius-</span> 
     </span>
     <span class='ocr_line' id='line_1_86' title="bbox 1251 2137 1990 2181; baseline 0.003 -11"><span class='ocrx_word' id='word_1_420' title='bbox 1251 2137 1322 2170; x_wconf 92' lang='lat' dir='ltr'>dem</span> <span class='ocrx_word' id='word_1_421' title='bbox 1352 2137 1397 2170; x_wconf 82' lang='lat' dir='ltr'>Pii</span> <span class='ocrx_word' id='word_1_422' title='bbox 1424 2137 1677 2181; x_wconf 85' lang='lat' dir='ltr'>praedecessoris</span> <span class='ocrx_word' id='word_1_423' title='bbox 1705 2137 1843 2181; x_wconf 86' lang='lat' dir='ltr'>obitum,</span> <span class='ocrx_word' id='word_1_424' title='bbox 1867 2138 1990 2172; x_wconf 88' lang='lat' dir='ltr'>litterae</span> 
     </span>
     <span class='ocr_line' id='line_1_87' title="bbox 1251 2191 1790 2235; baseline 0 -11"><span class='ocrx_word' id='word_1_425' title='bbox 1251 2191 1443 2235; x_wconf 84' lang='lat' dir='ltr'>apostolicae</span> <span class='ocrx_word' id='word_1_426' title='bbox 1468 2191 1584 2224; x_wconf 80' lang='lat' dir='ltr'>suerint</span> <span class='ocrx_word' id='word_1_427' title='bbox 1608 2191 1790 2235; x_wconf 86' lang='lat' dir='ltr'>expeditae:</span> 
     </span>
    </p>

    <p class='ocr_par' dir='ltr' id='par_1_18' title="bbox 1295 2244 1989 2289">
     <span class='ocr_line' id='line_1_88' title="bbox 1295 2244 1989 2289; baseline 0.004 -12"><span class='ocrx_word' id='word_1_428' title='bbox 1295 2246 1310 2288; x_wconf 63' lang='grc' dir='ltr'><strong>ἓ</strong></span> <span class='ocrx_word' id='word_1_429' title='bbox 1334 2244 1363 2277; x_wconf 68' lang='lat'>2.</span> <span class='ocrx_word' id='word_1_430' title='bbox 1389 2245 1468 2278; x_wconf 88' lang='lat' dir='ltr'>Ilinc</span> <span class='ocrx_word' id='word_1_431' title='bbox 1488 2250 1534 2277; x_wconf 87' lang='lat' dir='ltr'>est</span> <span class='ocrx_word' id='word_1_432' title='bbox 1558 2245 1643 2288; x_wconf 91' lang='lat' dir='ltr'>quod</span> <span class='ocrx_word' id='word_1_433' title='bbox 1660 2255 1727 2285; x_wconf 92' lang='lat' dir='ltr'>nos,</span> <span class='ocrx_word' id='word_1_434' title='bbox 1749 2256 1794 2286; x_wconf 86' lang='lat' dir='ltr'>ea,</span> <span class='ocrx_word' id='word_1_435' title='bbox 1820 2256 1899 2289; x_wconf 87' lang='lat' dir='ltr'>quae</span> <span class='ocrx_word' id='word_1_436' title='bbox 1924 2256 1989 2280; x_wconf 87' lang='lat' dir='ltr'>me-</span> 
     </span>
    </p>
   </div>
   <div class='ocr_carea' id='block_1_16' title="bbox 1251 2352 1991 2664">
    <p class='ocr_par' dir='ltr' id='par_1_19' title="bbox 1251 2352 1991 2664">
     <span class='ocr_line' id='line_1_89' title="bbox 1252 2352 1991 2396; baseline 0.003 -12"><span class='ocrx_word' id='word_1_437' title='bbox 1252 2353 1350 2385; x_wconf 84' lang='lat' dir='ltr'>salute</span> <span class='ocrx_word' id='word_1_438' title='bbox 1374 2357 1404 2384; x_wconf 82' lang='lat' dir='ltr'>et</span> <span class='ocrx_word' id='word_1_439' title='bbox 1428 2352 1584 2396; x_wconf 89' lang='lat' dir='ltr'>spirituali</span> <span class='ocrx_word' id='word_1_440' title='bbox 1610 2352 1822 2386; x_wconf 89' lang='lat' dir='ltr'>consolatione</span> <span class='ocrx_word' id='word_1_441' title='bbox 1847 2353 1991 2387; x_wconf 88' lang='lat' dir='ltr'>christifi-</span> 
     </span>
     <span class='ocr_line' id='line_1_90' title="bbox 1251 2406 1991 2450; baseline 0.003 -12"><span class='ocrx_word' id='word_1_442' title='bbox 1251 2406 1367 2438; x_wconf 86' lang='lat' dir='ltr'>delium</span> <span class='ocrx_word' id='word_1_443' title='bbox 1391 2406 1457 2449; x_wconf 85' lang='lat' dir='ltr'>(qui</span> <span class='ocrx_word' id='word_1_444' title='bbox 1483 2406 1731 2449; x_wconf 88' lang='lat' dir='ltr'>omnipotentem</span> <span class='ocrx_word' id='word_1_445' title='bbox 1751 2407 1848 2440; x_wconf 84' lang='lat' dir='ltr'>Deum</span> <span class='ocrx_word' id='word_1_446' title='bbox 1874 2406 1991 2450; x_wconf 83' lang='lat' dir='ltr'>glorifi-</span> 
     </span>
     <span class='ocr_line' id='line_1_91' title="bbox 1251 2459 1989 2504; baseline 0.003 -13"><span class='ocrx_word' id='word_1_447' title='bbox 1251 2459 1350 2499; x_wconf 86' lang='lat' dir='ltr'>candi,</span> <span class='ocrx_word' id='word_1_448' title='bbox 1369 2470 1404 2492; x_wconf 88' lang='lat' dir='ltr'>ac</span> <span class='ocrx_word' id='word_1_449' title='bbox 1421 2460 1528 2492; x_wconf 86' lang='lat' dir='ltr'>beatos</span> <span class='ocrx_word' id='word_1_450' title='bbox 1545 2459 1611 2492; x_wconf 91' lang='lat' dir='ltr'>eius</span> <span class='ocrx_word' id='word_1_451' title='bbox 1635 2460 1794 2504; x_wconf 89' lang='lat' dir='ltr'>apostolos</span> <span class='ocrx_word' id='word_1_452' title='bbox 1811 2459 1989 2502; x_wconf 89' lang='lat' dir='ltr'>venerandi,</span> 
     </span>
     <span class='ocr_line' id='line_1_92' title="bbox 1251 2512 1991 2557; baseline 0.001 -12"><span class='ocrx_word' id='word_1_453' title='bbox 1251 2518 1490 2556; x_wconf 89' lang='lat' dir='ltr'>opportunaque</span> <span class='ocrx_word' id='word_1_454' title='bbox 1511 2512 1728 2556; x_wconf 86' lang='lat' dir='ltr'>spiritualibus</span> <span class='ocrx_word' id='word_1_455' title='bbox 1753 2513 1991 2557; x_wconf 85' lang='lat' dir='ltr'>temporalibus-</span> 
     </span>
     <span class='ocr_line' id='line_1_93' title="bbox 1251 2565 1990 2608; baseline 0.003 -10"><span class='ocrx_word' id='word_1_456' title='bbox 1251 2576 1311 2608; x_wconf 88' lang='lat' dir='ltr'>que</span> <span class='ocrx_word' id='word_1_457' title='bbox 1328 2566 1567 2599; x_wconf 86' lang='lat' dir='ltr'>neeessitatibus</span> <span class='ocrx_word' id='word_1_458' title='bbox 1585 2566 1650 2599; x_wconf 90' lang='lat' dir='ltr'>suis</span> <span class='ocrx_word' id='word_1_459' title='bbox 1673 2565 1811 2600; x_wconf 88' lang='lat' dir='ltr'>remedia</span> <span class='ocrx_word' id='word_1_460' title='bbox 1828 2571 1859 2599; x_wconf 87' lang='lat' dir='ltr'>et</span> <span class='ocrx_word' id='word_1_461' title='bbox 1875 2566 1990 2600; x_wconf 88' lang='lat' dir='ltr'>auxilia</span> 
     </span>
     <span class='ocr_line' id='line_1_94' title="bbox 1252 2620 1989 2664; baseline 0.003 -12"><span class='ocrx_word' id='word_1_462' title='bbox 1252 2620 1436 2653; x_wconf 87' lang='lat' dir='ltr'>eorumdem</span> <span class='ocrx_word' id='word_1_463' title='bbox 1461 2620 1625 2653; x_wconf 82' lang='lat' dir='ltr'>beatorum</span> <span class='ocrx_word' id='word_1_464' title='bbox 1651 2620 1868 2664; x_wconf 90' lang='lat' dir='ltr'>apostolorum</span> <span class='ocrx_word' id='word_1_465' title='bbox 1896 2620 1989 2654; x_wconf 90' lang='lat' dir='ltr'>inter-</span> 
     </span>
    </p>
   </div>
   <div class='ocr_carea' id='block_1_17' title="bbox 1995 226 2176 257">
    <p class='ocr_par' dir='ltr' id='par_1_20' title="bbox 1995 226 2176 257">
     <span class='ocr_line' id='line_1_95' title="bbox 1995 226 2176 257; baseline 0.017 -3"><span class='ocrx_word' id='word_1_466' title='bbox 1995 226 2044 254; x_wconf 68' lang='grc' dir='ltr'>Δια.</span> <span class='ocrx_word' id='word_1_467' title='bbox 2060 226 2092 256; x_wconf 86' lang='lat' dir='ltr'>C.</span> <span class='ocrx_word' id='word_1_468' title='bbox 2111 227 2176 257; x_wconf 79' lang='lat'>1659</span> 
     </span>
    </p>
   </div>
   <div class='ocr_carea' id='block_1_18' title="bbox 2025 608 2145 629">
    <p class='ocr_par' dir='ltr' id='par_1_21' title="bbox 2025 608 2145 629">
     <span class='ocr_line' id='line_1_96' title="bbox 2025 608 2145 629; baseline 0.008 -1"><span class='ocrx_word' id='word_1_469' title='bbox 2025 608 2145 629; x_wconf 75' lang='lat' dir='ltr'>Exordium.</span> 
     </span>
    </p>
   </div>
   <div class='ocr_carea' id='block_1_19' title="bbox 1252 2255 2243 2343">
    <p class='ocr_par' dir='ltr' id='par_1_22' title="bbox 1252 2255 2243 2343">
     <span class='ocr_line' id='line_1_97' title="bbox 2027 2255 2243 2286; baseline -0.005 -9"><span class='ocrx_word' id='word_1_470' title='bbox 2027 2283 2031 2286; x_wconf 90' lang='lat'>.</span> <span class='ocrx_word' id='word_1_471' title='bbox 2073 2255 2184 2282; x_wconf 68' lang='lat' dir='ltr'>Collegium</span> <span class='ocrx_word' id='word_1_472' title='bbox 2231 2262 2243 2282; x_wconf 59' lang='grc' dir='ltr'>ς</span> 
     </span>
     <span class='ocr_line' id='line_1_98' title="bbox 1252 2287 2241 2343; baseline -0.003 -12"><span class='ocrx_word' id='word_1_473' title='bbox 1252 2304 1392 2332; x_wconf 88' lang='lat' dir='ltr'>moratus</span> <span class='ocrx_word' id='word_1_474' title='bbox 1409 2299 1480 2331; x_wconf 81' lang='lat' dir='ltr'>Pius</span> <span class='ocrx_word' id='word_1_475' title='bbox 1498 2299 1722 2341; x_wconf 85' lang='lat' dir='ltr'>praedecessor</span> <span class='ocrx_word' id='word_1_476' title='bbox 1738 2310 1797 2343; x_wconf 90' lang='lat' dir='ltr'>pro</span> <span class='ocrx_word' id='word_1_477' title='bbox 1814 2299 1989 2334; x_wconf 86' lang='lat' dir='ltr'>animarum</span> <span class='ocrx_word' id='word_1_478' title='bbox 2005 2287 2184 2330; x_wconf 59' lang='lat' dir='ltr'>”iiiffiin‘ffiiorpffi&#39;</span> <span class='ocrx_word' id='word_1_479' title='bbox 2234 2291 2241 2303; x_wconf 74' lang='lat'><strong>‘</strong></span> 
     </span>
    </p>
   </div>
   <div class='ocr_carea' id='block_1_20' title="bbox 2005 2335 2159 2361">
    <p class='ocr_par' dir='ltr' id='par_1_23' title="bbox 2005 2335 2159 2361">
     <span class='ocr_line' id='line_1_99' title="bbox 2005 2335 2159 2361; baseline -0.013 -5"><span class='ocrx_word' id='word_1_480' title='bbox 2005 2336 2074 2356; x_wconf 77' lang='lat' dir='ltr'>denuo</span> <span class='ocrx_word' id='word_1_481' title='bbox 2091 2335 2159 2361; x_wconf 68' lang='lat' dir='ltr'>erigit.</span> 
     </span>
    </p>
   </div>
   <div class='ocr_carea' id='block_1_21' title="bbox 2231 2315 2237 2328">
    <p class='ocr_par' dir='ltr' id='par_1_24' title="bbox 2231 2315 2237 2328">
     <span class='ocr_line' id='line_1_100' title="bbox 2231 2315 2237 2328; baseline 0 0"><span class='ocrx_word' id='word_1_482' title='bbox 2231 2315 2237 2328; x_wconf 51' lang='grc' dir='ltr'>ἵ</span> 
     </span>
    </p>
   </div>
  </div>
 </body>
</html>
