2243 3205
39 242 88 268 An.
104 239 131 265 C.
155 239 220 266 1658

96 832 219 854 Constantio

39 860 140 882 Bonisacii
150 859 176 880 tx
187 865 220 880 re·

39 887 109 909 fertur.

826 240 1011 264 ALEXANDER
1036 240 1079 263 vll
1104 240 1152 264 ΡΙ).

233 291 335 319 essent
359 286 508 320 canonice
533 287 689 329 instituta,
718 288 970 322 communicavit.

233 339 270 372 Et
293 339 376 383 quod
401 339 489 383 prior
514 341 669 384 generalis
691 346 720 374 et
737 341 832 374 ceteri
851 341 972 385 priores

233 403 288 425 scu
320 392 530 426 locatenentes
568 393 692 427 Ordinis
729 395 860 428 fratrum
897 395 991 438 Ere-⁴¹

233 445 382 478 mitarum
406 446 583 490 praedictos
608 448 818 489 suos3s1·atres
838 448 991 481 novitios*

233 503 262 530 et
292 509 460 532 conversos
485 499 665 543 absolvere,
692 506 721 533 et
746 512 817 534 cum
843 502 887 534 eis
912 501 991 535 dis-1

233 561 365 594 pensare
390 551 423 584 in
447 552 587 595 casibus,
622 553 654 586 in
679 554 794 596 quibus
826 553 920 586 abbas
945 541 992 593 eti

233 604 356 647 priores
381 604 454 638 dicti
479 605 603 639 Ordinis
627 606 854 639 Carthusiensis
885 612 972 650 pote-

234 663 313 698 rant,
338 658 436 692 libere
460 663 490 691 et
510 665 664 703 perpetuo
684 664 812 703 possent
837 660 974 701 indulsit,

234 714 328 753 prout
351 711 381 743 in
411 711 508 755 ipsius
541 711 690 746 Bonisacii
723 713 993 756 praedecessoris!

235 763 349 797 litteris-
370 765 488 798 tenoris
513 766 681 809 sequentis,
706 766 863 800 videlicet:

278 817 293 860 ἓ
310 815 360 849 28.
379 817 571 861 Bonifacius
589 818 765 862 episcopus,
792 830 900 852 sert-us
916 830 976 852 ser-

235 880 346 904 vorum
363 870 434 912 Dei,
455 871 582 905 dilectis
598 872 679 914 filiis
700 872 808 916 priori
830 873 977 916 qenerale'

236 927 263 956 ct
275 923 432 967 fratribus
446 926 550 959 sancti
566 926 670 959 Pauli
682 926 703 959 Ι
713 927 864 959 eremitae
882 926 975 960 Ordi-
992 939 993 944 ¹

235 977 285 1010 nis
307 977 338 1011 S.
358 977 550 1022 Auyuslini,
565 979 704 1012 salutem
725 983 753 1012 ec
767 980 994 1028 apostolicam}

235 1029 493 1065 benedictionem.
520 1032 553 1065 In
578 1032 648 1065 sinu
676 1032 763 1066 Sedis
780 1033 994 1076 Apostolieael

236 1094 307 1116 cum
332 1083 415 1117 Ordo
440 1094 475 1122 ac
500 1095 587 1118 sacra
611 1085 734 1129 religio,
759 1085 816 1118 sub
841 1096 902 1129 qua
920 1086 994 1138 vir-¹

238 1141 339 1170 tutum
364 1137 496 1171 Domino
521 1138 667 1172 devotum
689 1139 867 1183 impenditis
882 1139 994 1172 samu-l

236 1190 351 1233 latum,
377 1191 604 1233 consistentes,
629 1192 673 1226 sic
706 1192 889 1236 splendent¹
920 1199 994 1236 pei-³

239 1244 389 1278 virtutum
416 1245 618 1287 incrementa,
643 1246 728 1289 quod
749 1246 842 1289 digne
858 1256 977 1279 meren-

237 1303 288 1331 tur
312 1298 488 1343 praecipuis
513 1299 612 1332 attolli
640 1299 801 1333 favoribus
826 1305 854 1332 et
884 1299 994 1342 spiri-¹

238 1352 373 1387 tualibus
404 1353 513 1396 gratiis
546 1353 726 1393 consovcri3
761 1363 818 1386 nos
851 1353 976 1396 quidem

237 1406 385 1440 Ordinem
404 1407 505 1450 ipsum
516 1407 651 1440 libenter
660 1407 884 1451 prosequimur
892 1418 978 1451 prue-

238 1461 380 1504 rogativa
394 1461 519 1501 favoris,
537 1467 566 1494 et
580 1466 747 1504 augmenta
760 1471 889 1494 suorum
909 1472 979 1505 pro-

239 1526 385 1549 cessuum
406 1515 545 1559 paternis
565 1515 728 1548 affectibus
744 1525 977 1558 promovemus.

284 1570 299 1613 ξ
334 1570 385 1602 29.
420 1569 499 1602 Hine
532 1573 578 1603 est
608 1569 691 1613 quod
726 1580 803 1610 nos,
843 1570 979 1602 volentes

240 1623 323 1667 quod
349 1623 430 1655 idem
457 1623 540 1657 Ordo
566 1623 758 1656 felicioribus
786 1623 897 1656 exinde
930 1634 980 1656 au-

239 1681 350 1720 geatur
375 1676 533 1720 auspiciis,
559 1681 588 1709 et
615 1681 699 1709 tanto
725 1677 882 1710 salubrius
907 1687 979 1720 pos—

240 1730 306 1764 sitis
332 1729 464 1763 reddere
488 1730 620 1764 Domino
646 1736 716 1763 vota
731 1735 843 1770 vestra,
864 1736 999 1774 quanto⁴

239 1783 416 1828 potioribus
441 1784 562 1817 fueritis
587 1784 696 1827 gratiis
722 1789 751 1817 et
784 1784 981 1817 libertatibus

241 1848 257 1869 a
281 1837 360 1870 Sede
385 1837 566 1881 Apostolica
583 1836 780 1878 communiti,
799 1836 909 1869 vestris
924 1836 981 1869 hac
998 1858 999 1866 1

242 1890 272 1923 in
297 1895 385 1934 parte
404 1890 683 1934 supplicationibus
698 1890 836 1923 inclinati
851 1890 980 1931 devotis,

242 1944 347 1977 omnia
371 1949 401 1976 et
425 1944 547 1986 singula
569 1944 738 1983 libertates,
758 1944 982 1985 immunitates,

243 1996 417 2040 privilegia,
444 1996 653 2039 indulgentias
668 2003 697 2029 et
711 1997 884 2037 facultates,
903 2007 982 2040 quae

242 2050 292 2082 hic
318 2060 353 2082 ex
381 2051 466 2082 certa
487 2050 616 2082 scientia
635 2050 852 2093 praesentibus
872 2051 981 2083 baberi

244 2104 386 2136 volumus
411 2113 468 2146 pro
494 2103 685 2137 sufficienler
710 2104 876 2146 expressis,
903 2104 982 2136 dile-

244 2156 300 2189 ctis
325 2156 396 2188 filiis
422 2157 500 2199 patri
527 2156 630 2189 abbati
665 2167 721 2200 pro
755 2162 896 2200 tempore
923 2158 983 2189 exi-

243 2209 334 2242 stenti
355 2219 390 2242 ac
416 2209 564 2242 fratribus
586 2210 748 2242 monacbis
766 2210 891 2243 Ordinis
916 2211 983 2243 Car-

245 2263 412 2295 thusiensis
427 2273 601 2306 eorumque
626 2264 824 2297 monasteriis
839 2275 892 2296 seu
909 2264 983 2297 loeis

245 2315 283 2348 ab
294 2315 471 2359 Apostolica
486 2316 564 2349 Sede
574 2316 811 2359 quomodolibet
826 2327 982 2356 concessa,

245 2378 300 2401 seu
326 2367 455 2408 indulta,
475 2368 562 2401 vobis
579 2375 610 2402 et
633 2369 830 2402 monasteriis
848 2380 883 2402 ac
909 2370 984 2403 locis

247 2421 368 2462 vestris,
388 2421 560 2455 dummodo
586 2422 646 2454 sint
666 2422 816 2455 canonice
834 2422 984 2463 instituta,

246 2480 280 2507 ut
304 2475 348 2507 cis
373 2475 416 2507 uti
433 2480 462 2507 et
475 2475 622 2518 gaudere,
645 2480 673 2508 et
691 2475 772 2519 quod
789 2476 877 2519 prior
890 2486 982 2519 gene-

247 2529 320 2562 ralis
346 2540 380 2562 ac
412 2529 506 2562 ceteri
538 2529 659 2572 priores
689 2540 742 2562 seu
774 2529 984 2564 locatenentes

282 2645 292 2671 1
318 2644 416 2672 Forsan
439 2644 580 2680 legendum
605 2645 771 2679 splendeant
791 2645 830 2680 (R.
846 2646 894 2677 T.).

1650 230 1714 262 375

1006 287 1080 321 dicti
1105 288 1198 322 vestri
1224 288 1347 321 Ordinis
1378 289 1498 333 possint
1530 299 1602 322 suos
1633 288 1745 321 fratres

1005 342 1140 375 novitios
1165 347 1194 374 et
1219 353 1386 375 conversos
1412 343 1594 383 absolvere,
1621 348 1649 375 ct
1675 352 1746 374 cum

1006 395 1050 427 eis
1074 395 1257 439 dispensare
1275 396 1306 428 in
1329 396 1459 437 casibus,
1481 397 1509 428 in
1531 396 1643 439 quibus
1658 401 1747 439 pater

1007 449 1102 482 abbas
1136 455 1165 482 et
1195 449 1318 492 priores
1351 449 1423 481 dicti
1457 449 1580 482 Ordinis
1609 449 1743 482 Carthu-

1007 501 1115 534 sicnsis
1131 506 1271 545 possunt,
1287 501 1385 534 libere
1400 505 1428 534 ct
1442 505 1595 545 perpetuo
1610 501 1747 540 valeatis,

1008 554 1094 588 vobis
1130 555 1314 588 auctoritate
1347 555 1520 598 apostolica
1554 555 1590 587 de
1621 554 1747 598 speciali

1008 608 1108 651 gratia
1129 607 1419 651 (constitutionibus
1445 613 1473 640 et
1500 607 1748 640 ordinationibus

1008 661 1202 705 apostolicis,
1228 671 1349 694 necnon
1375 660 1496 694 statutis
1522 666 1551 692 et
1576 666 1744 693 consuetu-

1009 714 1143 755 dinibus,
1168 720 1230 747 tam
1257 714 1469 758 praefatarum
1488 724 1581 757 quam
1607 713 1747 746 omnium

1009 767 1141 800 aliarum
1166 767 1411 807 ordinationum,
1431 778 1466 800 ac
1491 766 1558 799 aliis
1583 767 1749 799 contrariis

1009 831 1070 854 non
1104 821 1299 854 obstantibus
1340 820 1605 864 quibuscumque)
1642 824 1749 852 tenore

1010 875 1219 918 praesentium
1246 873 1455 917 indulgemus.
1481 873 1562 906 Nulli
1582 883 1657 915 ergo
1684 883 1750 905 oin-

1009 927 1084 960 nino
1108 927 1273 960 homiuum
1303 927 1393 960 liceat
1418 927 1499 959 lianc
1523 925 1668 970 paginam
1694 936 1750 959 no-

1010 986 1091 1013 strae
1118 980 1329 1013 concessionis
1351 980 1521 1022 infringere
1548 979 1595 1012 vel
1621 979 1647 1011 ei
1673 989 1751 1011 ausu

1012 1034 1179 1067 temerario
1205 1033 1372 1067 contraire.
1406 1033 1435 1066 Si
1467 1032 1537 1076 quis
1561 1037 1664 1065 autem
1691 1032 1751 1064 boc

1010 1091 1160 1121 attentare
1198 1087 1467 1131 praesumpserit,
1505 1085 1750 1128 indignationem

1012 1140 1235 1184 omnipotentis
1262 1140 1313 1173 Dei
1347 1151 1382 1172 ac
1413 1140 1578 1172 beatorum
1612 1139 1693 1171 Petri
1722 1143 1751 1170 et

1012 1193 1097 1225 Pauli
1123 1193 1336 1237 apostolorum
1361 1193 1426 1225 eius
1444 1203 1475 1225 se
1500 1192 1621 1225 noverit
1647 1191 1750 1224 incur-

1011 1256 1130 1278 surum.

1048 1308 1142 1336 Datum
1160 1308 1269 1341 Romae,
1285 1309 1354 1344 apud
1371 1309 1399 1335 S.
1418 1308 1536 1341 Petrum,
1558 1314 1604 1333 vni
1625 1307 1753 1334 kalendas

1012 1354 1111 1386 martii,
1129 1354 1300 1389 pontificatus
1316 1353 1398 1379 nostri
1416 1361 1485 1379 anno
1499 1359 1546 1386 xli,
1560 1352 1754 1379 iucarnationis

1013 1407 1077 1426 vero
1094 1399 1246 1425 Dominicae
1261 1404 1372 1424 mcccxc.

1058 1461 1139 1505 {30
1157 1461 1203 1494 Ad
1228 1461 1288 1494 boc
1313 1461 1413 1493 dictus
1432 1459 1604 1503 Gregorius
1629 1461 1755 1504 praede-

1013 1525 1130 1555 cessor,
1145 1514 1259 1547 intuitu
1274 1520 1300 1546 ct
1319 1513 1583 1556 contemplatione
1599 1513 1755 1556 gloriosae

1014 1569 1105 1601 etiam
1122 1567 1291 1601 memoriae
1306 1567 1453 1600 Ludorici
1469 1567 1551 1609 regis
1566 1567 1754 1609 ilungariae,

1016 1621 1214 1663 monasteria⁷
1230 1621 1387 1664 prioratus
1402 1626 1431 1653 ct
1445 1621 1513 1653 loca
1528 1620 1683 1653 dictorum
1700 1621 1755 1652 t'ra-

1016 1681 1097 1708 trum
1125 1675 1221 1707 sancti
1260 1674 1364 1714 Pauli,
1390 1684 1469 1717 quae
1503 1679 1573 1706 tunc
1600 1673 1755 1706 habebant

1015 1734 1044 1761 et
1068 1729 1155 1761 iustis
1181 1728 1281 1761 modis
1308 1729 1337 1760 in
1364 1734 1525 1772 posterum
1557 1727 1755 1766 obtinerent,

1016 1794 1086 1816 cum
1124 1782 1264 1815 ecclesiis
1298 1793 1352 1814 seu
1388 1781 1535 1814 oratoriis
1571 1781 1756 1814 eorumdem

1015 1846 1050 1868 ac
1076 1835 1217 1879 personis
1243 1835 1272 1867 in
1298 1835 1341 1866 eis
1368 1834 1563 1877 degentibus,
1589 1845 1604 1865 a
1631 1834 1756 1866 iurisdi-

1016 1889 1117 1923 ctione
1144 1900 1179 1921 ac
1204 1888 1343 1921 dominio
1371 1891 1399 1920 et
1425 1892 1576 1931 potestate
1602 1887 1758 1920 dioecesa-

1016 1954 1128 1976 norum
1155 1948 1184 1976 ct
1215 1952 1491 1986 quortuncumque
1521 1942 1757 1975 ordinariorum

1017 1996 1155 2029 iudicum
1181 1996 1295 2029 exemit
1320 2000 1349 2028 et
1375 1995 1510 2028 totaliter
1536 1995 1691 2035 liberavit,
1716 1996 1759 2027 di-

1017 2051 1154 2084 strictius
1180 2050 1325 2083 inhibens
1351 2049 1546 2082 dioecesanis
1571 2055 1599 2082 et
1621 2049 1688 2081 aliis
1706 2049 1759 2083 Or-

1017 2103 1146 2136 dinariis
1172 2103 1434 2147 quibuscumque,
1456 2113 1493 2135 nc
1511 2103 1540 2134 in
1559 2103 1758 2142 monasteria,

1017 2157 1174 2201 prioratus
1201 2158 1246 2189 rel
1274 2158 1341 2189 loca
1367 2156 1557 2197 huiusmodi,
1583 2162 1635 2189 aut
1664 2157 1760 2189 cccle-

1018 2211 1078 2243 sias
1104 2216 1133 2243 et
1157 2211 1295 2244 oratoria
1322 2210 1516 2250 eorumdem,
1542 2211 1588 2242 vel
1610 2221 1759 2254 personas

1020 2265 1049 2297 in
1076 2265 1135 2296 illis
1161 2264 1326 2307 degentes,
1347 2264 1594 2297 iurisdictionem
1621 2264 1758 2307 aliquam

1019 2328 1165 2350 exercere
1203 2321 1462 2361 praesumerent,
1495 2328 1528 2349 ac
1565 2317 1756 2349 decernens¹

1019 2370 1227 2412 monasteria,
1262 2371 1419 2414 prioratus
1453 2381 1487 2403 ac
1524 2371 1608 2409 loca,
1638 2379 1759 2402 necnon

1019 2425 1176 2465 ccclesias,
1193 2426 1330 2458 oratoria
1356 2431 1385 2458 et
1410 2435 1559 2468 personas
1579 2424 1759 2457 huiusmodi

1019 2478 1075 2511 sibi
1103 2484 1132 2511 et
1156 2479 1353 2522 Apostolicac
1379 2478 1448 2511 Sedi
1482 2478 1659 2511 immediate
1685 2478 1764 2512 sub-v

1019 2532 1097 2565 iecta
1122 2542 1198 2574 esse,
1225 2538 1317 2575 prout
1344 2532 1372 2564 in
1395 2531 1600 2575 infrascriptis
1620 2531 1759 2565 eiusdem

1056 2647 1065 2672 1
1086 2646 1151 2673 Male
1167 2646 1231 2673 edit.
1249 2646 1327 2673 Main.
1346 2646 1408 2681 legit
1423 2647 1605 2674 decernentes
1620 2649 1657 2681 (a.
1676 2649 1724 2680 T.).

1761 240 1809 265 An.
1827 238 1853 265 C.
1878 239 1943 265 1658

1805 1473 1879 1492 lterum
1904 1473 1953 1492 tire-

1771 1505 1841 1525 guiius
1849 1499 1874 1521 LX
1885 1505 1953 1519 immu·

1771 1527 1847 1545 nitate<
1870 1526 1954 1546 Ordinis

1771 1553 1889 1578 &tripli-ivit.
