<?xml version="1.0" encoding="UTF-8"?>
<!DOCTYPE html PUBLIC "-//W3C//DTD XHTML 1.0 Transitional//EN"
    "http://www.w3.org/TR/xhtml1/DTD/xhtml1-transitional.dtd">
<html xmlns="http://www.w3.org/1999/xhtml" xml:lang="en" lang="en">
 <head>
  <title>
</title>
<meta http-equiv="Content-Type" content="text/html;charset=utf-8" />
  <meta name='ocr-system' content='tesseract 3.04.00' />
  <meta name='ocr-capabilities' content='ocr_page ocr_carea ocr_par ocr_line ocrx_word'/>
</head>
<body>
  <div class='ocr_page' id='page_1' title='image "./bullarumdiplomat16cath_0691.png"; bbox 0 0 2243 3205; ppageno 0'>
   <div class='ocr_carea' id='block_1_1' title="bbox 39 178 221 212">
    <p class='ocr_par' dir='ltr' id='par_1_1' title="bbox 39 178 221 212">
     <span class='ocr_line' id='line_1_1' title="bbox 39 178 221 212; baseline -0.027 0"><span class='ocrx_word' id='word_1_1' title='bbox 39 178 86 212; x_wconf 72' lang='grc' dir='ltr'>λυ.</span> <span class='ocrx_word' id='word_1_2' title='bbox 109 179 221 208; x_wconf 78' lang='lat' dir='ltr'><strong>G.1661</strong></span> 
     </span>
    </p>
   </div>
   <div class='ocr_carea' id='block_1_2' title="bbox 34 1090 214 1140">
    <p class='ocr_par' dir='ltr' id='par_1_2' title="bbox 34 1090 214 1140">
     <span class='ocr_line' id='line_1_2' title="bbox 34 1090 214 1118; baseline -0.011 -6"><span class='ocrx_word' id='word_1_3' title='bbox 34 1091 159 1118; x_wconf 63' lang='lat' dir='ltr'>{Decretum</span> <span class='ocrx_word' id='word_1_4' title='bbox 169 1090 214 1111; x_wconf 74' lang='lat' dir='ltr'>Cle-</span> 
     </span>
     <span class='ocr_line' id='line_1_3' title="bbox 36 1117 173 1140; baseline -0.022 0"><span class='ocrx_word' id='word_1_5' title='bbox 36 1119 106 1140; x_wconf 76' lang='lat' dir='ltr'>-eutis</span> <span class='ocrx_word' id='word_1_6' title='bbox 121 1117 173 1138; x_wconf 87' lang='lat' dir='ltr'>VIII.</span> 
     </span>
    </p>
   </div>
   <div class='ocr_carea' id='block_1_3' title="bbox 831 176 1156 201">
    <p class='ocr_par' dir='ltr' id='par_1_3' title="bbox 831 176 1156 201">
     <span class='ocr_line' id='line_1_4' title="bbox 831 176 1156 201; baseline -0.006 0"><span class='ocrx_word' id='word_1_7' title='bbox 831 176 1017 201; x_wconf 64' lang='lat' dir='ltr'>ALEXANDER</span> <span class='ocrx_word' id='word_1_8' title='bbox 1040 176 1084 200; x_wconf 86' lang='lat' dir='ltr'>VH</span> <span class='ocrx_word' id='word_1_9' title='bbox 1108 176 1156 200; x_wconf 82' lang='lat' dir='ltr'>PP.</span> 
     </span>
    </p>
   </div>
   <div class='ocr_carea' id='block_1_4' title="bbox 229 224 971 425">
    <p class='ocr_par' dir='ltr' id='par_1_4' title="bbox 229 224 971 425">
     <span class='ocr_line' id='line_1_5' title="bbox 230 224 969 260; baseline -0.003 -1"><span class='ocrx_word' id='word_1_10' title='bbox 230 226 369 260; x_wconf 88' lang='lat' dir='ltr'>dominia</span> <span class='ocrx_word' id='word_1_11' title='bbox 389 231 419 259; x_wconf 90' lang='lat' dir='ltr'>et</span> <span class='ocrx_word' id='word_1_12' title='bbox 443 227 511 259; x_wconf 86' lang='lat' dir='ltr'>loca</span> <span class='ocrx_word' id='word_1_13' title='bbox 535 225 798 259; x_wconf 87' lang='lat' dir='ltr'>iurisdictionales</span> <span class='ocrx_word' id='word_1_14' title='bbox 824 229 853 258; x_wconf 92' lang='lat' dir='ltr'>et</span> <span class='ocrx_word' id='word_1_15' title='bbox 878 224 969 257; x_wconf 91' lang='lat' dir='ltr'>iuris-</span> 
     </span>
     <span class='ocr_line' id='line_1_6' title="bbox 231 277 970 322; baseline -0.004 -10"><span class='ocrx_word' id='word_1_16' title='bbox 231 279 412 313; x_wconf 88' lang='lat' dir='ltr'>dictionalia</span> <span class='ocrx_word' id='word_1_17' title='bbox 436 279 465 312; x_wconf 86' lang='lat' dir='ltr'>S.</span> <span class='ocrx_word' id='word_1_18' title='bbox 484 280 517 312; x_wconf 83' lang='lat' dir='ltr'>R.</span> <span class='ocrx_word' id='word_1_19' title='bbox 539 279 571 312; x_wconf 88' lang='lat' dir='ltr'>E.</span> <span class='ocrx_word' id='word_1_20' title='bbox 600 289 635 312; x_wconf 92' lang='lat' dir='ltr'>ac</span> <span class='ocrx_word' id='word_1_21' title='bbox 661 278 747 312; x_wconf 85' lang='lat' dir='ltr'>Sedis</span> <span class='ocrx_word' id='word_1_22' title='bbox 771 277 970 322; x_wconf 79' lang='lat' dir='ltr'>Apostolicae</span> 
     </span>
     <span class='ocr_line' id='line_1_7' title="bbox 230 330 970 374; baseline -0.004 -10"><span class='ocrx_word' id='word_1_23' title='bbox 230 332 262 364; x_wconf 89' lang='lat' dir='ltr'>in</span> <span class='ocrx_word' id='word_1_24' title='bbox 285 332 423 374; x_wconf 86' lang='lat' dir='ltr'>feudum,</span> <span class='ocrx_word' id='word_1_25' title='bbox 449 332 632 366; x_wconf 81' lang='lat' dir='ltr'>vicariatum</span> <span class='ocrx_word' id='word_1_26' title='bbox 651 331 697 364; x_wconf 80' lang='lat' dir='ltr'>vel</span> <span class='ocrx_word' id='word_1_27' title='bbox 722 331 818 364; x_wconf 90' lang='lat' dir='ltr'>alium</span> <span class='ocrx_word' id='word_1_28' title='bbox 846 330 970 362; x_wconf 88' lang='lat' dir='ltr'>titulum</span> 
     </span>
     <span class='ocr_line' id='line_1_8' title="bbox 229 383 971 425; baseline -0.003 -8"><span class='ocrx_word' id='word_1_29' title='bbox 229 389 304 418; x_wconf 89' lang='lat' dir='ltr'>tunc</span> <span class='ocrx_word' id='word_1_30' title='bbox 328 395 490 418; x_wconf 85' lang='lat' dir='ltr'>concessas</span> <span class='ocrx_word' id='word_1_31' title='bbox 509 389 538 419; x_wconf 91' lang='lat' dir='ltr'>et</span> <span class='ocrx_word' id='word_1_32' title='bbox 560 395 718 425; x_wconf 87' lang='lat' dir='ltr'>concessa,</span> <span class='ocrx_word' id='word_1_33' title='bbox 733 394 768 417; x_wconf 82' lang='lat' dir='ltr'>ac</span> <span class='ocrx_word' id='word_1_34' title='bbox 785 384 877 416; x_wconf 91' lang='lat' dir='ltr'>etiam</span> <span class='ocrx_word' id='word_1_35' title='bbox 895 383 971 415; x_wconf 83' lang='lat' dir='ltr'>alias</span> 
     </span>
    </p>
   </div>
   <div class='ocr_carea' id='block_1_5' title="bbox 229 437 1744 529">
    <p class='ocr_par' dir='ltr' id='par_1_5' title="bbox 229 437 1744 529">
     <span class='ocr_line' id='line_1_9' title="bbox 229 437 990 482; baseline -0.004 -11"><span class='ocrx_word' id='word_1_36' title='bbox 229 438 397 482; x_wconf 86' lang='lat' dir='ltr'>aliquando</span> <span class='ocrx_word' id='word_1_37' title='bbox 425 444 455 471; x_wconf 90' lang='lat' dir='ltr'>et</span> <span class='ocrx_word' id='word_1_38' title='bbox 488 438 607 481; x_wconf 83' lang='lat' dir='ltr'>pluries</span> <span class='ocrx_word' id='word_1_39' title='bbox 639 437 767 470; x_wconf 87' lang='lat' dir='ltr'>concedi</span> <span class='ocrx_word' id='word_1_40' title='bbox 804 437 911 470; x_wconf 87' lang='lat' dir='ltr'>solitas</span> <span class='ocrx_word' id='word_1_41' title='bbox 942 442 990 481; x_wconf 66' lang='lat' dir='ltr'>eti</span> 
     </span>
     <span class='ocr_line' id='line_1_10' title="bbox 989 487 1744 529; baseline -0.001 -8"><span class='ocrx_word' id='word_1_42' title='bbox 989 498 1103 521; x_wconf 49' lang='grc' dir='ltr'>ἸΜυκω</span> <span class='ocrx_word' id='word_1_43' title='bbox 1132 487 1255 529; x_wconf 86' lang='lat' dir='ltr'>habito,</span> <span class='ocrx_word' id='word_1_44' title='bbox 1283 487 1443 520; x_wconf 69' lang='lat' dir='ltr'>sententiis</span> <span class='ocrx_word' id='word_1_45' title='bbox 1472 492 1575 519; x_wconf 87' lang='lat' dir='ltr'>tamen</span> <span class='ocrx_word' id='word_1_46' title='bbox 1600 487 1629 519; x_wconf 82' lang='lat' dir='ltr'>S.</span> <span class='ocrx_word' id='word_1_47' title='bbox 1653 488 1687 520; x_wconf 71' lang='lat' dir='ltr'>tt.</span> <span class='ocrx_word' id='word_1_48' title='bbox 1711 487 1744 520; x_wconf 81' lang='lat' dir='ltr'>E.</span> 
     </span>
    </p>
   </div>
   <div class='ocr_carea' id='block_1_6' title="bbox 228 489 972 590">
    <p class='ocr_par' dir='ltr' id='par_1_6' title="bbox 228 489 972 590">
     <span class='ocr_line' id='line_1_11' title="bbox 229 489 970 535; baseline -0.004 -11"><span class='ocrx_word' id='word_1_49' title='bbox 229 491 331 532; x_wconf 87' lang='lat' dir='ltr'>solita,</span> <span class='ocrx_word' id='word_1_50' title='bbox 354 501 556 535; x_wconf 86' lang='lat' dir='ltr'>quocumque</span> <span class='ocrx_word' id='word_1_51' title='bbox 583 496 725 534; x_wconf 90' lang='lat' dir='ltr'>tempore</span> <span class='ocrx_word' id='word_1_52' title='bbox 749 489 787 522; x_wconf 92' lang='lat' dir='ltr'>ad</span> <span class='ocrx_word' id='word_1_53' title='bbox 812 500 970 522; x_wconf 89' lang='lat' dir='ltr'>cameram</span> 
     </span>
     <span class='ocr_line' id='line_1_12' title="bbox 228 544 972 590; baseline -0.003 -12"><span class='ocrx_word' id='word_1_54' title='bbox 228 545 433 590; x_wconf 87' lang='lat' dir='ltr'>apostolicam</span> <span class='ocrx_word' id='word_1_55' title='bbox 458 545 624 584; x_wconf 77' lang='lat' dir='ltr'>devoluta3</span> <span class='ocrx_word' id='word_1_56' title='bbox 655 555 765 576; x_wconf 75' lang='lat' dir='ltr'>verum</span> <span class='ocrx_word' id='word_1_57' title='bbox 791 544 858 577; x_wconf 84' lang='lat' dir='ltr'>illas</span> <span class='ocrx_word' id='word_1_58' title='bbox 894 554 972 587; x_wconf 84' lang='lat' dir='ltr'>quo-</span> 
     </span>
    </p>
   </div>
   <div class='ocr_carea' id='block_1_7' title="bbox 228 597 990 643">
    <p class='ocr_par' dir='ltr' id='par_1_7' title="bbox 228 597 990 643">
     <span class='ocr_line' id='line_1_13' title="bbox 228 597 990 643; baseline 0 -12"><span class='ocrx_word' id='word_1_59' title='bbox 228 609 290 643; x_wconf 92' lang='lat' dir='ltr'>que</span> <span class='ocrx_word' id='word_1_60' title='bbox 313 604 341 631; x_wconf 92' lang='lat' dir='ltr'>et</span> <span class='ocrx_word' id='word_1_61' title='bbox 367 598 428 640; x_wconf 90' lang='lat' dir='ltr'>illa,</span> <span class='ocrx_word' id='word_1_62' title='bbox 454 608 534 642; x_wconf 89' lang='lat' dir='ltr'>quae</span> <span class='ocrx_word' id='word_1_63' title='bbox 558 608 720 640; x_wconf 81' lang='lat' dir='ltr'>nunquam</span> <span class='ocrx_word' id='word_1_64' title='bbox 745 601 835 630; x_wconf 87' lang='lat' dir='ltr'>antea</span> <span class='ocrx_word' id='word_1_65' title='bbox 860 597 892 629; x_wconf 92' lang='lat' dir='ltr'>in</span> <span class='ocrx_word' id='word_1_66' title='bbox 910 597 990 631; x_wconf 44' lang='lat' dir='ltr'>seu-i</span> 
     </span>
    </p>
   </div>
   <div class='ocr_carea' id='block_1_8' title="bbox 227 650 972 1118">
    <p class='ocr_par' dir='ltr' id='par_1_8' title="bbox 227 650 972 1069">
     <span class='ocr_line' id='line_1_14' title="bbox 228 650 970 693; baseline -0.003 -9"><span class='ocrx_word' id='word_1_67' title='bbox 228 651 303 684; x_wconf 90' lang='lat' dir='ltr'>dum</span> <span class='ocrx_word' id='word_1_68' title='bbox 322 651 368 684; x_wconf 85' lang='lat' dir='ltr'>vel</span> <span class='ocrx_word' id='word_1_69' title='bbox 393 651 454 684; x_wconf 87' lang='lat' dir='ltr'>alio</span> <span class='ocrx_word' id='word_1_70' title='bbox 475 650 566 683; x_wconf 90' lang='lat' dir='ltr'>titulo</span> <span class='ocrx_word' id='word_1_71' title='bbox 584 660 742 690; x_wconf 81' lang='lat' dir='ltr'>concessa,</span> <span class='ocrx_word' id='word_1_72' title='bbox 761 650 815 682; x_wconf 85' lang='lat' dir='ltr'>sed</span> <span class='ocrx_word' id='word_1_73' title='bbox 842 660 898 693; x_wconf 87' lang='lat' dir='ltr'>per</span> <span class='ocrx_word' id='word_1_74' title='bbox 920 660 970 682; x_wconf 89' lang='lat' dir='ltr'>ca-</span> 
     </span>
     <span class='ocr_line' id='line_1_15' title="bbox 229 703 972 747; baseline -0.001 -10"><span class='ocrx_word' id='word_1_75' title='bbox 229 715 350 737; x_wconf 83' lang='lat' dir='ltr'>meram</span> <span class='ocrx_word' id='word_1_76' title='bbox 375 710 405 737; x_wconf 89' lang='lat' dir='ltr'>et</span> <span class='ocrx_word' id='word_1_77' title='bbox 428 703 540 737; x_wconf 89' lang='lat' dir='ltr'>Sedem</span> <span class='ocrx_word' id='word_1_78' title='bbox 559 703 773 747; x_wconf 88' lang='lat' dir='ltr'>Apostolicam</span> <span class='ocrx_word' id='word_1_79' title='bbox 793 703 972 736; x_wconf 71' lang='lat' dir='ltr'>immediate</span> 
     </span>
     <span class='ocr_line' id='line_1_16' title="bbox 228 756 971 802; baseline -0.004 -11"><span class='ocrx_word' id='word_1_80' title='bbox 228 768 372 802; x_wconf 91' lang='lat' dir='ltr'>possessa</span> <span class='ocrx_word' id='word_1_81' title='bbox 402 758 552 797; x_wconf 83' lang='lat' dir='ltr'>fuerunt,</span> <span class='ocrx_word' id='word_1_82' title='bbox 589 757 635 790; x_wconf 77' lang='lat' dir='ltr'>vel</span> <span class='ocrx_word' id='word_1_83' title='bbox 662 764 735 789; x_wconf 91' lang='lat' dir='ltr'>tunc</span> <span class='ocrx_word' id='word_1_84' title='bbox 767 756 971 800; x_wconf 89' lang='lat' dir='ltr'>possideban-</span> 
     </span>
     <span class='ocr_line' id='line_1_17' title="bbox 230 809 972 855; baseline -0.004 -10"><span class='ocrx_word' id='word_1_85' title='bbox 230 815 289 852; x_wconf 88' lang='lat' dir='ltr'>tur,</span> <span class='ocrx_word' id='word_1_86' title='bbox 307 816 402 855; x_wconf 88' lang='lat' dir='ltr'>prout</span> <span class='ocrx_word' id='word_1_87' title='bbox 419 811 512 844; x_wconf 91' lang='lat' dir='ltr'>etiam</span> <span class='ocrx_word' id='word_1_88' title='bbox 535 810 634 844; x_wconf 83' lang='lat' dir='ltr'>felicis</span> <span class='ocrx_word' id='word_1_89' title='bbox 652 809 881 843; x_wconf 89' lang='lat' dir='ltr'>recordationis</span> <span class='ocrx_word' id='word_1_90' title='bbox 906 810 972 843; x_wconf 87' lang='lat' dir='ltr'>Cle-</span> 
     </span>
     <span class='ocr_line' id='line_1_18' title="bbox 228 863 971 908; baseline -0.003 -10"><span class='ocrx_word' id='word_1_91' title='bbox 228 875 316 898; x_wconf 84' lang='lat' dir='ltr'>mens</span> <span class='ocrx_word' id='word_1_92' title='bbox 342 865 407 898; x_wconf 82' lang='lat' dir='ltr'>VIII</span> <span class='ocrx_word' id='word_1_93' title='bbox 429 864 654 908; x_wconf 86' lang='lat' dir='ltr'>praedeeessor</span> <span class='ocrx_word' id='word_1_94' title='bbox 676 868 781 897; x_wconf 89' lang='lat' dir='ltr'>noster</span> <span class='ocrx_word' id='word_1_95' title='bbox 799 874 857 896; x_wconf 88' lang='lat' dir='ltr'>suo</span> <span class='ocrx_word' id='word_1_96' title='bbox 871 863 971 896; x_wconf 87' lang='lat' dir='ltr'>consi-</span> 
     </span>
     <span class='ocr_line' id='line_1_19' title="bbox 228 916 971 957; baseline -0.004 -6"><span class='ocrx_word' id='word_1_97' title='bbox 228 918 346 952; x_wconf 88' lang='lat' dir='ltr'>storiali</span> <span class='ocrx_word' id='word_1_98' title='bbox 361 918 487 950; x_wconf 88' lang='lat' dir='ltr'>decreto</span> <span class='ocrx_word' id='word_1_99' title='bbox 498 917 547 950; x_wconf 87' lang='lat' dir='ltr'>die</span> <span class='ocrx_word' id='word_1_100' title='bbox 562 927 638 950; x_wconf 75' lang='lat' dir='ltr'>xxvl</span> <span class='ocrx_word' id='word_1_101' title='bbox 662 916 738 948; x_wconf 91' lang='lat' dir='ltr'>iunii</span> <span class='ocrx_word' id='word_1_102' title='bbox 755 926 836 949; x_wconf 90' lang='lat' dir='ltr'>anno</span> <span class='ocrx_word' id='word_1_103' title='bbox 852 926 971 957; x_wconf 76' lang='lat' dir='ltr'>muxcn,</span> 
     </span>
     <span class='ocr_line' id='line_1_20' title="bbox 228 970 970 1015; baseline -0.001 -12"><span class='ocrx_word' id='word_1_104' title='bbox 228 971 429 1015; x_wconf 82' lang='lat' dir='ltr'>pontificatus</span> <span class='ocrx_word' id='word_1_105' title='bbox 452 970 536 1003; x_wconf 89' lang='lat' dir='ltr'>illius</span> <span class='ocrx_word' id='word_1_106' title='bbox 550 980 570 1010; x_wconf 94' lang='lat'>1,</span> <span class='ocrx_word' id='word_1_107' title='bbox 595 970 782 1010; x_wconf 70' lang='lat' dir='ltr'>declaravit,</span> <span class='ocrx_word' id='word_1_108' title='bbox 809 970 897 1002; x_wconf 89' lang='lat' dir='ltr'>cuius</span> <span class='ocrx_word' id='word_1_109' title='bbox 922 980 970 1002; x_wconf 86' lang='lat' dir='ltr'>se-</span> 
     </span>
     <span class='ocr_line' id='line_1_21' title="bbox 227 1025 465 1069; baseline -0.004 -12"><span class='ocrx_word' id='word_1_110' title='bbox 227 1025 335 1069; x_wconf 88' lang='lat' dir='ltr'>quitur</span> <span class='ocrx_word' id='word_1_111' title='bbox 361 1031 465 1058; x_wconf 90' lang='lat' dir='ltr'>tenor:</span> 
     </span>
    </p>

    <p class='ocr_par' dir='ltr' id='par_1_9' title="bbox 278 1076 971 1118">
     <span class='ocr_line' id='line_1_22' title="bbox 278 1076 971 1118; baseline -0.003 -8"><span class='ocrx_word' id='word_1_112' title='bbox 278 1090 291 1110; x_wconf 74' lang='lat' dir='ltr'>t(</span> <span class='ocrx_word' id='word_1_113' title='bbox 316 1079 458 1112; x_wconf 84' lang='lat' dir='ltr'>Clemens</span> <span class='ocrx_word' id='word_1_114' title='bbox 478 1078 542 1110; x_wconf 81' lang='lat' dir='ltr'>vltl</span> <span class='ocrx_word' id='word_1_115' title='bbox 558 1077 576 1118; x_wconf 89' lang='lat'>¹,</span> <span class='ocrx_word' id='word_1_116' title='bbox 594 1077 808 1110; x_wconf 87' lang='lat' dir='ltr'>sanctissimus</span> <span class='ocrx_word' id='word_1_117' title='bbox 826 1076 971 1109; x_wconf 90' lang='lat' dir='ltr'>dominus</span> 
     </span>
    </p>
   </div>
   <div class='ocr_carea' id='block_1_9' title="bbox 228 1130 989 1174">
    <p class='ocr_par' dir='ltr' id='par_1_10' title="bbox 228 1130 989 1174">
     <span class='ocr_line' id='line_1_23' title="bbox 228 1130 989 1174; baseline -0.005 -9"><span class='ocrx_word' id='word_1_118' title='bbox 228 1137 353 1171; x_wconf 87' lang='lat' dir='ltr'>noster,</span> <span class='ocrx_word' id='word_1_119' title='bbox 382 1131 460 1163; x_wconf 78' lang='lat' dir='ltr'>dixit</span> <span class='ocrx_word' id='word_1_120' title='bbox 484 1131 579 1174; x_wconf 87' lang='lat' dir='ltr'>(post</span> <span class='ocrx_word' id='word_1_121' title='bbox 610 1130 726 1163; x_wconf 87' lang='lat' dir='ltr'>editam</span> <span class='ocrx_word' id='word_1_122' title='bbox 758 1141 815 1174; x_wconf 88' lang='lat' dir='ltr'>per</span> <span class='ocrx_word' id='word_1_123' title='bbox 846 1135 989 1162; x_wconf 78' lang='lat' dir='ltr'>sanetaei</span> 
     </span>
    </p>
   </div>
   <div class='ocr_carea' id='block_1_10' title="bbox 227 1183 971 2190">
    <p class='ocr_par' dir='ltr' id='par_1_11' title="bbox 227 1183 971 2190">
     <span class='ocr_line' id='line_1_24' title="bbox 228 1183 970 1227; baseline -0.004 -9"><span class='ocrx_word' id='word_1_124' title='bbox 228 1184 455 1218; x_wconf 89' lang='lat' dir='ltr'>recordationis</span> <span class='ocrx_word' id='word_1_125' title='bbox 480 1184 569 1217; x_wconf 90' lang='lat' dir='ltr'>Pium</span> <span class='ocrx_word' id='word_1_126' title='bbox 595 1184 710 1227; x_wconf 86' lang='lat' dir='ltr'>Papam</span> <span class='ocrx_word' id='word_1_127' title='bbox 736 1184 769 1223; x_wconf 67' lang='lat' dir='ltr'>Y,</span> <span class='ocrx_word' id='word_1_128' title='bbox 794 1183 970 1216; x_wconf 83' lang='lat' dir='ltr'>Sanctitatis</span> 
     </span>
     <span class='ocr_line' id='line_1_25' title="bbox 227 1237 970 1282; baseline -0.003 -10"><span class='ocrx_word' id='word_1_129' title='bbox 227 1238 308 1272; x_wconf 86' lang='lat' dir='ltr'>Suae</span> <span class='ocrx_word' id='word_1_130' title='bbox 333 1237 619 1282; x_wconf 78' lang='lat' dir='ltr'>praedecessorem,</span> <span class='ocrx_word' id='word_1_131' title='bbox 637 1237 674 1270; x_wconf 91' lang='lat' dir='ltr'>de</span> <span class='ocrx_word' id='word_1_132' title='bbox 691 1237 823 1269; x_wconf 81' lang='lat' dir='ltr'>fratrum</span> <span class='ocrx_word' id='word_1_133' title='bbox 840 1237 970 1270; x_wconf 84' lang='lat' dir='ltr'>consilio</span> 
     </span>
     <span class='ocr_line' id='line_1_26' title="bbox 228 1290 970 1325; baseline -0.004 0"><span class='ocrx_word' id='word_1_134' title='bbox 228 1292 484 1325; x_wconf 89' lang='lat' dir='ltr'>constitutionem</span> <span class='ocrx_word' id='word_1_135' title='bbox 510 1291 547 1323; x_wconf 90' lang='lat' dir='ltr'>de</span> <span class='ocrx_word' id='word_1_136' title='bbox 572 1300 635 1323; x_wconf 90' lang='lat' dir='ltr'>non</span> <span class='ocrx_word' id='word_1_137' title='bbox 660 1290 833 1323; x_wconf 76' lang='lat' dir='ltr'>alienandis</span> <span class='ocrx_word' id='word_1_138' title='bbox 865 1291 970 1322; x_wconf 75' lang='lat' dir='ltr'>civita-</span> 
     </span>
     <span class='ocr_line' id='line_1_27' title="bbox 227 1342 969 1387; baseline -0.003 -10"><span class='ocrx_word' id='word_1_139' title='bbox 227 1344 320 1386; x_wconf 83' lang='lat' dir='ltr'>tibus,</span> <span class='ocrx_word' id='word_1_140' title='bbox 346 1344 447 1385; x_wconf 81' lang='lat' dir='ltr'>terriS,</span> <span class='ocrx_word' id='word_1_141' title='bbox 473 1343 597 1387; x_wconf 89' lang='lat' dir='ltr'>oppidis</span> <span class='ocrx_word' id='word_1_142' title='bbox 615 1349 644 1376; x_wconf 89' lang='lat' dir='ltr'>et</span> <span class='ocrx_word' id='word_1_143' title='bbox 664 1343 750 1383; x_wconf 78' lang='lat' dir='ltr'>locis,</span> <span class='ocrx_word' id='word_1_144' title='bbox 766 1342 823 1376; x_wconf 89' lang='lat' dir='ltr'>sibi</span> <span class='ocrx_word' id='word_1_145' title='bbox 842 1348 872 1375; x_wconf 89' lang='lat' dir='ltr'>et</span> <span class='ocrx_word' id='word_1_146' title='bbox 892 1343 969 1385; x_wconf 85' lang='lat' dir='ltr'>Apo—</span> 
     </span>
     <span class='ocr_line' id='line_1_28' title="bbox 227 1395 970 1440; baseline -0.003 -9"><span class='ocrx_word' id='word_1_147' title='bbox 227 1397 356 1431; x_wconf 85' lang='lat' dir='ltr'>stolicae</span> <span class='ocrx_word' id='word_1_148' title='bbox 380 1397 451 1430; x_wconf 86' lang='lat' dir='ltr'>Sedi</span> <span class='ocrx_word' id='word_1_149' title='bbox 477 1397 508 1429; x_wconf 91' lang='lat' dir='ltr'>in</span> <span class='ocrx_word' id='word_1_150' title='bbox 534 1396 759 1440; x_wconf 77' lang='lat' dir='ltr'>temporalibus</span> <span class='ocrx_word' id='word_1_151' title='bbox 785 1395 919 1428; x_wconf 84' lang='lat' dir='ltr'>mediate</span> <span class='ocrx_word' id='word_1_152' title='bbox 941 1400 970 1429; x_wconf 89' lang='lat' dir='ltr'>ct</span> 
     </span>
     <span class='ocr_line' id='line_1_29' title="bbox 228 1448 969 1492; baseline -0.004 -9"><span class='ocrx_word' id='word_1_153' title='bbox 228 1450 409 1483; x_wconf 83' lang='lat' dir='ltr'>immediate</span> <span class='ocrx_word' id='word_1_154' title='bbox 435 1450 592 1490; x_wconf 88' lang='lat' dir='ltr'>subiectis,</span> <span class='ocrx_word' id='word_1_155' title='bbox 607 1449 699 1482; x_wconf 85' lang='lat' dir='ltr'>etiam</span> <span class='ocrx_word' id='word_1_156' title='bbox 718 1449 756 1481; x_wconf 87' lang='lat' dir='ltr'>ad</span> <span class='ocrx_word' id='word_1_157' title='bbox 774 1448 850 1481; x_wconf 90' lang='lat' dir='ltr'>illud</span> <span class='ocrx_word' id='word_1_158' title='bbox 872 1459 969 1492; x_wconf 86' lang='lat' dir='ltr'>usque</span> 
     </span>
     <span class='ocr_line' id='line_1_30' title="bbox 228 1502 971 1548; baseline -0.004 -11"><span class='ocrx_word' id='word_1_159' title='bbox 228 1510 354 1548; x_wconf 86' lang='lat' dir='ltr'>tempus</span> <span class='ocrx_word' id='word_1_160' title='bbox 380 1504 410 1536; x_wconf 93' lang='lat' dir='ltr'>in</span> <span class='ocrx_word' id='word_1_161' title='bbox 447 1503 574 1536; x_wconf 87' lang='lat' dir='ltr'>seudum</span> <span class='ocrx_word' id='word_1_162' title='bbox 611 1508 704 1546; x_wconf 86' lang='lat' dir='ltr'>atque</span> <span class='ocrx_word' id='word_1_163' title='bbox 731 1502 873 1547; x_wconf 81' lang='lat' dir='ltr'>quemvis</span> <span class='ocrx_word' id='word_1_164' title='bbox 899 1502 971 1534; x_wconf 89' lang='lat' dir='ltr'>alie-</span> 
     </span>
     <span class='ocr_line' id='line_1_31' title="bbox 227 1555 967 1596; baseline -0.004 -6"><span class='ocrx_word' id='word_1_165' title='bbox 227 1557 362 1590; x_wconf 84' lang='lat' dir='ltr'>nationis</span> <span class='ocrx_word' id='word_1_166' title='bbox 389 1557 511 1591; x_wconf 83' lang='lat' dir='ltr'>titutum</span> <span class='ocrx_word' id='word_1_167' title='bbox 544 1556 611 1589; x_wconf 86' lang='lat' dir='ltr'>dari</span> <span class='ocrx_word' id='word_1_168' title='bbox 637 1556 755 1596; x_wconf 89' lang='lat' dir='ltr'>solitis,</span> <span class='ocrx_word' id='word_1_169' title='bbox 788 1555 826 1588; x_wconf 87' lang='lat' dir='ltr'>ad</span> <span class='ocrx_word' id='word_1_170' title='bbox 857 1555 967 1588; x_wconf 88' lang='lat' dir='ltr'>Sedem</span> 
     </span>
     <span class='ocr_line' id='line_1_32' title="bbox 228 1609 969 1655; baseline -0.005 -11"><span class='ocrx_word' id='word_1_171' title='bbox 228 1611 421 1655; x_wconf 83' lang='lat' dir='ltr'>praedictam</span> <span class='ocrx_word' id='word_1_172' title='bbox 439 1609 680 1653; x_wconf 85' lang='lat' dir='ltr'>quomodolibet</span> <span class='ocrx_word' id='word_1_173' title='bbox 696 1609 850 1642; x_wconf 82' lang='lat' dir='ltr'>devolutis</span> <span class='ocrx_word' id='word_1_174' title='bbox 864 1614 893 1641; x_wconf 91' lang='lat' dir='ltr'>et.</span> <span class='ocrx_word' id='word_1_175' title='bbox 911 1619 969 1652; x_wconf 92' lang='lat' dir='ltr'>pro</span> 
     </span>
     <span class='ocr_line' id='line_1_33' title="bbox 227 1662 969 1708; baseline -0.005 -10"><span class='ocrx_word' id='word_1_176' title='bbox 227 1670 370 1708; x_wconf 88' lang='lat' dir='ltr'>tempore</span> <span class='ocrx_word' id='word_1_177' title='bbox 385 1663 595 1704; x_wconf 86' lang='lat' dir='ltr'>devolvendis,</span> <span class='ocrx_word' id='word_1_178' title='bbox 607 1662 801 1705; x_wconf 77' lang='lat' dir='ltr'>gravissimis</span> <span class='ocrx_word' id='word_1_179' title='bbox 814 1662 969 1706; x_wconf 85' lang='lat' dir='ltr'>impositis</span> 
     </span>
     <span class='ocr_line' id='line_1_34' title="bbox 227 1717 969 1761; baseline -0.004 -11"><span class='ocrx_word' id='word_1_180' title='bbox 227 1717 339 1761; x_wconf 82' lang='lat' dir='ltr'>poeniS</span> <span class='ocrx_word' id='word_1_181' title='bbox 364 1722 474 1750; x_wconf 85' lang='lat' dir='ltr'>contra</span> <span class='ocrx_word' id='word_1_182' title='bbox 498 1726 651 1759; x_wconf 78' lang='lat' dir='ltr'>personas</span> <span class='ocrx_word' id='word_1_183' title='bbox 685 1721 874 1755; x_wconf 76' lang='lat' dir='ltr'>tractantes,</span> <span class='ocrx_word' id='word_1_184' title='bbox 900 1725 969 1748; x_wconf 89' lang='lat' dir='ltr'>con-</span> 
     </span>
     <span class='ocr_line' id='line_1_35' title="bbox 227 1768 970 1811; baseline -0.005 -7"><span class='ocrx_word' id='word_1_185' title='bbox 227 1771 375 1811; x_wconf 87' lang='lat' dir='ltr'>sulentes,</span> <span class='ocrx_word' id='word_1_186' title='bbox 400 1775 454 1802; x_wconf 91' lang='lat' dir='ltr'>aut</span> <span class='ocrx_word' id='word_1_187' title='bbox 478 1769 553 1801; x_wconf 80' lang='lat' dir='ltr'>alias</span> <span class='ocrx_word' id='word_1_188' title='bbox 579 1769 673 1802; x_wconf 89' lang='lat' dir='ltr'>verba</span> <span class='ocrx_word' id='word_1_189' title='bbox 693 1769 840 1802; x_wconf 72' lang='lat' dir='ltr'>facientes</span> <span class='ocrx_word' id='word_1_190' title='bbox 858 1768 895 1801; x_wconf 90' lang='lat' dir='ltr'>de</span> <span class='ocrx_word' id='word_1_191' title='bbox 916 1768 970 1800; x_wconf 87' lang='lat' dir='ltr'>bu-</span> 
     </span>
     <span class='ocr_line' id='line_1_36' title="bbox 228 1821 969 1864; baseline -0.005 -7"><span class='ocrx_word' id='word_1_192' title='bbox 228 1823 364 1857; x_wconf 89' lang='lat' dir='ltr'>iusmodi</span> <span class='ocrx_word' id='word_1_193' title='bbox 389 1822 561 1864; x_wconf 81' lang='lat' dir='ltr'>civitatum,</span> <span class='ocrx_word' id='word_1_194' title='bbox 587 1828 756 1862; x_wconf 82' lang='lat' dir='ltr'>terrarum,</span> <span class='ocrx_word' id='word_1_195' title='bbox 777 1821 969 1864; x_wconf 86' lang='lat' dir='ltr'>oppidorum</span> 
     </span>
     <span class='ocr_line' id='line_1_37' title="bbox 228 1874 968 1916; baseline -0.008 -4"><span class='ocrx_word' id='word_1_196' title='bbox 228 1881 258 1912; x_wconf 85' lang='lat' dir='ltr'>et</span> <span class='ocrx_word' id='word_1_197' title='bbox 281 1877 425 1911; x_wconf 89' lang='lat' dir='ltr'>locorum</span> <span class='ocrx_word' id='word_1_198' title='bbox 462 1875 749 1916; x_wconf 86' lang='lat' dir='ltr'>infeudationibus,</span> <span class='ocrx_word' id='word_1_199' title='bbox 782 1874 875 1907; x_wconf 90' lang='lat' dir='ltr'>etiam</span> <span class='ocrx_word' id='word_1_200' title='bbox 909 1874 968 1907; x_wconf 83' lang='lat' dir='ltr'>sul)</span> 
     </span>
     <span class='ocr_line' id='line_1_38' title="bbox 227 1928 969 1976; baseline -0.005 -12"><span class='ocrx_word' id='word_1_201' title='bbox 227 1936 392 1976; x_wconf 87' lang='lat' dir='ltr'>praetextu</span> <span class='ocrx_word' id='word_1_202' title='bbox 414 1930 608 1964; x_wconf 81' lang='lat' dir='ltr'>necessitatis</span> <span class='ocrx_word' id='word_1_203' title='bbox 633 1935 662 1962; x_wconf 85' lang='lat' dir='ltr'>et</span> <span class='ocrx_word' id='word_1_204' title='bbox 687 1928 837 1962; x_wconf 72' lang='lat' dir='ltr'>evidentis</span> <span class='ocrx_word' id='word_1_205' title='bbox 858 1928 969 1960; x_wconf 90' lang='lat' dir='ltr'>utilita-</span> 
     </span>
     <span class='ocr_line' id='line_1_39' title="bbox 228 1981 968 2028; baseline -0.007 -10"><span class='ocrx_word' id='word_1_206' title='bbox 228 1985 287 2028; x_wconf 89' lang='lat' dir='ltr'>tis,</span> <span class='ocrx_word' id='word_1_207' title='bbox 312 1985 377 2018; x_wconf 87' lang='lat' dir='ltr'>sive</span> <span class='ocrx_word' id='word_1_208' title='bbox 408 1985 477 2017; x_wconf 90' lang='lat' dir='ltr'>illas</span> <span class='ocrx_word' id='word_1_209' title='bbox 502 1984 693 2017; x_wconf 84' lang='lat' dir='ltr'>insinuantes</span> <span class='ocrx_word' id='word_1_210' title='bbox 726 1988 756 2015; x_wconf 89' lang='lat' dir='ltr'>et</span> <span class='ocrx_word' id='word_1_211' title='bbox 781 1981 968 2022; x_wconf 83' lang='lat' dir='ltr'>suadentes,</span> 
     </span>
     <span class='ocr_line' id='line_1_40' title="bbox 228 2035 968 2084; baseline -0.008 -11"><span class='ocrx_word' id='word_1_212' title='bbox 228 2044 325 2084; x_wconf 86' lang='lat' dir='ltr'>prout</span> <span class='ocrx_word' id='word_1_213' title='bbox 348 2039 380 2071; x_wconf 89' lang='lat' dir='ltr'>in</span> <span class='ocrx_word' id='word_1_214' title='bbox 405 2039 471 2082; x_wconf 85' lang='lat' dir='ltr'>ipsa</span> <span class='ocrx_word' id='word_1_215' title='bbox 497 2037 718 2071; x_wconf 89' lang='lat' dir='ltr'>constitutione</span> <span class='ocrx_word' id='word_1_216' title='bbox 736 2036 793 2069; x_wconf 90' lang='lat' dir='ltr'>sub</span> <span class='ocrx_word' id='word_1_217' title='bbox 817 2035 922 2069; x_wconf 91' lang='lat' dir='ltr'>datum</span> <span class='ocrx_word' id='word_1_218' title='bbox 938 2045 968 2068; x_wconf 87' lang='grc' dir='ltr'>ιν</span> 
     </span>
     <span class='ocr_line' id='line_1_41' title="bbox 228 2089 969 2135; baseline -0.007 -10"><span class='ocrx_word' id='word_1_219' title='bbox 228 2091 376 2125; x_wconf 85' lang='lat' dir='ltr'>kalendas</span> <span class='ocrx_word' id='word_1_220' title='bbox 396 2090 523 2135; x_wconf 72' lang='lat' dir='ltr'>aprilis²</span> <span class='ocrx_word' id='word_1_221' title='bbox 536 2100 617 2123; x_wconf 89' lang='lat' dir='ltr'>anno</span> <span class='ocrx_word' id='word_1_222' title='bbox 642 2089 781 2122; x_wconf 85' lang='lat' dir='ltr'>secundo</span> <span class='ocrx_word' id='word_1_223' title='bbox 799 2089 892 2129; x_wconf 82' lang='lat' dir='ltr'>edita,</span> <span class='ocrx_word' id='word_1_224' title='bbox 907 2098 969 2121; x_wconf 85' lang='lat' dir='ltr'>sae-</span> 
     </span>
     <span class='ocr_line' id='line_1_42' title="bbox 228 2142 968 2190; baseline -0.008 -10"><span class='ocrx_word' id='word_1_225' title='bbox 228 2146 300 2190; x_wconf 89' lang='lat' dir='ltr'>pius</span> <span class='ocrx_word' id='word_1_226' title='bbox 323 2144 523 2190; x_wconf 87' lang='lat' dir='ltr'>postmodum</span> <span class='ocrx_word' id='word_1_227' title='bbox 542 2155 598 2188; x_wconf 89' lang='lat' dir='ltr'>per</span> <span class='ocrx_word' id='word_1_228' title='bbox 618 2142 877 2187; x_wconf 79' lang='lat' dir='ltr'>praedecessores</span> <span class='ocrx_word' id='word_1_229' title='bbox 895 2153 968 2175; x_wconf 90' lang='lat' dir='ltr'>suos</span> 
     </span>
    </p>
   </div>
   <div class='ocr_carea' id='block_1_11' title="bbox 228 2264 987 2485">
    <p class='ocr_par' dir='ltr' id='par_1_12' title="bbox 228 2264 987 2485">
     <span class='ocr_line' id='line_1_43' title="bbox 267 2264 970 2297; baseline -0.01 0"><span class='ocrx_word' id='word_1_230' title='bbox 267 2271 278 2297; x_wconf 85' lang='lat'>1</span> <span class='ocrx_word' id='word_1_231' title='bbox 298 2269 384 2296; x_wconf 85' lang='lat' dir='ltr'>Etiam</span> <span class='ocrx_word' id='word_1_232' title='bbox 408 2268 475 2295; x_wconf 85' lang='lat' dir='ltr'>haec</span> <span class='ocrx_word' id='word_1_233' title='bbox 499 2267 645 2295; x_wconf 85' lang='lat' dir='ltr'>Clementis</span> <span class='ocrx_word' id='word_1_234' title='bbox 669 2266 724 2292; x_wconf 90' lang='lat' dir='ltr'>VIII</span> <span class='ocrx_word' id='word_1_235' title='bbox 741 2265 901 2292; x_wconf 73' lang='lat' dir='ltr'>Constitutio</span> <span class='ocrx_word' id='word_1_236' title='bbox 922 2264 970 2291; x_wconf 88' lang='lat' dir='ltr'>ha-</span> 
     </span>
     <span class='ocr_line' id='line_1_44' title="bbox 228 2309 969 2346; baseline -0.008 -4"><span class='ocrx_word' id='word_1_237' title='bbox 228 2314 308 2342; x_wconf 85' lang='lat' dir='ltr'>betur</span> <span class='ocrx_word' id='word_1_238' title='bbox 322 2313 374 2341; x_wconf 85' lang='lat' dir='ltr'>iam</span> <span class='ocrx_word' id='word_1_239' title='bbox 396 2313 422 2339; x_wconf 93' lang='lat' dir='ltr'>in</span> <span class='ocrx_word' id='word_1_240' title='bbox 445 2312 588 2346; x_wconf 80' lang='lat' dir='ltr'>Bullario,</span> <span class='ocrx_word' id='word_1_241' title='bbox 606 2315 671 2338; x_wconf 88' lang='lat' dir='ltr'>tom.</span> <span class='ocrx_word' id='word_1_242' title='bbox 687 2317 725 2344; x_wconf 82' lang='lat' dir='ltr'>tx,</span> <span class='ocrx_word' id='word_1_243' title='bbox 742 2319 802 2346; x_wconf 87' lang='lat' dir='ltr'>pag.</span> <span class='ocrx_word' id='word_1_244' title='bbox 820 2311 881 2343; x_wconf 73' lang='lat'>521,</span> <span class='ocrx_word' id='word_1_245' title='bbox 898 2309 969 2336; x_wconf 89' lang='lat' dir='ltr'>adie-</span> 
     </span>
     <span class='ocr_line' id='line_1_45' title="bbox 228 2356 967 2389; baseline -0.008 -2"><span class='ocrx_word' id='word_1_246' title='bbox 228 2365 271 2389; x_wconf 86' lang='lat' dir='ltr'>cta</span> <span class='ocrx_word' id='word_1_247' title='bbox 290 2359 478 2389; x_wconf 82' lang='lat' dir='ltr'>Constitutioni</span> <span class='ocrx_word' id='word_1_248' title='bbox 492 2359 542 2386; x_wconf 88' lang='lat' dir='ltr'>sub</span> <span class='ocrx_word' id='word_1_249' title='bbox 558 2359 619 2385; x_wconf 78' lang='lat' dir='ltr'>data</span> <span class='ocrx_word' id='word_1_250' title='bbox 635 2364 678 2384; x_wconf 82' lang='lat' dir='ltr'>xtv</span> <span class='ocrx_word' id='word_1_251' title='bbox 693 2356 822 2384; x_wconf 84' lang='lat' dir='ltr'>februarii</span> <span class='ocrx_word' id='word_1_252' title='bbox 839 2360 917 2383; x_wconf 77' lang='lat' dir='ltr'>extra</span> <span class='ocrx_word' id='word_1_253' title='bbox 932 2356 967 2382; x_wconf 92' lang='lat' dir='ltr'>lo·</span> 
     </span>
     <span class='ocr_line' id='line_1_46' title="bbox 228 2400 987 2438; baseline -0.013 -3"><span class='ocrx_word' id='word_1_254' title='bbox 228 2416 289 2436; x_wconf 81' lang='lat' dir='ltr'>curn</span> <span class='ocrx_word' id='word_1_255' title='bbox 305 2407 420 2438; x_wconf 72' lang='lat' dir='ltr'>inserta‘,</span> <span class='ocrx_word' id='word_1_256' title='bbox 437 2409 557 2431; x_wconf 82' lang='lat' dir='ltr'>attamen</span> <span class='ocrx_word' id='word_1_257' title='bbox 571 2411 630 2430; x_wconf 84' lang='lat' dir='ltr'>eam</span> <span class='ocrx_word' id='word_1_258' title='bbox 646 2402 745 2429; x_wconf 85' lang='lat' dir='ltr'>iterum</span> <span class='ocrx_word' id='word_1_259' title='bbox 755 2401 896 2427; x_wconf 83' lang='lat' dir='ltr'>referimus</span> <span class='ocrx_word' id='word_1_260' title='bbox 908 2400 969 2436; x_wconf 75' lang='lat' dir='ltr'>quia</span> <span class='ocrx_word' id='word_1_261' title='bbox 986 2417 987 2430; x_wconf 42' lang='lat' dir='ltr'>i</span> 
     </span>
     <span class='ocr_line' id='line_1_47' title="bbox 228 2445 968 2485; baseline -0.014 -5"><span class='ocrx_word' id='word_1_262' title='bbox 228 2452 266 2479; x_wconf 87' lang='lat' dir='ltr'>ibi</span> <span class='ocrx_word' id='word_1_263' title='bbox 286 2452 376 2479; x_wconf 84' lang='lat' dir='ltr'>forsan</span> <span class='ocrx_word' id='word_1_264' title='bbox 392 2450 482 2485; x_wconf 89' lang='lat' dir='ltr'>aliqua</span> <span class='ocrx_word' id='word_1_265' title='bbox 498 2448 594 2475; x_wconf 90' lang='lat' dir='ltr'>menda</span> <span class='ocrx_word' id='word_1_266' title='bbox 609 2447 776 2481; x_wconf 87' lang='lat' dir='ltr'>irrepserunt</span> <span class='ocrx_word' id='word_1_267' title='bbox 795 2454 825 2472; x_wconf 82' lang='lat' dir='ltr'>ex</span> <span class='ocrx_word' id='word_1_268' title='bbox 843 2445 968 2472; x_wconf 79' lang='lat' dir='ltr'>lllainardi</span> 
     </span>
    </p>
   </div>
   <div class='ocr_carea' id='block_1_12' title="bbox 229 2495 468 2528">
    <p class='ocr_par' dir='ltr' id='par_1_13' title="bbox 229 2495 468 2528">
     <span class='ocr_line' id='line_1_48' title="bbox 229 2495 468 2528; baseline -0.017 -4"><span class='ocrx_word' id='word_1_269' title='bbox 229 2497 346 2524; x_wconf 83' lang='lat' dir='ltr'>editione</span> <span class='ocrx_word' id='word_1_270' title='bbox 361 2497 401 2528; x_wconf 84' lang='lat' dir='ltr'>(n.</span> <span class='ocrx_word' id='word_1_271' title='bbox 420 2495 468 2526; x_wconf 82' lang='grc' dir='ltr'><strong>τ.),</strong></span> 
     </span>
    </p>
   </div>
   <div class='ocr_carea' id='block_1_13' title="bbox 228 2535 970 2667">
    <p class='ocr_par' dir='ltr' id='par_1_14' title="bbox 228 2535 970 2667">
     <span class='ocr_line' id='line_1_49' title="bbox 264 2535 970 2572; baseline -0.008 -4"><span class='ocrx_word' id='word_1_272' title='bbox 264 2542 280 2568; x_wconf 74' lang='lat'><strong>2</strong></span> <span class='ocrx_word' id='word_1_273' title='bbox 297 2540 396 2567; x_wconf 82' lang='lat' dir='ltr'>Desunt</span> <span class='ocrx_word' id='word_1_274' title='bbox 412 2538 494 2565; x_wconf 86' lang='lat' dir='ltr'>verba</span> <span class='ocrx_word' id='word_1_275' title='bbox 506 2537 693 2572; x_wconf 71' lang='lat' dir='ltr'>pontificatus</span> <span class='ocrx_word' id='word_1_276' title='bbox 703 2536 749 2563; x_wconf 77' lang='lat' dir='ltr'>sui</span> <span class='ocrx_word' id='word_1_277' title='bbox 764 2539 793 2561; x_wconf 89' lang='lat' dir='ltr'>nt</span> <span class='ocrx_word' id='word_1_278' title='bbox 808 2535 833 2561; x_wconf 86' lang='lat' dir='ltr'>in</span> <span class='ocrx_word' id='word_1_279' title='bbox 850 2535 908 2562; x_wconf 91' lang='lat' dir='ltr'>loco</span> <span class='ocrx_word' id='word_1_280' title='bbox 924 2543 970 2570; x_wconf 86' lang='lat' dir='ltr'>pa-</span> 
     </span>
     <span class='ocr_line' id='line_1_50' title="bbox 228 2584 441 2619; baseline -0.033 -3"><span class='ocrx_word' id='word_1_281' title='bbox 228 2585 323 2616; x_wconf 76' lang='lat' dir='ltr'>rallelo</span> <span class='ocrx_word' id='word_1_282' title='bbox 338 2586 376 2619; x_wconf 81' lang='lat' dir='ltr'>(n.</span> <span class='ocrx_word' id='word_1_283' title='bbox 393 2584 441 2617; x_wconf 81' lang='grc' dir='ltr'><strong>τ.).</strong></span> 
     </span>
     <span class='ocr_line' id='line_1_51' title="bbox 314 2638 498 2667; baseline -0.022 0"><span class='ocrx_word' id='word_1_284' title='bbox 314 2638 394 2667; x_wconf 73' lang='lat' dir='ltr'><em>Buce.</em></span> <span class='ocrx_word' id='word_1_285' title='bbox 415 2638 498 2665; x_wconf 76' lang='lat' dir='ltr'>Hom.</span> 
     </span>
    </p>
   </div>
   <div class='ocr_carea' id='block_1_14' title="bbox 541 2632 890 2663">
    <p class='ocr_par' dir='ltr' id='par_1_15' title="bbox 541 2632 890 2663">
     <span class='ocr_line' id='line_1_52' title="bbox 541 2632 890 2663; baseline -0.011 0"><span class='ocrx_word' id='word_1_286' title='bbox 541 2635 600 2663; x_wconf 83' lang='lat' dir='ltr'>Vol.</span> <span class='ocrx_word' id='word_1_287' title='bbox 620 2634 694 2663; x_wconf 81' lang='lat' dir='ltr'>XVI.</span> <span class='ocrx_word' id='word_1_288' title='bbox 857 2632 890 2659; x_wconf 78' lang='lat'>83</span> 
     </span>
    </p>
   </div>
   <div class='ocr_carea' id='block_1_15' title="bbox 989 233 991 2595">
    <p class='ocr_par' dir='ltr' id='par_1_16' title="bbox 989 233 991 2595">
     <span class='ocr_line' id='line_1_53' title="bbox 989 233 991 2595; baseline 0 0"><span class='ocrx_word' id='word_1_289' title='bbox 989 233 991 2595; x_wconf 95' lang='lat' dir='ltr'> </span> 
     </span>
    </p>
   </div>
   <div class='ocr_carea' id='block_1_16' title="bbox 1003 221 1750 477">
    <p class='ocr_par' dir='ltr' id='par_1_17' title="bbox 1003 221 1750 477">
     <span class='ocr_line' id='line_1_54' title="bbox 1003 221 1750 266; baseline -0.005 -10"><span class='ocrx_word' id='word_1_290' title='bbox 1003 233 1038 256; x_wconf 85' lang='lat' dir='ltr'>ac</span> <span class='ocrx_word' id='word_1_291' title='bbox 1063 223 1233 256; x_wconf 68' lang='lat' dir='ltr'>novissime</span> <span class='ocrx_word' id='word_1_292' title='bbox 1256 233 1311 266; x_wconf 90' lang='lat' dir='ltr'>per</span> <span class='ocrx_word' id='word_1_293' title='bbox 1332 223 1536 255; x_wconf 80' lang='lat' dir='ltr'>Sanctitatem</span> <span class='ocrx_word' id='word_1_294' title='bbox 1555 221 1648 255; x_wconf 84' lang='lat' dir='ltr'>Suam</span> <span class='ocrx_word' id='word_1_295' title='bbox 1667 231 1750 254; x_wconf 90' lang='lat' dir='ltr'>com-</span> 
     </span>
     <span class='ocr_line' id='line_1_55' title="bbox 1005 275 1749 320; baseline -0.003 -10"><span class='ocrx_word' id='word_1_296' title='bbox 1005 276 1154 320; x_wconf 75' lang='lat' dir='ltr'>probata,</span> <span class='ocrx_word' id='word_1_297' title='bbox 1180 276 1272 308; x_wconf 89' lang='lat' dir='ltr'>latius</span> <span class='ocrx_word' id='word_1_298' title='bbox 1297 276 1500 318; x_wconf 84' lang='lat' dir='ltr'>continetur)</span> <span class='ocrx_word' id='word_1_299' title='bbox 1529 275 1599 319; x_wconf 91' lang='lat' dir='ltr'>piae</span> <span class='ocrx_word' id='word_1_300' title='bbox 1628 285 1749 308; x_wconf 91' lang='lat' dir='ltr'>memo-</span> 
     </span>
     <span class='ocr_line' id='line_1_56' title="bbox 1004 328 1748 371; baseline -0.004 -9"><span class='ocrx_word' id='word_1_301' title='bbox 1004 329 1069 362; x_wconf 86' lang='lat' dir='ltr'>riae</span> <span class='ocrx_word' id='word_1_302' title='bbox 1085 328 1273 371; x_wconf 77' lang='lat' dir='ltr'>Gregorium</span> <span class='ocrx_word' id='word_1_303' title='bbox 1292 329 1329 361; x_wconf 75' lang='lat' dir='ltr'>lv</span> <span class='ocrx_word' id='word_1_304' title='bbox 1348 328 1454 360; x_wconf 91' lang='lat' dir='ltr'>itidem</span> <span class='ocrx_word' id='word_1_305' title='bbox 1473 328 1748 371; x_wconf 82' lang='lat' dir='ltr'>praedecessorem</span> 
     </span>
     <span class='ocr_line' id='line_1_57' title="bbox 1005 380 1750 424; baseline -0.003 -9"><span class='ocrx_word' id='word_1_306' title='bbox 1005 392 1097 415; x_wconf 89' lang='lat' dir='ltr'>suum</span> <span class='ocrx_word' id='word_1_307' title='bbox 1123 382 1155 414; x_wconf 88' lang='lat' dir='ltr'>in</span> <span class='ocrx_word' id='word_1_308' title='bbox 1180 382 1368 415; x_wconf 85' lang='lat' dir='ltr'>consistorio</span> <span class='ocrx_word' id='word_1_309' title='bbox 1393 387 1514 414; x_wconf 86' lang='lat' dir='ltr'>secreto</span> <span class='ocrx_word' id='word_1_310' title='bbox 1531 382 1648 414; x_wconf 82' lang='lat' dir='ltr'>Romae</span> <span class='ocrx_word' id='word_1_311' title='bbox 1665 380 1750 424; x_wconf 88' lang='lat' dir='ltr'>apud</span> 
     </span>
     <span class='ocr_line' id='line_1_58' title="bbox 1005 433 1748 477; baseline -0.004 -9"><span class='ocrx_word' id='word_1_312' title='bbox 1005 436 1034 468; x_wconf 81' lang='lat' dir='ltr'>S.</span> <span class='ocrx_word' id='word_1_313' title='bbox 1066 434 1203 467; x_wconf 83' lang='lat' dir='ltr'>Marcum</span> <span class='ocrx_word' id='word_1_314' title='bbox 1231 434 1268 466; x_wconf 91' lang='lat' dir='ltr'>de</span> <span class='ocrx_word' id='word_1_315' title='bbox 1298 433 1438 466; x_wconf 64' lang='lat' dir='ltr'>Venetis¹</span> <span class='ocrx_word' id='word_1_316' title='bbox 1468 444 1521 466; x_wconf 70' lang='lat' dir='ltr'>xm</span> <span class='ocrx_word' id='word_1_317' title='bbox 1560 433 1748 477; x_wconf 84' lang='lat' dir='ltr'>septembris</span> 
     </span>
    </p>
   </div>
   <div class='ocr_carea' id='block_1_17' title="bbox 1003 540 1749 1329">
    <p class='ocr_par' dir='ltr' id='par_1_18' title="bbox 1003 540 1749 1329">
     <span class='ocr_line' id='line_1_59' title="bbox 1007 540 1749 583; baseline -0.003 -9"><span class='ocrx_word' id='word_1_318' title='bbox 1007 541 1224 580; x_wconf 84' lang='lat' dir='ltr'>cardinalium,</span> <span class='ocrx_word' id='word_1_319' title='bbox 1245 540 1297 583; x_wconf 86' lang='lat' dir='ltr'>qui</span> <span class='ocrx_word' id='word_1_320' title='bbox 1318 545 1389 573; x_wconf 86' lang='lat' dir='ltr'>tnnc</span> <span class='ocrx_word' id='word_1_321' title='bbox 1407 540 1546 580; x_wconf 84' lang='lat' dir='ltr'>aderant,</span> <span class='ocrx_word' id='word_1_322' title='bbox 1563 550 1598 572; x_wconf 86' lang='lat' dir='ltr'>ac</span> <span class='ocrx_word' id='word_1_323' title='bbox 1616 540 1653 572; x_wconf 88' lang='lat' dir='ltr'>de</span> <span class='ocrx_word' id='word_1_324' title='bbox 1673 551 1749 583; x_wconf 87' lang='lat' dir='ltr'>qno-</span> 
     </span>
     <span class='ocr_line' id='line_1_60' title="bbox 1007 594 1748 634; baseline -0.003 -7"><span class='ocrx_word' id='word_1_325' title='bbox 1007 605 1076 627; x_wconf 90' lang='lat' dir='ltr'>rum</span> <span class='ocrx_word' id='word_1_326' title='bbox 1102 604 1234 627; x_wconf 88' lang='lat' dir='ltr'>numero</span> <span class='ocrx_word' id='word_1_327' title='bbox 1271 594 1363 626; x_wconf 89' lang='lat' dir='ltr'>etiam</span> <span class='ocrx_word' id='word_1_328' title='bbox 1396 594 1549 626; x_wconf 79' lang='lat' dir='ltr'>Sanctitas</span> <span class='ocrx_word' id='word_1_329' title='bbox 1573 594 1634 626; x_wconf 80' lang='lat' dir='ltr'>Sua</span> <span class='ocrx_word' id='word_1_330' title='bbox 1659 599 1748 634; x_wconf 84' lang='lat' dir='ltr'>erat,</span> 
     </span>
     <span class='ocr_line' id='line_1_61' title="bbox 1007 647 1747 690; baseline -0.003 -10"><span class='ocrx_word' id='word_1_331' title='bbox 1007 647 1135 680; x_wconf 91' lang='lat' dir='ltr'>minime</span> <span class='ocrx_word' id='word_1_332' title='bbox 1160 647 1487 690; x_wconf 83' lang='lat' dir='ltr'>requisitis,quinimo</span> <span class='ocrx_word' id='word_1_333' title='bbox 1513 647 1619 678; x_wconf 90' lang='lat' dir='ltr'>multis</span> <span class='ocrx_word' id='word_1_334' title='bbox 1637 657 1747 679; x_wconf 86' lang='lat' dir='ltr'>eorum</span> 
     </span>
     <span class='ocr_line' id='line_1_62' title="bbox 1006 699 1749 745; baseline -0.001 -11"><span class='ocrx_word' id='word_1_335' title='bbox 1006 711 1152 745; x_wconf 81' lang='lat' dir='ltr'>expresse</span> <span class='ocrx_word' id='word_1_336' title='bbox 1178 700 1487 739; x_wconf 83' lang='lat' dir='ltr'>contradicentibus,</span> <span class='ocrx_word' id='word_1_337' title='bbox 1513 699 1688 732; x_wconf 87' lang='lat' dir='ltr'>declarasse</span> <span class='ocrx_word' id='word_1_338' title='bbox 1719 703 1749 733; x_wconf 90' lang='lat' dir='ltr'>et</span> 
     </span>
     <span class='ocr_line' id='line_1_63' title="bbox 1007 752 1744 796; baseline -0.004 -9"><span class='ocrx_word' id='word_1_339' title='bbox 1007 754 1181 787; x_wconf 77' lang='lat' dir='ltr'>decrevisse</span> <span class='ocrx_word' id='word_1_340' title='bbox 1222 753 1266 786; x_wconf 91' lang='lat' dir='ltr'>Pii</span> <span class='ocrx_word' id='word_1_341' title='bbox 1303 752 1555 796; x_wconf 83' lang='lat' dir='ltr'>praedecessoris</span> <span class='ocrx_word' id='word_1_342' title='bbox 1592 753 1744 786; x_wconf 87' lang='lat' dir='ltr'>constitu-</span> 
     </span>
     <span class='ocr_line' id='line_1_64' title="bbox 1007 805 1747 850; baseline -0.004 -10"><span class='ocrx_word' id='word_1_343' title='bbox 1007 807 1092 840; x_wconf 89' lang='lat' dir='ltr'>tione</span> <span class='ocrx_word' id='word_1_344' title='bbox 1128 806 1288 850; x_wconf 80' lang='lat' dir='ltr'>praedicta</span> <span class='ocrx_word' id='word_1_345' title='bbox 1321 816 1384 839; x_wconf 88' lang='lat' dir='ltr'>non</span> <span class='ocrx_word' id='word_1_346' title='bbox 1420 805 1582 849; x_wconf 86' lang='lat' dir='ltr'>prohiberi</span> <span class='ocrx_word' id='word_1_347' title='bbox 1620 805 1747 837; x_wconf 88' lang='lat' dir='ltr'>seudum</span> 
     </span>
     <span class='ocr_line' id='line_1_65' title="bbox 1006 857 1748 902; baseline -0.004 -9"><span class='ocrx_word' id='word_1_348' title='bbox 1006 860 1145 894; x_wconf 88' lang='lat' dir='ltr'>nondum</span> <span class='ocrx_word' id='word_1_349' title='bbox 1164 860 1355 899; x_wconf 69' lang='lat' dir='ltr'>devolutum,</span> <span class='ocrx_word' id='word_1_350' title='bbox 1370 858 1495 902; x_wconf 87' lang='lat' dir='ltr'>quando</span> <span class='ocrx_word' id='word_1_351' title='bbox 1509 857 1677 891; x_wconf 75' lang='lat' dir='ltr'>necessitas</span> <span class='ocrx_word' id='word_1_352' title='bbox 1695 863 1748 890; x_wconf 89' lang='lat' dir='ltr'>aut</span> 
     </span>
     <span class='ocr_line' id='line_1_66' title="bbox 1006 912 1748 955; baseline -0.005 -7"><span class='ocrx_word' id='word_1_353' title='bbox 1006 915 1132 948; x_wconf 84' lang='lat' dir='ltr'>evidens</span> <span class='ocrx_word' id='word_1_354' title='bbox 1157 918 1186 948; x_wconf 86' lang='lat' dir='ltr'>et</span> <span class='ocrx_word' id='word_1_355' title='bbox 1202 924 1275 947; x_wconf 81' lang='lat' dir='ltr'>vera</span> <span class='ocrx_word' id='word_1_356' title='bbox 1296 913 1453 946; x_wconf 87' lang='lat' dir='ltr'>Ecclesiae</span> <span class='ocrx_word' id='word_1_357' title='bbox 1475 912 1591 945; x_wconf 88' lang='lat' dir='ltr'>utilitas</span> <span class='ocrx_word' id='word_1_358' title='bbox 1613 913 1748 955; x_wconf 85' lang='lat' dir='ltr'>postula-</span> 
     </span>
     <span class='ocr_line' id='line_1_67' title="bbox 1007 966 1747 1010; baseline -0.007 -8"><span class='ocrx_word' id='word_1_359' title='bbox 1007 969 1094 1010; x_wconf 70' lang='lat' dir='ltr'>verit,</span> <span class='ocrx_word' id='word_1_360' title='bbox 1113 969 1228 1001; x_wconf 87' lang='lat' dir='ltr'>iterum</span> <span class='ocrx_word' id='word_1_361' title='bbox 1254 967 1424 1006; x_wconf 80' lang='lat' dir='ltr'>infeudari;</span> <span class='ocrx_word' id='word_1_362' title='bbox 1451 977 1509 999; x_wconf 87' lang='lat' dir='ltr'>nec</span> <span class='ocrx_word' id='word_1_363' title='bbox 1535 966 1747 998; x_wconf 86' lang='lat' dir='ltr'>iuramentum</span> 
     </span>
     <span class='ocr_line' id='line_1_68' title="bbox 1005 1021 1747 1066; baseline -0.005 -11"><span class='ocrx_word' id='word_1_364' title='bbox 1005 1023 1037 1055; x_wconf 90' lang='lat' dir='ltr'>in</span> <span class='ocrx_word' id='word_1_365' title='bbox 1061 1025 1098 1055; x_wconf 80' lang='lat' dir='ltr'>ea</span> <span class='ocrx_word' id='word_1_366' title='bbox 1122 1022 1307 1066; x_wconf 87' lang='lat' dir='ltr'>praestitum</span> <span class='ocrx_word' id='word_1_367' title='bbox 1333 1021 1466 1053; x_wconf 87' lang='lat' dir='ltr'>similem</span> <span class='ocrx_word' id='word_1_368' title='bbox 1482 1031 1588 1053; x_wconf 87' lang='lat' dir='ltr'>casum</span> <span class='ocrx_word' id='word_1_369' title='bbox 1606 1031 1747 1063; x_wconf 89' lang='lat' dir='ltr'>eompre-</span> 
     </span>
     <span class='ocr_line' id='line_1_69' title="bbox 1005 1073 1746 1116; baseline -0.005 -8"><span class='ocrx_word' id='word_1_370' title='bbox 1005 1076 1153 1115; x_wconf 85' lang='lat' dir='ltr'>hendere,</span> <span class='ocrx_word' id='word_1_371' title='bbox 1178 1086 1214 1108; x_wconf 88' lang='lat' dir='ltr'>ac</span> <span class='ocrx_word' id='word_1_372' title='bbox 1237 1074 1396 1107; x_wconf 88' lang='lat' dir='ltr'>neminem</span> <span class='ocrx_word' id='word_1_373' title='bbox 1422 1073 1504 1105; x_wconf 91' lang='lat' dir='ltr'>licite</span> <span class='ocrx_word' id='word_1_374' title='bbox 1523 1073 1625 1105; x_wconf 91' lang='lat' dir='ltr'>iurare</span> <span class='ocrx_word' id='word_1_375' title='bbox 1645 1083 1746 1116; x_wconf 88' lang='lat' dir='ltr'>posse,</span> 
     </span>
     <span class='ocr_line' id='line_1_70' title="bbox 1004 1125 1746 1172; baseline -0.005 -11"><span class='ocrx_word' id='word_1_376' title='bbox 1004 1129 1088 1172; x_wconf 91' lang='lat' dir='ltr'>quod</span> <span class='ocrx_word' id='word_1_377' title='bbox 1113 1136 1221 1162; x_wconf 81' lang='lat' dir='ltr'>contra</span> <span class='ocrx_word' id='word_1_378' title='bbox 1247 1127 1464 1160; x_wconf 87' lang='lat' dir='ltr'>necessitatem</span> <span class='ocrx_word' id='word_1_379' title='bbox 1493 1131 1545 1159; x_wconf 88' lang='lat' dir='ltr'>aut</span> <span class='ocrx_word' id='word_1_380' title='bbox 1570 1125 1746 1158; x_wconf 65' lang='lat' dir='ltr'>evidentem</span> 
     </span>
     <span class='ocr_line' id='line_1_71' title="bbox 1004 1179 1744 1223; baseline -0.007 -8"><span class='ocrx_word' id='word_1_381' title='bbox 1004 1183 1169 1215; x_wconf 89' lang='lat' dir='ltr'>utilitatem</span> <span class='ocrx_word' id='word_1_382' title='bbox 1194 1181 1352 1215; x_wconf 86' lang='lat' dir='ltr'>Ecclesiae</span> <span class='ocrx_word' id='word_1_383' title='bbox 1370 1181 1418 1219; x_wconf 86' lang='lat' dir='ltr'>sit,</span> <span class='ocrx_word' id='word_1_384' title='bbox 1433 1180 1538 1223; x_wconf 81' lang='lat' dir='ltr'>sicque</span> <span class='ocrx_word' id='word_1_385' title='bbox 1553 1179 1744 1222; x_wconf 81' lang='lat' dir='ltr'>praedictam</span> 
     </span>
     <span class='ocr_line' id='line_1_72' title="bbox 1004 1232 1746 1276; baseline -0.007 -7"><span class='ocrx_word' id='word_1_386' title='bbox 1004 1236 1258 1270; x_wconf 86' lang='lat' dir='ltr'>constitutionem</span> <span class='ocrx_word' id='word_1_387' title='bbox 1280 1233 1514 1276; x_wconf 77' lang='lat' dir='ltr'>intelligendam</span> <span class='ocrx_word' id='word_1_388' title='bbox 1532 1232 1683 1265; x_wconf 80' lang='lat' dir='ltr'>iudicasse</span> <span class='ocrx_word' id='word_1_389' title='bbox 1711 1243 1746 1264; x_wconf 88' lang='lat' dir='ltr'>ac</span> 
     </span>
     <span class='ocr_line' id='line_1_73' title="bbox 1003 1286 1746 1329; baseline -0.003 -7"><span class='ocrx_word' id='word_1_390' title='bbox 1003 1289 1192 1328; x_wconf 68' lang='lat' dir='ltr'>definivisse,</span> <span class='ocrx_word' id='word_1_391' title='bbox 1216 1289 1294 1320; x_wconf 87' lang='lat' dir='ltr'>itaut</span> <span class='ocrx_word' id='word_1_392' title='bbox 1317 1287 1434 1319; x_wconf 87' lang='lat' dir='ltr'>nemini</span> <span class='ocrx_word' id='word_1_393' title='bbox 1457 1290 1564 1329; x_wconf 87' lang='lat' dir='ltr'>postea</span> <span class='ocrx_word' id='word_1_394' title='bbox 1589 1286 1625 1318; x_wconf 87' lang='lat' dir='ltr'>de</span> <span class='ocrx_word' id='word_1_395' title='bbox 1644 1288 1679 1318; x_wconf 76' lang='lat' dir='ltr'>ea</span> <span class='ocrx_word' id='word_1_396' title='bbox 1694 1286 1746 1320; x_wconf 72' lang='lat' dir='ltr'>ali:</span> 
     </span>
    </p>
   </div>
   <div class='ocr_carea' id='block_1_18' title="bbox 986 1340 1745 1386">
    <p class='ocr_par' dir='ltr' id='par_1_19' title="bbox 986 1340 1745 1386">
     <span class='ocr_line' id='line_1_74' title="bbox 986 1340 1745 1386; baseline -0.008 -10"><span class='ocrx_word' id='word_1_397' title='bbox 986 1348 1060 1383; x_wconf 71' lang='lat' dir='ltr'>&#39;tcr,</span> <span class='ocrx_word' id='word_1_398' title='bbox 1082 1353 1176 1386; x_wconf 87' lang='lat' dir='ltr'>quam</span> <span class='ocrx_word' id='word_1_399' title='bbox 1203 1347 1276 1374; x_wconf 87' lang='lat' dir='ltr'>tunc</span> <span class='ocrx_word' id='word_1_400' title='bbox 1301 1341 1340 1373; x_wconf 88' lang='lat' dir='ltr'>ab</span> <span class='ocrx_word' id='word_1_401' title='bbox 1365 1341 1434 1384; x_wconf 87' lang='lat' dir='ltr'>ipso</span> <span class='ocrx_word' id='word_1_402' title='bbox 1452 1340 1644 1372; x_wconf 88' lang='lat' dir='ltr'>declaratum</span> <span class='ocrx_word' id='word_1_403' title='bbox 1677 1340 1745 1379; x_wconf 85' lang='lat' dir='ltr'>suit,</span> 
     </span>
    </p>
   </div>
   <div class='ocr_carea' id='block_1_19' title="bbox 1002 1392 1745 2503">
    <p class='ocr_par' dir='ltr' id='par_1_20' title="bbox 1002 1392 1745 2503">
     <span class='ocr_line' id='line_1_75' title="bbox 1003 1392 1745 1440; baseline -0.008 -11"><span class='ocrx_word' id='word_1_404' title='bbox 1003 1397 1088 1440; x_wconf 90' lang='lat' dir='ltr'>loqui</span> <span class='ocrx_word' id='word_1_405' title='bbox 1114 1401 1144 1430; x_wconf 87' lang='lat' dir='ltr'>et</span> <span class='ocrx_word' id='word_1_406' title='bbox 1168 1396 1306 1428; x_wconf 87' lang='lat' dir='ltr'>scribere</span> <span class='ocrx_word' id='word_1_407' title='bbox 1321 1395 1439 1435; x_wconf 78' lang='lat' dir='ltr'>liceret⁷</span> <span class='ocrx_word' id='word_1_408' title='bbox 1458 1399 1552 1436; x_wconf 86' lang='lat' dir='ltr'>prout</span> <span class='ocrx_word' id='word_1_409' title='bbox 1576 1393 1607 1424; x_wconf 89' lang='lat' dir='ltr'>in</span> <span class='ocrx_word' id='word_1_410' title='bbox 1628 1392 1745 1424; x_wconf 85' lang='lat' dir='ltr'>eisdem</span> 
     </span>
     <span class='ocr_line' id='line_1_76' title="bbox 1004 1444 1742 1489; baseline -0.008 -7"><span class='ocrx_word' id='word_1_411' title='bbox 1004 1450 1130 1482; x_wconf 85' lang='lat' dir='ltr'>decreto</span> <span class='ocrx_word' id='word_1_412' title='bbox 1168 1454 1198 1481; x_wconf 92' lang='lat' dir='ltr'>et</span> <span class='ocrx_word' id='word_1_413' title='bbox 1229 1447 1441 1480; x_wconf 85' lang='lat' dir='ltr'>declaratione</span> <span class='ocrx_word' id='word_1_414' title='bbox 1480 1445 1602 1489; x_wconf 83' lang='lat' dir='ltr'>plenius</span> <span class='ocrx_word' id='word_1_415' title='bbox 1640 1444 1742 1477; x_wconf 89' lang='lat' dir='ltr'>conti-</span> 
     </span>
     <span class='ocr_line' id='line_1_77' title="bbox 1004 1499 1744 1543; baseline -0.008 -8"><span class='ocrx_word' id='word_1_416' title='bbox 1004 1508 1104 1535; x_wconf 89' lang='lat' dir='ltr'>netur.</span> <span class='ocrx_word' id='word_1_417' title='bbox 1133 1503 1266 1541; x_wconf 78' lang='lat' dir='ltr'>Verum,</span> <span class='ocrx_word' id='word_1_418' title='bbox 1291 1501 1363 1543; x_wconf 81' lang='lat' dir='ltr'>quia</span> <span class='ocrx_word' id='word_1_419' title='bbox 1389 1510 1422 1532; x_wconf 84' lang='lat' dir='ltr'>rc</span> <span class='ocrx_word' id='word_1_420' title='bbox 1449 1499 1514 1542; x_wconf 77' lang='lat' dir='ltr'>ipsa</span> <span class='ocrx_word' id='word_1_421' title='bbox 1547 1503 1744 1541; x_wconf 86' lang='lat' dir='ltr'>compertum</span> 
     </span>
     <span class='ocr_line' id='line_1_78' title="bbox 1003 1551 1744 1598; baseline -0.008 -10"><span class='ocrx_word' id='word_1_422' title='bbox 1003 1560 1048 1588; x_wconf 86' lang='lat' dir='ltr'>est</span> <span class='ocrx_word' id='word_1_423' title='bbox 1073 1554 1157 1598; x_wconf 87' lang='lat' dir='ltr'>quod</span> <span class='ocrx_word' id='word_1_424' title='bbox 1193 1554 1258 1586; x_wconf 85' lang='lat' dir='ltr'>sere</span> <span class='ocrx_word' id='word_1_425' title='bbox 1281 1563 1390 1586; x_wconf 90' lang='lat' dir='ltr'>omnes</span> <span class='ocrx_word' id='word_1_426' title='bbox 1415 1551 1618 1584; x_wconf 86' lang='lat' dir='ltr'>alienationes</span> <span class='ocrx_word' id='word_1_427' title='bbox 1645 1554 1744 1584; x_wconf 84' lang='lat' dir='ltr'>terra-</span> 
     </span>
     <span class='ocr_line' id='line_1_79' title="bbox 1004 1605 1742 1650; baseline -0.008 -9"><span class='ocrx_word' id='word_1_428' title='bbox 1004 1619 1091 1649; x_wconf 83' lang='lat' dir='ltr'>rum,</span> <span class='ocrx_word' id='word_1_429' title='bbox 1118 1607 1295 1647; x_wconf 65' lang='lat' dir='ltr'>civitatum,</span> <span class='ocrx_word' id='word_1_430' title='bbox 1321 1605 1512 1650; x_wconf 85' lang='lat' dir='ltr'>oppidorum</span> <span class='ocrx_word' id='word_1_431' title='bbox 1539 1610 1569 1637; x_wconf 87' lang='lat' dir='ltr'>ct</span> <span class='ocrx_word' id='word_1_432' title='bbox 1600 1605 1742 1637; x_wconf 86' lang='lat' dir='ltr'>locorum</span> 
     </span>
     <span class='ocr_line' id='line_1_80' title="bbox 1004 1657 1744 1700; baseline -0.007 -6"><span class='ocrx_word' id='word_1_433' title='bbox 1004 1661 1183 1694; x_wconf 87' lang='lat' dir='ltr'>huiusmodi</span> <span class='ocrx_word' id='word_1_434' title='bbox 1218 1662 1368 1693; x_wconf 84' lang='lat' dir='ltr'>hactenus</span> <span class='ocrx_word' id='word_1_435' title='bbox 1404 1660 1523 1698; x_wconf 83' lang='lat' dir='ltr'>factae,</span> <span class='ocrx_word' id='word_1_436' title='bbox 1557 1669 1591 1690; x_wconf 76' lang='lat' dir='ltr'>ex</span> <span class='ocrx_word' id='word_1_437' title='bbox 1630 1657 1744 1700; x_wconf 87' lang='lat' dir='ltr'>quibus</span> 
     </span>
     <span class='ocr_line' id='line_1_81' title="bbox 1005 1711 1744 1757; baseline -0.005 -10"><span class='ocrx_word' id='word_1_438' title='bbox 1005 1725 1117 1757; x_wconf 71' lang='lat' dir='ltr'>magna</span> <span class='ocrx_word' id='word_1_439' title='bbox 1150 1715 1244 1746; x_wconf 85' lang='lat' dir='ltr'>laesio</span> <span class='ocrx_word' id='word_1_440' title='bbox 1281 1719 1310 1745; x_wconf 88' lang='lat' dir='ltr'>et</span> <span class='ocrx_word' id='word_1_441' title='bbox 1347 1712 1524 1745; x_wconf 88' lang='lat' dir='ltr'>imminutio</span> <span class='ocrx_word' id='word_1_442' title='bbox 1562 1711 1744 1754; x_wconf 84' lang='lat' dir='ltr'>patrimonii</span> 
     </span>
     <span class='ocr_line' id='line_1_82' title="bbox 1003 1765 1744 1807; baseline -0.007 -7"><span class='ocrx_word' id='word_1_443' title='bbox 1003 1779 1039 1800; x_wconf 88' lang='lat' dir='ltr'>ac</span> <span class='ocrx_word' id='word_1_444' title='bbox 1064 1767 1304 1800; x_wconf 82' lang='lat' dir='ltr'>existimationis</span> <span class='ocrx_word' id='word_1_445' title='bbox 1329 1766 1357 1798; x_wconf 81' lang='lat' dir='ltr'>S.</span> <span class='ocrx_word' id='word_1_446' title='bbox 1391 1765 1424 1797; x_wconf 79' lang='lat' dir='ltr'>R.</span> <span class='ocrx_word' id='word_1_447' title='bbox 1457 1765 1488 1797; x_wconf 78' lang='lat' dir='ltr'>E.</span> <span class='ocrx_word' id='word_1_448' title='bbox 1520 1770 1651 1807; x_wconf 79' lang='lat' dir='ltr'>sequuta</span> <span class='ocrx_word' id='word_1_449' title='bbox 1676 1769 1744 1804; x_wconf 80' lang='lat' dir='ltr'>est,</span> 
     </span>
     <span class='ocr_line' id='line_1_83' title="bbox 1004 1818 1744 1863; baseline -0.005 -11"><span class='ocrx_word' id='word_1_450' title='bbox 1004 1821 1096 1853; x_wconf 86' lang='lat' dir='ltr'>etiam</span> <span class='ocrx_word' id='word_1_451' title='bbox 1126 1820 1182 1852; x_wconf 87' lang='lat' dir='ltr'>sub</span> <span class='ocrx_word' id='word_1_452' title='bbox 1220 1824 1382 1863; x_wconf 70' lang='lat' dir='ltr'>praetextu</span> <span class='ocrx_word' id='word_1_453' title='bbox 1407 1824 1437 1851; x_wconf 86' lang='lat' dir='ltr'>et</span> <span class='ocrx_word' id='word_1_454' title='bbox 1462 1818 1567 1850; x_wconf 84' lang='lat' dir='ltr'>colore</span> <span class='ocrx_word' id='word_1_455' title='bbox 1594 1828 1683 1849; x_wconf 80' lang='lat' dir='ltr'>verae</span> <span class='ocrx_word' id='word_1_456' title='bbox 1715 1822 1744 1849; x_wconf 89' lang='lat' dir='ltr'>et</span> 
     </span>
     <span class='ocr_line' id='line_1_84' title="bbox 1004 1870 1743 1913; baseline -0.007 -6"><span class='ocrx_word' id='word_1_457' title='bbox 1004 1878 1033 1907; x_wconf 84' lang='lat' dir='ltr'>et</span> <span class='ocrx_word' id='word_1_458' title='bbox 1049 1873 1201 1906; x_wconf 73' lang='lat' dir='ltr'>evidentis</span> <span class='ocrx_word' id='word_1_459' title='bbox 1217 1872 1410 1905; x_wconf 84' lang='lat' dir='ltr'>necessitatis</span> <span class='ocrx_word' id='word_1_460' title='bbox 1426 1871 1471 1904; x_wconf 70' lang='lat' dir='ltr'>vel</span> <span class='ocrx_word' id='word_1_461' title='bbox 1490 1870 1640 1903; x_wconf 89' lang='lat' dir='ltr'>nullitatis</span> <span class='ocrx_word' id='word_1_462' title='bbox 1658 1880 1743 1913; x_wconf 88' lang='lat' dir='ltr'>prae-</span> 
     </span>
     <span class='ocr_line' id='line_1_85' title="bbox 1004 1925 1743 1961; baseline -0.007 0"><span class='ocrx_word' id='word_1_463' title='bbox 1004 1927 1223 1961; x_wconf 83' lang='lat' dir='ltr'>decessoribus</span> <span class='ocrx_word' id='word_1_464' title='bbox 1248 1925 1425 1959; x_wconf 81' lang='lat' dir='ltr'>Sanctitatis</span> <span class='ocrx_word' id='word_1_465' title='bbox 1457 1926 1536 1957; x_wconf 77' lang='lat' dir='ltr'>Suae</span> <span class='ocrx_word' id='word_1_466' title='bbox 1570 1925 1743 1957; x_wconf 87' lang='lat' dir='ltr'>insinuatae</span> 
     </span>
     <span class='ocr_line' id='line_1_86' title="bbox 1004 1979 1743 2023; baseline -0.005 -8"><span class='ocrx_word' id='word_1_467' title='bbox 1004 1983 1130 2015; x_wconf 85' lang='lat' dir='ltr'>fuerunt</span> <span class='ocrx_word' id='word_1_468' title='bbox 1154 1983 1239 2023; x_wconf 80' lang='lat' dir='ltr'>(cum</span> <span class='ocrx_word' id='word_1_469' title='bbox 1274 1984 1376 2013; x_wconf 88' lang='lat' dir='ltr'>lamen</span> <span class='ocrx_word' id='word_1_470' title='bbox 1402 1979 1450 2011; x_wconf 69' lang='lat' dir='ltr'>vix</span> <span class='ocrx_word' id='word_1_471' title='bbox 1484 1979 1545 2011; x_wconf 88' lang='lat' dir='ltr'>ulla</span> <span class='ocrx_word' id='word_1_472' title='bbox 1574 1979 1743 2011; x_wconf 82' lang='lat' dir='ltr'>necessitas</span> 
     </span>
     <span class='ocr_line' id='line_1_87' title="bbox 1003 2031 1744 2077; baseline -0.005 -10"><span class='ocrx_word' id='word_1_473' title='bbox 1003 2033 1174 2077; x_wconf 79' lang='lat' dir='ltr'>excogitari</span> <span class='ocrx_word' id='word_1_474' title='bbox 1202 2033 1300 2077; x_wconf 79' lang='lat' dir='ltr'>possit</span> <span class='ocrx_word' id='word_1_475' title='bbox 1325 2032 1373 2065; x_wconf 86' lang='lat' dir='ltr'>cni</span> <span class='ocrx_word' id='word_1_476' title='bbox 1389 2032 1399 2048; x_wconf 67' lang='lat'><strong>⁹</strong></span> <span class='ocrx_word' id='word_1_477' title='bbox 1424 2044 1459 2064; x_wconf 79' lang='lat' dir='ltr'>ex</span> <span class='ocrx_word' id='word_1_478' title='bbox 1484 2032 1552 2064; x_wconf 90' lang='lat' dir='ltr'>aliis</span> <span class='ocrx_word' id='word_1_479' title='bbox 1577 2031 1666 2064; x_wconf 83' lang='lat' dir='ltr'>bonis</span> <span class='ocrx_word' id='word_1_480' title='bbox 1691 2037 1744 2063; x_wconf 88' lang='lat' dir='ltr'>aut</span> 
     </span>
     <span class='ocr_line' id='line_1_88' title="bbox 1003 2085 1742 2130; baseline -0.005 -10"><span class='ocrx_word' id='word_1_481' title='bbox 1003 2088 1177 2121; x_wconf 83' lang='lat' dir='ltr'>redditibus</span> <span class='ocrx_word' id='word_1_482' title='bbox 1194 2092 1223 2119; x_wconf 89' lang='lat' dir='ltr'>et</span> <span class='ocrx_word' id='word_1_483' title='bbox 1241 2086 1445 2130; x_wconf 76' lang='lat' dir='ltr'>proventibus</span> <span class='ocrx_word' id='word_1_484' title='bbox 1470 2095 1563 2128; x_wconf 80' lang='lat' dir='ltr'>quam</span> <span class='ocrx_word' id='word_1_485' title='bbox 1591 2085 1742 2117; x_wconf 86' lang='lat' dir='ltr'>constitu-</span> 
     </span>
     <span class='ocr_line' id='line_1_89' title="bbox 1003 2137 1743 2183; baseline -0.005 -10"><span class='ocrx_word' id='word_1_486' title='bbox 1003 2141 1086 2174; x_wconf 88' lang='lat' dir='ltr'>tione</span> <span class='ocrx_word' id='word_1_487' title='bbox 1112 2140 1270 2183; x_wconf 72' lang='lat' dir='ltr'>praedicta</span> <span class='ocrx_word' id='word_1_488' title='bbox 1295 2138 1423 2171; x_wconf 89' lang='lat' dir='ltr'>alienari</span> <span class='ocrx_word' id='word_1_489' title='bbox 1445 2137 1614 2181; x_wconf 87' lang='lat' dir='ltr'>prohibitis</span> <span class='ocrx_word' id='word_1_490' title='bbox 1634 2137 1743 2169; x_wconf 64' lang='lat' dir='ltr'>subre-</span> 
     </span>
     <span class='ocr_line' id='line_1_90' title="bbox 1002 2191 1744 2236; baseline -0.005 -10"><span class='ocrx_word' id='word_1_491' title='bbox 1002 2194 1063 2227; x_wconf 88' lang='lat' dir='ltr'>niri</span> <span class='ocrx_word' id='word_1_492' title='bbox 1088 2198 1239 2236; x_wconf 80' lang='lat' dir='ltr'>nequeat3</span> <span class='ocrx_word' id='word_1_493' title='bbox 1272 2193 1321 2224; x_wconf 81' lang='lat' dir='ltr'>vix</span> <span class='ocrx_word' id='word_1_494' title='bbox 1346 2192 1439 2224; x_wconf 87' lang='lat' dir='ltr'>etiam</span> <span class='ocrx_word' id='word_1_495' title='bbox 1465 2191 1527 2223; x_wconf 87' lang='lat' dir='ltr'>nlla</span> <span class='ocrx_word' id='word_1_496' title='bbox 1552 2191 1619 2223; x_wconf 88' lang='lat' dir='ltr'>dari</span> <span class='ocrx_word' id='word_1_497' title='bbox 1646 2191 1744 2233; x_wconf 85' lang='lat' dir='ltr'>possit</span> 
     </span>
     <span class='ocr_line' id='line_1_91' title="bbox 1003 2244 1741 2288; baseline -0.005 -8"><span class='ocrx_word' id='word_1_498' title='bbox 1003 2247 1139 2288; x_wconf 78' lang='lat' dir='ltr'>utilitas,</span> <span class='ocrx_word' id='word_1_499' title='bbox 1174 2246 1222 2279; x_wconf 90' lang='lat' dir='ltr'>cui</span> <span class='ocrx_word' id='word_1_500' title='bbox 1253 2256 1316 2278; x_wconf 88' lang='lat' dir='ltr'>non</span> <span class='ocrx_word' id='word_1_501' title='bbox 1348 2244 1579 2288; x_wconf 78' lang='lat' dir='ltr'>praeponderet</span> <span class='ocrx_word' id='word_1_502' title='bbox 1612 2255 1741 2287; x_wconf 81' lang='lat' dir='ltr'>recupe-</span> 
     </span>
     <span class='ocr_line' id='line_1_92' title="bbox 1004 2297 1742 2340; baseline -0.008 -6"><span class='ocrx_word' id='word_1_503' title='bbox 1004 2301 1083 2334; x_wconf 91' lang='lat' dir='ltr'>ratio</span> <span class='ocrx_word' id='word_1_504' title='bbox 1108 2306 1138 2333; x_wconf 89' lang='lat' dir='ltr'>et</span> <span class='ocrx_word' id='word_1_505' title='bbox 1163 2300 1254 2332; x_wconf 84' lang='lat' dir='ltr'>realis</span> <span class='ocrx_word' id='word_1_506' title='bbox 1291 2297 1495 2339; x_wconf 62' lang='lat' dir='ltr'>reintegratio</span> <span class='ocrx_word' id='word_1_507' title='bbox 1526 2298 1556 2329; x_wconf 90' lang='lat' dir='ltr'>in</span> <span class='ocrx_word' id='word_1_508' title='bbox 1591 2297 1742 2340; x_wconf 89' lang='lat' dir='ltr'>patrimo—</span> 
     </span>
     <span class='ocr_line' id='line_1_93' title="bbox 1004 2350 1743 2387; baseline -0.007 0"><span class='ocrx_word' id='word_1_509' title='bbox 1004 2356 1089 2387; x_wconf 86' lang='lat' dir='ltr'>nium</span> <span class='ocrx_word' id='word_1_510' title='bbox 1116 2359 1239 2386; x_wconf 73' lang='lat' dir='ltr'>sanctae</span> <span class='ocrx_word' id='word_1_511' title='bbox 1256 2353 1413 2385; x_wconf 79' lang='lat' dir='ltr'>Romanae</span> <span class='ocrx_word' id='word_1_512' title='bbox 1443 2350 1598 2384; x_wconf 84' lang='lat' dir='ltr'>Ecclesiae</span> <span class='ocrx_word' id='word_1_513' title='bbox 1623 2362 1743 2383; x_wconf 85' lang='lat' dir='ltr'>earum-</span> 
     </span>
     <span class='ocr_line' id='line_1_94' title="bbox 1004 2404 1744 2447; baseline -0.008 -6"><span class='ocrx_word' id='word_1_514' title='bbox 1004 2409 1075 2441; x_wconf 74' lang='lat' dir='ltr'>dem</span> <span class='ocrx_word' id='word_1_515' title='bbox 1094 2407 1252 2440; x_wconf 67' lang='lat' dir='ltr'>civitatum</span> <span class='ocrx_word' id='word_1_516' title='bbox 1271 2412 1300 2437; x_wconf 79' lang='lat' dir='ltr'>et</span> <span class='ocrx_word' id='word_1_517' title='bbox 1319 2406 1460 2437; x_wconf 84' lang='lat' dir='ltr'>Iocorum</span> <span class='ocrx_word' id='word_1_518' title='bbox 1488 2405 1649 2447; x_wconf 81' lang='lat' dir='ltr'>bucusque</span> <span class='ocrx_word' id='word_1_519' title='bbox 1674 2404 1744 2436; x_wconf 73' lang='lat' dir='ltr'>alie-</span> 
     </span>
     <span class='ocr_line' id='line_1_95' title="bbox 1004 2456 1744 2503; baseline -0.007 -9"><span class='ocrx_word' id='word_1_520' title='bbox 1004 2465 1173 2503; x_wconf 78' lang='lat' dir='ltr'>natorum)⁷</span> <span class='ocrx_word' id='word_1_521' title='bbox 1193 2469 1325 2502; x_wconf 74' lang='lat' dir='ltr'>cumque</span> <span class='ocrx_word' id='word_1_522' title='bbox 1345 2456 1524 2490; x_wconf 84' lang='lat' dir='ltr'>huiusmodi</span> <span class='ocrx_word' id='word_1_523' title='bbox 1547 2468 1635 2490; x_wconf 82' lang='lat' dir='ltr'>casus</span> <span class='ocrx_word' id='word_1_524' title='bbox 1656 2457 1744 2489; x_wconf 88' lang='lat' dir='ltr'>abso-</span> 
     </span>
    </p>
   </div>
   <div class='ocr_carea' id='block_1_20' title="bbox 1038 2528 1742 2610">
    <p class='ocr_par' dir='ltr' id='par_1_21' title="bbox 1038 2528 1742 2610">
     <span class='ocr_line' id='line_1_96' title="bbox 1040 2528 1741 2565; baseline -0.006 -8"><span class='ocrx_word' id='word_1_525' title='bbox 1040 2534 1049 2557; x_wconf 79' lang='lat' dir='ltr'>l</span> <span class='ocrx_word' id='word_1_526' title='bbox 1071 2531 1097 2557; x_wconf 89' lang='lat' dir='ltr'>ln</span> <span class='ocrx_word' id='word_1_527' title='bbox 1113 2532 1171 2556; x_wconf 76' lang='lat' dir='ltr'>loco</span> <span class='ocrx_word' id='word_1_528' title='bbox 1187 2529 1314 2565; x_wconf 77' lang='lat' dir='ltr'>parallelo</span> <span class='ocrx_word' id='word_1_529' title='bbox 1330 2529 1429 2563; x_wconf 79' lang='lat' dir='ltr'>legitur</span> <span class='ocrx_word' id='word_1_530' title='bbox 1444 2528 1489 2554; x_wconf 81' lang='grc' dir='ltr'>([ιέ</span> <span class='ocrx_word' id='word_1_531' title='bbox 1512 2528 1626 2555; x_wconf 56' lang='lat' dir='ltr'>teneris</span> <span class='ocrx_word' id='word_1_532' title='bbox 1642 2534 1677 2556; x_wconf 76' lang='grc' dir='ltr'>ιιι,</span> <span class='ocrx_word' id='word_1_533' title='bbox 1694 2528 1741 2560; x_wconf 79' lang='grc' dir='ltr'>τ.).</span> 
     </span>
     <span class='ocr_line' id='line_1_97' title="bbox 1038 2572 1742 2610; baseline -0.007 -7"><span class='ocrx_word' id='word_1_534' title='bbox 1038 2579 1053 2602; x_wconf 69' lang='grc'>2</span> <span class='ocrx_word' id='word_1_535' title='bbox 1067 2576 1211 2610; x_wconf 81' lang='lat' dir='ltr'>Perperain</span> <span class='ocrx_word' id='word_1_536' title='bbox 1223 2574 1265 2601; x_wconf 84' lang='lat' dir='ltr'>ed.</span> <span class='ocrx_word' id='word_1_537' title='bbox 1280 2573 1360 2600; x_wconf 79' lang='lat' dir='ltr'>Main.</span> <span class='ocrx_word' id='word_1_538' title='bbox 1373 2573 1437 2607; x_wconf 69' lang='lat' dir='ltr'>tegit</span> <span class='ocrx_word' id='word_1_539' title='bbox 1451 2580 1576 2607; x_wconf 79' lang='lat' dir='ltr'>cumpro</span> <span class='ocrx_word' id='word_1_540' title='bbox 1587 2572 1634 2600; x_wconf 72' lang='lat' dir='ltr'>cni</span> <span class='ocrx_word' id='word_1_541' title='bbox 1648 2576 1684 2606; x_wconf 74' lang='lat' dir='ltr'>(tt.</span> <span class='ocrx_word' id='word_1_542' title='bbox 1695 2576 1742 2605; x_wconf 83' lang='lat' dir='ltr'>T.).</span> 
     </span>
    </p>
   </div>
   <div class='ocr_carea' id='block_1_21' title="bbox 1655 163 1946 199">
    <p class='ocr_par' dir='ltr' id='par_1_22' title="bbox 1655 163 1946 199">
     <span class='ocr_line' id='line_1_98' title="bbox 1655 163 1946 199; baseline 0.007 -3"><span class='ocrx_word' id='word_1_543' title='bbox 1655 163 1717 197; x_wconf 70' lang='lat'>057</span> <span class='ocrx_word' id='word_1_544' title='bbox 1764 171 1946 199; x_wconf 73' lang='lat' dir='ltr'>An.c.1661</span> 
     </span>
    </p>
   </div>
  </div>
 </body>
</html>
