2243 3205
281 205 329 231 An.
346 206 374 231 c.
400 206 461 233 ¹661
511 195 574 230 648

306 530 421 557 Expostlio.

303 1483 444 1509 Suppli-«aim.

291 2226 363 2245 Αηιιυιι
382 2229 458 2252 pelitzs.

478 253 527 286 nis
542 253 681 293 affectus,
697 264 759 297 quo
775 264 832 287 nos
849 259 879 287 et
903 255 1073 287 Romanam
1094 266 1214 288 revere·
1229 258 1231 291 l

479 306 554 338 mini
571 306 752 346 Ecclesiam,
769 313 980 350 promeretur,
998 314 1031 340 ut
1055 308 1106 340 illa
1124 308 1212 341 vobis
1230 301 1231 312 ¹

477 359 689 392 favorabiliter
724 360 953 401 concedamus,
988 372 1067 405 quae
1103 362 1230 394 vestris*

478 412 646 446 commodo
664 417 693 446 cl
713 413 896 447 utilitatibus
919 414 986 447 sore
1003 414 1212 458 conspicimus
1229 438 1230 450 ,

478 469 665 508 opportuna.

522 518 537 561 ᾗ
561 517 589 550 2.
615 518 691 552 Cum
717 519 831 562 itaque,
845 520 924 553 sicut
943 520 1034 553 nobis
1049 530 1150 563 nuper
1166 509 1230 572 (ὲκ-Ξ

477 570 551 613 poni
577 570 706 613 fecistis,
738 572 821 605 bona
851 572 971 606 stabilia
997 573 1027 605 in
1052 572 1230 605 territoriot

477 623 610 657 civitatis
633 630 760 658 nostrae
784 625 951 659 Perusinae
965 625 1138 666 existentia,
1154 635 1212 668 pro

477 676 589 709 maiori
613 682 643 709 et
668 678 791 711 meliori
816 689 926 711 eorum
953 682 1041 722 parte
1062 678 1213 711 livellaria

476 735 506 762 ct
529 730 782 775 emphyteutica,
806 742 842 766 ac
866 733 903 765 de
928 732 1068 765 dominio
1093 732 1230 765 directe*

476 782 679 816 ecclesiarum
708 795 743 817 ac
767 785 1031 818 monasteriorum
1050 785 1212 828 utriusque

475 845 566 868 sexus
600 836 743 878 existant,
769 843 799 870 et
822 838 904 871 bona
930 837 1159 882 emphyteutica
1184 841 1213 871 et

475 887 625 921 livellaria
649 889 831 923 huiusmodi
849 901 885 923 ex
910 891 1084 923 inveterata
1109 894 1138 924 et
1154 890 1211 922 im—

475 942 674 974 memorabili
688 943 914 976 consuetudine
928 943 1087 986 prioribus
1101 953 1212 976 eorum

476 994 731 1028 concessionibus
751 995 847 1028 finitis
863 996 893 1028 in
911 996 1140 1040 emphyteusim
1158 1006 1212 1028 seu

476 1047 613 1080 livellum
639 1049 677 1081 ab
702 1049 827 1082 illorum
862 1049 998 1082 dominis
1027 1060 1151 1093 semper
1175 1049 1213 1082 de

476 1110 556 1134 novo
581 1102 710 1134 concedi
735 1102 871 1142 soleant,
897 1113 1041 1146 cumque,
1063 1103 1087 1135 si
1112 1103 1212 1136 eccle-

475 1153 602 1194 siastici,
627 1154 713 1188 linita
738 1155 820 1188 linea
843 1155 881 1188 ad
904 1166 998 1199 quam
1024 1155 1104 1189 bona
1127 1166 1213 1200 prae-

475 1206 557 1240 dicta
581 1208 709 1241 concedi
741 1215 991 1250 consueverunt,
1017 1209 1068 1241 illa
1099 1220 1156 1252 pro
1181 1220 1213 1242 se

474 1261 611 1293 retinere
636 1261 763 1302 vellent,
788 1272 937 1304 magnum
963 1262 1075 1295 exinde
1092 1263 1212 1295 incolae

476 1312 608 1346 civitatis
633 1319 663 1346 et
686 1314 838 1348 dioecesis
870 1315 1039 1348 Perusinae
1064 1316 1208 1359 suscipe-

475 1371 545 1398 rent
569 1366 790 1401 detrimentum
806 1394 813 1407 ‚
838 1369 980 1411 quinimo
1009 1369 1151 1412 plerique
1175 1379 1211 1402 ex

475 1418 584 1452 iisdem
609 1420 719 1453 incolis
739 1421 777 1454 ad
801 1421 938 1465 inopiam
960 1422 1195 1464 redigerentur:

519 1472 534 1515 ἓ
557 1471 587 1504 3.
611 1473 706 1506 Nobis
743 1480 912 1517 propterea
947 1475 1108 1508 humiliter
1132 1486 1210 1518 sup-

473 1525 582 1568 plicari
608 1526 723 1560 fecistis
738 1533 770 1560 ut
787 1528 818 1560 in
836 1529 1016 1571 praemissis
1033 1534 1211 1572 opportune

473 1578 640 1621 providere
674 1580 712 1612 de
746 1580 937 1623 benignitate
963 1581 1134 1624 apostolica
1166 1581 1212 1614 di—

474 1641 654 1672 gnaremur.
680 1633 741 1666 llos
763 1633 870 1676 igitur,
888 1645 942 1667 vos
959 1634 1149 1677 specialibus
1172 1635 1212 1667 sa-

474 1683 600 1717 voribus
625 1691 655 1718 et
678 1686 787 1728 gratiis
805 1687 954 1730 prosequi
987 1687 1135 1728 volentes,
1160 1698 1212 1720 ve-

473 1742 636 1781 strumque
660 1739 835 1781 singulares
867 1750 1017 1783 personas
1042 1751 1059 1773 a
1083 1741 1211 1784 quibus-

475 1790 518 1822 vis
532 1793 874 1832 excommunicationis,
889 1794 1105 1836 suspensionis
1122 1798 1151 1827 et
1171 1794 1213 1826 in-

475 1843 594 1876 terdicti
611 1870 618 1884 ,
642 1845 775 1889 aliisque
799 1846 1018 1879 ecclesiasticis
1039 1847 1212 1888 sententiis,

474 1897 615 1930 censuris
639 1903 669 1930 et
695 1899 814 1941 poeniS,
835 1909 852 1931 a
870 1899 939 1932 iure
953 1900 999 1932 vel
1017 1900 1055 1932 ab
1074 1900 1210 1942 homine,

473 1950 581 1993 quavis
606 1951 770 1984 occasione
795 1952 842 1984 vel
868 1952 915 1985 vel
940 1954 1034 1985 causa
1071 1953 1162 1994 latis,
1187 1954 1211 1986 si

473 2003 587 2046 quibus
612 2005 851 2048 quomodolibet
877 2005 1043 2039 innodatae
1067 2007 1212 2048 existunt,

474 2057 513 2089 ad
530 2057 676 2091 effectum
694 2059 904 2101 praesentium
921 2060 1081 2092 dumtaxat
1097 2071 1210 2093 conse-

474 2111 643 2154 quendum,
662 2112 774 2144 harum
799 2113 880 2145 serie
897 2113 1092 2146 absolventes
1111 2120 1141 2146 et
1164 2114 1214 2147 ab·

475 2165 592 2198 solutas
615 2166 682 2198 sore
706 2171 878 2206 censentes,
896 2167 1075 2200 huiusmodi
1100 2168 1215 2211 suppli-

476 2218 649 2251 cationibus
675 2218 824 2259 inclinati,
841 2219 880 2252 de
905 2220 1130 2252 venerabilium
1152 2222 1214 2253 sra-

477 2276 559 2303 trum
584 2277 765 2305 nostrorum
791 2272 819 2305 S.
839 2273 871 2305 R.
891 2273 923 2305 E.
942 2273 1148 2306 cardinalium
1162 2274 1215 2306 im-

476 2325 620 2357 munitati
637 2325 866 2359 ecclesiasticae
883 2331 914 2358 et
927 2326 1150 2359 controversiis
1167 2327 1214 2359 iu-

476 2377 741 2411 risdictionalibus
772 2380 1025 2423 praepositorum
1062 2380 1214 2421 consilio,

477 2431 561 2474 quod
586 2432 623 2464 de
647 2438 753 2465 cetero
778 2433 937 2476 perpetuis
962 2433 1075 2466 suturis
1100 2439 1216 2477 tempo-

478 2483 565 2516 ribus
590 2485 644 2524 illi,
664 2485 702 2518 ad
719 2496 798 2528 quos
822 2486 984 2528 spectabit,
1005 2486 1087 2519 bona
1108 2497 1215 2530 supra-

479 2536 559 2570 dicta
576 2537 684 2569 directi
703 2538 831 2570 dominii
849 2538 1060 2579 ecclesiastici,
1079 2540 1215 2581 quando-

480 2601 614 2634 cumque
639 2592 804 2632 contigerit
821 2603 857 2624 ca
880 2603 936 2635 per
961 2592 1075 2625 lineam
1095 2592 1214 2625 linitam

1063 208 1240 233 BULLARIUM
1265 207 1418 232 ROMANUM

1247 255 1379 295 devolvi,
1396 254 1641 298 proximioribus
1658 254 1689 287 in
1703 255 1803 298 gradu
1827 266 1980 299 personae

1248 308 1302 348 illi,
1327 318 1383 351 per
1408 309 1496 341 euius
1516 308 1677 341 decessum
1698 308 1780 341 linea
1802 308 1981 343 huiusmodi

1247 360 1383 400 finietur,
1401 371 1470 393 cum
1489 366 1680 403 augumento
1699 364 1800 394 tamen
1817 372 1982 402 canonum,

1247 418 1277 445 et
1300 412 1410 445 solutis
1435 413 1599 446 laudemiis
1623 413 1739 453 solitis,
1763 423 1884 446 necnon
1911 425 1982 447 cum

1247 466 1438 509 obligatione
1455 468 1640 500 meliorandi
1661 468 1770 501 eadem
1788 467 1868 500 bona
1885 468 1982 501 eccle-

1247 520 1379 559 siastica,
1397 520 1580 561 concedere,
1602 521 1750 564 ipsosque
1775 520 1983 564 proximiores

1246 572 1284 606 de
1299 573 1359 605 illis
1376 573 1525 606 investire
1549 574 1679 607 omnino
1699 574 1833 606 debeant
1856 579 1887 606 et
1903 579 1984 607 tene-

1246 631 1348 666 antur,
1374 626 1488 669 illaque
1512 637 1570 670 pro
1590 637 1622 659 se
1647 626 1783 659 retinere
1806 626 1983 659 nullatenus

1247 680 1375 722 possint,
1390 680 1561 722 apostolica
1573 680 1768 720 auctoritate,
1781 684 1888 713 tenore
1897 690 1984 723 prae-

1247 732 1390 774 sentium,
1405 735 1579 773 statutum,
1592 733 1735 766 volumus
1747 739 1777 766 et
1792 733 1982 773 ordinamus

1246 785 1353 828 sicque
1371 785 1592 818 inviolabiliter
1609 785 1768 818 observari
1787 790 1816 818 et
1833 795 1889 828 per
1905 795 1983 828 quo-

1246 848 1397 881 scumque
1422 838 1539 871 iudices
1563 838 1739 871 ordinarios
1761 843 1791 870 et
1815 838 1982 880 delegatos,

1246 891 1338 923 etiam
1364 901 1528 924 causarum
1554 891 1658 934 palatii
1683 891 1846 935 apostolici
1867 890 1984 925 audito-

1247 955 1306 986 res,
1320 955 1356 977 ae
1375 944 1404 977 S.
1420 945 1453 977 R.
1469 944 1501 977 E.
1518 944 1692 977 cardinales
1709 944 1802 977 etiam
1824 944 1862 977 de
1885 944 1982 977 latere

1246 998 1383 1040 legatos,
1407 998 1547 1042 aliosque
1564 1009 1781 1042 quoscumque
1798 997 1905 1041 quavis
1929 1007 1984 1030 au-

1247 1051 1390 1084 ctoritate
1415 1051 1589 1093 fungentes,
1603 1051 1733 1084 iudicari
1752 1056 1782 1084 et
1792 1050 1915 1083 definiri
1932 1050 1984 1083 de-

1247 1103 1332 1143 bere,
1361 1104 1548 1147 irritumque
1580 1109 1610 1136 et
1641 1104 1748 1145 inane,
1774 1103 1799 1136 si
1824 1113 1913 1136 secus
1937 1113 1984 1136 su-

1247 1167 1303 1200 per
1328 1157 1376 1190 his
1401 1168 1418 1189 a
1443 1168 1619 1201 quoquam,
1645 1157 1753 1201 quavis
1777 1156 1984 1197 auctoritate,

1247 1211 1381 1243 scienter
1406 1211 1453 1243 vel
1478 1211 1671 1253 ignoranter,
1688 1210 1855 1253 contigerit
1878 1214 1981 1243 atten-

1248 1264 1305 1296 tari
1330 1264 1539 1296 decernimus.

1291 1317 1305 1359 ἓ
1329 1316 1358 1349 3.
1383 1316 1535 1356 Quocirca
1559 1316 1673 1349 dilecto
1689 1316 1755 1349 filio
1778 1315 1983 1358 gubernatori

1246 1370 1346 1403 dictae
1371 1370 1503 1402 civitatis
1519 1375 1644 1402 nostrae
1665 1369 1832 1402 Perusinae
1851 1379 1935 1402 nunc
1953 1374 1984 1401 et

1246 1433 1304 1466 pro
1322 1428 1465 1466 tempore
1478 1422 1618 1455 existenti
1633 1432 1690 1465 per
1704 1427 1883 1465 praesentes
1897 1432 1983 1454 com-

1246 1477 1398 1509 mittimus
1413 1482 1443 1509 et
1459 1476 1654 1515 mandamus,
1667 1481 1822 1518 quatenus
1835 1475 1912 1518 ipse,
1926 1485 1984 1519 per

1245 1540 1288 1570 se,
1313 1529 1361 1562 vel
1385 1529 1492 1569 alium,
1517 1540 1571 1561 seu
1595 1529 1682 1568 alios,
1696 1528 1819 1561 easdem
1835 1538 1983 1571 praesen-

1245 1589 1291 1616 tes
1315 1583 1434 1615 litteras
1459 1587 1489 1614 et
1513 1582 1543 1614 in
1567 1581 1611 1615 eis
1636 1586 1781 1614 contenta
1805 1591 1983 1624 quaecum-

1246 1647 1317 1679 que,
1334 1636 1387 1669 ubi
1408 1641 1438 1668 et.
1452 1635 1578 1679 quando
1596 1645 1674 1678 opus
1694 1635 1798 1676 suerit,
1813 1640 1843 1667 et
1859 1634 1982 1678 quoties

1246 1700 1305 1732 pro
1336 1694 1423 1732 parte
1454 1689 1557 1721 vestra
1588 1698 1642 1720 seu
1674 1687 1806 1720 alicuius
1843 1692 1980 1720 vestrum

1245 1742 1339 1775 suerit
1356 1741 1535 1784 requisitus,
1553 1740 1734 1774 solemniter
1758 1740 1929 1783 publicans,
1946 1750 1982 1773 ac

1246 1795 1334 1828 vobis
1362 1794 1393 1826 in
1418 1794 1597 1837 praemissis
1631 1793 1765 1826 efficacis
1793 1792 1982 1825 defensionis

1246 1847 1403 1892 praesidio
1423 1847 1581 1887 assistens,
1605 1846 1696 1879 saciat
1720 1846 1905 1879 auctoritate
1929 1856 1983 1879 no-

1246 1903 1312 1933 stra
1340 1905 1520 1944 praesentes
1544 1900 1663 1932 litteras
1680 1904 1711 1932 et
1728 1900 1758 1931 in
1775 1899 1819 1932 eis
1837 1904 1982 1932 contenta

1247 1953 1426 1986 huiusmodi
1451 1953 1490 1985 ab
1515 1952 1675 1994 omnibus,
1700 1953 1737 1985 ad
1761 1963 1840 1995 quos
1864 1957 1983 1995 spectat

1247 2012 1276 2039 et
1300 2006 1451 2050 spectabit
1467 2005 1704 2049 quomodolibet
1720 2006 1751 2038 in
1767 2005 1919 2045 futurum,
1935 2005 1981 2037 in-

1247 2060 1434 2094 violabiliter
1460 2059 1635 2099 observari;
1659 2069 1721 2092 non
1746 2058 1929 2102 permittens
1953 2063 1982 2091 et

1249 2125 1302 2147 vos
1321 2125 1377 2157 per
1397 2123 1613 2157 quoscumque
1637 2118 1746 2145 contra
1771 2112 1980 2155 praesentium

1248 2174 1389 2200 tenorem
1415 2166 1654 2210 quomodolibet
1685 2165 1864 2205 molestari,
1889 2165 1983 2208 impe-

1249 2220 1307 2253 diri
1330 2220 1376 2252 vel
1402 2219 1584 2262 inquietari;
1602 2218 1849 2252 contradictores
1868 2217 1982 2261 quosli-

1249 2273 1301 2306 bet
1331 2276 1360 2305 et
1392 2272 1524 2304 rebelles
1554 2282 1609 2314 per
1641 2281 1789 2303 censuras
1813 2275 1844 2302 et
1866 2280 1982 2313 poenas

1249 2325 1483 2366 ecclesiasticas,
1508 2325 1631 2366 aliaque
1654 2330 1830 2367 opportuna
1854 2323 1930 2356 iuris
1953 2329 1983 2356 et

1249 2380 1318 2412 facti
1353 2378 1511 2417 remedia,
1546 2377 1755 2420 appellatione
1788 2376 1982 2420 postposita,

1249 2431 1489 2476 compescendo,
1514 2430 1724 2472 legitimisque
1743 2440 1837 2473 super
1861 2429 1909 2461 his
1933 2429 1982 2461 ha-

1249 2485 1357 2519 bendis
1392 2484 1522 2517 servatis
1553 2484 1769 2527 processibus,
1799 2484 1982 2526 servataque

1249 2539 1347 2571 forma
1361 2537 1488 2571 Concilii
1504 2535 1687 2576 Tridentini,
1704 2545 1849 2568 censuras
1862 2540 1892 2567 et
1912 2545 1982 2577 poe-

1249 2602 1303 2624 nas
1335 2591 1416 2634 ipsas
1441 2590 1533 2623 etiam
1566 2589 1683 2622 iteratis
1716 2588 1832 2621 vicibus
1863 2597 1978 2630 aggra-

1995 208 2044 236 An.
2063 209 2090 236 C.
2107 210 2166 239 ¹66¹

2044 799 2171 822 Conni-matta

1997 825 2082 846 decreti.

2029 1326 2173 1348 Inviolabllitor

1998 1354 2102 1374 observari
2116 1353 2164 1374 vult.
