2202 3190
427 184 488 218 788
975 192 1149 217 nrtmmrn
1174 192 1323 216 noniaxrn

380 405 527 439 Birensis
554 405 706 438 ecelesiae
732 405 908 449 capitulum
927 404 1084 449 quaedam
1111 404 1239 437 innovat
1263 403 1344 435 iusta
1367 413 1401 435 ex
1428 413 1522 435 eausa
1547 403 1652 445 quoad
1678 402 1839 436 servitium
1862 412 1913 436 ec-

468 459 592 498 elesiae,
621 470 702 503 qnae
728 459 902 492 Alexander
927 459 976 491 vlt
1003 458 1182 496 confirmat,
1211 455 1251 489 (52
1277 456 1303 488 b.

380 512 512 545 Basilica
536 512 564 544 S.
590 513 684 545 Petri.
712 512 916 545 Moderantur
940 512 1103 545 facultates
1130 511 1320 543 reverendae
1345 508 1483 542 fabricae
1507 508 1653 542 basilicae
1673 508 1702 542 S.
1723 509 1808 542 Petri
1829 509 1912 542 cirea

467 565 570 607 legata
596 565 790 608 pauperibus
816 565 847 597 in
869 575 984 608 genere
1001 564 1094 604 sacta,
1112 563 1152 596 57
1171 563 1200 600 ἰν,
1219 562 1392 605 Collegium
1419 562 1628 606 apostolicum
1655 561 1814 594 minorum
1841 570 1913 605 poe-

468 617 726 650 nitentiariorum
753 617 794 650 ibi
820 618 1034 656 instauratur,
1061 615 1126 648 434
1150 615 1186 655 b·,
1213 615 1282 647 ride
1307 614 1482 657 Collegium
1508 614 1716 657 apostolieum
1751 614 1910 647 minorum

466 670 786 713 poenitentiariorum
812 670 960 703 basilicae
985 670 1014 702 S.
1039 669 1134 702 Petri.

378 723 584 756 Basilicarum
611 729 640 756 et
664 725 870 757 ecelesiarum
898 723 1136 765 collegiatarum
1171 720 1362 754 secularium
1395 720 1487 753 Urbis
1512 719 1782 764 administrationi
1809 720 1912 763 provi-

466 778 571 817 detur,
597 776 660 810 968
685 789 747 821 seq.

378 829 483 862 Basilii
504 830 565 873 (S.)
587 830 670 863 Ordo
695 831 733 863 ad
759 830 944 863 sexennium
971 829 1065 871 eligat
1090 827 1241 861 officiales
1265 825 1441 869 generales,
1468 824 1531 858 172
1557 825 1593 865 b;
1620 826 1659 858 de
1682 835 1818 858 numero
1842 835 1911 858 mo-

466 883 637 915 narhorum
663 884 893 926 professorum,
919 882 973 925 qui
999 881 1132 914 existere
1158 880 1274 912 debent,
1299 880 1329 912 in
1356 878 1547 911 monasterio
1579 877 1838 921 Congregationis
1863 888 1913 911 re-

464 937 617 968 formatae
643 936 692 969 del
717 935 861 976 Tardon,
888 935 983 974 fluite,
1010 934 1124 966 modus
1155 932 1319 965 habendus
1345 944 1361 965 a
1386 932 1526 974 generali
1553 932 1585 964 in
1610 931 1768 964 visitando
1793 931 1911 965 dictam

465 988 766 1031 (longi-egationem,
797 988 856 1021 331
884 989 919 1028 b3
944 988 1101 1031 generalis
1133 987 1259 1019 visitare
1290 986 1381 1019 debet
1415 986 1532 1018 dietam
1566 985 1849 1028 Congregationem
1874 994 1911 1018 eo

465 1043 559 1074 modo
585 1053 649 1084 quo
675 1043 847 1085 disponunt
868 1041 974 1075 Brevia
991 1040 1161 1075 novissima
1180 1039 1297 1072 Urbani
1318 1039 1381 1071 Vlll
1408 1044 1438 1072 et
1464 1039 1639 1071 Innocentii
1664 1038 1701 1079 X,
1730 1037 1794 1071 504
1817 1048 1857 1078 α·,
1878 1037 1910 1070 in

464 1094 616 1137 llispania
641 1095 716 1128 (lieti
742 1095 888 1128 monachi
915 1100 1051 1138 possunt
1076 1093 1198 1126 deferre
1224 1092 1384 1125 cucullam
1410 1092 1547 1135 amplam
1580 1092 1730 1132 talarem,
1764 1091 1911 1125 manica-

465 1153 546 1188 tam,
575 1159 670 1190 quam
702 1149 834 1191 floccum
859 1153 991 1186 vocant,
1018 1146 1076 1179 521
1108 1147 1141 1183 b;
1171 1146 1279 1179 novitii
1305 1146 1335 1178 in
1357 1145 1558 1178 monasteriis
1582 1145 1756 1178 reformatis
1776 1144 1912 1187 Congre-

462 1201 600 1243 gationis
619 1202 668 1234 <tel
688 1202 814 1234 Tardum
834 1201 1028 1244 recipiantur
1047 1205 1078 1233 et
1097 1200 1311 1244 profiteamur
1327 1200 1412 1232 iuxta
1430 1200 1528 1233 Breve
1553 1198 1730 1233 innocentii
1751 1199 1788 1239 X,
1812 1198 1875 1232 535
1893 1198 1910 1231 b

465 1258 495 1284 et
519 1264 577 1295 seq.

374 1305 535 1338 Benedicti
560 1305 621 1348 (S.)
647 1305 740 1339 Ordo.
773 1306 983 1349 Congregatio
1016 1307 1184 1338 reformata
1216 1305 1402 1338 monialium
1435 1305 1551 1338 Montis
1585 1305 1712 1339 Calvarii
1746 1306 1778 1339 in
1809 1314 1909 1349 regno

461 1359 610 1392 Franciae
635 1359 856 1400 confirmatur,
886 1359 949 1392 140
968 1359 1002 1399 bg
1022 1358 1185 1391 monachis
1202 1359 1387 1391 monasterii
1407 1358 1619 1391 vallisoletani
1646 1358 1777 1391 vetitum
1802 1364 1910 1401 petere

460 1417 516 1443 aut
542 1412 737 1444 contendere
762 1412 801 1445 de
826 1412 983 1444 cathedris
1010 1412 1040 1444 in
1066 1412 1271 1444 universitate
1296 1411 1533 1452 Vallisoletana‚
1554 1411 1618 1445 340
1643 1422 1661 1444 a
1686 1418 1715 1445 et
1740 1411 1775 1452 b;
1802 1422 1910 1445 mona-

461 1465 527 1497 chis
551 1465 806 1507 congregationis
831 1464 946 1497 Montis
972 1464 1113 1508 Virginis
1134 1464 1275 1497 eiusdem
1302 1464 1431 1498 Ordinis
1455 1465 1644 1508 prohibetur
1667 1476 1840 1509 procurare
1865 1465 1910 1498 di-

459 1519 591 1561 gnitates
625 1519 726 1551 dietae.
759 1517 1034 1560 congregationis3
1069 1517 1246 1550 moderatio
1280 1518 1514 1551 constitutionis
1546 1519 1629 1551 cirea
1661 1519 1836 1552 monachos
1866 1517 1906 1551 ad

460 1581 566 1603 saeros
592 1571 719 1604 ordines
745 1571 989 1614 promovendos,
1018 1570 1080 1603 532
1106 1581 1145 1610 (13
1173 1571 1320 1604 monaehi
1346 1571 1601 1614 congregationis
1626 1571 1795 1615 Hispaniae
1818 1581 1907 1605 eom-

459 1625 703 1668 prehenduntur
728 1625 759 1657 in
778 1624 980 1658 revocatione
1006 1624 1240 1667 exemptionum
1267 1625 1349 1657 saeta
1373 1624 1412 1656 ab
1438 1624 1565 1657 Urbano
1582 1624 1665 1664 VIII,
1685 1623 1741 1656 711
1764 1624 1826 1658 bet
1842 1635 1903 1668 seq.

372 1677 524 1710 Bernardi
562 1678 624 1720 (S.)
662 1678 866 1720 congregatio
902 1678 1071 1710 reformata
1105 1677 1232 1710 Ordinis
1269 1677 1546 1717 Cistereiensium,
1581 1677 1623 1710 43
1657 1688 1697 1717 cr,
1737 1677 1908 1711 innovatur

459 1730 602 1763 eiusdem
628 1731 816 1764 constitutio
841 1741 939 1773 super
963 1730 1113 1771 ambitus,
1137 1729 1179 1762 [13
1196 1730 1228 1765 b:
1253 1736 1288 1763 ut
1305 1731 1466 1763 commissi
1493 1736 1602 1763 exacto
1627 1730 1756 1764 biennio
1780 1729 1905 1763 admitti

459 1783 580 1826 possint
605 1785 642 1817 ad
668 1784 812 1816 habitum
840 1794 1086 1824 conversorum,
1113 1789 1143 1816 et
1169 1789 1239 1826 post
1264 1794 1381 1816 annum
1407 1783 1578 1816 novitiatus
1603 1783 1757 1826 profiteri,
1785 1783 1848 1816 518
1873 1783 1902 1816 b.

370 1836 494 1870 Berulle
520 1837 586 1879 (de)
613 1838 723 1870 Petrus
749 1837 919 1871 cardinalis
944 1837 1091 1880 superior
1111 1837 1269 1880 generalis
1294 1836 1554 1880 Congregationis
1578 1836 1711 1869 Oratorii
1737 1836 1903 1878 Franciae,

458 1890 521 1922 505
546 1890 574 1929 b,
602 1890 665 1923 010
688 1890 715 1923 b.

369 1941 564 1975 Bibliotheca
591 1943 815 1976 ‹turis‘Urhini
841 1944 972 1980 Romam
999 1945 1188 1976 transfertur
1214 1948 1241 1975 et
1268 1943 1444 1976 collocatur
1469 1942 1500 1975 in
1525 1943 1714 1976 bibliotheca
1739 1943 1898 1985 Vaticana,

459 1995 522 2028 287
549 2007 583 2035 (ι’,
609 1996 760 2038 pecunIae
787 2006 911 2029 summa
935 1996 975 2028 ob
1000 1996 1060 2028 hoe
1086 1995 1223 2028 donatur
1248 1996 1408 2028 communi
1431 1995 1646 2035 Urbinatensi,
1671 1995 1747 2028 ibid.

370 2047 553 2081 Bisuntinae
572 2048 723 2081 eeclesiae
739 2050 911 2082 decanatus
928 2056 1107 2082 reservatur
1124 2048 1282 2088 Pontifici,
1303 2049 1365 2081 735
1382 2050 1414 2089 b;
1432 2050 1666 2082 controversiae
1683 2049 1759 2082 inde
1777 2055 1904 2083 exortae

459 2103 636 2142 finiuntur⁷
664 2103 726 2136 736
751 2114 769 2135 (ι
795 2109 825 2136 et
850 2104 885 2144 b·‚
910 2104 1045 2136 vicarius
1069 2104 1263 2147 apostoliens
1289 2103 1328 2135 ad
1352 2102 1437 2135 illam
1462 2103 1628 2136 ecelesiam
1653 2102 1826 2146 regendam
1850 2103 1904 2136 de-

458 2162 601 2199 putatur,
630 2155 692 2188 7802
717 2157 733 2188 b
757 2163 787 2190 et
812 2168 873 2200 seq.

368 2208 569 2242 Bitterrensis
594 2209 746 2242 ecelesiae
771 2210 899 2253 capituli
926 2216 1080 2243 statutum
1103 2210 1207 2253 quoad
1229 2209 1445 2254 provisionem
1470 2209 1699 2242 nonnullorum
1724 2208 1900 2243 beneficio-

459 2273 530 2294 rum
555 2262 773 2303 eonfirmatur,
794 2262 857 2295 ⁶2:3ss
879 2264 895 2295 b
920 2270 949 2296 et
974 2274 1035 2306 seq.

368 2314 503 2347 Blaneha
528 2316 721 2348 Francorum
749 2317 858 2356 regina
885 2316 1114 2350 monasterium
1145 2316 1333 2350 monialium
1366 2317 1398 2349 B.
1427 2316 1544 2349 Mariae
1569 2316 1682 2350 Montis
1713 2316 1836 2360 Regalis
1861 2315 1902 2349 de

456 2368 656 2400 Manbnisson
683 2369 868 2402 Parisiensis
888 2370 1045 2403 dioecesis
1070 2370 1223 2411 fundavit,
1251 2370 1315 2403 693
1339 2382 1370 2404 a.

369 2419 582 2452 Bononiensis
609 2420 740 2454 civitatis
765 2422 906 2465 regimen
931 2424 1137 2457 constituitur
1153 2430 1183 2457 et
1200 2435 1216 2456 a
1237 2424 1317 2457 Sede
1340 2423 1523 2467 Apostolica
1548 2423 1769 2463 confirmatur,
1789 2422 1852 2456 162
1869 2422 1896 2455 b.

382 2472 576 2504 lorromaens
602 2473 798 2516 (walericus)
824 2475 911 2507 Sedis
930 2476 1129 2518 apostoticae
1147 2476 1283 2509 nuncius
1303 2477 1386 2520 apud
1405 2476 1571 2518 Ilelx‘eti05‚
1594 2476 1658 2510 100
1675 2488 1713 2517 α;
1737 2477 1901 2509 decretum

458 2524 521 2556 edit
545 2525 582 2557 (10
609 2526 774 2559 retinendo
800 2537 933 2560 numero
958 2538 1031 2561 xxlv
1055 2529 1283 2563 canonicorum
1309 2530 1340 2562 in
1365 2530 1500 2564 ecclesia
1525 2529 1682 2570 Curiensi,
1707 2528 1793 2572 quod
1824 2539 1900 2562 con-

456 2575 600 2610 firmatur
623 2589 639 2610 a
665 2578 744 2612 Sede
769 2579 965 2623 Apostolica,
992 2582 1070 2614 ibid.
