2243 3205
19 238 66 265 Αιι.
83 237 112 264 C.
131 236 194 264 1661

41 405 159 426 Exordium.

41 1201 127 1223 unum.

814 237 997 262 ALEXANDER
1025 235 1066 259 v11
1092 237 1140 260 I‘P.
1320 239 1333 256 ο

485 286 593 315 Dilecti
613 286 667 314 filii
683 309 690 320 ,

248 331 377 358 salutem
397 333 428 358 et
448 332 645 365 apostolicam
664 331 918 359 benedictionem.

257 392 272 435 ξ
288 392 317 424 l.
334 392 452 436 Exponi
471 393 561 426 nobis
578 404 678 437 nuper
693 393 834 426 fecerunt
851 393 954 426 dilecti

213 444 268 478 filii
293 451 518 489 procuratores
543 447 668 489 linguae
695 447 841 479 Franciae
868 446 956 479 istius

213 498 376 543 hospitalis
389 499 418 532 S.
433 499 557 532 Ioannis
571 500 857 544 Hierosolymitani,
872 499 955 543 quod

214 552 245 584 in
269 553 485 596 praeceptoria
507 563 560 586 seu
576 553 761 586 'commenda
777 553 815 586 de
833 554 956 587 Chenus

214 608 393 649 nuncupata
410 605 569 649 prioratus
584 606 733 639 Franciae
758 607 831 639 dicti
853 607 956 651 bospi-

213 659 282 692 talis
307 660 467 703 reperitur
492 660 650 704 quoddam
679 661 804 693 feudum
832 661 864 694 [a
880 662 957 694 Bac-

215 712 319 756 tayli'a
333 718 561 756 nuncupatum,
584 713 679 756 quod,
695 714 719 746 si
744 714 844 747 eidem
871 725 956 758 prae-

213 765 371 809 ceptoriae
404 776 456 798 seu
495 767 699 800 connnendae
725 778 794 800 cum
821 767 885 800 suis
910 767 956 800 iu-

213 819 471 860 risdictionibus,
505 821 650 853 censibus
683 825 712 854 et
743 821 810 853 aliis
835 821 957 853 iuribus

211 873 366 915 uniretur,
388 873 416 906 id
435 874 465 906 in
484 874 749 907 evidentissimam
777 880 957 918 praecepto-

212 926 277 960 riae
307 937 360 960 scu
387 928 592 961 commendae
623 928 803 961 huiusmodi
840 928 956 960 utilita-

212 984 307 1012 tatem
330 980 466 1021 cederet,
490 981 659 1024 praecipue
684 981 804 1013 ratione
830 981 956 1013 iurisdi—

213 1033 325 1066 ctionis
350 1044 442 1077 quam
482 1045 679 1078 possessores
705 1034 777 1068 dicti
810 1034 892 1067 feudi
927 1034 957 1067 in

213 1087 320 1120 multis
336 1087 414 1120 locis
433 1087 530 1131 ipsius
548 1087 783 1131 praeceptoriae
804 1098 857 1121 seu
876 1098 958 1121 com-

214 1139 345 1172 mendae
370 1146 525 1173 exercent.

257 1194 272 1237 §
296 1193 325 1226 2.
351 1194 425 1227 Cum
452 1199 567 1234 autem,
592 1194 674 1227 sicut
698 1194 805 1227 eadem
835 1194 956 1238 exposi-

213 1246 257 1279 tio
277 1247 496 1290 subiungebat,
518 1247 646 1291 praevia
667 1247 887 1281 informatione
901 1258 957 1291 per

214 1301 448 1334 commissarios
473 1311 489 1333 a
515 1306 672 1334 conventu
691 1301 854 1345 hospitalis
871 1312 958 1345 prae-

213 1354 287 1388 dicti
312 1354 478 1398 deputatos
503 1357 592 1398 capta
608 1382 615 1395 ,
640 1355 808 1398 habitaque
833 1355 954 1388 delibe-

213 1407 336 1441 ratione
360 1408 487 1452 capituli
512 1408 713 1452 provincialis
738 1408 811 1440 dicti
836 1408 956 1452 priora-

213 1467 274 1503 tuS,
295 1466 483 1506 exponentes
501 1462 558 1506 ipsi
580 1473 650 1495 cum
677 1462 859 1495 memoratis
884 1473 956 1505 pos-

213 1515 389 1549 sessoribus
414 1515 487 1549 dieti
506 1515 587 1548 feudi
606 1515 644 1548 de
664 1515 806 1548 facienda
832 1515 956 1548 iurisdi-

215 1568 354 1602 ctionum
370 1596 377 1609 ,
409 1579 582 1611 censuum,
608 1569 806 1613 aliorumque
839 1568 954 1601 iurium

212 1620 459 1664 praedictorum,
485 1631 556 1654 cum
582 1621 650 1653 aliis
676 1620 955 1661 iurisdictionibus,

213 1674 359 1707 censibus
376 1679 405 1707 et
423 1674 543 1708 iuribus
568 1674 605 1707 ad
627 1675 804 1707 membrum
824 1674 861 1707 de
882 1674 954 1708 Clici

211 1733 427 1771 nuncupatum
453 1738 470 1760 a
489 1728 630 1772 praefato
646 1728 787 1771 prioratu
806 1728 955 1761 Franciae

212 1780 391 1825 dependens
416 1781 641 1825 spectantibus,
667 1781 886 1825 modicamque
911 1781 954 1814 ei-

212 1834 282 1867 dem
300 1834 453 1878 prioratui
471 1834 634 1869 utilitatem
653 1834 867 1877 reddentibus,
884 1846 955 1879 per-

213 1888 396 1929 mutatione,
415 1894 573 1922 reservato
599 1894 703 1921 tamen
731 1894 840 1922 nostro
854 1894 883 1922 et
900 1889 955 1921 hu-

213 1940 261 1974 ius
287 1947 411 1974 sanctae
431 1941 531 1982 Sedis,
556 1947 722 1986 vestroque
747 1942 952 1986 beneplacito,

212 1994 426 2035 convenerint,
444 1995 485 2029 ita
505 1995 624 2028 scilicet
651 2000 685 2027 ut
709 1995 952 2037 iurisdictiones,

212 2058 323 2082 census
355 2053 385 2081 et
408 2048 468 2081 alia
494 2048 563 2081 iura
587 2047 661 2081 dicti
687 2049 768 2081 feudi
796 2050 953 2092 praefatae

211 2101 448 2145 praeceptoriae
480 2111 534 2134 seu
571 2101 775 2134 commendae
807 2102 953 2146 illiusque

212 2154 481 2188 commendatario
498 2165 552 2187 seu
570 2155 767 2198 praeceptori
793 2155 953 2198 assignen-

211 2213 274 2249 tur,
298 2219 369 2241 cum
395 2218 492 2241 onere
521 2214 624 2240 tamen
649 2208 827 2251 praestandi
852 2209 952 2252 priori

211 2271 269 2305 pro
282 2267 426 2305 tempore
443 2261 586 2294 existenti
600 2261 672 2295 dicti
688 2262 846 2305 prioratus
860 2262 953 2295 Fran-

211 2315 277 2349 ciae
300 2316 483 2360 pensionem
509 2326 644 2348 annuam
674 2316 704 2348 in
729 2327 951 2360 recompensa-

211 2368 326 2402 tionem
352 2368 620 2409 iurisdictionum‚
645 2378 794 2402 censuum
821 2374 851 2402 et
875 2369 952 2403 alio-

210 2432 281 2455 rum
307 2422 423 2455 iurium
449 2422 522 2455 dicti
548 2421 682 2455 membri
716 2422 952 2466 possessoribus

211 2474 293 2507 feudi
319 2475 448 2518 praefati
468 2475 575 2517 vigore
592 2475 831 2518 permutationis
849 2474 952 2508 huius-

210 2528 295 2562 modi
332 2528 621 2572 assignandorum:
654 2528 746 2562 nobis
782 2533 952 2572 propterea

210 2581 284 2614 dicti
310 2587 510 2626 exponentes,
528 2586 702 2615 asserentes
727 2581 909 2625 praemissa,
927 2582 951 2615 si

212 2635 296 2679 tiant,
314 2636 343 2669 in
362 2636 535 2670 evidentem
562 2636 687 2679 linguae
711 2636 869 2680 praefatae
889 2646 952 2670 ces-

1644 225 1708 259 685

990 295 1064 317 sura
1089 294 1157 317 esse
1183 284 1358 325 utilitatem,
1380 285 1541 317 humiliter
1561 283 1732 328 supplicari

990 337 1141 378 fecerunt,
1161 342 1194 370 ut
1219 337 1278 370 sibi
1304 338 1439 382 desuper
1463 343 1640 382 opportune
1664 347 1734 381 pro-

991 389 1095 423 videre
1111 390 1149 423 de
1167 389 1359 433 benignitate
1387 391 1559 435 apostolica
1585 391 1732 433 dignare-

991 453 1071 477 mur.
1093 443 1155 477 Nos
1177 443 1283 486 igitur,
1300 444 1384 488 ipsos
1404 448 1593 488 exponentes
1617 444 1734 488 specia-

989 497 1072 530 libus
1107 497 1266 531 favoribus
1291 504 1320 530 et
1344 498 1453 541 gratiis
1485 498 1632 542 prosequi
1673 508 1729 531 vo-

990 552 1089 585 lentes
1107 579 1114 592 ,
1143 555 1172 586 et
1196 562 1307 585 eorum
1336 552 1512 594 singulares
1537 562 1688 596 personas
1715 562 1733 584 a

989 605 1151 650 quibusvis
1177 605 1528 647 excommunicationis,
1555 605 1735 650 suspensio-

990 659 1038 692 nis
1062 664 1092 692 et
1121 658 1299 699 interdicti,
1324 658 1457 703 aliisque
1491 659 1734 699 ecclesiasticis,

990 712 1162 753 sententiis,
1187 712 1329 745 censuris
1354 718 1383 749 et
1406 712 1526 756 poenis,
1552 723 1569 745 a
1594 712 1661 745 iure
1686 712 1734 745 vel

990 765 1028 798 ab
1054 765 1191 806 homine,
1209 765 1318 809 quavis
1336 765 1501 798 occasione
1519 765 1566 798 vel
1584 767 1678 798 causa
1695 765 1736 797 la·

992 819 1041 859 tis,
1059 818 1083 852 si
1101 819 1217 863 quibus
1236 819 1473 862 quomodolibet
1489 818 1655 852 innodatae
1674 819 1736 852 exi-

992 873 1138 913 stunt,ad
1165 872 1310 906 effectum
1336 872 1549 916 praesentium
1575 872 1736 905 dumtaxat

992 926 1259 970 consequendum,
1286 927 1398 959 harum
1432 926 1513 959 serie
1538 926 1735 959 absolventes

992 985 1021 1012 et
1049 980 1208 1013 absolutas
1244 980 1310 1013 sore
1343 985 1525 1021 censentes,
1554 979 1734 1013 huiusmodi

994 1033 1280 1077 supplicationibus
1305 1033 1454 1075 inclinati⁷
1469 1033 1568 1074 vobis,
1584 1033 1609 1066 si
1631 1039 1735 1066 tamen

992 1092 1021 1119 et
1038 1092 1204 1130 postquam
1223 1086 1354 1130 (vocatis
1370 1087 1423 1130 qui
1443 1087 1557 1120 fuerint
1574 1087 1734 1127 evocandi,

992 1151 1027 1173 ac
1058 1140 1240 1184 praemissis
1273 1140 1419 1173 omnibus
1452 1146 1481 1173 et
1511 1140 1642 1183 singulis
1666 1139 1735 1173 cir-

993 1193 1188 1227 cumstantiis
1213 1193 1368 1226 universis
1399 1193 1488 1237 prius
1513 1203 1619 1226 coram
1645 1193 1735 1226 vobis

992 1246 1193 1290 specificatis)
1219 1246 1257 1279 de
1281 1247 1514 1290 permutatione
1540 1246 1734 1288 huiusmodi,

993 1299 1142 1343 quodque
1159 1300 1221 1339 illa,
1240 1300 1264 1331 si
1287 1300 1348 1341 fiat,
1368 1300 1398 1331 in
1417 1299 1590 1333 evidentem
1610 1299 1735 1342 linguae

993 1353 1152 1397 praefatae
1166 1353 1205 1386 sit
1220 1363 1346 1386 cessura
1363 1353 1540 1395 utilitatem,
1560 1353 1648 1387 vobis
1666 1364 1737 1387 con-

992 1406 1122 1439 iunctim
1137 1406 1380 1450 procedentibus
1393 1406 1534 1449 legitime
1550 1406 1735 1446 constiterit,

991 1470 1086 1503 super
1111 1470 1174 1504 quo
1203 1459 1426 1493 conscientiam
1462 1464 1596 1492 vestram
1622 1469 1735 1492 onera-

993 1523 1072 1554 mus,
1097 1513 1328 1556 exponentibus
1353 1512 1510 1556 praefatis,
1536 1518 1569 1545 ut
1593 1512 1735 1545 eamdem

990 1566 1256 1610 permutationem
1285 1565 1365 1599 sicut
1389 1566 1420 1598 in
1447 1571 1621 1599 memorato
1646 1566 1734 1610 capi-

992 1621 1056 1653 tulo
1072 1620 1256 1664 provinciali
1282 1620 1442 1664 prioratus
1467 1620 1617 1653 Franciae
1648 1631 1734 1653 reso-

990 1674 1055 1706 luta
1072 1679 1101 1706 et
1118 1674 1254 1706 stabilita
1271 1674 1338 1714 fuit,
1361 1674 1472 1714 fucere,
1490 1674 1631 1717 aliosque
1646 1679 1734 1706 actus

990 1733 1020 1759 et
1045 1727 1253 1760 instrumenta
1277 1737 1495 1771 quaecumque
1520 1727 1657 1770 desuper
1680 1737 1734 1759 ne-

989 1781 1124 1814 cessaria
1142 1792 1196 1814 seu
1221 1786 1399 1825 opportuna
1425 1780 1587 1814 celebrare
1611 1786 1641 1813 et
1663 1791 1734 1813 exe-

989 1833 1041 1877 qui
1067 1834 1167 1867 libere
1193 1839 1223 1866 et
1247 1834 1330 1867 licite
1355 1834 1477 1877 possint
1498 1839 1528 1867 et
1549 1834 1680 1874 valeant,
1701 1833 1734 1866 li·

989 1886 1123 1919 centiam
1141 1887 1327 1920 auctoritate
1345 1888 1452 1920 nostra
1470 1887 1641 1930 apostolica
1658 1897 1732 1920 con-

989 1940 1119 1973 cedendi
1153 1940 1278 1984 plenam
1305 1945 1334 1973 et
1358 1941 1494 1984 amplam
1530 1941 1731 1981 facultatem,

988 1994 1097 2027 eadem
1130 1994 1333 2035 auctoritate,
1359 2000 1468 2027 tenore
1493 1995 1705 2038 praesentium
1722 2022 1730 2035 ,

988 2048 1156 2081 tribuimus
1179 2052 1208 2081 et
1233 2047 1442 2091 impertimur.

1031 2101 1046 2144 ἓ
1069 2100 1099 2134 3.
1124 2103 1192 2135 Non
1217 2102 1416 2134 obstantibus
1447 2102 1544 2134 felicis
1576 2102 1726 2135 recorda-

988 2155 1081 2187 tionis
1107 2155 1192 2187 Pauli
1218 2155 1242 2187 Il
1258 2181 1265 2195 ‚
1298 2161 1329 2187 et
1352 2156 1487 2188 aliorum
1513 2156 1729 2188 Romanorum

987 2208 1172 2241 Pontificum
1188 2208 1466 2251 praedecessorum
1484 2216 1677 2250 nostrorum,
1691 2209 1729 2242 de

987 2261 1081 2294 rebus
1106 2261 1262 2295 Ecclesiae
1295 2272 1357 2295 non
1386 2262 1579 2302 alienandis,
1604 2268 1634 2295 et
1660 2262 1729 2295 aliis

987 2315 1263 2348 constitutionibus
1280 2321 1310 2347 et
1327 2315 1578 2349 ordinationibus
1602 2319 1729 2359 aposto-

987 2368 1066 2408 licis,
1087 2379 1208 2402 necnon
1230 2369 1386 2402 dictorum
1413 2369 1586 2413 hospitalis,
1603 2369 1729 2412 linguae

987 2426 1016 2453 et
1040 2421 1210 2464 prioratus,
1229 2421 1321 2454 etiam
1349 2422 1535 2462 iuramento,
1561 2422 1729 2455 confirma-

987 2473 1070 2507 tione
1096 2475 1281 2519 apostolica,
1300 2475 1347 2508 vel
1366 2475 1475 2519 quavis
1501 2475 1648 2508 firmitate
1667 2475 1729 2508 alia

987 2528 1153 2568 roboratis,
1171 2528 1292 2560 statutis
1313 2533 1343 2561 et
1363 2527 1653 2569 consuetudinibus,
1671 2534 1729 2561 sta-

986 2581 1166 2622 bilimentis,
1187 2582 1293 2614 usibus
1311 2587 1340 2614 et
1357 2582 1486 2624 naturis,
1508 2593 1543 2615 ac
1559 2581 1728 2616 ordinatio-

986 2635 1078 2668 nibus
1110 2635 1357 2679 capitularibus,
1383 2635 1555 2678 privilegiis
1579 2646 1704 2679 quoque
1719 2662 1726 2675 ,

1754 234 1843 260 An.C.
1867 233 1929 260 1661

1795 456 1808 475 Δ
1839 460 1933 474 censuris

1748 482 1845 505 absolut,
1861 485 1880 500 et
1895 489 1933 502 ,ιιι-

1747 511 1791 530 nau
1808 511 1886 534 petiti„

1768 2107 1882 2129 Commius
1894 2108 1929 2129 de-

1745 2138 1811 2161 rogat.
