2243 3205
55 158 101 185 An.
117 157 145 184 C.
168 152 235 183 ¹659

90 1018 234 1042 'l'ransumptis

53 1046 110 1066 credi
126 1045 217 1065 mand-it.

85 2352 201 2374 umatum.

846 153 1030 178 ALEXANDER
1055 153 1099 177 vn
1122 154 1170 177 Pr.

249 202 368 235 riarum
393 202 619 246 derogatoriis,
643 204 776 247 aliisque
807 202 1006 237 efficaciori-¹

248 257 306 290 bus
330 261 360 290 et
384 257 516 291 insolitis
550 258 697 291 clausulis
712 285 719 299 ‚
744 258 776 291 in
800 268 916 301 genere
941 257 989 290 vel

248 309 279 342 in
297 310 410 353 specie,
429 311 521 345 etiam
540 315 627 345 motu
645 311 784 355 proprio,
802 322 837 344 ac
851 322 886 344 ex
904 312 989 344 certa

248 363 388 404 scientia,
410 375 445 397 ae
469 364 507 397 de
532 365 720 408 apostolicae
744 364 905 408 potestatis
928 364 990 407 ple-

249 416 399 459 nitudine,
417 422 447 450 et
471 418 546 451 alias
572 418 603 451 in
627 418 820 452 contrarium
841 417 1007 461 praemis-=

249 480 356 503 sorum
378 471 616 514 quomodolibet
640 472 808 512 concessis,
826 472 990 504 confirma-

250 524 286 556 tis
312 529 341 557 ct
369 524 537 565 i11n0vaiis;
558 526 673 569 quibus
698 525 845 559 omnibus
873 531 904 558 et
927 525 990 557 sin-

248 576 340 618 gulis,
360 577 485 610 illorum
511 579 651 611 omnium
679 584 817 620 tenores,
843 589 878 611 ae
903 578 926 611 si
952 578 990 611 de

250 630 345 663 verbo
370 631 407 663 ad
434 631 562 664 verbum
597 634 872 676 exprimerentur,
897 642 988 675 prae-

249 683 389 716 sentibus
414 695 471 727 pro
496 685 588 728 plene
614 691 642 718 et
661 685 851 718 sufficienter
868 695 990 729 expres-

248 736 290 768 sis
316 742 345 769 et
372 737 496 770 insertis
522 738 682 779 habentes,
702 739 761 772 illis
781 739 856 771 alias
874 739 905 770 in
933 749 1006 786 suog

248 789 362 822 robore
383 792 609 833 permansuris,
628 792 664 824 ad
686 793 932 836 praemissorum
952 793 1006 825 es·-

247 843 373 886 sectum,
391 844 448 876 hac
474 845 540 877 vice
563 845 744 886 dumtaxat,
762 846 940 889 specialiter
960 851 990 878 et

248 905 395 939 expresse
420 897 630 940 deroga1m1s3
658 899 835 943 ceterisque
863 904 1007 932 eontra-'

248 949 302 982 riis
327 950 588 994 cpiibuscumque.

293 1004 514 1047 §5.V0¹urnus
539 1011 642 1039 autem
668 1006 752 1050 quod
775 1007 987 1050 praesentium

250 1058 472 1101 transumptis,
497 1059 589 1092 etiam
615 1059 788 1103 impressis,
814 1070 906 1093 manu
933 1060 987 1093 ali-

249 1110 337 1144 euius
363 1112 476 1144 notarii
497 1113 696 1156 subscriptis,
716 1119 745 1146 et
763 1113 867 1156 sigillo
888 1114 989 1147 dictae

249 1164 507 1199 Silvestrinorum
535 1167 789 1210 congregationis
823 1168 870 1200 xel
907 1168 989 1200 illius

248 1219 464 1261 procuratoris
481 1219 662 1263 obsignatis,
689 1220 797 1254 eadem
811 1232 941 1265 prorsus
958 1222 990 1254 si-

248 1271 302 1304 des
327 1272 512 1306 adhibeatur
544 1274 678 1318 ubique,
707 1285 786 1319 quae
811 1277 986 1319 praescnti-

249 1324 306 1358 bus
331 1326 555 1368 adhiberetur,
581 1328 606 1361 si
632 1329 734 1362 forent
763 1329 918 1363 exhibitae
943 1331 990 1363 vel

249 1383 402 1412 ostensae.

293 1433 403 1466 Datum
430 1434 558 1475 Romae,
583 1435 665 1478 apud
691 1436 720 1469 S.
746 1437 874 1469 Mariam
901 1438 991 1471 Maio-

249 1496 328 1527 rem,
346 1487 403 1519 sul)
425 1488 540 1521 annulo
559 1489 736 1530 piscatoris,
762 1490 811 1523 dic
833 1501 933 1524 xxvln
954 1493 992 1525 se-

249 1539 367 1573 bruarii
399 1552 536 1586 MDcle,
569 1543 770 1587 pontificatus
802 1546 902 1578 nostri
938 1556 992 1578 an—

249 1604 289 1628 no
315 1604 353 1628 ιν.

286 1657 343 1684 Dat.
362 1658 404 1686 die
419 1659 452 1687 QS
468 1659 597 1687 februarii
616 1661 692 1696 1659,
711 1662 805 1697 pontif.
820 1671 890 1690 anuo
906 1671 942 1690 iv.

254 1882 292 1916 Ut
316 1882 425 1916 clerici
451 1884 717 1928 Conpreqationis
741 1886 931 1919 elericorum
950 1898 992 1920 se-

296 1936 461 1969 cularium
500 1938 674 1971 Doctrinae
713 1940 921 1974 Christianae
957 1942 992 1974 in

297 1990 411 2023 Gallici
442 1991 593 2024 emittant
627 1995 691 2025 {ria
719 1998 791 2026 rota
825 1995 993 2038 simplicia

296 2055 369 2076 cum
394 2045 577 2077 iuramento
599 2047 836 2088 perseverandi,
863 2052 891 2080 et
911 2059 991 2091 pro—

296 2098 418 2129 moveri
440 2097 564 2141 possint
583 2098 624 2131 ad
641 2099 769 2133 ordines
787 2100 829 2133 acl
858 2101 992 2134 titulum

297 2150 401 2183 (lictae
423 2151 690 2195 Conqreyatiom's
703 2152 722 2186 ¹.

447 2231 611 2258 Alexander
632 2232 709 2266 Papa
729 2233 797 2266 VII,

394 2276 431 2302 ad
451 2275 583 2303 futuram
603 2277 648 2304 rei
668 2277 849 2304 memoriam.

299 2346 495 2380 Sacrosancti
521 2348 711 2391 apostolatus
737 2349 874 2381 osticium
893 2349 994 2382 humi-

256 2399 332 2432 litati
358 2405 482 2433 nostrae
507 2410 563 2443 per
589 2401 778 2434 iuell'abilcm
800 2402 923 2435 divinae
943 2403 993 2435 bo-

255 2453 360 2486 nitatis
386 2453 607 2487 abundantiam
634 2455 818 2499 impositum
843 2457 993 2500 postulat,

290 2571 302 2597 1
321 2570 358 2597 Ex
373 2570 482 2606 Regest.
498 2571 524 2598 iu
540 2570 644 2599 Secret.
660 2571 739 2600 Brev.

1023 206 1056 235 ut
1087 204 1368 246 congregationum
1398 204 1538 237 virorum
1565 204 1595 237 in
1623 204 1762 238 Ecclesia

1023 254 1076 287 Dei
1101 255 1150 298 pie
1176 256 1408 300 prudenterque
1434 258 1661 297 institutarum,
1687 258 1762 290 ube-

1023 318 1135 351 resque
1160 308 1316 342 bonorum
1338 321 1468 354 operum
1494 312 1614 344 fructus
1639 311 1763 344 assidue

1023 362 1275 406 producentium,
1289 365 1379 397 statui
1395 369 1423 398 et
1438 365 1561 399 utilitati
1574 365 1763 409 opportunis

1023 415 1196 448 rationibus
1222 418 1385 450 consulere
1410 418 1599 459 studeamus,
1617 423 1712 462 prout
1732 419 1763 450 in

1023 469 1154 502 Domino
1180 471 1390 513 conspicimus
1411 472 1579 505 salubriter
1606 472 1761 515 expedire.

1068 523 1082 565 g
1107 522 1135 554 ι1.
1162 523 1282 566 Exponi
1296 523 1451 567 siquidem
1467 524 1557 558 nobis
1574 535 1675 568 nuper
1692 525 1764 558 fecit

1023 577 1155 609 dilectus
1179 577 1261 610 filius
1277 577 1459 611 Franciseus
1477 579 1578 619 Avias,
1600 579 1764 624 presbyter

1023 641 1057 663 ac
1083 635 1271 673 procurator
1295 631 1553 674 Congregationis
1573 633 1763 667 clericorum

1023 684 1212 717 secularium
1240 685 1406 718 Doctrinae
1430 686 1623 719 Christianae
1646 687 1674 719 in
1694 687 1764 720 Gat-

1024 737 1073 777 lia,
1084 738 1167 781 quod
1178 738 1285 771 eadem
1301 738 1510 781 Congregatio
1521 750 1601 773 anno
1614 751 1764 774 nnchvn

1023 801 1039 823 a
1065 791 1162 824 felicis
1188 791 1415 825 recordationis
1436 792 1619 826 Innocentio
1639 794 1719 837 Papa
1740 795 1763 827 X

1022 846 1263 888 praedecessore
1289 851 1397 879 nostro
1428 857 1485 890 per
1517 847 1667 891 quasdam
1693 859 1764 881 suas

1024 899 1053 931 in
1079 900 1172 931 simili
1199 900 1300 932 forma
1326 900 1432 933 Brevis
1457 901 1575 934 litteras
1595 912 1613 934 a
1633 902 1765 944 Congre-

1005 953 1147 995 ssgaiione
1183 954 1372 987 clericorum
1407 955 1601 998 regularium
1632 956 1670 988 de
1703 956 1763 989 So-

1024 1006 1150 1039 mascha
1175 1013 1429 1051 nuncupatorum
1461 1014 1604 1052 separata
1632 1010 1711 1051 suit,
1737 1014 1765 1043 et

1023 1071 1081 1103 pro
1118 1060 1231 1093 suturis
1266 1061 1337 1093 inde
1375 1062 1573 1106 temporibus
1614 1063 1764 1096 secularis

1024 1115 1182 1157 remansit,
1209 1121 1301 1158 atque
1323 1115 1363 1149 ita
1389 1127 1487 1160 usque
1512 1116 1549 1149 ad
1575 1117 1763 1150 hodiernum

1022 1167 1104 1201 diem
1123 1168 1344 1212 perseveravit.

1067 1222 1082 1265 g
1102 1222 1130 1254 2.
1152 1223 1228 1255 Cum
1250 1229 1365 1264 autem,
1383 1223 1463 1257 sicut
1480 1224 1588 1257 eadem
1611 1225 1765 1268 expositio

1024 1275 1255 1318 subiungebat,
1288 1277 1417 1320 plurimi
1450 1288 1466 1310 a
1497 1278 1659 1321 praedicto
1684 1289 1765 1312 anuo

1024 1339 1176 1362 nueme
1191 1330 1274 1363 circa
1292 1331 1528 1374 postulaverint,
1543 1337 1573 1364 et
1590 1331 1693 1364 adhuc
1710 1332 1766 1365 ho-

1024 1382 1074 1415 die
1095 1383 1251 1426 postulent
1274 1384 1305 1415 in
1326 1384 1765 1427 camdemCong1·eg.¹1tioucm

1026 1437 1191 1470 Do‹·trinae
1211 1437 1405 1471 Christianae
1423 1438 1554 1480 admitti,
1576 1439 1678 1471 allecti
1705 1439 1767 1472 vita

1026 1490 1197 1533 exemplari
1234 1490 1316 1523 illius
1342 1502 1549 1534 personarum
1580 1498 1608 1525 ct
1634 1492 1767 1525 assiduis

1007 1544 1148 1586 vpictatis
1173 1544 1284 1576 officiis
1315 1544 1345 1576 in
1378 1545 1518 1578 instituto
1547 1546 1679 1579 docendi
1705 1546 1764 1579 do-

1026 1597 1159 1629 ctrinam
1187 1597 1389 1630 christianam
1421 1602 1482 1632 tam
1508 1599 1539 1631 in
1565 1599 1766 1633 missionibus

1026 1660 1118 1693 quam
1145 1650 1176 1682 in
1201 1650 1392 1691 civitatibus,
1417 1652 1530 1695 quibus
1556 1652 1767 1685 indesinenter

1026 1703 1179 1737 incumbit
1203 1715 1273 1737 cum
1293 1705 1432 1748 plurimo
1456 1706 1630 1739 animarum
1652 1707 1766 1747 fructu,

1026 1762 1059 1789 ut
1084 1758 1208 1801 publiea
1233 1759 1314 1790 t'ama
1340 1764 1396 1799 est,
1415 1765 1443 1791 et
1461 1759 1579 1803 pariter
1605 1770 1639 1793 ex
1661 1772 1767 1804 quam·

1026 1812 1172 1855 plurimis
1204 1813 1454 1846 attestationibus
1486 1814 1674 1848 authenticis
1705 1820 1766 1847 tam

1026 1865 1248 1909 episcoporum
1279 1878 1373 1910 quam
1406 1867 1567 1900 civitatum
1599 1868 1767 1912 inquibus

1026 1919 1092 1963 ipsa
1124 1920 1332 1963 Congregatio
1363 1921 1565 1954 humaniores
1598 1932 1767 1966 sacrasque

1027 1973 1145 2006 litteras
1162 1974 1191 2006 in
1210 1974 1378 2007 academiIs
1403 1975 1539 2018 publicis
1555 1975 1655 2016 docet,
1675 1987 1767 2019 saepe

1027 2033 1130 2060 tamen
1155 2028 1284 2070 accidat,
1308 2035 1339 2061 ut
1364 2039 1426 2062 non
1451 2030 1541 2073 pauci
1563 2030 1657 2063 nullis
1682 2031 1766 2073 ligati

1027 2081 1158 2114 vinculis
1183 2082 1355 2125 perpetuis,
1374 2088 1539 2126 postquam
1563 2084 1767 2126 congregatio

1027 2135 1206 2167 huiusmodi
1232 2135 1405 2178 plurimum
1433 2137 1582 2180 temporis
1606 2143 1635 2169 et
1653 2138 1767 2170 multas

1026 2198 1177 2231 expensas
1203 2188 1233 2220 in
1259 2189 1376 2221 eisdem
1395 2189 1525 2231 alendis,
1548 2190 1719 2223 formandis
1738 2196 1767 2223 et

1027 2241 1196 2273 educandis
1222 2246 1285 2273 tum
1306 2244 1334 2274 iu
1354 2243 1493 2275 instituto
1512 2243 1673 2286 [jiraedicto
1699 2249 1765 2276 tum

1027 2294 1057 2325 iu
1075 2294 1212 2326 seientiIs
1230 2295 1429 2338 acquirendis
1446 2297 1687 2340 consumpserit,
1705 2297 1766 2329 exi-

1027 2347 1156 2380 stimans
1181 2358 1213 2380 sc
1238 2348 1353 2381 habere
1374 2350 1546 2392 operarios,
1564 2349 1616 2393 qui
1648 2350 1767 2393 possint

1028 2400 1188 2433 attendere
1213 2401 1458 2443 obligationibus
1473 2408 1501 2435 et
1516 2403 1672 2436 exercitiis
1697 2405 1766 2447 qui-

1027 2455 1085 2487 hus
1106 2454 1171 2497 ipsa
1193 2455 1401 2497 Congrrgatm
1422 2468 1457 2488 cx
1479 2456 1620 2490 instituto
1649 2458 1767 2491 incum-

1028 2508 1093 2551 bit,
1119 2508 1157 2540 ab
1182 2507 1292 2540 eadem
1318 2510 1569 2553 Congregationc
1598 2511 1765 2553 recedant,

1029 2563 1159 2607 ipsaque
1178 2563 1388 2607 congregatio
1413 2575 1450 2598 ex
1475 2565 1528 2599 illo
1547 2566 1765 2610 operariorum

1670 146 1734 181 445
1780 157 1829 183 An.
1844 157 1872 183 c.
1895 157 1962 185 ¹659

1806 541 1947 568 Supplicatlo.

1808 1237 1896 1258 Mutila.
