2243 3205
68 124 115 152 Αη.
130 124 158 151 C.
181 123 248 150 1659

92 454 231 481 Supplicaiio.

122 1733 253 1754 vacuitatem

71 1761 171 1781 recitandi
209 1760 253 1780 offi-

71 1787 126 1807 cium
149 1787 187 1807 sub
212 1787 254 1808 ritu

71 1813 149 1839 duplici
177 1819 251 1834 secun·

71 1839 111 1860 dae
124 1840 196 1860 classis
207 1846 253 1861 cum

72 1868 146 1887 octava
155 1866 253 1887 Summus

73 1892 165 1913 Pontifex
194 1892 254 1914 emn-

71 1919 161 1945 plutensi
177 1920 254 1940 acade-

73 1945 126 1967 miae
137 1946 241 1967 concedit,

78 2264 189 2294 Decretum
197 2269 261 2291 praef

77 2295 173 2312 inst-rium
183 2298 257 2317 appi-1)-

77 2318 257 2339 bntotcuut'uumt.

855 121 1039 149 ALEXANDER
1063 122 1108 146 vn
1131 122 1178 147 Pr.

310 171 480 205 villanova
515 173 574 205 sub
606 172 673 205 ritu
699 171 823 215 duplici
845 172 1002 205 secundae

305 225 417 258 classis
441 237 514 259 cum
538 227 657 259 octava.

456 316 622 343 Alexander
643 316 722 349 Papa
739 316 806 348 vn,

403 360 441 387 ad
460 361 595 388 futuram
618 361 662 388 rei
683 361 862 388 memoriam.

307 438 469 473 Emanarit
488 450 591 483 nuper
615 450 632 472 a
657 440 901 483 congregatione
915 415 1020 472 vene-i

263 492 410 525 rabiliuin
433 494 562 525 fratrum
584 498 764 527 nostrorum
785 493 813 526 S.
832 494 866 526 R.
889 493 920 525 E.
940 503 1003 526 car-

263 545 412 578 dinalium
449 547 546 579 sacris
585 546 696 580 ritibus
730 546 910 590 praeposita
948 545 1002 578 de-

263 605 382 632 cretum
421 600 537 633 tenoris
569 600 621 644 qui
652 600 814 644 sequitur,
845 594 1021 634 videlicet&

313 666 325 684 «
337 652 431 686 Sacra
445 654 560 686 rituum
576 653 929 697 congregatio,rectoris
944 653 1005 686 col·
1020 695 1021 699 Ἰ

263 706 422 749 legialium
450 707 604 740 maiorum
626 708 749 750 collegii
769 708 797 739 S.
824 707 1002 751 Idelphonsi

263 770 298 793 ac
322 761 456 794 aliorum
487 761 700 794 universitatis
730 761 822 793 studii
849 754 1022 804 genet-alisi

263 813 369 857 oppidi
394 813 622 858 Complutensis
653 814 819 847 Toletanae
852 812 1022 847 dioecesis'

263 867 294 900 in
315 867 344 900 S.
369 867 520 900 Thomam
547 868 584 900 de
610 867 768 900 Villanova
793 867 1022 911 archiepisco-¹

263 931 339 964 pum
364 921 561 954 Valentinum
587 921 646 965 piis
664 921 742 954 rotis
760 921 895 963 benigne
922 921 1023 953 meli--

262 979 345 1015 nata,
370 974 455 1017 quod
480 974 595 1007 ibidem
621 974 831 1019 adipiscendis
857 975 1006 1007 facultati-

264 1027 332 1068 bus,
358 1027 531 1071 iisdemque
557 1038 628 1061 mox
650 1028 750 1071 gradu
775 1028 941 1061 decoratus
962 1028 1006 1060 in-

265 1082 474 1126 terpretandis
492 1093 527 1115 ae
548 1082 755 1115 edisserendis
773 1082 904 1115 Sanetus
922 1082 1004 1115 idem

265 1146 395 1180 operam
414 1140 564 1177 navasset,
586 1136 715 1179 eiusque
735 1141 819 1168 costa
837 1146 907 1169 cum
934 1146 1006 1179 par-

266 1194 294 1221 te
319 1189 430 1230 carnis,
448 1195 480 1221 ut
506 1189 667 1229 asseritur,
681 1194 859 1221 asservetur
878 1189 1006 1232 <quibus
1022 1206 1023 1219 t

265 1242 368 1275 causis
392 1246 554 1286 permotus
575 1247 698 1275 sanetae
719 1243 891 1275 memoriae
912 1242 1004 1275 Inno-

266 1297 386 1329 centius
412 1296 438 1329 X
464 1296 565 1329 eidem
590 1296 784 1330 universitati
810 1297 947 1337 indulsit,
974 1303 1006 1329 ut

265 1350 342 1383 inibi
366 1355 472 1394 posset
496 1350 534 1383 de
563 1350 672 1383 eodem
699 1351 811 1384 Sancto
838 1356 911 1383 tune
935 1350 1024 1383 bea-¹

267 1403 362 1437 titatis
380 1407 498 1438 lantum
518 1403 607 1436 titulo
633 1403 781 1446 insignito
806 1404 943 1437 officium
962 1415 1007 1437 re-

266 1457 355 1491 citari
380 1467 415 1490 ae
433 1456 526 1490 missa
544 1456 662 1500 pariter
684 1456 851 1500 celebrari)
876 1462 909 1490 ut
926 1459 1025 1501 post-⁸

266 1510 325 1544 bac
349 1510 560 1543 universitatis
585 1520 619 1543 ac
645 1510 852 1552 collegiorum
883 1521 1006 1543 eorum-

267 1564 338 1597 dem
367 1564 507 1604 incolae,
540 1569 602 1596 tam
634 1563 792 1596 seculares
829 1574 922 1607 quam
951 1574 1004 1596 re-

267 1616 402 1659 gulares,
432 1615 508 1648 tanti
541 1615 697 1648 coalumni
724 1616 920 1657 memoriam,
945 1626 1026 1659 quo,

267 1668 439 1702 solemnius
464 1668 649 1708 celebrant,
674 1678 711 1701 co
745 1668 917 1712 impensius
943 1669 1009 1701 imi-

268 1726 381 1764 tentur,
407 1724 574 1766 quotannis
603 1722 641 1755 de
668 1722 776 1755 eodem
802 1733 903 1766 nuper
928 1723 1026 1767 inter1

268 1776 397 1810 Sanetos
422 1777 521 1809 relato
541 1776 585 1809 eis
606 1776 742 1809 officium
767 1776 881 1820 duplex
904 1787 1010 1810 secun-

268 1829 325 1863 dae
343 1830 450 1863 classis
467 1840 537 1863 cum
557 1831 676 1870 octava,
694 1830 816 1874 reliquo
833 1836 936 1863 autem
956 1841 1011 1874 op-

268 1883 333 1927 pidi
367 1883 506 1916 eiusdem
540 1884 625 1917 clero
657 1884 770 1928 duplex
808 1885 909 1917 maius
944 1885 1010 1918 sine

269 1938 378 1970 octava
410 1937 562 1970 recitandi
595 1937 771 1970 facultatem
810 1938 1008 1971 tribuendam

269 1990 396 2023 censuit.
415 1990 469 2023 Die
494 2000 547 2024 xlx
562 1990 629 2023 iulii
654 2001 779 2024 uncmx.
796 1991 888 2023 Facta
906 1996 1009 2024 autem

269 2043 307 2076 de
331 2043 500 2088 praedietis
524 2043 726 2077 Sanctissimo
752 2044 912 2086 relatione,
939 2044 1011 2077 San-

269 2097 358 2130 ctitas
383 2097 444 2130 Sua
468 2098 585 2130 annuit.
604 2097 657 2130 Die
672 2109 709 2130 xx
725 2097 863 2130 eiusdem
883 2098 1010 2140 mensis,

269 2150 446 2195 eodemque
470 2161 551 2184 anno
576 2161 702 2184 nncmx.

351 2204 371 2237 1.
391 2205 484 2248 episc.
503 2204 682 2238 Sabinensis
700 2204 783 2237 card.
799 2205 1011 2238 SixcanTTtts.
1030 2213 1031 2233 t

316 2258 331 2301 g
354 2257 384 2290 1.
406 2257 481 2291 Cum
507 2263 623 2298 autem,
648 2258 728 2290 sieut
749 2258 852 2290 dilecti
878 2258 932 2290 filii
964 2261 1031 2291 re-'

272 2316 340 2344 etor
365 2316 395 2344 et
422 2311 600 2354 collegiales
637 2317 666 2343 et.
697 2311 747 2343 alii
773 2311 923 2354 praedicti
949 2312 1014 2343 uni-

272 2364 428 2397 versitatis
466 2364 558 2397 studii
596 2364 751 2407 generalis
784 2364 1013 2407 Complutensis

272 2417 363 2451 nobis
387 2427 488 2461 nuper
513 2417 623 2461 exponi
650 2418 800 2457 fecerunt,
820 2417 875 2460 ipsi
903 2417 1011 2451 decre-

273 2477 339 2504 tum
358 2471 536 2505 huiusmodi
559 2472 749 2515 apostolieae
762 2472 1012 2505 confirmationis

1027 1993 1139 2027 ictoris
1165 1999 1194 2025 et
1218 1993 1351 2025 aliorum
1377 1993 1589 2025 universitatis
1615 1994 1708 2027 studii
1735 2004 1784 2037 ge-

274 2531 399 2558 nostrae
436 2526 549 2558 robore
586 2526 773 2558 communiri
812 2536 1012 2570 summopere

1682 116 1740 150 491

1035 170 1228 203 desiderent:
1255 181 1320 213 nos,
1339 171 1504 215 specialem
1531 172 1647 205 eisdem
1674 183 1771 217 expo-

1036 224 1181 257 nentibus
1193 224 1324 267 gratiam
1342 225 1444 258 faeere
1460 226 1607 266 volentes,
1619 231 1648 259 et
1665 237 1776 259 eorum

1036 277 1210 320 singulares
1235 288 1385 321 personas
1413 290 1429 311 a
1462 279 1624 322 quibusvis
1649 290 1776 313 excom-

1038 330 1268 371 municationis,
1289 337 1356 370 etc„
1376 332 1489 365 harum
1515 334 1596 366 serie
1617 333 1777 367 absolven-

1037 389 1081 416 tes
1106 390 1136 416 et
1156 385 1314 417 absolutas
1332 386 1397 417 sore
1423 392 1600 426 censentes,
1626 387 1779 430 supplica-

1037 437 1172 470 tionibus
1190 448 1299 470 eorum
1318 438 1407 470 nobis
1424 449 1519 483 super
1539 440 1599 473 lioe
1617 440 1779 474 humiliter

1036 491 1189 535 porrectis
1215 491 1364 531 inclinati,

1082 545 1095 588 ξ
1120 544 1149 576 2.
1175 545 1339 577 Decretum
1366 545 1608 588 praeinsertum,
1642 548 1778 580 auctori-

1037 602 1097 632 tate
1121 599 1302 642 apostoliea,
1330 602 1436 632 tenore
1461 601 1684 642 praesentium,
1703 612 1777 634 eon-

1037 652 1201 684 firmamus
1227 658 1255 684 et
1280 653 1624 696 approbamus,illique
1651 655 1778 688 inviola-

1793 125 1840 152 An.
1857 126 1884 151 C.
1909 127 1974 154 1659

1020 726 1022 750 1
1038 705 1108 737 bilis
1124 705 1312 749 apostolicae
1323 706 1479 740 firmitatis
1495 707 1778 749 roburadiicimus,

1038 759 1121 792 salva
1149 765 1250 791 tamen
1276 770 1400 803 semper
1426 760 1455 792 in
1480 761 1660 803 praemissis
1678 767 1781 794 aucto-

1038 813 1129 846 ritate
1151 813 1405 857 congregationis
1423 813 1657 856 praedictorum
1678 814 1780 847 cardi-

1038 866 1166 899 nalinm.

1084 920 1098 963 g
1123 920 1152 952 3.
1174 921 1382 953 Decernentes
1400 920 1522 953 easdem
1541 927 1721 964 praesentes
1736 922 1781 954 lit-

1041 979 1122 1006 teras
1147 984 1272 1017 semper
1292 974 1409 1014 1irmas,
1428 980 1501 1015 etc„
1521 975 1626 1018 sicque
1648 975 1678 1007 in
1696 986 1782 1019 prac-

1040 1028 1143 1060 missis
1169 1039 1226 1071 per
1251 1038 1465 1071 quoscumque
1491 1028 1618 1069 iudices,
1644 1035 1712 1071 etc.,
1733 1029 1783 1062 de-

1039 1081 1121 1113 finiri
1137 1081 1262 1123 debere,
1277 1092 1312 1114 ac
1328 1082 1451 1114 irritum
1472 1087 1500 1114 et
1519 1082 1618 1121 inane,
1638 1083 1661 1115 si
1681 1094 1783 1122 secus,

1825 936 1935 956 Decretum
1954 936 1980 955 ir-

1796 966 1869 983 ritans.

1022 1139 1108 1177 ¹etc.,
1135 1136 1301 1178 contigerit
1326 1136 1480 1168 attentari.
1498 1136 1565 1169 Non
1586 1136 1782 1169 obstantibus

1041 1189 1315 1222 constitutionibus
1341 1195 1370 1222 et
1395 1189 1645 1223 ordinationibus
1663 1195 1783 1233 aposto-

1040 1243 1119 1283 licis,
1137 1243 1312 1286 ceterisque
1331 1243 1496 1276 contrariis
1513 1244 1777 1287 quibuscumque.

1085 1297 1195 1330 Datum
1207 1296 1333 1335 Romae,
1345 1296 1427 1340 apud
1442 1297 1470 1329 S.
1482 1297 1608 1329 Mariam
1621 1297 1780 1335 Maiorem,

1041 1350 1097 1382 sub
1128 1350 1243 1382 annulo
1269 1350 1453 1390 Piscatoris,
1482 1350 1531 1382 die
1564 1361 1628 1384 xxv
1659 1351 1783 1393 angusti

1041 1413 1168 1445 MDCLix,
1186 1404 1385 1447 pontificatus
1410 1404 1509 1437 nostri
1536 1415 1617 1437 anno
1643 1415 1671 1436 v.

1078 1467 1134 1494 liat.
1152 1467 1194 1493 die
1210 1468 1243 1494 ⁶25
1258 1468 1363 1502 augusti
1383 1468 1459 1501 1659,
1477 1468 1569 1503 pontif.
1588 1477 1658 1494 auno
1675 1476 1700 1494 v.

1357 1585 1475 1618 CCLYI.

1024 1661 1026 1678 ³
1043 1656 1253 1699 Praecipitat*
1266 1656 1415 1688 omnibns
1429 1656 1466 1688 de
1478 1656 1691 1688 universitate
1700 1657 1786 1690 Com-

1085 1709 1231 1752 plutense'
1244 1710 1407 1742 observari
1419 1714 1578 1742 statutam
1589 1719 1663 1742 Lxlv
1674 1710 1711 1741 cle
1721 1711 1786 1743 obe-

1088 1762 1212 1794 dienlici
1225 1762 1341 1794 rectori
1351 1762 1562 1805 praestctnsld.

1237 1833 1406 1860 Alexander
1426 1833 1505 1867 Papa
1525 1833 1588 1865 v11,

1187 1879 1221 1903 ad
1244 1878 1377 1904 futuram
1397 1878 1443 1904 rei
1464 1878 1642 1904 memoriam.

1089 1939 1171 1972 Alias
1191 1950 1248 1983 pro
1269 1944 1356 1982 parte
1374 1939 1562 1972 dilectorum
1582 1940 1719 1972 liliorum
1740 1951 1786 1973 re-

1828 1949 1932 1970 l'wcenset
1943 1951 1985 1969 stn-

1802 1976 1986 1996 nuumoltmema-

1801 2005 1872 2022 natum
1883 2009 1986 2022 ‹timem-

1802 2032 1851 2049 tini<
1889 2029 1985 2055 Complu-

1046 2046 1160 2079 neralis
1172 2046 1277 2090 oppidi
1292 2046 1522 2090 Complutensis
1532 2047 1787 2080 Toletanaedioe-
1803 2059 1873 2075 ιυικιε.

1046 2099 1125 2132 cesis
1150 2099 1385 2142 congregationi
1411 2100 1637 2132 venerabilium
1654 2100 1785 2133 fratrum

1046 2158 1226 2186 nostrorum
1254 2153 1282 2186 S.
1305 2154 1337 2186 R.
1364 2153 1396 2185 E.
1422 2153 1628 2186 cardinalium
1658 2154 1787 2187 Concilii

1046 2207 1218 2239 Tridentini
1238 2207 1443 2250 interpretum
1463 2208 1615 2250 exposito,
1631 2208 1724 2251 quod,
1745 2208 1788 2240 in-

1048 2266 1094 2292 ter
1118 2260 1177 2292 alia
1202 2260 1340 2292 eiusdem
1367 2260 1579 2294 universitatis
1607 2261 1676 2293 Sodi
1710 2262 1789 2304 Apo-

1030 2313 1173 2346 istolicae
1199 2313 1377 2347 immediate
1403 2314 1561 2346 subiectae
1585 2319 1708 2353 statuta,
1734 2315 1789 2347 du-

1047 2367 1119 2399 dum
1145 2378 1161 2399 a
1187 2367 1286 2399 bonae
1312 2367 1483 2400 memoriae
1520 2367 1687 2401 {francisco
1712 2368 1787 2400 dum

1047 2421 1121 2453 vixit
1141 2421 1281 2453 eiusdem
1307 2421 1335 2453 S.
1354 2421 1386 2453 ll.
1406 2421 1437 2453 E.
1461 2421 1610 2454 cardinali
1638 2422 1786 2454 Ximenez

1046 2478 1225 2518 nuncupato
1239 2474 1423 2507 auctoritate
1438 2474 1535 2507 felicis
1556 2475 1785 2508 recordationis

1046 2528 1210 2561 Alexandri
1236 2528 1337 2572 l‘apae
1361 2528 1395 2561 vt
1421 2528 1671 2572 praedecessoris
1689 2530 1788 2564 nostri
