2243 3205
2 705 4 720 t

2 730 4 739 ι

1 813 3 826 t

55 154 102 180 An.
117 151 144 178 C.
167 149 233 177 1660

4 610 5 613 Ἴ
76 583 182 605 Decretum
193 589 228 603 sa-

2 618 5 636 t
51 617 98 641 erae
115 615 228 636 congrega-

51 640 118 659 tionis.

70 2017 150 2040 Deci-etl
173 2025 221 2041 con-

47 2041 139 2067 firmatio.

102 2443 221 2465 Praesentes

48 2466 123 2491 litteras
152 2472 222 2492 obser·

49 2497 90 2517 ’Μ
105 2498 195 2520 wdet-
235 2494 354 2528 litteras
371 2503 496 2536 semper
520 2493 639 2532 firmas,
660 2497 728 2534 etc.,
756 2492 976 2525 inviolabiliter

842 147 1026 172 ALEXANDER
1051 147 1095 170 VII
1120 148 1168 170 PP.

247 196 386 230 vincialis
406 195 560 229 eiusmodi
576 196 734 230 licentiam
753 196 925 230 concedere
943 201 985 228 te-

245 255 356 283 neatur
372 251 401 282 si
417 249 609 283 iudicaverit
627 249 803 283 secundum
816 250 917 282 Deum
938 250 985 281 ila

245 303 394 347 expedire
411 308 439 336 et
458 314 519 336 non
537 303 645 344 aliter,
671 310 700 336 et
725 303 769 336 sic
794 303 832 336 de
856 303 924 335 aliis
941 302 983 334 af-

244 356 408 389 firmativis
433 363 462 390 et
486 357 638 400 negativis
665 357 693 389 in
719 357 828 390 eadem
856 367 984 390 concor-

244 409 295 442 dia
319 410 443 453 positis:
473 411 627 443 emanavit
651 410 689 443 ab
721 411 828 443 eadem
855 421 984 453 congre-

244 462 369 504 gatione
397 463 559 496 decretum
594 463 711 496 tenoris
739 463 792 507 qui
821 463 982 507 sequitur,

243 515 406 548 videlicet:

287 568 344 611 302.
365 581 377 599 «
392 569 486 602 Sacra
499 569 707 612 Congregatio
725 568 984 601 eminentissimo-

242 632 312 654 rum
332 621 361 654 S.
379 623 413 655 R.
431 622 464 654 E.
483 623 687 655 cardinalium
713 622 849 665 negotiis
868 628 895 654 et
914 632 984 655 con<

241 674 460 708 sultationibus
485 676 705 719 episcoporum
732 681 761 708 et
788 675 980 718 regularium

241 728 429 772 praeposita,
444 729 568 762 attentis
583 728 729 769 narratis,
743 739 779 761 ac
803 728 909 761 audito
929 729 982 760 mi-

242 781 341 815 nistro
367 782 505 825 generali
530 781 654 815 Ordinis
680 782 878 823 huiusmodi,
899 782 982 815 cirea

240 835 413 878 praemissa
448 835 671 869 declarandum
713 836 850 876 censuit,
888 841 982 879 prout

240 888 453 932 praesentium
489 895 598 922 tenore
633 889 770 922 declarat
801 895 837 931 ¹et
873 889 981 922 decer-

240 942 306 983 nit,
332 953 366 975 ex
396 943 423 975 vi
449 943 638 986 praecitatae
670 943 828 975 clausulae
861 943 890 974 in
917 954 980 975 me-

241 997 364 1028 morata
389 996 559 1029 concordia
587 1007 604 1029 a
634 996 788 1039 Gregorio
817 996 883 1029 Xlll
909 1007 980 1029 con—

242 1049 363 1083 firmata
397 1049 568 1093 appositae,
595 1049 772 1082 ministrum
803 1050 979 1093 provincia-

239 1103 300 1135 lem
330 1103 511 1147 provinciae
539 1103 717 1147 praedictae
749 1114 806 1147 pro
839 1108 979 1147 tempore

240 1157 411 1190 existenten
426 1156 464 1189 ad
479 1156 713 1189 concedendum
725 1157 881 1190 licentiam
900 1157 979 1189 eius-

240 1209 324 1243 modi
357 1210 504 1243 transitus
540 1219 602 1242 non
635 1209 733 1242 teneri
770 1209 828 1242 nisi
854 1210 979 1253 quando

239 1263 410 1297 secundum
432 1264 529 1297 Deum
556 1263 640 1295 illam
667 1263 840 1296 concedere
866 1264 980 1297 iudica-

240 1317 318 1350 verit
342 1317 498 1361 expedire,
517 1322 546 1350 et
562 1317 606 1350 sic
630 1316 667 1349 de
691 1317 760 1349 aliis
785 1317 979 1350 affirmativis

238 1376 269 1404 et
292 1371 444 1414 negativis
468 1370 497 1403 in
524 1370 634 1403 eadem
660 1370 829 1403 eoncordia
854 1376 979 1404 eonten-

238 1424 293 1457 tis:
319 1424 571 1468 quibuscumque
588 1424 618 1456 in
636 1424 829 1457 contrarium
847 1435 909 1458 non
928 1425 979 1457 ob-

237 1478 400 1511 stantibus.
426 1479 543 1511 Romae
568 1488 622 1511 xix
649 1478 825 1511 decembris
850 1488 976 1512 nncLIx.

282 1531 297 1574 g
320 1530 350 1564 3.
375 1531 450 1564 Cum
476 1536 590 1571 autem,
615 1531 695 1564 sicut
723 1531 823 1564 dictus
849 1531 978 1564 lacobus

236 1584 327 1617 nobis
350 1594 453 1628 nuper
478 1584 590 1628 exponi
617 1584 698 1626 feeit,
724 1584 789 1628 ipse
815 1584 976 1617 decretum

236 1636 416 1670 huiusmodi
438 1637 629 1681 apostolicae
650 1637 898 1670 confirmationis
923 1649 978 1671 no-

236 1696 319 1724 strae
341 1691 456 1725 robore
481 1692 671 1725 communiri
698 1702 899 1736 summopere
924 1692 976 1725 de-

236 1745 368 1779 sideret:
393 1756 461 1786 nos,
487 1746 590 1789 ipsum
616 1745 763 1780 Iacobum
790 1746 977 1790 specialibus

236 1799 395 1833 favoribus
420 1804 449 1832 et
474 1799 582 1842 gratiis
606 1800 754 1843 prosequi
780 1801 930 1841 volentes,
948 1805 978 1833 et

236 1862 253 1885 a
277 1852 441 1896 quibusvis
465 1852 810 1894 excommunicationis,
831 1859 900 1894 etc.,
927 1854 978 1886 lia-

236 1916 307 1938 rum
329 1905 410 1938 serie
444 1905 642 1939 absolventes
658 1912 687 1939 et
707 1906 884 1941 absolutum
910 1908 977 1941 sore

236 1965 408 2001 censentes,

280 2013 338 2057 §4
356 2013 641 2057 supplicationibus
660 2013 726 2046 eius
742 2013 868 2047 nomine
885 2014 976 2047 nobis

236 2077 331 2112 super
355 2067 416 2100 hoc
440 2066 602 2099 humiliter
630 2067 785 2110 porrectis
815 2067 974 2110 inclinati,

235 2121 396 2154 decretum
419 2121 659 2164 praeinsertum,
685 2121 872 2153 auctoritate
900 2132 975 2165 apo-

235 2173 354 2217 stolica,
372 2179 481 2206 tenore
504 2173 727 2217 praesentium,
749 2173 975 2207 confirmamus

234 2233 266 2260 et
290 2227 525 2271 approbamus,
551 2226 658 2270 illique
691 2226 879 2260 inviolabilis
904 2238 975 2271 apo-

234 2280 361 2315 stolicae
386 2279 543 2313 firmitatis
568 2279 666 2312 robur
689 2279 872 2320 adiicimus,
892 2281 975 2313 salva

235 2345 360 2379 semper
384 2334 415 2366 in
438 2333 619 2378 praemissis
643 2333 828 2366 auctoritate
852 2334 975 2378 praedi-

236 2394 302 2422 ctae
320 2386 572 2429 congregationis
597 2385 812 2418 cardinalium.

281 2441 295 2485 g
328 2439 357 2473 5.
393 2440 601 2473 Decernentes
637 2438 760 2471 easdem
794 2444 976 2482 praesentes

236 2547 408 2588 observari,
426 2547 532 2591 sieque
557 2546 586 2579 in
611 2545 791 2590 praemissis
807 2556 864 2590 per
881 2555 976 2590 quos-

1019 205 1155 239 cumque
1180 194 1310 236 iudiees,
1335 201 1404 236 ete,
1423 194 1548 228 definiri
1573 194 1698 234 debere,
1722 203 1758 226 ac

1018 249 1143 281 irritum
1166 253 1196 281 et
1220 248 1322 289 inane,
1340 249 1364 282 si
1382 259 1482 289 secus,
1500 253 1570 289 etc.,
1591 246 1759 291 contigerit

1018 301 1171 335 attentari.

1063 354 1130 398 §4
1163 354 1230 387 Non
1263 354 1457 388 obstantibus
1489 354 1691 399 praemissis,
1722 363 1758 386 ac
1773 364 1954 385 comminanti.

1018 405 1293 439 constitutionibus
1314 412 1343 438 et
1363 406 1613 439 ordinationibus
1637 410 1758 450 aposto-

1017 460 1095 500 licis,
1114 459 1289 503 ceterisque
1310 460 1476 493 contrariis
1496 460 1756 504 quibuscumque.

1061 513 1171 546 Datum
1198 513 1325 554 Romae,
1350 513 1433 556 apud
1457 513 1486 546 S.
1512 513 1638 545 Mariam
1663 512 1758 545 Maio-

1018 577 1095 608 rem,
1110 567 1167 599 sub
1181 567 1296 599 annulo
1318 566 1495 609 piscatoris,
1508 566 1558 599 die
1571 576 1637 599 xxii
1655 566 1758 599 ianua-

1017 621 1054 653 rii
1080 630 1192 663 MDCLx,
1214 620 1415 664 pontificatus
1435 620 1534 652 nostri
1561 630 1642 653 anno
1660 630 1688 652 v.

1052 683 1111 709 Dat.
1133 683 1167 708 ἓξ.)
1187 682 1299 709 ianuarii
1321 682 1398 715 1660,
1417 681 1510 717 pontif.
1528 690 1597 709 anno
1614 689 1638 709 v.

1308 825 1468 860 CCLXXX.

1017 905 1195 948 Confirmat
1227 905 1387 939 decretum
1423 905 1563 949 capituli
1595 905 1756 948 yeneralis

1059 959 1317 1002 conqreyutioni's
1341 958 1582 1002 Hispaniarum
1612 959 1756 1001 fratrum

1058 1011 1336 1045 Discalceatornm
1380 1016 1644 1055 nuncupatorum
1674 1021 1753 1044 san-

1059 1065 1218 1098 ctissimae
1242 1065 1418 1098 Trinitatis
1437 1064 1679 1108 Redenzptionis
1701 1064 1756 1098 Ca-

1056 1118 1232 1162 ptivorum,
1260 1119 1380 1152 scilicet
1405 1119 1490 1163 quod
1514 1118 1657 1162 praelati
1678 1117 1756 1151 loca-

1059 1173 1102 1205 les
1126 1183 1181 1205 scu
1206 1173 1430 1206 conventuales
1448 1183 1513 1205 non
1537 1172 1682 1215 amplius
1701 1171 1756 1203 Ιια-

1060 1226 1154 1259 beant
1178 1230 1251 1259 vota
1275 1227 1312 1259 in
1341 1225 1496 1269 capitulis
1528 1224 1732 1269 ycneralibus
1748 1251 1755 1264 ,

1057 1279 1112 1312 sed
1129 1280 1234 1313 solum
1251 1280 1433 1323 superiores
1457 1279 1622 1323 yenerales
1637 1307 1644 1320 ,
1668 1279 1756 1322 diffi-

1058 1334 1179 1366 nitores
1202 1333 1376 1376 yenerales,
1391 1332 1621 1376 provinciale&
1635 1336 1664 1365 et
1677 1332 1756 1364 socii

1056 1397 1112 1419 seu
1129 1386 1269 1420 discreti.

1209 1464 1374 1491 Alexander
1399 1464 1476 1497 Papa
1496 1463 1558 1496 VII,

1129 1511 1165 1536 ad
1189 1512 1365 1542 perpetuam
1385 1509 1430 1535 rei
1454 1508 1634 1535 memoriam.

1058 1579 1101 1612 Ad
1118 1579 1275 1623 pastorale
1290 1579 1460 1622 fastigium,
1475 1578 1596 1611 meritis
1609 1578 1682 1611 licet
1699 1577 1755 1610 im-

1012 1633 1152 1678 paribus,
1178 1633 1285 1666 divina
1310 1633 1515 1677 dispositione
1541 1631 1656 1672 evecti,
1683 1631 1753 1672 illis,

1012 1697 1092 1730 quae
1112 1697 1171 1731 pro
1190 1686 1270 1719 felici
1299 1696 1518 1730 prosperoque
1537 1684 1752 1728 congregatio-

1011 1750 1087 1773 num
1102 1739 1243 1773 virorum
1260 1739 1409 1772 Altissimi
1424 1738 1583 1782 obsequiis
1595 1738 1652 1771 sub
1666 1737 1753 1770 suavi

1012 1794 1156 1827 arctioris
1190 1793 1353 1836 religionis
1390 1793 1464 1835 iugo
1501 1792 1752 1836 mancipatorum

1011 1847 1165 1891 regimine
1185 1853 1214 1880 et
1235 1846 1390 1890 gubernio
1415 1845 1545 1890 provide
1570 1850 1600 1878 et
1624 1844 1755 1878 salubri-

1011 1905 1058 1935 ter
1068 1901 1196 1947 ¹decreta
1213 1906 1244 1934 et
1260 1900 1428 1934 constituta
1445 1910 1512 1932 esse
1531 1898 1752 1942 conspicimus,

1010 1955 1154 1997 libenter,
1179 1966 1249 1987 cum
1275 1965 1292 1986 a
1316 1954 1407 1986 nobis
1432 1953 1560 1997 petitur,
1588 1952 1752 1997 apostolici

1010 2009 1194 2042 muniminis
1218 2008 1419 2052 adiungimus
1443 2007 1635 2041 firmitatem.

1054 2064 1069 2107 ἓ
1093 2063 1122 2096 ’1.
1141 2063 1261 2106 Exponi
1276 2062 1429 2105 siquidem
1448 2061 1538 2094 nobis
1558 2071 1660 2104 nuper
1681 2059 1752 2093 fecit
1793 2063 1933 2092 Subotis-³1¹⁰*

1010 2117 1142 2149 dilectus
1153 2116 1235 2149 filius
1250 2120 1438 2160 procurator
1453 2115 1609 2158 generalis
1622 2124 1752 2156 congre·—

1010 2169 1144 2213 gationis
1162 2169 1383 2213 Hispaniarum
1401 2168 1532 2200 fratrum
1549 2167 1753 2200 Discalceato-

1010 2233 1079 2255 rum
1105 2227 1360 2266 nuncupatorum
1386 2221 1512 2254 Ordinis
1537 2219 1750 2253 sanctissimae

1009 2275 1167 2308 Trinitatis
1186 2274 1422 2318 Redemptionis
1440 2273 1652 2316 Captivorum,
1667 2271 1751 2316 quod

1010 2328 1103 2361 iidem
1128 2328 1240 2360 fratres
1257 2328 1288 2359 in
1313 2338 1422 2361 eorum
1448 2326 1584 2370 capitulo
1602 2325 1750 2369 generali,

1010 2381 1060 2413 die
1084 2391 1102 2414 x
1126 2381 1198 2413 maii
1224 2381 1368 2424 proxime
1386 2380 1545 2424 praeteriti
1571 2380 1602 2411 in
1627 2379 1750 2412 civitate

1009 2435 1155 2467 Toletana
1182 2434 1350 2475 celebrato,
1368 2434 1420 2477 qui
1438 2434 1522 2465 iuxta
1539 2433 1658 2466 litteras
1675 2443 1750 2476 apo-

1011 2489 1135 2523 stolicas
1153 2489 1183 2521 in
1202 2488 1295 2521 simili
1321 2488 1421 2521 forma
1438 2487 1545 2520 Brevis
1561 2498 1618 2531 per
1633 2487 1747 2520 dictam

1011 2543 1289 2587 congregationem
1315 2542 1457 2576 obtentas
1491 2541 1747 2582 intervenerunt,

1661 135 1724 169 533
1770 144 1822 170 An.
1842 143 1871 170 c.
1889 143 1956 170 ¹660

1797 1588 1936 1608 Prooemium.
