2263 3215
266 191 315 219 An.
330 190 360 218 C.
382 191 449 218 ¹656

281 1236 283 1238 q
298 1208 405 1229 Contraria
422 1214 453 1229 ru-

272 1238 323 1256 tivit.

493 181 557 214 1⁶26

464 238 622 282 pensionis
639 243 668 270 et
686 237 853 278 interdicti,
871 237 1002 281 aliisque
1019 238 1204 271 ecclesiasti-

464 292 508 324 cis
525 291 694 331 sententiis,
714 290 856 323 censuris
876 296 906 323 et
924 291 1034 334 poenis
1058 301 1115 334 per
1139 301 1202 331 eos,

463 349 493 377 et
516 354 625 377 eorum
652 343 824 387 quemlibet
849 343 1094 387 praemissorum
1113 355 1203 378 occa-

463 397 549 430 sione
573 397 744 440 respective
771 397 914 438 incursis,
938 397 1048 430 endem
1067 398 1203 431 auctori-

463 453 523 483 tate
547 449 726 482 absolvendi
752 455 782 482 et
807 450 946 494 plenarie
971 450 1136 491 liberandi,
1169 451 1203 483 il-

463 502 563 545 lisque
576 507 605 535 et
622 512 731 535 eorum
746 502 876 535 cuilibet
891 513 1008 547 poenas
1021 502 1202 536 huiusmodi

465 555 600 598 gratiose
625 556 802 588 remittendi
821 561 851 589 et
872 556 1080 597 condonandi,
1098 567 1133 589 ac
1151 566 1204 589 eos

466 613 495 640 et
519 618 629 641 eornm
654 608 827 652 quemlibet
846 609 877 641 in
901 609 1069 653 pristinum
1087 614 1202 642 etcum

467 663 497 694 in
521 673 584 706 quo
608 668 678 696 ante
702 663 878 707 praedictos
904 674 1047 697 excessus
1072 674 1203 707 quomo-

467 715 585 749 dolibet
609 723 697 750 erant
726 721 839 751 statum
872 717 1054 751 restituendi
1080 723 1109 750 et
1133 718 1221 760 ple-¹

467 769 553 801 narie
578 769 800 813 reintegrandi,
825 780 860 802 ac
885 771 922 802 ad
947 770 1103 813 gremium
1129 780 1201 802 san-

467 827 533 855 ctae
555 823 663 855 matris
684 823 840 856 Romanae
865 823 1021 856 Ecclesiae
1046 823 1128 856 dicta
1155 834 1206 855 au-

466 876 609 908 ctoritate
635 876 815 920 recipiendi,
841 877 963 920 aliaque
988 876 1027 909 ad
1052 876 1081 909 id
1099 887 1206 909 neccs-

466 928 547 961 saria
580 934 609 961 et
639 934 817 973 opportuna
850 929 984 972 agendi,
1014 929 1144 962 faciendi
1177 934 1206 961 ct

466 982 639 1025 exequendi
671 989 765 1026 prout
790 993 840 1015 res
865 983 929 1026 ipsa
960 982 1116 1025 exegerit,
1141 993 1206 1015 ser-

466 1036 543 1067 vatis
568 1041 669 1068 tamen
695 1046 821 1079 semper
847 1036 1103 1069 constitutionum
1129 1046 1205 1080 apo-

467 1088 648 1121 stolicarum
667 1093 697 1121 et
714 1089 920 1122 conciliorum
945 1089 1138 1132 generalium
1157 1100 1205 1122 sa-

468 1153 658 1186 crorumque
683 1153 837 1176 canonum
864 1143 1133 1187 dispositionibus.

513 1195 580 1239 53.
612 1196 679 1229 Non
713 1196 911 1229 obstantibus
937 1197 1033 1229 felicis
1065 1196 1208 1229 recorda-

469 1249 562 1282 tionis
588 1250 734 1282 Bonil'acii
752 1250 851 1293 Papae
870 1250 933 1283 Vlll
956 1250 1206 1293 praedecessoris

468 1303 565 1335 nostri
598 1303 635 1335 de
668 1305 729 1335 una
761 1309 791 1335 et
821 1303 945 1336 concilii
982 1303 1137 1346 generalis
1169 1303 1206 1336 de

469 1357 591 1389 duabus
615 1357 720 1397 dietis,
746 1357 876 1400 aliisque
901 1358 1091 1401 apostolicis,
1116 1368 1151 1390 ac
1177 1358 1206 1389 in

469 1409 699 1442 universalibus
729 1410 1037 1453 provincialibusque
1068 1416 1097 1442 et
1120 1420 1208 1454 syno-

469 1463 592 1495 dalibus
628 1463 768 1496 conciliis
793 1463 901 1504 editis,
927 1463 1127 1505 generalibus
1160 1463 1206 1495 vel

468 1516 666 1559 specialibus,
683 1516 954 1550 constitutionibus
982 1521 1012 1548 et.
1036 1515 1207 1549 ordinatio-

468 1569 569 1611 nibus,
587 1579 720 1610 necnon,
738 1573 892 1613 quatenus
914 1579 992 1612 opus
1017 1568 1065 1609 sit,
1087 1579 1207 1602 memo-

469 1627 555 1655 ratae
579 1622 827 1666 Angamafflnsis,
852 1627 882 1655 et
907 1622 1040 1655 aliarum
1062 1633 1209 1666 quarum-

469 1675 514 1708 vis
539 1675 741 1708 ecclesiarum
763 1682 792 1708 ot
819 1675 983 1718 locorum,
1010 1676 1102 1708 etiam
1129 1676 1209 1708 iura-

469 1734 586 1769 mento,
610 1729 849 1762 confirmatione
864 1729 1048 1772 apostolica,
1069 1729 1114 1761 vel
1133 1739 1208 1772 qua-

469 1782 514 1814 vis
547 1782 696 1815 firmitate
731 1783 791 1815 alia
829 1782 995 1823 roboratis,
1021 1783 1143 1815 statutis
1180 1788 1209 1815 et

470 1835 761 1876 consuetudinibus,
786 1836 961 1879 privilegiis
986 1846 1130 1878 quoque,
1156 1835 1205 1868 in-

470 1888 564 1921 dultis
582 1894 611 1921 et
629 1889 741 1921 litteris
758 1888 947 1932 apostolicis,
969 1888 998 1921 in
1016 1888 1207 1921 contrarium

471 1942 717 1985 praemissorum
754 1942 991 1985 quomodolibet
1033 1942 1209 1982 concessis,

470 1995 663 2028 confirmatis
688 2001 717 2027 ct
744 1995 912 2035 innovatis,
935 1995 1048 2038 quibus
1065 1995 1210 2028 omnibus

470 2053 500 2082 ct
524 2049 665 2091 singulis,
691 2048 816 2081 illorum
846 2054 970 2081 tenores
991 2048 1210 2091 praesentibus

471 2113 528 2146 pro
553 2102 643 2146 plene
666 2107 695 2134 et
719 2102 910 2134 sufficienter
939 2102 1094 2145 expressis
1117 2113 1152 2135 ac
1173 2102 1210 2134 dc

473 2155 568 2188 verbo
593 2155 630 2187 ad
657 2155 787 2188 verbum
814 2155 939 2188 insertis
963 2155 1125 2195 habentes,
1151 2155 1210 2187 illis

471 2209 546 2242 alias
572 2209 603 2241 in
620 2219 676 2241 suo
694 2209 808 2241 robore
825 2209 1049 2252 permansuris,
1069 2208 1106 2241 ad
1124 2219 1211 2252 prae-

473 2262 641 2295 missorum
666 2262 829 2302 effectum,
858 2262 916 2295 bac
942 2262 1007 2295 vice
1032 2262 1211 2302 dumtaxat,

472 2315 650 2360 specialiter
675 2320 705 2349 et
729 2326 874 2360 expresse
899 2316 1104 2358 derogamus
1131 2321 1212 2349 ecte-

472 2370 578 2413 risque
609 2369 774 2402 contrariis
798 2369 1056 2413 quibuscumque.

516 2423 626 2455 Datum
642 2423 759 2455 Romae
780 2423 863 2466 apud
884 2423 912 2456 S.
934 2423 1072 2463 Petrum,
1087 2422 1144 2455 sul)
1159 2433 1212 2455 an-

473 2476 549 2509 nulo
564 2476 739 2516 piscatoris,
764 2476 813 2509 die
838 2486 913 2509 xxrv
940 2476 1211 2517 ianuar-iiiinch,

474 2530 672 2573 pontificatus
697 2530 795 2563 nostri
813 2540 895 2564 anno
916 2540 935 2563 1.

510 2591 566 2618 nat.
590 2591 631 2617 die
648 2591 679 2618 Ἡ
698 2592 809 2619 ianuarii
831 2592 906 2624 tezo,
926 2592 1019 2628 paulis.
1038 2601 1106 2619 auno
1123 2601 1139 2619 1⁴

1043 189 1221 214 BULLARIUM
1246 188 1400 213 ROMANUM

1529 235 1685 270 LXXVIII.

1445 324 1619 367 Deputatio
1647 321 1767 355 iudicis

1325 387 1434 410 sacrae
1457 376 1657 410 visitationis
1681 375 1886 420 apostolicae.

1239 458 1352 486 Dilecto
1372 457 1432 485 filio
1453 456 1595 492 magistro
1611 456 1710 484 Marco
1729 455 1855 483 Antonio
1871 455 1907 483 de
1923 453 1976 483 Od-

1272 502 1326 533 ἀίει,
1345 503 1375 530 in
1395 502 1523 536 utraque
1544 500 1700 536 signatura
1719 499 1825 528 nostra
1842 500 1976 528 referen-

1273 546 1364 581 dario,
1387 549 1417 574 et
1437 545 1557 573 maioris
1578 545 1800 580 praesidentiae
1820 543 1976 572 abbrevia-

1272 591 1331 618 tori
1343 613 1350 625 ,

1432 637 1598 663 Alexander
1618 635 1697 669 Papa
1719 635 1780 662 VH.

1508 698 1621 725 Dilecto
1638 698 1681 724 fili
1699 719 1706 730 ,

1273 744 1402 770 salutem
1423 746 1453 770 et
1474 742 1671 776 apostolicam
1691 741 1941 770 benedictionem.

1286 824 1322 856 Ut
1342 834 1387 865 ea,
1413 834 1492 867 quae
1517 824 1547 856 in
1573 822 1748 856 visitatione
1772 822 1977 856 ecclesiarum
2019 834 2100 855 caus-0
2120 833 2173 856 con-

1992 861 2115 882 stitutionin.

1239 878 1338 910 almae
1357 877 1448 910 Urbis
1467 888 1484 910 a
1501 877 1592 910 nobis
1611 888 1665 910 seu
1686 877 1715 910 S.
1734 877 1768 910 P..
1787 877 1819 910 E.
1837 875 1979 910 cardina-

1240 930 1321 963 libus
1347 930 1377 963 in
1402 930 1562 964 adiutores
1588 930 1772 964 visitationis
1796 928 1979 963 huiusmodi

1241 994 1297 1027 per
1321 994 1378 1017 nos
1403 983 1580 1027 specialiter
1612 983 1781 1027 assumptis
1810 982 1980 1016 salubriter

1241 1037 1366 1070 decreta
1391 1041 1502 1079 erunt,
1527 1037 1650 1070 debitae
1675 1035 1850 1070 executioni
1874 1046 1981 1080 quam-

1241 1091 1378 1134 primum
1394 1090 1634 1131 demandentur,
1648 1096 1678 1123 et
1698 1090 1932 1124 controversiae
1948 1089 1981 1123 il-

1242 1142 1300 1174 lius
1329 1143 1504 1183 occasione,
1521 1142 1706 1186 praesertim
1725 1142 1806 1175 inter
1829 1151 1981 1187 personas

1242 1195 1468 1229 ecclesiasticas
1481 1206 1557 1239 quas
1571 1196 1672 1228 litium
1695 1195 1867 1239 dispendiis
1888 1205 1906 1228 a
1925 1195 1980 1229 Dei

1241 1249 1367 1282 servitio
1395 1249 1519 1282 avocari
1551 1249 1678 1282 minime
1711 1249 1821 1291 decet,
1856 1248 1895 1282 ad
1922 1259 1980 1283 no·

1242 1308 1338 1335 stram
1364 1302 1555 1335 audientiam
1574 1302 1775 1335 deducendae
1801 1308 1918 1346 quanto
1942 1302 1982 1336 ci-

1243 1356 1302 1389 tius
1327 1355 1547 1396 terminentur,

1285 1409 1300 1452 ἓ
1328 1409 1353 1441 l.
1379 1409 1431 1450 Te,
1449 1408 1487 1441 de
1508 1409 1597 1441 cuius
1617 1409 1772 1452 probitate
1790 1414 1820 1442 et
1838 1408 1983 1444 doctrina
2017 1419 2117 1451 raedas
2131 1424 2179 1450 prq-

1243 1462 1415 1506 plurimum
1432 1462 1461 1494 in
1480 1461 1613 1495 Domino
1630 1461 1828 1503 confidimus,
1846 1461 1982 1495 iudicem
1995 1447 2180 1521 ἓὲξὲξὲὲῖᾖξέιξ-

1243 1526 1407 1548 causarum
1430 1521 1459 1548 et
1483 1520 1684 1548 executorem
1709 1514 1911 1548 decretorum
1928 1514 2086 1549 hu-namm

1243 1568 1378 1601 iusmodi
1394 1568 1589 1609 visitationis,
1603 1568 1789 1602 auctoritate
1798 1568 1982 1613 apostolica,

1243 1627 1350 1655 tenore
1368 1622 1593 1666 praesentium,
1607 1622 1827 1655 constituimus
1840 1627 1870 1655 et
1889 1621 1983 1666 depu-

1243 1681 1354 1715 tamus;
1380 1675 1488 1708 dantes
1509 1675 1564 1708 tibi
1590 1676 1714 1720 plenam
1734 1681 1763 1708 et
1787 1675 1920 1709 liberam
1937 1676 1982 1709 sa-

1243 1730 1412 1770 cultatem,
1437 1739 1517 1772 quae
1552 1740 1569 1761 a
1600 1729 1691 1762 nobis
1716 1735 1746 1762 et
1770 1729 1983 1763 cardinalibus

1242 1782 1411 1826 praedictis
1443 1782 1474 1814 in
1501 1781 1611 1815 endem
1636 1782 1812 1816 visitatione
1836 1782 1983 1824 decreta,

1243 1839 1356 1869 statuta
1380 1840 1410 1868 et
1434 1834 1577 1868 ordinata
1602 1841 1704 1876 erunt,
1729 1836 1841 1880 exequi
1867 1842 1897 1869 et
1920 1836 1980 1870 ob-

1243 1888 1361 1921 servari
1386 1888 1530 1928 faciendi,
1551 1894 1660 1921 contra
1684 1888 1909 1930 inobedientes,
1931 1894 1984 1923 aut

1243 1941 1449 1984 negligentes,
1474 1952 1597 1975 necnon
1625 1942 1852 1986 cuiuscumque
1877 1943 1984 1976 crimi-

1244 1996 1290 2028 nis
1315 1997 1479 2029 occasione
1505 1996 1605 2029 dictae
1634 1997 1820 2030 visitationis
1844 1997 1984 2030 detectos

1244 2059 1314 2082 reos
1339 2055 1369 2082 ct
1393 2049 1626 2093 delinquentes,
1652 2059 1825 2094 eorumque
1856 2049 1986 2094 compli-

1244 2113 1295 2136 ces
1309 2106 1338 2136 et
1358 2103 1506 2143 fautores,
1521 2103 1747 2146 cuiuscumque
1762 2108 1868 2144 status,
1884 2102 1985 2146 digni-

1246 2156 1325 2196 tatis,
1350 2156 1469 2189 ordinis
1494 2162 1524 2189 et
1550 2156 1737 2190 conditionis
1767 2157 1903 2198 suerint,
1927 2167 1984 2200 per

1246 2209 1327 2242 viam
1345 2209 1563 2249 accusationis,
1582 2210 1739 2253 querelae,
1755 2210 1800 2243 vel
1819 2209 1984 2243 denuncia-

1246 2262 1348 2303 tionis,
1369 2262 1461 2296 etiam
1488 2263 1668 2304 summarie,
1686 2264 1871 2308 simpliciter
1899 2269 1930 2296 et
1946 2263 1984 2297 de

1246 2316 1351 2360 plano,
1377 2316 1442 2349 sinc
1468 2317 1599 2360 strepitu
1617 2323 1643 2350 et
1660 2317 1763 2360 figura
1781 2317 1897 2360 iudicii,
1918 2317 1984 2351 sola

1246 2369 1317 2402 sacti
1343 2370 1472 2403 veritato
1491 2369 1640 2414 inspecta,
1659 2370 1838 2414 inquirendi
1863 2375 1893 2403 et
1914 2380 1985 2414 pro-

1246 2422 1387 2464 cedendi,
1406 2434 1549 2466 reosque,
1569 2429 1665 2467 prout
1689 2424 1858 2458 canonicae
1883 2423 1985 2468 requi·

1247 2481 1315 2508 rent
1329 2476 1516 2517 sanctiones,
1529 2482 1560 2509 et
1578 2477 1653 2510 alias
1667 2482 1775 2511 nostro
1793 2488 1847 2510 seu
1861 2487 1984 2511 eorum-

1246 2530 1315 2563 dem
1348 2530 1553 2564 cardinalium
1586 2531 1735 2574 arbitrio,
1760 2531 1924 2574 puniendi,
1948 2541 1984 2565 ac

1246 2589 1307 2615 tam
1335 2594 1430 2626 super
1460 2584 1641 2627 praemissis
1666 2595 1757 2628 qnam
1791 2584 1882 2617 etlam
1908 2585 1984 2617 alias

1993 187 2041 215 An-
2057 187 2086 216 C.
2102 188 2172 222 ¹650.

2259 1804 2263 1820 ι

2257 1829 2263 1851 i
