2263 3215
294 238 344 265 An.
362 237 388 264 C.
408 237 474 264 1655

316 409 429 429 tlt-nimiu·
441 408 475 428 ἠο-

294 438 358 461 rogat.

326 2257 463 2278 rmoewmnm

519 229 560 261 116

491 285 592 329 quoad
624 284 850 318 absolutionem
881 282 1059 316 huiusmodi
1096 283 1125 314 iu
1159 282 1242 332 form

491 338 699 372 conscientiae
723 338 900 371 nullatenus
926 336 1148 377 suffragentur.

535 392 549 433 ἓ
568 391 597 424 5.
623 391 690 424 Non
714 390 908 423 obstantibus
931 388 1119 432 apostolicis,
1140 398 1175 419 ac
1196 387 1225 419 in

491 443 715 476 universalibus
745 442 1049 486 provincialibusque
1075 446 1104 473 et
1128 450 1242 484 ἤτω-ι

491 496 611 529 dalibus
642 495 782 528 conciliis
816 495 922 536 editis,
949 493 1147 536 generalibus
1178 492 1224 523 rel

492 549 689 593 specialibus,
710 548 984 582 constitutionibus
1008 552 1038 579 et
1061 545 1226 579 ordinatio-

492 602 598 642 nibus,
621 612 743 635 necnon
768 602 895 634 maioris
927 606 957 633 et
987 600 1118 631 aliarum
1150 608 1225 641 qua-

492 655 609 687 rumris
634 655 835 688 ecclesiarum
851 680 858 694 ‚
882 664 916 686 ac
942 652 1224 689 monasteriorum,

492 708 680 751 illorumque
706 708 865 747 ordinum,
883 715 1003 739 necnon
1028 704 1159 737 aliorum
1185 703 1226 735 lo-

491 771 600 794 corum
625 762 750 805 piorum
776 760 908 793 civitatis
933 764 962 791 ct
985 757 1143 790 districtus
1168 756 1225 788 liu-

493 814 637 853 iusmodi‚
662 815 754 847 etiam
780 814 965 851 iuramento,
989 809 1226 843 confirmatione

492 867 681 910 apostolica,
706 867 752 899 rel
778 865 886 909 quavis
911 863 1057 896 tirmitate
1087 862 1147 894 alia
1178 872 1226 894 ro-

492 920 620 961 boratis,
645 920 764 953 statutis
788 924 817 951 et
841 915 1135 955 consuetudinibus,
1160 915 1225 958 pri-

492 972 612 1014 vilegiis
633 982 768 1015 quoque,
790 970 915 1003 indultis
932 974 962 1002 et
978 968 1089 1001 litteris
1105 972 1225 1010 aposto-

492 1024 558 1057 licis
577 1025 607 1056 in
624 1025 815 1057 contrarium
834 1022 1080 1067 praemissorum
1097 1030 1226 1064 quomo-

492 1077 609 1110 dolibet
626 1078 790 1117 concessis,
808 1075 998 1109 contirmatis
1016 1080 1045 1107 et
1062 1074 1225 1113 innovatis,

491 1130 605 1173 quibus
629 1130 772 1163 omnibus
790 1136 818 1162 et
834 1129 973 1171 singulis,
991 1128 1117 1160 illorum
1139 1132 1224 1160 teno-

493 1194 542 1216 res
562 1184 779 1227 praesentibus
803 1194 860 1227 pro
880 1183 970 1226 plene
990 1187 1019 1214 et
1037 1181 1226 1214 sufficienter

492 1237 646 1280 expressis
674 1243 704 1269 et,
730 1237 768 1269 de
792 1237 887 1269 verbo
911 1236 948 1268 ad
974 1235 1102 1268 verbum
1128 1235 1226 1267 inser-

493 1289 531 1321 tis
562 1289 734 1329 habentes,
765 1289 824 1321 illis
856 1289 930 1321 alias
963 1288 992 1320 iu
1023 1298 1079 1321 suo
1111 1288 1226 1320 robore

492 1343 706 1386 permansuris
720 1370 727 1384 ,
748 1342 786 1375 ad
809 1342 1055 1386 praemissorum
1080 1341 1225 1374 effectum

492 1395 669 1439 specialiter
693 1401 722 1428 et
746 1405 890 1439 expresse
914 1395 1119 1438 derogamus3
1144 1399 1227 1428 cete-

493 1449 597 1492 risque
616 1449 780 1482 contrariis
804 1449 1064 1492 quibuscumque.

535 1502 646 1535 Datum
677 1503 801 1544 Romae,
827 1502 911 1545 apud
932 1503 961 1535 S.
982 1502 1109 1535 Mariam
1134 1502 1227 1536 Maio-

492 1565 575 1595 rem,
599 1555 657 1588 sub
680 1556 795 1589 annulo
819 1556 994 1598 Piscatoris,
1020 1556 1069 1588 die
1094 1566 1125 1589 lv
1149 1555 1226 1589 iunii

492 1618 605 1650 MDCLV,
622 1609 823 1652 pontificatus
844 1609 943 1642 nostri
968 1619 1050 1643 anno
1074 1620 1093 1642 1.

528 1671 585 1699 Dat.
601 1671 644 1699 die
658 1672 671 1698 Δ
688 1671 753 1698 iunii
771 1672 847 1703 1655,
865 1672 958 1707 pontif.
974 1680 1044 1699 anno
1061 1681 1080 1700 ι.

821 1815 896 1848 Vlll.

495 1896 703 1938 Confirmatio
728 1895 1051 1929 clismembrationum
1082 1906 1102 1928 α
1131 1897 1224 1940 prio-

537 1954 613 1981 ratu
644 1949 675 1982 S.
703 1949 834 1991 AEqidiz'
870 1949 1002 1992 linquae
1034 1950 1228 1983 Provinciae

539 2001 710 2045 hospitalis
735 2002 765 2034 S.
783 2001 918 2034 Ioannis
934 2001 1229 2045 Hierosolymitmzi

538 2058 566 2087 el
574 2064 730 2087 novarum
739 2054 999 2087 commendaram
1010 2054 1226 2088 erectionum¹.

687 2134 853 2161 Alexander
872 2134 950 2168 Papa
969 2134 1032 2166 vlt,

636 2178 671 2205 ad
698 2178 829 2206 futuram
848 2179 891 2206 rei
912 2180 1090 2207 memoriam.

539 2250 632 2283 Decet
656 2250 828 2283 Romanum
849 2250 1041 2291 Pontificem,
1066 2251 1157 2295 aequi
1175 2251 1230 2284 bo-

495 2302 588 2345 nique
620 2313 802 2346 supremum
836 2308 1035 2344 assertorem,
1060 2304 1122 2345 illa,
1150 2314 1229 2348 quae

496 2366 699 2398 personarum
725 2356 1016 2397 ecclesiasticarum,
1043 2359 1227 2401 praesertim

496 2418 572 2450 quas
592 2408 752 2451 religionis
769 2409 852 2441 zelus
869 2410 1093 2453 praeclaraque
1110 2411 1230 2444 sortitu-

496 2461 587 2501 dinis,
606 2472 663 2504 pro
681 2462 793 2494 tuenda
807 2468 915 2495 contra
932 2463 1072 2497 infideles
1092 2465 1230 2499 christia-

497 2513 535 2547 na
561 2514 711 2556 religione
730 2515 869 2557 pericula
893 2521 1003 2549 cuncta
1019 2523 1229 2560 aspernenteS,

535 2631 546 2656 1
569 2628 605 2657 Ex
625 2628 732 2665 Regest.
752 2629 779 2657 in
799 2630 902 2658 secret.
923 2630 998 2658 Brev.

1067 233 1244 259 BULLARIUM
1268 231 1422 258 ROMANUM

1259 281 1452 323 aliarumque
1488 278 1639 310 virtutum
1673 276 1784 310 merita
1819 281 1994 319 exornant,

1259 331 1472 366 commoditati
1496 330 1678 363 consulendi
1709 340 1745 363 ac
1775 330 1932 364 bonorum
1957 330 1995 363 ad

1259 386 1419 428 regulares
1433 385 1558 417 militias
1571 384 1776 427 spectantium
1791 389 1904 417 statum
1922 395 1997 429 pro-

1259 448 1349 481 spere
1366 437 1550 481 disponendi
1570 447 1646 480 ergo
1671 436 1802 480 provide
1828 437 1909 470 facta
1929 447 1996 471 esse

1259 490 1429 533 cognoscit,
1442 491 1630 534 apostolicae
1647 490 1895 524 confirmationis
1910 501 1997 535 prac-

1259 543 1338 576 sidio
1355 543 1561 576 communire.

1302 597 1317 639 ἓ
1341 596 1371 629 t.
1397 596 1516 640 Exponi
1541 596 1696 640 siquidem
1720 596 1810 630 nobis
1834 606 1934 641 nuper
1957 597 1997 631 se-

1259 654 1369 682 cerunt
1393 649 1497 682 dilecti
1530 649 1585 682 filii
1611 654 1836 694 procuratores
1870 649 1997 692 linguae

1260 702 1442 735 Provinciae
1465 703 1628 746 hospitalis
1653 702 1681 735 S.
1704 702 1828 736 Ioannis
1852 702 1997 736 Hieroso-

1259 755 1416 799 lymitani‚
1442 756 1526 798 quod
1556 756 1632 788 alias
1657 755 1762 788 dilecti
1797 755 1917 799 pariter
1940 755 1997 788 filii

1259 808 1371 841 fratres
1410 809 1535 852 linguae
1581 809 1760 853 praedictae
1797 819 1814 841 a
1853 808 1998 852 prioratu

1259 861 1287 893 S.
1305 861 1420 904 AEgidii
1441 862 1580 895 eiusdem
1611 862 1737 904 linguae
1768 861 1892 894 diversa
1914 861 1998 895 bona

1259 914 1399 947 redditus
1423 915 1518 947 annui
1543 925 1656 948 novem
1681 915 1815 947 millium
1843 914 1997 948 librarum

1259 971 1402 1001 monetae
1427 967 1551 1000 illarum
1583 968 1719 1012 partium
1745 968 1994 1002 dismembrave-

1258 1025 1350 1060 runt,
1375 1030 1411 1053 ac
1435 1030 1471 1053 ex
1502 1021 1540 1053 iis
1570 1021 1647 1053 duas
1677 1021 1910 1064 praeceptorias
1941 1031 1997 1055 seu

1259 1073 1471 1115 commendas,
1486 1073 1625 1116 singulas
1650 1073 1790 1107 redditus
1807 1073 1901 1106 annui
1926 1084 1998 1117 qua-

1259 1130 1332 1158 tuor
1356 1125 1490 1158 millium
1517 1131 1546 1158 et
1570 1127 1814 1170 quingentarum
1845 1126 1997 1160 librarum

1259 1178 1462 1220 huiusmodi,
1486 1190 1545 1224 pro
1574 1179 1723 1212 fratribus
1748 1180 1849 1212 dictae
1872 1180 1998 1223 linguae

1259 1237 1438 1273 erexerunt,
1454 1243 1577 1266 necnon
1593 1233 1656 1266 duo
1680 1233 1821 1266 membra
1841 1233 1878 1266 de
1890 1233 1999 1276 Lugan

1260 1290 1290 1319 et
1313 1286 1352 1319 de
1369 1287 1489 1321 Plantet
1505 1287 1679 1331 respective
1695 1290 1876 1331 nuncupata
1895 1287 1933 1320 ab
1950 1297 1998 1322 eo-

1260 1350 1330 1372 rum
1356 1340 1510 1384 capitibus
1534 1346 1730 1384 separarunt,
1755 1351 1791 1374 ac
1815 1351 1853 1374 ex
1876 1341 1937 1374 illis
1957 1341 1998 1375 si-

1260 1394 1324 1426 mul
1348 1394 1443 1427 unitis
1460 1404 1554 1427 unam
1575 1394 1828 1438 praeceptoriam
1846 1404 1900 1428 seu
1917 1405 2000 1428 com-

1260 1447 1405 1480 mendam
1419 1447 1559 1481 eiusdem
1583 1447 1709 1490 linguae
1724 1447 1842 1491 pariter
1855 1447 1998 1481 institue-

1260 1507 1344 1543 runt,
1361 1502 1547 1545 diversaque
1564 1502 1624 1534 alia
1636 1501 1779 1534 membra
1791 1511 1808 1534 a
1820 1506 2000 1546 praecepto-

1260 1555 1315 1588 riis
1340 1565 1396 1588 seu
1414 1555 1620 1596 commendis,
1640 1565 1658 1587 a
1674 1554 1788 1598 quibus
1812 1554 2000 1598 pendebant,

1260 1609 1353 1641 etiam
1377 1613 1586 1652 separarunt,
1619 1613 1649 1641 et
1672 1609 1741 1641 aliis
1773 1608 2000 1652 praeceptoriis

1260 1672 1316 1695 seu
1336 1662 1531 1695 commendis
1548 1661 1800 1706 incorporarunt,
1818 1666 1848 1694 et
1862 1661 1999 1694 nonnul-

1260 1715 1305 1748 las
1329 1715 1422 1748 etiam
1457 1715 1693 1759 praeceptorias
1719 1725 1775 1748 seu
1797 1715 1999 1749 commendas

1261 1768 1387 1811 linguae
1422 1768 1604 1801 huiusmodi
1636 1768 1718 1801 inter
1752 1778 1785 1801 se
1808 1768 1999 1809 univerunt;

1260 1833 1340 1867 quae
1372 1822 1479 1856 omnia
1508 1822 1613 1856 dilecti
1649 1822 1742 1855 etiam
1766 1821 1843 1864 silii,
1868 1821 1999 1855 Ioannes

1261 1877 1374 1910 Paulus
1398 1876 1539 1909 Lascaris
1559 1876 1708 1910 Castellar
1729 1885 1862 1918 magnus
1887 1875 2000 1918 magis-

1261 1936 1318 1971 ter,
1336 1935 1366 1964 et
1385 1935 1556 1964 conventus
1579 1929 1654 1962 dicti
1680 1929 1854 1973 hospitalis,
1867 1929 2000 1962 subinde

1261 1983 1530 2028 approbarunt;et
1553 1982 1639 2022 alias,
1663 1987 1757 2026 prout
1781 1982 1910 2015 uberius
1930 1992 2001 2016 con-

1262 2037 1377 2070 tinetur
1401 2036 1434 2068 iu
1462 2035 1687 2068 deliberatione
1707 2034 1847 2068 eiusdem
1874 2035 2000 2078 linguae

1262 2100 1298 2123 ac
1321 2090 1448 2123 decreto
1473 2089 1629 2122 dictorum
1646 2088 1770 2121 Ioannis
1791 2088 1878 2121 Pauli
1895 2088 2000 2132 magni

1263 2143 1404 2186 magistri
1424 2146 1454 2176 et
1477 2145 1648 2175 conventus
1668 2141 1804 2185 desuper
1827 2141 2001 2185 respective

1263 2195 1424 2236 emanatis‚
1449 2194 1566 2228 tenoris
1586 2194 1639 2238 qui
1665 2194 1817 2238 sequitur,
1835 2194 1999 2227 videlicet:

1312 2261 1324 2281 «
1350 2249 1459 2281 Frater
1484 2248 1613 2280 loannes
1637 2247 1750 2280 Paulus
1774 2247 1915 2280 Lascaris
1938 2247 1997 2282 Ca-

1263 2302 1377 2343 stellar,
1392 2301 1446 2335 Dei
1463 2300 1564 2343 gratia
1579 2310 1686 2333 sacrae
1706 2300 1819 2333 domus
1836 2300 2000 2343 hospitalis

1263 2355 1359 2389 sancti
1377 2354 1500 2388 Ioannis
1513 2353 1788 2397 Hierosolymitani
1808 2358 1838 2386 et
1857 2353 2001 2386 militaris

1262 2408 1382 2442 ordinis
1405 2408 1434 2441 S.
1466 2406 1631 2451 Sepulchri
1666 2406 1819 2439 Dominici
1851 2406 2001 2448 magister

1263 2462 1412 2504 humilis,
1436 2471 1612 2505 pauperum
1646 2460 1715 2493 Iesu
1749 2458 1863 2493 Christi
1886 2462 2000 2500 custos,

1263 2515 1417 2549 universis
1451 2518 1480 2548 et
1511 2514 1643 2557 singulis
1668 2517 1848 2557 praesentes
1876 2517 2000 2545 nostras

1263 2570 1382 2604 litteras
1406 2567 1538 2609 visuris,
1562 2567 1690 2600 lecturis
1714 2571 1745 2600 et
1769 2565 1922 2599 audituris
1945 2575 1997 2598 sa-

1264 2624 1370 2659 lutem.
1395 2622 1510 2658 Notum
1533 2621 1663 2656 facimus
1683 2624 1714 2656 et
1736 2620 1768 2654 in
1791 2618 1888 2653 verbo
1912 2618 1997 2654 veri-

2010 228 2059 255 An.
2077 228 2106 255 C.
2124 227 2194 256 ¹655

2037 609 2154 636 Expositio.
