2243 3205
242 165 290 192 An.
307 164 335 192 c.
358 165 422 193 1662
471 157 534 190 658

287 1760 384 1785 Gregorii
397 1759 442 1780 XlV

259 1787 366 1807 decretum
379 1786 444 1807 abro-

439 214 522 246 lutae
546 215 761 255 necessitatis,
786 220 838 247 aut
859 225 949 248 verae
974 215 1025 248 et¹
1050 217 1176 250 eviden-

441 266 479 298 tis
504 266 666 307 utilitatis,
699 268 819 300 facilius
852 272 954 302 mente
988 274 1079 313 atque
1112 271 1176 302 ani-

441 329 492 350 mo
518 319 640 362 concipi
666 325 696 351 et
720 320 847 362 effingi,
881 332 974 363 quam
995 333 1054 355 usu
1072 323 1177 355 venire

440 371 579 413 possint,
616 372 715 404 multo
748 373 846 415 magis
871 374 1020 417 expedire
1052 385 1177 408 omnem

441 432 572 466 prorsus
607 423 830 457 alienationum
862 431 892 458 et
923 427 1179 460 investiturarum

441 476 702 518 prorogationum
727 482 756 509 et
780 478 912 511 aliarum
943 480 1180 512 concessionum

443 529 739 573 quomodocumque
773 535 803 564 et
838 532 895 564 sub
931 533 1181 576 quibuscumque

445 581 546 614 causis
579 586 608 615 ct
642 584 854 626 praetextibus
896 586 1064 618 attentandi
1102 585 1181 617 viam

445 635 574 668 omnino
598 636 813 678 praecludere,
833 648 926 681 quam
945 639 986 671 ob
1006 638 1184 671 rarissimos

447 698 546 729 casus,
565 689 617 731 qui
632 689 681 722 vix
697 700 835 733 unquam
853 691 1037 734 contingere
1054 691 1184 734 possint,

447 747 589 784 apertam
621 743 816 786 relinquere,
842 755 976 787 cumque
1005 745 1129 777 lucrum
1155 744 1185 776 in

447 799 589 837 tempore
613 796 784 838 negligere,
802 797 974 829 maximum
1000 797 1187 840 quandoque

449 846 488 878 sit
512 847 669 880 Ecclesiae
694 849 827 889 lucrum,
847 849 957 882 utilius
974 860 1041 882 esse
1066 849 1187 882 radices

449 909 568 940 omnes,
586 911 623 934 cx
643 902 756 944 quibus
781 902 960 935 huiusmodi
985 902 1187 935 alienationes

450 954 618 996 provenire
635 955 764 996 valeant,
782 956 906 999 penitus
923 956 1066 998 evellere,
1083 966 1188 999 quam,

450 1018 487 1039 ex
505 1017 541 1039 eo
561 1007 645 1050 quod
668 1009 835 1051 aliquando
850 1009 948 1052 possit
965 1019 1072 1042 earum
1087 1010 1189 1052 aliqua

450 1060 535 1093 utilis
553 1071 629 1102 esse,
650 1062 846 1094 occasionem
871 1062 1033 1105 praebere,
1055 1067 1089 1094 ut
1108 1062 1189 1094 mul-

451 1117 499 1146 tae
518 1114 757 1156 praeiudiciales
781 1120 811 1147 et
833 1114 1001 1148 damnosae
1026 1116 1114 1154 [iant3
1141 1115 1189 1148 cui

453 1166 589 1199 absurdo
613 1172 706 1210 atque
741 1168 943 1201 incommodo
972 1169 1076 1211 ipsum
1103 1168 1191 1200 Pium

451 1220 727 1264 praedecessorem
764 1222 938 1265 praefatum
967 1222 1050 1254 dicta
1076 1221 1190 1255 consti-

453 1274 598 1306 tutione²
632 1285 694 1307 non
734 1275 893 1308 immerito
927 1286 1096 1308 occurrere
1133 1286 1189 1308 vo-

454 1327 559 1367 luisse,
580 1326 633 1369 qui
651 1328 744 1370 longe
760 1328 865 1371 plures
883 1333 913 1360 et
926 1328 1086 1370 graviores
1100 1328 1193 1360 iactu-

454 1390 505 1412 ras
530 1391 566 1412 ex
592 1381 696 1415 multis
731 1381 916 1424 perniciosis
939 1380 1194 1413 distractionibus

455 1433 543 1476 sequi
568 1444 660 1477 posse
685 1434 822 1476 censuit,
852 1445 946 1477 quam
971 1434 1135 1466 utilitatem
1157 1443 1193 1465 ex

455 1487 662 1530 paucissimis,
681 1488 705 1520 si
722 1498 801 1531 quae
818 1498 955 1531 unquam
979 1487 1195 1529 contingerent

456 1540 648 1573 fructuosae:
673 1540 806 1583 proinde
830 1540 981 1574 Sanctitas
999 1541 1070 1580 Sua,
1088 1540 1194 1572 habita

457 1603 553 1636 super
586 1594 646 1626 hoc
680 1604 750 1626 cum
787 1593 1017 1626 venerabilibus
1047 1593 1195 1625 fratribus

457 1646 486 1678 S.
500 1646 534 1678 R.
550 1646 582 1678 E.
597 1646 806 1679 cardinalibus
822 1647 1047 1679 deliberatione
1061 1647 1195 1686 matura,

458 1704 487 1731 ct
500 1699 697 1741 singulorum
715 1700 828 1732 auditis
846 1700 1015 1741 sententiis,
1033 1699 1070 1732 dc
1085 1709 1195 1732 eorum

459 1753 589 1785 consilio
610 1758 640 1785 et
664 1753 803 1786 unanimi
828 1763 966 1794 assensu,
988 1753 1148 1786 decretum
1168 1758 1198 1785 et

459 1805 702 1838 declarationem
728 1806 874 1849 superius
899 1812 1104 1839 memoratam
1129 1806 1196 1838 seli-

459 1858 503 1890 cis
528 1858 755 1891 recordationis
780 1859 923 1901 Gregorii
950 1859 1012 1891 XIV
1038 1864 1197 1901 tamquam

459 1912 624 1944 destruens
660 1911 810 1955 praedicti
843 1912 888 1944 Pii
921 1912 1197 1953 constitutionem,

460 1965 679 2008 alienandique
695 1965 892 1998 occasionem
910 1965 1073 2008 praebens,
1091 1976 1126 1998 ac
1145 1965 1199 1997 mi-

459 2018 545 2050 nime
569 2018 789 2059 necessariam,
808 2022 837 2051 et
854 2018 987 2061 desuper
1007 2018 1112 2051 forsan
1130 2028 1200 2051 con-

460 2072 556 2103 fectas
581 2071 698 2103 litteras
723 2071 877 2113 (quarum
909 2070 1050 2103 omnium
1077 2076 1200 2103 tenores

460 2124 571 2156 haberi
596 2124 694 2156 voluit
718 2134 776 2167 pro
801 2123 955 2166 expressis
983 2134 1019 2156 ac
1043 2123 1081 2156 de
1106 2124 1200 2157 verbo

462 2177 500 2210 ad
518 2177 648 2209 verbum
670 2177 807 2220 insertis)
825 2177 1011 2209 auctoritate
1028 2177 1200 2220 apostolica

463 2229 631 2270 revocavit,
646 2230 820 2272 abrogavit,
834 2230 966 2262 cassavit
978 2235 1008 2262 et
1021 2230 1201 2269 annullavit,

463 2283 595 2326 perinde
620 2293 656 2316 ac
681 2283 705 2315 si
731 2293 890 2326 nunquam
913 2286 1123 2322 emanassent,
1149 2283 1201 2315 de-

465 2337 586 2368 clarans
610 2336 693 2368 dicta
718 2336 940 2370 constitutione
971 2336 1133 2380 prohiberi
1164 2336 1203 2369 ci-

466 2389 605 2427 vitatum,
626 2395 794 2430 terrarum,
814 2389 1016 2433 oppidorum,
1037 2390 1202 2422 feudorum

504 2468 512 2492 1
537 2467 602 2493 Male
622 2468 685 2494 edit.
707 2468 784 2495 Main.
807 2468 870 2502 legit
885 2472 935 2496 αιιι
951 2476 1000 2503 pro
1017 2471 1042 2496 el
1057 2472 1093 2502 (R.
1110 2470 1157 2497 Τ.).

502 2510 518 2536 2
533 2509 599 2537 Male
621 2512 684 2538 edit.
707 2512 784 2539 Main.
809 2512 873 2547 legit
895 2513 1003 2540 dictam
1023 2513 1204 2541 constitucio-

467 2562 533 2581 nem
553 2556 592 2589 (a.
610 2556 658 2590 τ.).

1013 169 1191 194 BULLARIUM
1216 170 1368 194 ROMANUM

1961 176 2009 202 An.
2025 176 2053 204 C.
2073 178 2136 206 1661

1210 222 1240 250 et
1263 217 1405 250 locorum
1423 218 1454 250 in
1475 219 1510 251 ea
1535 224 1766 260 contentorum,
1783 226 1846 253 tam
1866 232 1946 265 quae

1211 280 1369 313 nunquam
1387 276 1477 303 antea
1491 271 1520 303 in
1538 271 1663 304 feudum
1684 282 1840 314 concessa,
1854 284 1946 316 quam

1212 333 1291 365 quae
1315 323 1390 356 alias
1415 324 1540 366 saepius
1564 325 1656 356 etiam
1681 325 1813 358 alienata
1839 327 1885 358 vel
1906 327 1949 359 in-

1214 375 1344 415 feudata,
1356 386 1391 408 ac
1405 376 1604 419 postmodum
1618 377 1772 418 devoluta,
1789 383 1842 410 aut
1857 378 1949 411 etiam

1214 427 1354 460 nondum
1368 428 1512 461 devoluta
1528 429 1665 469 fuerunt,
1683 430 1895 471 alienationes,
1909 431 1952 463 in-

1216 480 1418 521 feudationes,
1436 487 1466 513 et
1486 482 1726 524 prorogationes
1748 486 1778 514 et
1799 483 1951 516 extensio-

1216 543 1271 565 nes
1296 534 1550 567 investiturarum
1565 561 1572 574 ,
1592 535 1756 576 feudorum
1782 541 1812 568 et
1831 546 1954 569 conces-

1218 586 1358 627 sionum,
1385 586 1478 619 etiam
1504 597 1539 619 ex
1565 589 1658 620 causa
1683 587 1875 620 necessitatis
1902 593 1955 621 aut

1219 638 1368 671 evidentis
1393 644 1424 672 et
1448 650 1539 672 verae
1563 639 1704 672 utilitatis
1728 640 1824 673 factas
1849 644 1878 674 et
1903 640 1951 673 fa-

1219 691 1358 731 ciendas;
1377 692 1587 725 iuramentum
1613 703 1737 736 quoque
1754 703 1849 736 super
1873 693 1955 726 eius-

1220 744 1291 777 dem
1308 746 1537 779 constitutionis
1558 746 1784 786 observatione,
1806 756 1862 789 per
1878 746 1955 780 San-

1221 797 1356 830 ctitatem
1391 798 1483 831 Suam
1518 804 1548 831 et
1583 809 1780 832 successores
1814 809 1887 832 suos
1921 809 1957 832 ac

1221 849 1249 882 S.
1277 851 1310 883 R.
1336 851 1368 883 E.
1394 851 1567 885 cardinales
1598 852 1781 895 praestitum
1815 857 1844 884 et
1867 861 1959 895 prae-

1222 903 1383 943 standum,
1413 915 1519 937 casum
1543 905 1626 937 hunc
1650 905 1842 937 necessitatis
1866 904 1958 937 etiarn

1223 956 1382 990 absolutae
1407 963 1437 989 et
1461 957 1615 990 evidentis
1643 963 1673 990 et
1704 967 1796 990 verae
1819 957 1960 990 utilitatis

1223 1009 1352 1043 omnino
1386 1010 1676 1054 comprehendere,
1700 1020 1758 1043 nec
1792 1015 1961 1054 propterea

1224 1063 1340 1105 aliquid
1365 1063 1508 1096 illicitum
1534 1063 1647 1105 iurare,
1668 1068 1721 1096 aut
1744 1063 1829 1106 quod
1853 1068 1962 1096 contra

1224 1117 1440 1149 necessitatem
1466 1117 1513 1150 vel
1542 1117 1705 1150 utilitatem
1732 1117 1888 1150 Ecclesiae
1913 1117 1962 1158 sit,

1226 1169 1278 1201 sed
1298 1169 1382 1212 quod
1414 1170 1526 1202 rationi
1551 1180 1723 1203 consonum
1738 1197 1745 1210 ,
1771 1175 1863 1213 atque
1887 1180 1904 1203 e
1928 1180 1963 1203 re

1227 1222 1310 1254 illius
1333 1227 1388 1263 est,
1411 1233 1447 1255 ac
1472 1233 1671 1266 summopere
1696 1223 1851 1264 conducit,
1870 1226 1964 1266 prout

1227 1275 1336 1307 eadem
1369 1276 1554 1308 auctoritate
1584 1276 1774 1316 declaravit,
1805 1276 1911 1310 statuit
1934 1280 1965 1309 et

1228 1327 1365 1360 decrevit
1389 1339 1460 1361 cum
1483 1328 1630 1361 clausulis
1655 1334 1683 1361 et
1708 1328 1965 1371 derogationibus

1228 1382 1424 1424 opportunis.
1450 1382 1561 1414 Actum
1579 1382 1706 1421 Romae,
1724 1382 1754 1413 in
1775 1387 1880 1415 monte
1896 1381 1966 1421 Qui-

1229 1434 1330 1474 rinali,
1348 1434 1398 1467 die
1415 1444 1489 1467 xxv1
1510 1434 1605 1467 iunii¹
1627 1444 1745 1476 iunxcn,
1770 1434 1800 1467 in
1818 1435 1966 1468 consisto-

1229 1487 1276 1520 rio
1301 1492 1423 1520 secreto
1442 1498 1470 1526 »3

1274 1540 1457 1584 Pariterque
1475 1540 1672 1573 declaramus
1690 1540 1747 1573 sub
1765 1540 1875 1573 eadem
1892 1551 1967 1574 con-
2001 1550 2155 1582 sequiturcon·

1230 1593 1390 1626 stitutione
1415 1593 1639 1636 comprehendi
1665 1593 1879 1636 principatus,
1903 1593 1964 1626 du·
1981 1578 2155 1627 5²1¹.¹¹¹i¹1‘l.*¹‘¹⁸'''

1230 1652 1335 1687 catus,
1365 1647 1504 1679 civitates
1519 1673 1526 1687 ,
1550 1652 1670 1687 castra,
1695 1647 1827 1690 oppida,
1853 1652 1967 1688 terras,

1230 1711 1329 1740 arces,
1349 1700 1488 1733 dominia
1510 1705 1540 1732 et
1558 1700 1636 1740 loca,
1654 1699 1917 1733 iurisdictionales
1939 1705 1970 1733 et

1232 1753 1498 1793 iurisdictionalia,
1513 1762 1575 1785 non
1593 1757 1712 1785 tantum
1734 1752 1772 1784 ad
1790 1753 1818 1785 S.
1836 1753 1870 1786 R.
1889 1753 1922 1786 E.
1940 1757 1970 1785 et

1232 1805 1343 1838 Sedem
1369 1811 1398 1838 et
1423 1816 1579 1838 cameram
1606 1805 1811 1849 apostolicam
1836 1816 1873 1839 eo
1898 1809 1971 1839 tem-

1232 1870 1309 1903 pore
1333 1859 1488 1899 dcvoluta,
1509 1863 1561 1891 aut
1577 1859 1638 1892 alio
1662 1869 1863 1903 quocumque
1881 1859 1970 1892 titulo

1233 1911 1472 1955 quomodolibet
1507 1911 1682 1955 acquisita,
1707 1912 1760 1945 sed
1792 1922 1871 1955 quae
1901 1917 1972 1955 post

1233 1975 1301 1997 eam
1327 1975 1425 2008 usque
1446 1965 1477 1997 in
1502 1964 1697 2008 praesentia,
1723 1968 1752 1998 et
1776 1965 1807 1997 in
1830 1965 1971 1998 futurum

1234 2018 1418 2051 successivis
1432 2018 1626 2061 temporibus
1647 2018 1678 2050 in
1695 2023 1891 2061 perpetuum,
1908 2018 1973 2051 sive

1234 2071 1452 2112 devolutionis,
1472 2071 1535 2103 sive
1560 2071 1621 2103 alio
1645 2070 1755 2114 quovis
1779 2071 1879 2111 titulo,
1899 2081 1973 2114 quo-

1236 2124 1406 2157 modolibet
1431 2123 1582 2166 acquisita
1607 2124 1733 2156 suerunt
1757 2128 1786 2156 et
1810 2123 1973 2167 acquiren-

1236 2183 1306 2218 tur,
1332 2177 1424 2210 salvis
1456 2182 1558 2209 tamen
1591 2177 1888 2217 constitutionibus,
1915 2186 1973 2220 pro

1236 2231 1325 2264 bonis
1358 2230 1554 2271 confiscatis,
1587 2241 1604 2262 a
1619 2229 1630 2246 ²
1654 2230 1752 2263 felicis
1777 2230 1970 2264 recordatio·
1988 2235 2162 2288 „ssgltffiffffi

1236 2283 1283 2315 nis
1315 2283 1467 2325 Gregorio
1502 2283 1589 2324 Xlll,
1622 2293 1639 2315 v
1674 2283 1742 2316 idus
1774 2283 1861 2323 iulii,
1893 2287 2114 2316 annoetSimV>

1237 2346 1377 2375 MDLxxx,
1403 2336 1469 2368 eius
1498 2336 1697 2379 pontificatus
1724 2346 1765 2376 lx,
1792 2341 1822 2369 et
1845 2336 1920 2370 Sixti
1942 2336 1974 2376 V,

1237 2389 1378 2422 kalendis
1407 2389 1484 2429 iulii,
1508 2399 1589 2422 anuo
1614 2399 1777 2430 ManxxV,
1806 2389 1872 2422 eius
1896 2398 1975 2433 pon-

1275 2471 1285 2496 1
1301 2469 1329 2495 ln
1344 2469 1402 2495 loco
1414 2468 1539 2504 parallelo
1551 2468 1648 2503 legitur
1659 2469 1750 2496 datum
1763 2468 1798 2495 26
1809 2469 1878 2496 iulii
1887 2468 1973 2502 (ns.)-

1274 2513 1290 2539 2
1305 2513 1398 2547 Aptius
1420 2512 1478 2548 lege
1502 2513 1593 2547 felicis
1614 2513 1822 2541 recordationis
1844 2512 1976 2546 Gregorii

1240 2556 1327 2585 deleta
1340 2556 1486 2592 praeposit.
1503 2565 1521 2584 a
1535 2560 1571 2592 (a.
1583 2556 1633 2591 T.)-
