2185 3188
55 147 102 172 An.
117 146 145 171 C.
170 144 235 171 ¹656

292 192 335 224 Ac
360 191 489 234 insuper
520 202 536 223 a
570 189 821 224 revocationibus
857 195 887 222 et
918 189 986 222 aliis

248 243 620 288 supradictisexcipimus
637 255 672 277 ac
691 248 835 287 exceptas
852 253 918 276 esse
932 254 985 276 vo-

246 298 349 330 lumus
362 303 392 332 et
405 298 601 331 declaramus
616 297 829 330 immunitates
843 301 871 329 et
884 307 985 328 exem-

244 350 365 395 ptiones
397 351 557 394 quibusvis
590 350 889 388 communitatibus,
915 350 982 382 uni-

245 403 442 437 versitatibus
476 410 505 437 et
540 404 682 448 personis
719 404 805 436 datas
842 409 869 435 et
902 413 980 436 con-

243 467 344 489 cessas
369 456 400 489 in
426 457 487 490 vim
516 461 694 490 contractus
726 467 762 491 ex
788 458 881 488 causa
909 466 981 488 vere

242 510 386 550 onerosa,
405 509 548 544 videlicet
572 520 729 553 congruae
755 515 784 542 et
809 508 980 541 effectualis

242 562 445 605 pecuniarum
460 563 624 596 solutionis
638 562 737 595 eidem
753 572 896 595 camerae
909 572 980 605 apo-

240 614 369 647 stolicae
398 615 443 647 vel
475 615 551 659 ipsis
576 614 856 648 communitatibus
880 614 979 657 legiti-

239 666 307 699 me¹
325 667 434 707 factae,
452 667 499 700 vel
516 678 552 700 ex
571 667 638 700 aliis
654 666 894 700 rationabilibus
911 677 979 699 cau-

224 720 279 753 isis
295 731 352 763 per
375 730 432 753 nos
457 720 684 763 cognoscendis
704 725 733 753 et
753 719 976 764 approbandis,

236 783 272 805 ac
296 773 388 806 etiam
414 772 627 813 declarandis,
645 784 721 817 quas
742 783 850 806 omnes
868 783 976 805 causas

237 836 385 859 onerosas
409 827 533 860 nonnisi
558 827 736 870 legitimas,
761 837 796 859 ac
822 827 921 859 licitas
946 832 974 859 et

236 879 391 920 honestas,
407 883 501 923 prout
525 880 562 913 de
588 881 665 920 iure,
683 881 859 924 approbare
878 879 975 913 inten-

234 931 353 964 dimus:
370 938 400 965 et
424 938 602 976 propterea,
620 932 812 976 quicumque
837 933 904 965 illas
922 932 975 966 ob-

234 984 343 1025 tinent,
361 996 412 1018 eas
429 986 459 1018 in
484 985 565 1019 dicta
586 987 712 1018 camera
740 986 834 1018 citato
859 984 973 1019 dilecto

233 1037 298 1070 tilio
316 1037 412 1081 ipsius
430 1048 573 1071 camerae
590 1039 807 1072 commissario
832 1038 970 1081 generali

232 1090 421 1132 verificare2,
438 1097 467 1124 et
484 1092 514 1124 in
532 1091 599 1136 ipsa
615 1093 738 1124 camera
754 1092 926 1124 examinari
943 1097 972 1124 et

231 1143 352 1176 admitti
378 1145 479 1178 facere
505 1151 679 1185 teneantur,
700 1146 820 1179 etiamsi
847 1156 972 1179 conces-

229 1251 383 1294 ptionum,
409 1263 444 1285 ac
469 1252 601 1293 litterae,
634 1252 772 1293 cedulae,
794 1257 970 1297 motuspro-

229 1304 300 1348 prii,
322 1305 533 1349 chirographa
561 1311 591 1339 et
614 1306 692 1338 aliae
717 1307 891 1350 scripturae
916 1307 969 1339 de-

229 1369 325 1402 super
349 1365 510 1392 emanatae
535 1366 564 1393 ct
588 1366 731 1393 emanata
755 1361 830 1393 alias
856 1361 886 1393 in
918 1372 967 1394 ca-

229 1413 316 1445 mera
341 1412 502 1456 praedicta
526 1413 681 1446 admissae
704 1420 733 1447 et
758 1414 902 1457 admissa⁷
931 1425 967 1447 ac

228 1467 258 1499 in
295 1467 346 1499 illa
375 1466 504 1511 eiusque
529 1468 616 1501 libris
642 1468 827 1511 registratae
852 1473 880 1503 et
912 1480 964 1502 re—

227 1519 356 1562 gistrata
386 1520 502 1554 fuerint
526 1527 554 1554 et
579 1521 659 1561 sint;
686 1528 840 1566 quatenus
866 1527 967 1556 tamen

227 1583 337 1607 causae
356 1584 508 1607 onerosae
533 1574 713 1607 huiusmodi
732 1586 790 1619 pro
809 1587 880 1609 vere
897 1587 967 1609 one-

227 1627 306 1661 rosis
331 1633 361 1661 et
385 1628 545 1672 legitimis,
571 1634 603 1661 ut
629 1640 735 1672 supra,
761 1629 835 1662 alias
860 1630 890 1662 in
916 1632 967 1663 ea-

225 1735 377 1770 iudicatae
394 1747 456 1770 non
474 1737 551 1776 sint;
572 1748 634 1780 quo
653 1748 725 1770 casu
744 1737 781 1770 ad
808 1737 966 1772 indicatio-

225 1843 377 1876 cationem
400 1843 524 1878 eosdem
555 1843 731 1877 obtinentes
756 1845 854 1877 teneri
881 1846 965 1878 volu-

224 1907 309 1937 mus3
334 1896 458 1930 interim
480 1907 564 1937 vero,
583 1902 613 1929 et
637 1897 737 1930 donec
761 1908 823 1931 non
849 1898 963 1933 fuerint

224 1949 418 1990 veriticatac,
443 1950 572 1983 minime
597 1950 786 1994 suffragari,
812 1957 842 1984 et
872 1962 962 1996 prae-

224 2003 318 2037 sentis
333 2003 542 2037 revocationis
559 2003 703 2037 effectum
722 2004 882 2038 retardare
898 2016 961 2038 non

223 2067 314 2100 posse
338 2057 544 2091 declaramus.

269 2111 430 2144 Praeterea
464 2115 587 2145 nostrae
620 2111 799 2146 intentionis
829 2124 890 2146 non
916 2119 961 2148 cst

222 2165 279 2197 sub
316 2164 568 2197 revocationibus
605 2170 633 2197 et
669 2165 737 2197 aliis
772 2167 959 2209 supradictis

222 2218 491 2260 comprehendere
515 2218 727 2252 immunitates
744 2225 772 2252 et
790 2222 958 2264 exemptio-

220 2280 275 2304 nes
296 2270 434 2304 eiusdem
453 2272 481 2304 S.
500 2271 533 2305 R.
554 2272 584 2304 E.
603 2272 812 2306 cardinalibus
839 2274 958 2308 ratione

220 2323 379 2367 dignitatis
405 2323 634 2366 cardinalatus,
661 2335 781 2358 necnon
815 2337 976 2370 camerae

219 2376 399 2420 praedictae
414 2377 536 2410 clericis
550 2378 810 2421 praesidentibus,
827 2379 957 2424 aliisque

219 2430 437 2471 cameralibus,
456 2431 508 2475 qui
535 2431 564 2463 in
590 2431 698 2465 eadem
716 2435 843 2466 camera
868 2434 955 2467 sede-

254 2503 263 2527 t
285 2500 349 2528 Male
365 2500 428 2528 edit.
446 2500 524 2528 Malu.
547 2501 609 2536 tegit
630 2502 775 2536 leyitimae
795 2504 832 2537 (R.
848 2507 896 2537 τ.).

252 2546 268 2571 ’2
284 2545 375 2583 Aptius
390 2555 407 2572 α
423 2546 510 2573 citato
524 2567 528 2572 .
542 2567 545 2571 .
560 2566 566 2572 .
579 2546 727 2579 verificari
740 2548 780 2582 (n.
799 2548 847 2581 τ,).

284 2599 361 2627 Ruit.
386 2599 468 2627 Rom.
493 2615 523 2618 —
550 2600 684 2629 Votavl.
831 2603 863 2629 29

837 143 1023 167 ALEXANDER
1050 143 1092 166 vn
1118 144 1166 166 ΓΡ.

231 1197 334 1231 sioncs
358 1199 539 1232 earumdem
566 1199 797 1233 immunitatum
816 1205 845 1232 ct
869 1211 988 1240 exerti-t

984 1571 1070 1616 bus,
1089 1580 1118 1609 et
1142 1576 1254 1609 ceteris
1279 1577 1446 1620 agentibus
1472 1583 1501 1610 et
1527 1577 1677 1610 ministris
1702 1577 1744 1610 di-

984 1624 1068 1663 *ctae
1094 1640 1237 1663 camerae
1263 1630 1446 1663 earumdem
1481 1630 1561 1663 serie
1588 1641 1739 1674 praesen-
1759 1644 1798 1662 eze.

226 1681 296 1715 dem
321 1684 447 1715 camera
464 1682 641 1716 veriticatae
659 1689 689 1715 ct
712 1684 903 1726 approbatae
931 1696 966 1717 ac
983 1706 985 1722 a

224 1800 295 1823 nem
321 1796 451 1832 tantum,
476 1800 538 1823 non
563 1796 666 1823 autem
691 1791 728 1822 ad
754 1791 846 1823 aliam
865 1792 983 1840 veriti-⁴

981 1848 1076 1887 'ptas,
1102 1855 1137 1877 ac
1162 1855 1224 1885 eas,
1243 1856 1318 1888 quas
1336 1856 1373 1877 cx
1400 1846 1492 1877 causa
1518 1847 1653 1878 onerosa
1671 1855 1742 1878 con-

1666 135 1730 167 <223
1777 146 1870 172 amc.
1895 146 1961 173 1f56

1021 196 1091 222 runt
1117 196 1147 222 ct
1171 191 1288 231 sedent,
1314 191 1442 224 concedi
1466 202 1520 225 seu
1545 191 1665 224 admitti
1692 192 1761 223 soli-

1020 249 1075 283 tas,
1094 254 1150 275 nec
1172 244 1239 276 illas
1264 245 1379 288 quibus
1403 245 1534 288 praelati
1557 250 1584 278 et
1610 245 1759 278 officiales

1019 297 1178 330 Romanae
1203 299 1330 338 curiae,
1359 310 1393 332 ac
1418 299 1547 343 praelati
1573 299 1758 337 domestici,

1018 350 1202 383 cubicularii
1236 352 1367 391 secreti,
1400 364 1433 386 ac
1467 353 1626 386 secretarii
1653 358 1681 386 et
1706 354 1757 386 alii

1018 403 1196 443 familiares,
1211 410 1240 436 et
1258 404 1396 437 continui
1417 406 1643 438 commensales
1658 407 1757 439 nostri

1016 462 1045 488 et
1063 456 1194 489 Romani
1216 457 1375 490 Pontificis
1392 468 1450 501 pro
1468 463 1609 502 tempore
1628 459 1757 492 viventis

1015 509 1046 541 in
1071 510 1174 543 rotulo
1207 509 1356 554 descripti
1390 511 1526 553 gaudent
1557 516 1587 544 et
1618 512 1755 554 gaudere

1015 568 1263 602 consueverunt,
1296 573 1398 606 neque
1431 563 1497 596 illas
1523 564 1562 596 ob
1587 574 1754 597 numerum

1013 614 1178 648 duodecim
1201 615 1340 649 tiliorum
1360 627 1376 648 a
1393 616 1689 660 praedecessoribus
1704 628 1755 651 no-

1013 669 1086 701 stris
1114 674 1144 702 et
1180 669 1247 702 aliis
1272 680 1366 713 supra
1393 669 1548 713 expressis
1573 680 1753 711 concessas3

1012 731 1088 765 quas
1107 726 1211 754 tamen
1229 722 1266 754 ad
1285 723 1438 755 terminos
1458 722 1690 756 constitutionis
1709 735 1754 756 re-

1011 773 1161 807 colendae
1186 775 1359 807 memoriae
1385 775 1428 807 Pii
1452 775 1551 819 Papae
1570 775 1605 807 tv
1622 776 1753 818 praede-

1010 827 1144 860 cessoris
1169 827 1288 871 pariter
1319 827 1439 869 nostri,
1466 834 1495 860 et
1519 827 1651 859 aliarum
1678 838 1751 860 con-

1009 878 1204 912 stitutionum
1222 880 1465 924 apostolicarum
1487 891 1582 924 super
1601 880 1750 913 similium

1008 932 1243 976 exemptionum
1261 933 1473 966 declaratione
1490 933 1656 974 editarum,
1670 939 1696 966 et
1713 934 1750 965 ad

1008 984 1075 1017 illas
1101 991 1219 1019 tantum
1245 991 1274 1019 et
1303 997 1361 1030 pro
1386 997 1423 1020 eo
1449 991 1591 1031 tempore
1616 991 1646 1019 et
1671 998 1746 1030 per-

1007 1038 1109 1079 sonis,
1134 1049 1169 1072 ac
1195 1051 1231 1073 eo
1257 1040 1350 1073 modo
1375 1045 1405 1072 et
1430 1039 1548 1080 forma,
1573 1039 1688 1083 quibus
1711 1040 1749 1072 de

1006 1091 1075 1124 iure
1100 1093 1261 1125 communi
1289 1092 1348 1126 illis
1378 1097 1584 1136 competunt,
1613 1102 1649 1125 ac
1673 1093 1748 1125 alias

1007 1144 1088 1177 iuxta
1114 1145 1211 1189 ipsius
1236 1145 1313 1178 iuris
1338 1145 1515 1179 communis
1547 1156 1583 1178 ac
1607 1146 1748 1190 supradi-

1005 1203 1125 1230 ctarum
1147 1204 1176 1231 ct
1197 1199 1328 1232 aliarum
1347 1199 1606 1233 constitutionum
1624 1204 1747 1242 aposto-

1005 1251 1135 1284 licarum
1163 1253 1402 1296 dispositionem
1428 1253 1617 1295 reducimus,
1644 1263 1746 1296 neque

1003 1306 1093 1339 aliter
1118 1318 1212 1350 quam
1244 1312 1276 1341 ut
1301 1307 1498 1351 praefertur,
1529 1307 1592 1340 sire
1619 1307 1649 1339 in
1674 1318 1745 1350 pos-

1003 1360 1149 1401 sessorio,
1170 1361 1233 1394 sive
1255 1361 1285 1393 in
1298 1360 1456 1404 petitorio,
1475 1361 1640 1404 suffragari
1663 1362 1745 1395 volu-

1004 1425 1072 1447 mus
1089 1420 1117 1447 et
1135 1414 1345 1448 decernimus.

1047 1470 1061 1511 ἓ
1086 1468 1114 1501 6.
1140 1469 1284 1502 Ceterum
1316 1469 1587 1513 appaltatoribus,
1620 1470 1744 1502 tliesau-
1782 1482 1944 1509 ininimdpmi-

1003 1523 1104 1562 rarus,
1119 1523 1329 1566 depositariis,
1342 1523 1579 1564 commissaliis,
1596 1524 1744 1556 exactori-
1760 1510 1878 1531 mim-'¹⁸⁸⁴'
1896 1513 1935 1530 ‘⁵¹⁰‘

1941 1526 1944 1533 ,

1760 1536 1943 1556 neailmittantuu-

1759 1565 1871 1582 muniunt-s
1884 1569 1943 1588 prae-

1760 1590 1790 1608 ter
1806 1592 1905 1613 cxci-maz
1925 1596 1943 1610 ιιι

1772 1617 1918 1639 praesentibus
1928 1633 1932 1638 .

1003 1683 1077 1715 tium
1089 1683 1261 1716 districtius
1276 1684 1464 1724 inhibemus,
1479 1695 1527 1725 nc,
1542 1690 1650 1717 contra
1664 1684 1743 1728 ipsa-

1001 1747 1070 1770 rum
1097 1738 1309 1780 praescntium
1328 1737 1577 1781 dispositionem,
1599 1738 1743 1771 immuni-

1002 1794 1076 1823 tates
1101 1795 1127 1822 et
1155 1791 1383 1835 exemptiones,
1400 1791 1458 1823 nisi
1479 1798 1508 1823 ut
1535 1802 1631 1834 supra
1657 1802 1742 1824 exce-

998 1908 1101 1931 ccssas
1127 1899 1156 1930 iu
1183 1900 1308 1931 camera
1325 1898 1498 1942 praedicta,
1516 1904 1549 1931 ut
1567 1898 1741 1942 praemitti-

998 1957 1057 1994 tur,
1083 1952 1203 1985 admitti
1230 1951 1413 1995 contigerit‚
1438 1952 1594 1985 ullatenus
1626 1952 1739 1985 admit-

997 2010 1076 2045 tant;
1094 2011 1134 2045 et,
1149 2005 1174 2037 si
1192 2016 1282 2038 secus
1297 2005 1436 2045 fecerint,
1451 2005 1480 2037 id
1495 2005 1613 2037 nemini
1628 2016 1738 2038 eorum

995 2058 1025 2092 in
1047 2059 1111 2091 suis
1132 2058 1287 2102 computis
1307 2068 1362 2091 seu
1392 2058 1566 2092 rationibus
1583 2069 1641 2102 per
1659 2069 1739 2091 eam-

994 2111 1064 2144 dem
1091 2121 1248 2144 cameram
1273 2111 1396 2144 admitti
1422 2111 1577 2152 volumus,
1603 2112 1656 2144 sed
1684 2123 1737 2145 eo-

995 2175 1062 2197 rum
1088 2164 1203 2198 damno
1234 2175 1396 2198 cessurum
1430 2176 1497 2198 esse
1528 2165 1734 2198 decimamus.

1038 2220 1052 2261 ξ
1078 2219 1105 2252 7.
1132 2219 1295 2252 Postremo
1312 2219 1380 2252 lites
1398 2219 1553 2262 quaslibet
1571 2219 1735 2253 occasione
1787 2229 1842 2249 tuns
1871 2236 1935 2255 qua<-

993 2272 1243 2316 privilegiorum,
1261 2283 1297 2305 ac
1314 2273 1519 2313 indultorum,
1536 2283 1658 2305 necnon
1680 2273 1735 2306 im-
1750 2259 1935 2308 fn‘l't'¹e‘l[¹j,f.¹2.'ssl1‘..¹j

994 2325 1180 2359 mimitatum
1219 2330 1249 2359 et
1282 2326 1515 2369 exemptionum
1552 2326 1732 2359 huiusmodi

991 2379 1229 2423 quomodolibet
1253 2380 1437 2420 suscitatas,
1458 2385 1484 2412 et
1518 2380 1548 2412 in
1570 2380 1733 2422 quibusvis

992 2432 1200 2465 tribunalibus
1225 2432 1396 2476 pendentes
1424 2432 1562 2475 (illarum
1589 2435 1730 2466 omnium

990 2491 1020 2519 et
1043 2486 1239 2529 singularum
1265 2490 1379 2520 statum
1405 2491 1435 2519 et
1460 2486 1589 2526 merita,
1621 2488 1727 2521 nomi-

988 2550 1090 2584 naque
1103 2544 1133 2572 et
1146 2539 1335 2583 cognomina
1353 2539 1491 2573 iudicum
1510 2545 1539 2573 et
1556 2540 1729 2584 collitigan-
