2243 3205
876 189 970 212 ixnrx
998 189 1100 212 nnnrn
1649 176 1711 209 797

218 242 371 276 Franciae
394 243 532 276 nuncius
557 253 593 276 ex
618 242 841 276 commissione
873 242 1047 286 apostolica
1081 241 1307 284 suspensiones
1341 240 1496 284 quasdam
1529 240 1684 273 ordinatis
1714 249 1757 272 re-

308 297 401 337 laxat,
430 295 493 329 ⁶248
519 308 537 328 a
563 302 593 329 et
617 306 677 339 seq.

219 349 382 383 Francisci
409 348 471 392 (S.)
497 349 535 382 de
570 349 668 382 Paula
701 348 868 391 collegium
901 347 933 380 in
956 346 1056 389 Urbe.
1095 345 1298 379 Confirmatio
1331 345 1546 390 dispositionis
1580 343 1757 378 testamenti

308 402 435 436 Ioannis
459 402 587 436 Pizzulli
612 403 650 435 de
667 401 788 445 Regina
811 392 1019 435 Bisinianensi
1038 409 1095 443 pro
1113 399 1256 432 eiusdem
1276 399 1400 442 collegii
1422 397 1636 434 studentibus,
1662 397 1719 431 631
1742 397 1758 429 b

310 463 339 490 et
365 467 426 500 seq.

220 509 383 544 Francisci
408 510 447 542 de
472 508 558 543 Sales
583 508 722 553 episcopi
749 508 940 542 Genevensis
964 509 1060 541 Breve
1085 506 1348 546 beatificationis,
1378 505 1442 538 744
1467 506 1483 537 b
1507 512 1537 538 et
1561 516 1621 548 seq.

220 562 381 596 Francisei
401 562 461 605 (S.)
479 561 563 595 Ordo
583 563 716 595 fratrum
735 562 892 595 Minorum
912 562 948 594 de
966 560 1186 599 observantia,
1210 558 1246 591 <11
1268 570 1305 595 a:
1332 559 1572 593 concionatores
1590 564 1619 591 et
1638 560 1760 591 conses-

309 614 384 648 sarii
409 625 520 657 regum
546 620 577 647 et
601 614 805 658 imperatoris
828 625 892 648 non
918 613 1036 646 hahent
1056 613 1106 646 ius
1126 613 1326 655 ingrediendi
1352 612 1583 651 delinitorium,
1611 619 1640 645 ct
1666 612 1697 644 in
1722 622 1759 644 eo

309 667 525 710 suffragandi,
552 667 646 707 ibicis,
673 667 816 711 Capitula
848 667 1056 711 provincialia
1086 667 1267 710 provinciae
1293 666 1322 699 S.
1352 665 1479 699 Antonii
1508 666 1539 698 in
1564 665 1758 708 Portugallia

310 726 398 754 extra
421 720 582 754 civitatem
609 721 760 754 celebrari
778 720 907 761 debent,
924 720 966 753 ν26
984 732 1020 760 (ι;
1040 720 1271 753 confirmantur
1288 719 1452 762 privilegia
1478 719 1584 752 onmia
1609 729 1761 752 concessa

310 780 373 808 tam
399 773 576 817 guardiano
601 774 681 807 sacri
709 773 823 807 Montis
848 773 943 814 Sion,
969 785 1066 818 quam
1092 773 1262 809 fratribus,
1288 783 1413 806 necnon
1437 771 1515 805 locis
1541 773 1656 805 Terrae
1685 772 1762 805 San-

311 834 399 868 ctae,
432 827 475 860 42
499 828 532 868 ἰν,
563 828 774 861 confirmatur
806 828 925 861 erectio
959 827 1174 870 quorumdam
1209 833 1423 860 conventuum
1458 826 1535 859 dicti
1568 824 1696 858 Ordinis
1729 825 1762 857 in

309 881 475 915 Sclavonia
499 881 748 914 constitutorum
773 881 804 914 in
829 892 942 914 novam
976 880 1172 920 custodiam,
1207 880 1271 914 180
1304 891 1348 921 (ι’,
1384 879 1547 923 provincia
1580 879 1609 912 S.
1638 879 1762 912 Ioannis

310 935 530 978 Evangelistae
565 935 597 967 iu
628 935 741 967 insulis
778 934 816 967 de
848 935 995 968 Azzorres
1031 933 1157 967 turbata
1194 933 1333 966 dissidiis
1367 933 1592 976 componitur,
1629 929 1693 965 185
1727 933 1760 973 b3

312 988 458 1022 custodia
489 989 640 1021 Brasiliae
672 987 747 1021 dicti
780 988 908 1021 Ordinis
943 987 1076 1031 erigitur
1108 987 1138 1019 in
1173 987 1391 1030 provinciam,
1426 986 1483 1019 0291
1514 986 1550 1027 [23
1583 986 1764 1019 declaratur

313 1042 405 1075 breve
431 1041 548 1075 Urbani
565 1041 633 1074 VIII
659 1042 765 1084 quoad
790 1042 971 1084 ingressum
996 1047 1123 1084 patrum
1150 1041 1330 1084 provinciae
1348 1041 1380 1073 in
1398 1040 1627 1081 delinitorium,
1647 1038 1711 1072 303
1729 1050 1762 1079 α;

314 1094 449 1128 vicarius
481 1095 637 1138 generalis
670 1094 885 1137 portugalliae
917 1093 1100 1127 declaratur
1133 1094 1374 1127 commissarius
1407 1093 1564 1136 generalis
1598 1092 1636 1126 ad
1665 1093 1764 1125 instar

0 1174 1 1191 ,
314 1147 450 1181 aliorum
482 1147 798 1187 commissariorum,
825 1146 890 1180 345
915 1147 947 1188 ἰ);
974 1147 1051 1191 quid
1076 1147 1106 1179 in
1134 1147 1306 1190 provinciis
1337 1146 1544 1180 cismontanis
1575 1145 1764 1179 servandum

313 1200 354 1234 sit
378 1200 484 1244 quoad
510 1201 632 1233 vocales
657 1200 697 1233 ad
722 1201 862 1243 capitula
887 1200 1112 1245 provincialia,
1140 1198 1204 1233 358
1231 1200 1261 1235 b:
1288 1206 1407 1233 statuta
1432 1199 1587 1243 quaedam
1615 1209 1671 1242 pro
1693 1209 1765 1241 pro-

314 1254 416 1288 vincia
448 1254 556 1287 Matris
590 1255 643 1288 Dei
672 1250 706 1287 in
740 1255 838 1288 Indiis
862 1254 1096 1295 Oi·ientalil)uS‚
1124 1253 1183 1286 391
1214 1253 1250 1293 tr,
1277 1254 1512 1296 perturbatores
1538 1253 1668 1296 quidam
1695 1262 1766 1295 pro-

314 1308 434 1341 vinciae
470 1307 630 1341 Turoniae
668 1308 857 1342 Pictarensis
891 1311 1097 1347 coercentur,
1133 1306 1198 1339 414
1232 1317 1310 1350 seq.·‚
1345 1317 1392 1339 res
1424 1316 1482 1349 pro
1515 1306 1599 1338 victu
1632 1305 1765 1338 fratrum

315 1361 471 1395 Minorum
499 1367 561 1394 tam
586 1362 678 1395 datae
703 1373 799 1405 quam
825 1368 969 1405 receptae
994 1362 1154 1394 immunes
1183 1364 1258 1393 sunt
1287 1372 1304 1393 a
1332 1359 1475 1402 gabella,
1502 1357 1567 1391 415
1593 1358 1628 1398 b·‚
1660 1364 1766 1401 patres

316 1414 499 1458 provinciae
523 1416 657 1448 fratrum
683 1415 780 1448 Tertii
805 1415 934 1449 Ordinis
958 1415 1059 1448 sancti
1084 1413 1249 1447 Francisci
1276 1414 1313 1446 de
1337 1412 1536 1446 Poenitentia
1566 1411 1657 1455 regni
1690 1412 1767 1444 Por—

316 1469 479 1512 tugalliae,
506 1468 570 1502 430
594 1480 633 1510 α·,
658 1468 829 1513 derogatur
853 1469 959 1502 bullae
975 1468 1096 1502 Urbani
1115 1467 1193 1508 VIII,
1216 1466 1314 1500 4301]
1338 1472 1367 1500 et
1393 1476 1471 1509 seq.·,
1498 1465 1678 1499 declaratur
1702 1474 1767 1498 non

315 1532 383 1556 esse
407 1522 514 1556 locum
539 1521 691 1556 erectioni
716 1528 932 1555 conventuum
956 1521 1169 1566 Aquitaniae,
1197 1520 1261 1554 432
1286 1520 1323 1561 lv,
1348 1520 1500 1554 Summus
1527 1519 1670 1553 Pontifex
1693 1528 1768 1551 con-

317 1575 424 1609 firmat
448 1574 709 1609 reformationem
735 1574 917 1618 provinciae
940 1575 1088 1609 Austriae
1113 1575 1189 1609 dicti
1216 1574 1353 1613 Ordinis,
1379 1574 1598 1617 nonnullaque
1624 1572 1768 1606 declarat

318 1628 424 1672 quoad
445 1628 590 1672 regimen
613 1627 715 1663 dictae
736 1628 931 1672 provinciae,
951 1627 1014 1661 447
1033 1629 1049 1661 b
1067 1635 1097 1663 et
1113 1639 1195 1672 seq.;
1214 1627 1291 1671 quid
1314 1626 1505 1661 servandum
1524 1626 1563 1660 sit
1581 1626 1612 1659 in
1630 1625 1767 1659 transitu

317 1681 451 1715 fratrum
468 1682 627 1715 Minorum
644 1681 918 1715 Discalceatorum
937 1682 1108 1726 Hispaniae
1129 1683 1168 1716 ad
1195 1682 1290 1715 aliam
1317 1681 1518 1725 religionem,
1538 1679 1601 1713 450
1621 1680 1638 1712 Ζ)
1655 1687 1685 1714 et
1701 1691 1764 1724 seq.

315 1740 434 1769 sta'tuta
458 1736 609 1769 Toletana
634 1746 691 1779 pro
716 1736 879 1779 provincia
906 1734 938 1768 S.
966 1736 1105 1769 Tliomae
1130 1735 1266 1778 apostoli
1293 1734 1325 1767 in
1349 1734 1438 1768 India
1469 1733 1621 1767 Orientali
1652 1732 1769 1766 confir-

318 1794 465 1830 mantur,
492 1788 557 1822 466
582 1794 613 1822 et
636 1800 712 1833 δρψ,
738 1787 957 1823 controversia
983 1799 1082 1832 super
1107 1788 1288 1822 confinibus
1324 1786 1506 1831 provinciae
1539 1786 1569 1819 S.
1602 1785 1710 1820 Didaci
1737 1786 1769 1818 in

318 1842 424 1876 Betica
455 1848 487 1876 et
519 1841 716 1886 provinciam
745 1842 775 1875 S.
801 1842 928 1875 loannis
955 1842 1114 1886 Baptistae
1139 1842 1362 1885 componitur,
1391 1840 1454 1874 468
1479 1852 1497 1874 α
1524 1847 1554 1874 et
1579 1851 1651 1883 seqq
1684 1849 1769 1873 com-

319 1895 457 1928 missarii
477 1896 643 1939 generales
666 1906 732 1928 non
748 1896 872 1940 possint
889 1895 1053 1930 retardare
1071 1895 1209 1940 capitula
1228 1895 1388 1939 generalia
1406 1895 1437 1927 in
1456 1893 1619 1938 provincia
1636 1893 1666 1926 S.
1687 1893 1770 1926 Tlio·

321 1959 391 1982 mae
422 1949 557 1992 apostoli
583 1948 614 1981 in
644 1948 741 1981 Indiis
771 1948 1003 1990 Orientalibus,
1028 1949 1092 1983 469
1119 1949 1153 1985 b:
1186 1949 1431 1982 constitutiones
1463 1947 1593 1992 capituli
1625 1946 1769 1980 Toletani

320 2003 395 2036 anni
422 2001 506 2036 1658
531 2013 588 2046 pro
613 2002 695 2035 felici
714 2007 798 2036 statu
815 2008 845 2036 et
863 2002 972 2046 quiete
992 2002 1235 2044 confirmantur,
1258 2002 1317 2035 471
1343 2002 1379 2043 b·,
1405 2001 1590 2035 vacantibus
1611 1999 1770 2033 exercitiis

322 2055 546 2100 spiritualibus
579 2066 636 2100 per
667 2055 832 2089 octiduum
856 2055 1056 2100 indulgentia
1080 2056 1221 2100 plenaria
1247 2055 1453 2095 conceditur,
1480 2053 1543 2087 472
1569 2065 1606 2094 α’,
1636 2058 1766 2087 contro-

321 2109 424 2143 versia
451 2120 547 2153 super
570 2109 794 2153 praecedentia
818 2109 901 2143 inter
924 2116 1149 2153 procuratores
1174 2115 1205 2143 et
1229 2108 1467 2143 commissarios
1499 2108 1662 2152 generales
1695 2106 1770 2139 diri-

321 2163 420 2196 mitur
444 2173 461 2195 a
486 2162 637 2196 cardinali
662 2168 846 2206 potectore,
875 2162 939 2195 477
970 2174 991 2196 cc
1016 2168 1046 2196 et
1069 2174 1146 2207 ἕρφ’,
1180 2162 1344 2206 provincia
1368 2163 1403 2194 B.
1430 2161 1513 2194 Petri
1541 2161 1578 2194 de
1603 2160 1770 2193 Alcantara

321 2215 474 2259 erigitur,
499 2214 564 2249 480
588 2227 607 2249 α
631 2221 661 2249 ct
685 2226 758 2260 seq.·,
785 2216 881 2250 Breve
906 2215 1029 2260 primae
1054 2216 1224 2250 erectionis
1249 2216 1476 2255 confirmatur,
1504 2213 1566 2247 506
1592 2225 1610 2246 (ι
1636 2219 1666 2246 ct
1689 2222 1769 2255 seq,

323 2269 441 2303 erectio
468 2269 647 2313 provinciae
665 2269 696 2302 S.
714 2269 830 2303 Mariae
847 2270 1018 2313 Ungariae,
1038 2269 1100 2302 542
1127 2270 1143 2302 b
1168 2275 1197 2303 ct
1221 2280 1297 2313 scip:
1321 2269 1486 2302 decretum
1511 2265 1771 2310 congregationis

322 2323 546 2367 episcoporum
570 2329 599 2357 et
623 2323 822 2367 regularium
849 2335 945 2368 super
969 2324 1185 2358 controversia
1209 2324 1291 2356 inter
1312 2321 1519 2356 secretarium
1540 2320 1720 2363 generalem
1741 2325 1772 2352 et

322 2377 530 2411 secretarium
556 2378 738 2422 provinciae
763 2378 936 2419 Romanae,
962 2377 1029 2411 494
1053 2389 1072 2410 ιι
1097 2383 1127 2410 et
1151 2378 1184 2417 tr,
1210 2381 1327 2409 statuta
1352 2376 1434 2408 eirea
1460 2373 1650 2407 electionem
1676 2382 1771 2415 guar-

324 2431 493 2464 dianorum
519 2430 730 2471 observanda,
757 2431 818 2470 517
844 2431 860 2464 b
885 2437 916 2464 et
940 2441 1016 2474 seq.;
1044 2430 1205 2474 provincia
1230 2429 1277 2462 Ss.
1308 2427 1455 2461 Lndovici
1482 2432 1511 2459 ct
1537 2426 1664 2459 Elzearii
1690 2436 1769 2459 con-

323 2483 518 2528 gregationis
552 2484 748 2524 Gallicanae,
774 2484 856 2525 5193
881 2485 1046 2518 decretum
1073 2483 1157 2517 circa
1182 2481 1397 2525 receptionem
1422 2480 1622 2521 oblatorum,
1654 2478 1718 2512 5020
1743 2485 1773 2512 ct

324 2548 399 2580 sequ,
424 2537 587 2581 provincia
604 2537 757 2572 Franciae
780 2538 862 2572 tertii
882 2537 1007 2571 Ordinis
1026 2537 1070 2570 uti
1088 2542 1193 2580 potest
1212 2537 1309 2569 Breve
1326 2536 1365 2567 ab
1384 2534 1511 2567 l'rbano
1536 2534 1599 2570 VIII
1625 2538 1772 2567 emanato

326 2591 385 2624 sub
410 2590 460 2625 die
484 2600 524 2624 xx
547 2591 671 2636 augusti
696 2601 825 2634 innexu,
851 2591 914 2625 5027
940 2592 973 2633 l1;
995 2591 1034 2627 de
1059 2591 1117 2624 liae
1142 2600 1177 2623 re
1203 2590 1330 2631 iterum,
1358 2587 1421 2622 608
1446 2599 1465 2621 α
1492 2593 1522 2622 et
1546 2597 1619 2631 seq.;
1645 2592 1773 2621 contro-
