2263 3215
267 179 302 204 Αιι
333 178 361 204 C.
382 180 447 205 1657

286 1672 393 1697 Ῐίκιιιὲιι-’,κ
413 1673 441 1692 sm

260 1699 345 1719 cienda<
361 1698 380 1718 iu
395 1705 441 1718 exii>

260 1731 270 1744 c
291 1734 294 1743 ι
323 1731 329 1738 ¹
354 1725 441 1745 subudd

360 1758 378 1771 111
399 1753 442 1772 mil*

284 1785 314 1797 ons
327 1779 392 1798 scutis
408 1785 442 1798 1111Α

260 1805 314 1824 nime
325 1806 442 1830 (η’-ιιψιιῐηιί

261 1831 360 1852 decernit,

280 2467 395 2488 Contrariis
408 2468 441 2488 de-

258 2497 325 2520 rogat,

494 170 558 202 ⁶2ss0

464 227 543 267 siae,
569 225 670 269 quoad
697 226 774 258 alios
800 235 873 258 xero
898 225 1082 269 privationis
1107 226 1200 259 bene-

466 280 607 311 ficiorum
626 278 912 312 ecclesiasticorum
931 290 986 322 per
1004 289 1057 312 eos
1073 289 1202 322 quomo-

464 332 576 363 dolibet
611 332 833 371 obtentorum,
865 338 892 363 et
926 332 1001 365 alias
1026 331 1063 364 dc
1087 332 1200 375 quibus

465 387 523 417 illis
549 386 715 421 ridebitur,
741 385 832 429 ctiam
859 385 1066 429 pecuniarias,
1090 397 1125 419 ac
1152 386 1201 418 de—

465 450 548 470 mum
576 450 631 481 per
652 439 837 471 seutentiam
859 440 1200 480 excommunicationis,

463 491 600 534 aliasqu«¹
616 501 762 523 censuras
780 492 1016 534 ecclesiasticas,
1035 498 1201 535 ceteraque

464 550 641 586 opportuna
679 544 754 576 iuris
780 550 809 576 ct
833 545 902 577 sacti
929 545 1077 587 remedia,
1108 556 1198 578 nian-

463 597 555 637 daudi
571 602 597 628 et
618 597 840 640 }›1-:ieci11›iemli;
854 598 1100 632 contradictores
1113 609 1202 641 quos-

464 650 559 689 libet,
597 650 728 682 rebelles
761 657 790 682 et
821 662 908 684 suam
942 652 1039 694 ipsius
1071 651 1200 684 subsidii

464 709 583 746 partem
606 704 726 736 solvere
746 710 925 737 recusantes
939 715 993 737 seu
1011 704 1200 744 differentes,

464 763 490 788 et
517 768 554 789 ne
581 757 631 790 illa
657 758 795 790 solvatur
826 758 1052 801 persuadentes
1084 758 1201 791 directe

465 810 509 842 vel
538 810 698 846 indirecte,
718 822 773 854 per
794 822 922 854 poenas,
940 821 1087 844 censuras
1106 817 1132 843 et
1152 822 1200 843 re-

464 864 566 896 media
585 864 775 900 huiusmodi,
790 865 999 908 appellatione
1018 865 1200 908 postposita.

463 918 707 960 einum-scendi:
741 919 860 951 brachii
893 929 1019 962 quoquc
1051 918 1219 951 secularis*

463 971 626 1005 auxilium,
641 971 664 1002 si
679 982 757 1014 opus
776 972 880 1009 suerit,
895 971 931 1004 ad
948 972 1009 1005 hoc
1022 971 1200 1011 invocandi,

462 1025 616 1056 solventes
630 1023 667 1056 dc
685 1024 796 1056 solutis
812 1025 970 1067 quietandi
990 1030 1019 1057 et
1033 1025 1200 1066 liberandi,

461 1090 476 1108 a
499 1078 639 1109 censuris
665 1084 693 1109 et
719 1078 838 1121 poenis,
856 1089 932 1121 quas
951 1079 1199 1122 Praemissoruin

461 1131 625 1162 occasions¹
651 1131 893 1174 quomodolibet
916 1131 1124 1171 incurrerint,
1149 1131 1200 1164 ab·

462 1183 654 1219 soti-oudinet
678 1184 867 1225 generaliter
892 1184 997 1217 omnia
1021 1189 1051 1216 et
1067 1184 1199 1227 singula,

461 1236 519 1268 alia
545 1237 575 1268 iu
601 1237 782 1280 praemissis
807 1243 837 1269 et
861 1238 943 1269 circa
965 1248 999 1269 ea
1025 1237 1200 1270 neccssaria

461 1300 514 1322 scu
529 1290 762 1332 quomodolibet
777 1296 965 1334 opportuna,
979 1290 1100 1323 etiamsi
1116 1301 1200 1323 man-

461 1344 566 1375 datum
604 1344 765 1386 exigerent
801 1344 901 1386 magis
933 1344 1068 1388 speciale
1105 1355 1198 1388 quam

461 1397 677 1439 praesentibus
702 1398 741 1429 sit
765 1407 960 1441 expressum,
979 1397 1123 1438 faciendi,
1148 1408 1199 1439 gc-

461 1449 559 1486 rendi,
584 1449 759 1491 ordinandi,
779 1449 945 1482 mandandi
971 1455 1000 1482 et
1025 1450 1198 1493 exequendi

460 1503 583 1545 plenam
610 1509 636 1535 et
664 1504 807 1544 liberam,
826 1504 1012 1537 auctoritate
1036 1509 1066 1538 et
1091 1508 1198 1538 tenore

458 1555 638 1598 praedictis,
661 1556 836 1589 facultatem
856 1556 1058 1589 concedimus
1084 1562 1113 1590 et
1137 1567 1195 1600 po-

459 1615 611 1642 testatem.

503 1663 517 1705 §
548 1662 578 1694 li.
610 1663 755 1696 Volentes
788 1669 892 1696 tamen
925 1664 1008 1706 quod
1045 1674 1199 1707 personae

458 1716 688 1748 ecclesiasticae
711 1715 900 1759 praedictae,
926 1717 1047 1750 ratione
1068 1717 1197 1750 subsidii

459 1769 650 1812 huiusmodi,
677 1780 744 1802 eam
770 1775 890 1802 tantum
911 1770 1114 1813 quantitatem
1136 1771 1198 1804 sol-

461 1833 531 1854 vere
557 1828 737 1862 teneantur,
762 1834 875 1866 quam,
902 1823 1022 1856 ratione
1047 1823 1196 1856 similium

459 1875 672 1909 subsidiorum
699 1886 715 1908 a
740 1876 838 1909 seticis
862 1876 1089 1910 recordationis
1110 1877 1198 1910 Inno-

459 1929 561 1962 centio
586 1929 669 1972 Papa
686 1930 709 1962 X
731 1929 976 1972 praedecessore
1000 1933 1109 1964 nostro
1126 1941 1198 1964 con-

459 1993 634 2023 cessorum,
669 1983 831 2015 solverunt
844 1981 864 2022 ¹,
889 1987 918 2016 et
941 1983 1019 2016 nihil
1044 1984 1196 2027 amplius;

459 2036 606 2079 quodque
624 2046 789 2079 expensae,
802 2046 883 2079 quae
900 2036 985 2069 circa
1001 2037 1196 2070 exactionem

458 2089 588 2122 subsidii
612 2088 794 2121 huiusmodi
818 2089 923 2122 forsan
948 2089 1107 2122 faciendae
1131 2091 1197 2124 sue-

458 2142 530 2181 rint,
556 2142 586 2173 in
611 2147 737 2174 centum
757 2141 896 2175 millibus
918 2142 1013 2175 scutis
1028 2143 1197 2186 praedictis

458 2195 587 2227 minime
622 2195 798 2238 computari
833 2195 986 2236 debeant,
1011 2196 1064 2229 sed
1097 2197 1197 2230 dictae

456 2258 610 2291 personae
635 2248 863 2282 ecclesiasticae
883 2259 1034 2293 expensas
1055 2249 1138 2293 ipsas
1154 2250 1198 2283 ul-

457 2307 504 2334 tra
529 2307 627 2334 ratam
654 2307 785 2346 partem,
805 2313 898 2345 quam
915 2303 1037 2336 ratione
1056 2303 1195 2337 eiusdem

458 2355 587 2387 subsidii
613 2356 734 2388 solvere
758 2355 934 2397 debebunt,
959 2356 1052 2390 etiarn
1075 2357 1196 2401 persol-

459 2418 530 2441 vere
548 2414 723 2442 teneantur.

502 2462 517 2504 g
541 2461 569 2494 5.
594 2462 663 2495 Non
686 2462 881 2496 obstantibus
905 2462 1068 2506 quibusvis
1084 2463 1197 2496 consti-

459 2514 630 2547 tutionibus
654 2521 684 2547 et
708 2515 960 2550 ordinationibus
991 2515 1194 2560 apostolicis,

496 2580 504 2604 1
529 2577 592 2605 Vide
609 2579 660 2605 loc.
679 2579 723 2605 cit.
740 2580 767 2605 in
783 2584 846 2607 nota
860 2579 893 2606 ad
910 2579 984 2606 rubr.
1001 2580 1039 2614 (a.
1056 2580 1105 2614 τ.).

1046 177 1224 201 BULLMHUM
1250 177 1266 200 n
1273 177 1402 200 OMANUM

1235 227 1326 258 ctiam
1361 225 1389 257 in
1423 223 1562 257 conciliis
1594 222 1824 256 universalibus
1860 222 1972 262 editis,

1235 288 1354 311 necnon
1369 277 1584 313 ecelesiarum,
1603 276 1877 316 monasteriorum,
1891 275 1973 319 prio-

1236 337 1370 371 ratuum,
1392 330 1552 371 ordinum,
1569 329 1850 372 congregationum
1869 332 1899 362 et
1919 328 1973 360 mi-

1236 384 1372 416 litiarum
1410 383 1611 423 huiusmodi,
1646 383 1737 415 etiam
1775 382 1950 415 iuramento
1964 409 1971 423 ,

1235 436 1473 470 confirmatione
1494 435 1682 479 apostolica,
1707 436 1753 467 vel
1782 435 1891 479 quavis
1922 435 1973 467 sir-

1236 490 1341 523 mitatc
1373 490 1433 522 alia
1469 490 1645 530 roboratis,
1677 488 1799 524 statutis
1833 494 1863 522 et
1897 498 1973 522 con-

1235 542 1470 582 suetudinibus,
1488 542 1718 582 stabilimentis,
1742 541 1852 574 usibus
1875 547 1907 574 et
1922 551 1973 574 na-

1237 596 1323 636 turis,
1338 595 1511 639 privilegiis
1527 605 1662 639 quoque,
1680 594 1806 628 indultis
1824 599 1854 627 et
1871 604 1973 626 exem-

1236 648 1394 691 ptionibus
1415 654 1444 680 et
1463 647 1722 687 immunitatibus,
1741 647 1833 679 etiam
1853 646 1883 679 in
1900 656 1972 679 cor-

1237 711 1312 744 pore
1337 701 1414 734 iuris
1439 701 1563 742 clausis,
1584 712 1619 734 ac
1644 701 1755 733 litteris
1780 699 1972 744 apostolicis,

1235 754 1393 794 ecclesiis,
1419 754 1626 795 monasteriis,
1652 753 1856 797 prioratibus,
1879 763 1972 798 prae-

1235 809 1395 852 ceptoriis,
1409 809 1566 852 praelatis,
1584 808 1739 852 capitulis,
1757 807 1972 847 conventibus,

1235 861 1419 901 ordinibus,
1444 861 1742 904 congregationibus
1773 865 1802 894 et
1831 859 1971 900 militiis,

1236 915 1365 958 aliisque
1381 915 1610 958 praesentibuS,
1624 914 1652 947 in
1667 924 1782 957 genere
1798 913 1845 947 vel
1863 914 1893 946 in
1906 923 1974 957 spe-

1235 967 1292 1007 cie,
1314 967 1371 1000 sub
1395 978 1593 1011 quacumque
1618 967 1719 1000 forma
1743 972 1772 1000 et
1803 966 1972 999 verborum

1235 1021 1445 1065 expressione,
1470 1032 1488 1054 a
1511 1021 1602 1055 nobis
1633 1026 1662 1053 et.
1691 1020 1770 1054 Sede
1793 1019 1972 1064 Apostolica

1235 1075 1327 1107 etiam
1353 1074 1612 1108 consistorialiter
1642 1079 1672 1107 et
1700 1077 1786 1107 motu
1813 1073 1908 1106 simili
1937 1082 1972 1105 ac

1234 1128 1309 1161 alias
1333 1129 1444 1171 quovis
1461 1128 1555 1161 modo
1573 1127 1724 1161 emanatis
1741 1126 1785 1160 et¹
1803 1125 1972 1166 concessis,

1234 1186 1261 1213 et
1288 1181 1383 1214 etiam
1407 1181 1526 1215 iteratis
1552 1181 1672 1213 vicibus
1693 1179 1898 1221 confirmatis,
1917 1189 1972 1222 ap-

1235 1234 1375 1278 probatis
1396 1239 1426 1269 et
1451 1235 1619 1273 innovatis3
1637 1234 1751 1278 quibus
1768 1233 1917 1267 omnibus
1942 1238 1973 1266 et

1234 1288 1376 1331 singulis,
1395 1288 1516 1320 etiamsi
1539 1298 1596 1330 pro
1613 1287 1777 1320 sufficienti
1795 1296 1905 1319 eorum
1923 1285 1973 1318 de-

1235 1341 1397 1383 rogatione
1422 1339 1460 1373 de
1491 1340 1551 1372 illis
1582 1349 1755 1382 eorumque
1780 1339 1853 1372 totis
1884 1343 1971 1372 teno-

1234 1393 1320 1427 ribus
1346 1393 1501 1437 specialis,
1526 1393 1674 1437 specifica
1700 1402 1847 1436 expressa
1872 1397 1902 1424 et
1926 1392 1972 1424 in-

1233 1447 1414 1488 dividua,ac
1427 1447 1466 1480 de
1480 1446 1574 1480 verbo
1588 1446 1626 1479 ad
1640 1446 1854 1487 verbum,non
1867 1451 1971 1479 autem

1233 1513 1290 1545 per
1306 1501 1462 1534 clausulas
1479 1500 1641 1542 generales
1660 1499 1742 1532 idem
1756 1500 1971 1543 importantes,

1234 1555 1350 1588 mentio
1375 1564 1430 1587 seu
1447 1553 1575 1597 quaevis
1592 1553 1652 1586 alia
1668 1553 1829 1597 expressio
1849 1558 1903 1586 aut
1920 1552 1973 1585 ali-

1231 1618 1294 1652 qua
1318 1608 1378 1641 alia
1395 1607 1549 1651 exquisita
1566 1607 1667 1641 forma
1684 1606 1721 1640 ad
1738 1607 1799 1640 hoc
1819 1605 1972 1640 servanda

1232 1662 1332 1703 soret,
1358 1667 1388 1695 et
1411 1661 1443 1694 in
1468 1661 1512 1694 eis
1537 1666 1684 1694 caveatur
1708 1671 1857 1705 expresse
1887 1660 1971 1703 quod

1233 1726 1290 1759 per
1325 1714 1506 1748 huiusmodi
1542 1715 1695 1748 clausulas
1731 1713 1895 1757 generales
1926 1714 1971 1746 eis

1232 1769 1410 1802 nullatcnus
1427 1768 1608 1811 derogetur,
1625 1778 1683 1801 nec
1700 1767 1886 1810 derogatum
1903 1777 1971 1800 esse

1232 1820 1415 1856 censeatur²
1439 1820 1498 1854 nisi
1523 1821 1580 1853 sub
1601 1821 1694 1854 certis
1711 1820 1806 1854 modo
1823 1825 1854 1853 et
1869 1820 1971 1853 forma

1233 1876 1263 1908 in
1288 1875 1332 1908 cis
1356 1875 1523 1919 expressis,
1542 1880 1666 1907 tenores
1684 1874 1874 1916 huiusmodi,
1892 1883 1928 1907 ac
1945 1874 1971 1906 si

1231 1929 1269 1962 dc
1287 1929 1382 1962 verbo
1396 1928 1433 1961 ad
1447 1928 1577 1961 verbum
1592 1928 1816 1968 insererentur,
1827 1937 1972 1971 praesen-

1232 1982 1314 2016 tibus
1328 1993 1386 2026 pro
1407 1982 1599 2014 sufficienter
1612 1981 1766 2025 expressis
1790 1984 1820 2015 et
1836 1980 1971 2020 insertis,

1230 2045 1266 2068 ac
1291 2035 1418 2068 modum
1449 2041 1480 2067 et
1512 2035 1645 2068 sormam
1670 2034 1708 2067 ad
1741 2033 1771 2066 id
1802 2033 1972 2066 servandos

1230 2099 1288 2132 pro
1313 2088 1470 2121 individue
1495 2088 1624 2120 servatis
1644 2087 1806 2127 habentes,
1827 2086 1865 2119 ad
1884 2097 1972 2130 prae-

1231 2142 1399 2175 missorum
1424 2141 1569 2174 effectum
1595 2141 1777 2184 dumtaxat,
1803 2141 1863 2173 illis
1894 2140 1970 2173 alias

1231 2195 1261 2227 in
1281 2205 1338 2227 suo
1359 2194 1474 2227 robore
1508 2194 1735 2237 permansuris,
1759 2193 1970 2236 derogamus;

1230 2248 1406 2291 ceterisque
1431 2247 1597 2280 contrariis
1622 2246 1888 2290 quibuscumque;

1274 2301 1289 2344 ἓ
1314 2301 1343 2334 6.
1359 2302 1420 2334 Aut
1444 2301 1468 2333 si
1494 2300 1692 2344 patriarchis,
1713 2299 1968 2344 archiepiscopis,

1229 2354 1396 2398 episcopis,
1422 2354 1544 2394 electis,
1569 2353 1889 2395 administratoribus,
1913 2354 1969 2386 ab·

1229 2407 1364 2448 batibus,
1382 2406 1670 2448 commendatariis‚
1687 2407 1865 2451 ceterisque
1883 2417 1970 2451 prae-

1228 2460 1320 2494 dictis
1344 2466 1373 2493 et
1397 2460 1560 2504 quibusvis
1584 2461 1653 2494 aliis
1677 2461 1889 2494 communiter
1921 2461 1969 2494 vel

1266 2533 1275 2558 ¹
1299 2531 1439 2560 Coniunct.
1457 2536 1483 2560 et
1497 2531 1621 2560 addimus
1635 2532 1662 2559 iu
1679 2532 1729 2559 loc.
1749 2532 1840 2568 parall.
1865 2533 1902 2567 (a.
1919 2533 1967 2567 τ.).

1211 2579 1215 2610 l
1264 2578 1279 2604 Ξ).
1300 2577 1348 2604 Ed.
1364 2577 1442 2604 Μαίη.
1460 2577 1524 2612 legit
1539 2581 1651 2605 censeat
1668 2584 1705 2612 ta.
1721 2579 1770 2612 Τ.).

1988 175 2035 200 An,
2053 174 2083 201 C.
2103 176 2163 206 1657
