2243 3205
6 1796 10 1804 ⁴
23 1802 27 1830 Ι

24 1835 26 1845 Ι

24 1882 27 1891 .

92 941 200 971 Εῃροείιίο
212 942 249 963 de·

68 970 125 990 creti.

136 1475 249 1497 Confirmat

67 1501 179 1524 decretum.

857 136 1042 160 ALEXANDER
1066 136 1111 160 vll
1134 137 1182 160 PP.

265 188 336 228 post
348 182 580 217 definitoriatus
593 193 707 216 munus
725 184 883 228 expletum
901 184 938 217 ad
955 184 1008 217 mi-

264 235 463 269 nisteriatum
489 241 561 269 sunt
584 237 723 280 promoti
749 249 776 269 ³).

307 289 384 329 Quia
408 300 483 323 vero
507 295 657 323 statutum
684 291 727 324 sic
752 291 1008 332 enunciatum,et

264 342 413 376 inviolate
436 343 643 384 servandum,
669 354 686 376 a
710 344 897 387 quibusdam
924 345 1007 377 varie

264 397 494 440 explicabatur,
509 397 591 430 unde
606 397 759 440 quaedam
777 398 847 432 lites
865 398 1006 431 orieban-

263 454 315 482 tur
332 449 364 482 in
381 450 560 493 supradicta
578 451 751 494 provincia,
771 451 809 484 ad
827 452 882 485 has
900 452 1007 484 sedan-

264 503 319 536 das
336 503 467 536 remissa
484 503 542 536 fuit
559 504 725 547 explicatio
750 505 822 538 dicti
849 505 954 538 statuti
968 505 1005 538 ad

265 555 478 590 definitorium
505 557 652 598 generale
681 557 933 601 congregationis
951 569 1005 601 ge-

265 608 380 641 neralis
404 609 588 653 nuperrime
606 610 781 644 celebratae
798 612 830 644 in
851 617 1005 645 conventu

266 662 485 696 Vallisoletano
517 663 548 695 in
573 663 722 707 Hispania
757 665 806 697 die
838 676 904 699 xxv
929 666 1005 698 iunii

264 725 392 756 MDCLXI,
410 715 494 759 quod
511 715 724 750 definitorium
737 719 883 760 generale
903 719 1006 751 denuo
1022 724 1024 742 1

264 769 347 802 idem
373 774 523 802 statutum
549 770 722 811 stabilivit,
754 772 954 804 confirmavit
978 778 1006 805 et

264 822 430 867 explicavit
453 833 511 867 per
532 823 628 856 verba
645 824 763 857 tenoris
781 825 834 869 qui
853 826 1005 870 sequitur,

264 876 424 910 videlicet:

314 943 327 963 <t
345 930 472 971 Deinde,
482 929 561 963 idest
580 934 651 974 post
675 931 933 975 exprovinciales,
959 943 1005 965 se-

263 984 381 1018 debunt
405 984 458 1028 qui
484 983 666 1017 definitores
689 986 852 1028 generales
868 986 1004 1028 fuerunt,

264 1037 328 1082 qui,
347 1037 370 1070 si
392 1042 481 1070 antea
501 1037 636 1070 ministri
657 1038 866 1082 provinciales
880 1039 1004 1081 fuerint,

263 1091 363 1132 alios,
386 1090 439 1134 qui
464 1090 574 1124 eodem
612 1101 745 1124 munere
779 1092 1005 1125 ministeriatus

262 1145 360 1179 functi
375 1151 456 1188 sunt,
474 1145 672 1189 praecedent,
691 1146 737 1178 sin
752 1147 866 1186 minus,
885 1146 962 1179 idest
980 1147 1002 1179 si

263 1197 446 1231 definitores
479 1199 642 1242 generales
675 1209 738 1231 non
771 1199 886 1233 fuerint
916 1205 1005 1232 antea

262 1251 483 1296 provinciales,
514 1252 583 1285 illos
613 1252 775 1285 dumtaxat
805 1253 1005 1296 praecedent,

263 1306 317 1351 qui
335 1312 405 1350 post
419 1306 648 1340 definitoriatus
663 1317 776 1339 munus
794 1307 951 1351 expletum
968 1307 1005 1340 ad

264 1360 506 1393 ministeriatum
535 1366 607 1393 sunt
635 1360 785 1404 promoti,
815 1360 894 1393 idest
922 1361 1006 1394 solos

264 1413 425 1447 ministros
449 1413 572 1446 futuros
599 1426 626 1446 i).

308 1468 323 1511 ἓ
347 1467 376 1500 2.
402 1468 477 1501 Cum
503 1473 607 1500 autem
622 1495 629 1509 ‚
650 1467 730 1501 sicut
754 1468 862 1500 eadem
888 1468 1006 1512 exposi-

263 1521 307 1555 tio
332 1521 552 1565 subiungebat,
569 1526 603 1554 ut
621 1522 689 1565 paci
710 1526 740 1555 et
764 1522 860 1566 quieti
883 1522 1006 1565 provin-

264 1575 329 1608 ciae
344 1575 502 1619 praefatae
521 1575 713 1616 consulatur,
728 1575 801 1608 dicti
816 1581 1006 1619 exponentes

264 1628 504 1673 explicationem
532 1629 696 1663 memorati
721 1630 839 1671 statuti,
865 1629 895 1662 in
921 1630 1001 1662 defi-

262 1683 379 1717 nitorio
400 1683 540 1726 generali
566 1683 820 1726 congregationis
851 1684 1024 1726 generalis‘

263 1736 501 1770 Vallisoletanae
522 1736 702 1770 huiusmodi
723 1737 844 1779 factam,
860 1738 1006 1781 apostoli—

264 1800 318 1823 cae
331 1790 581 1824 confirmationis
593 1790 707 1823 robore
722 1791 910 1824 communiri
926 1802 1006 1823 sum-

264 1854 395 1888 mopere
420 1843 617 1876 desiderent:
642 1854 709 1885 nos,
738 1845 904 1888 specialem
932 1845 1006 1888 ipsis

264 1898 492 1942 exponentibus
517 1898 650 1942 gratiam
676 1899 777 1932 facere
803 1900 950 1941 volentes,
977 1905 1003 1932 et

264 1962 374 1985 eorum
394 1952 570 1994 singulares
582 1963 733 1996 personas
750 1963 766 1985 a
779 1953 941 1996 quibusvis
959 1964 1006 1986 cx-

264 2005 571 2047 communicationis,
594 2007 809 2050 suspensionis
829 2012 859 2040 et
883 2008 1005 2041 interdi-

263 2060 315 2100 cti,
341 2059 472 2104 aliisquc
497 2059 716 2092 ecclesiasticis
740 2061 910 2103 sententiis,
937 2072 1006 2100 cen-

264 2113 346 2146 suris
371 2118 401 2146 et
426 2113 555 2156 poenis,
581 2123 597 2145 a
623 2113 691 2145 iure
712 2114 759 2145 vel
791 2113 829 2145 ab
859 2114 1004 2155 bomine,

263 2166 374 2210 quavis
388 2166 553 2200 occasione
568 2166 614 2198 vel
640 2169 733 2199 causa
758 2166 836 2207 latis,
850 2167 874 2200 si
893 2168 1006 2210 quibus

264 2218 505 2263 quomodolibet
528 2219 693 2253 innodatae
719 2219 863 2261 existunt,
877 2221 914 2253 ad
933 2221 1006 2254 cife-

264 2278 348 2306 ctum
375 2272 587 2317 praesentium
615 2273 777 2305 dumtaxat
806 2284 1002 2318 consequen-

264 2327 350 2369 dum,
364 2327 477 2360 barum
492 2327 573 2360 serie
591 2327 788 2360 absolventes
803 2332 832 2360 et
849 2328 1005 2361 absolutas
1023 2360 1024 2363 ,

264 2378 330 2412 fore
363 2383 545 2418 censentes,
577 2379 858 2422 supplicationibus
894 2390 1003 2412 eorum

264 2432 392 2464 nominc
413 2431 502 2464 nobis
524 2442 618 2475 super
639 2432 698 2465 hoc
719 2432 880 2465 humiliter
898 2444 1005 2476 porre-

266 2485 323 2518 etis
356 2485 517 2525 inclinati,
541 2485 579 2517 de
610 2485 834 2518 venerabilium
872 2486 1002 2519 fratrum

265 2544 446 2574 nostrorum
475 2540 503 2572 S.
531 2540 564 2572 tt.
586 2539 617 2572 E.
638 2540 843 2573 cardinalium
870 2541 1003 2583 negotiis

1041 188 1071 218 et
1090 185 1371 218 consultationibus
1396 186 1617 230 episcoporum
1644 192 1673 220 et
1691 197 1780 230 regu-

1041 237 1154 271 larium
1180 239 1443 282 praepositorum‚
1461 240 1512 283 qui
1535 240 1719 273 relationem
1737 240 1780 273 di-

1041 291 1111 325 lecti
1128 291 1184 324 filii
1203 292 1479 326 vicecommissarii
1500 295 1656 337 generalis
1675 295 1780 327 curiae

1041 343 1165 377 Ordinis
1190 345 1370 379 huiusmodi
1394 347 1601 387 audiverunt,
1627 348 1757 381 consilio
1772 375 1779 388 ,

1041 397 1166 430 attentis
1199 399 1355 440 narratis,
1380 401 1555 444 praefatum
1588 406 1737 434 statutum
1763 411 1780 433 a

1023 478 1025 497 ‚
1041 451 1285 494 congregatione
1304 453 1442 495 generali
1460 453 1563 486 babila
1583 454 1611 486 in
1626 459 1780 487 conventu

1041 503 1222 546 Segoviensi
1247 505 1284 538 de
1310 516 1390 539 anno
1416 517 1558 547 mnoxxl,
1584 512 1616 539 ut
1646 507 1779 548 dicitur,

1041 563 1236 599 emanatum,
1263 560 1467 593 conformiter
1503 561 1540 593 ad
1576 561 1779 605 praemissam

1022 612 1278 655 iexplicationem
1306 613 1415 647 factam
1447 614 1484 646 ab
1515 615 1573 647 alia
1599 625 1779 658 congrega—

1022 665 1166 712 jgatione
1192 666 1220 698 in
1246 673 1401 699 conventu
1427 668 1646 701 Vallisoletano
1672 668 1777 700 habita

1022 719 1097 751 sub
1123 719 1172 752 die
1197 730 1261 753 xxv
1288 720 1363 752 iunii
1390 722 1544 754 currentis
1562 722 1643 763 anni,
1665 728 1775 755 aucto-

1022 772 1130 805 :ritate
1156 773 1338 816 apostolica,
1359 779 1466 807 tenore
1488 775 1711 818 praesentium,
1729 786 1780 819 ap-

1041 825 1214 869 probamus
1239 832 1270 859 et
1294 827 1530 868 confirmamus,
1547 834 1577 861 et
1598 828 1684 861 iuxta
1698 829 1780 861 illius

1041 884 1181 913 tenorem
1201 891 1236 913 ac
1258 881 1390 914 formam
1413 882 1559 926 deinceps
1587 883 1656 916 fieri
1680 893 1780 916 serva-

1040 933 1129 977 rique
1154 935 1337 968 mandamus
1362 941 1391 968 et
1415 936 1635 980 praecipimus.

1040 1046 1121 1073 teras
1146 1053 1271 1086 semper
1291 1043 1408 1084 firmas,
1434 1044 1552 1077 validas
1581 1050 1610 1077 et
1638 1044 1779 1078 efficaces

1040 1094 1172 1128 existere
1198 1101 1227 1128 et
1252 1096 1328 1137 fore,
1354 1108 1490 1141 suosque
1514 1097 1672 1141 plenarios
1690 1104 1719 1130 et
1736 1098 1779 1130 in-

1041 1152 1145 1190 tegros
1171 1149 1298 1183 effeetus
1316 1151 1420 1183 sortiri
1439 1156 1468 1183 et
1485 1151 1638 1192 obtinere,
1656 1162 1691 1184 ac
1708 1151 1779 1192 illis,

1039 1201 1077 1233 ad
1098 1213 1176 1245 quos
1196 1209 1314 1246 spectat
1331 1210 1360 1236 et
1381 1216 1439 1248 pro
1458 1210 1599 1249 tempore
1617 1205 1779 1249 spectabit,

1040 1255 1220 1298 plenissime
1244 1257 1430 1300 suffragari,
1456 1258 1561 1302 sicque
1579 1258 1610 1290 in
1631 1259 1780 1302 praemis-

1040 1308 1080 1341 sis
1113 1319 1170 1352 per
1202 1320 1419 1354 quoscumque
1457 1311 1573 1344 iudices
1603 1312 1779 1345 ordinarios

1041 1367 1070 1394 ct
1095 1362 1253 1406 delegatos
1279 1364 1370 1397 etiam
1398 1376 1561 1397 causarum
1588 1365 1692 1408 palatii
1710 1376 1781 1409 apo-

1040 1417 1141 1449 stolici
1167 1417 1336 1460 auditores,
1363 1418 1492 1451 iudicari
1519 1424 1548 1451 et
1572 1418 1695 1451 definiri
1721 1419 1777 1452 de-

1040 1470 1123 1512 bere,
1150 1481 1186 1504 ac
1212 1471 1335 1504 irritum
1355 1478 1384 1505 ct
1403 1473 1504 1513 inane,
1522 1472 1546 1505 si
1579 1483 1668 1506 secus
1686 1483 1781 1517 super

1040 1523 1088 1556 bis
1113 1535 1129 1556 a
1143 1535 1313 1568 quoquam,
1332 1526 1440 1568 quavis
1464 1526 1659 1567 auctoritate,
1680 1527 1780 1560 scien-

1041 1582 1087 1610 ter
1111 1578 1158 1610 vel
1186 1578 1378 1621 ignoranter,
1393 1580 1559 1623 contigerit
1580 1581 1734 1613 attentari.

1040 1685 1290 1718 ordinationibus
1312 1686 1501 1730 apostolicis,
1521 1697 1651 1727 necnon,
1672 1693 1779 1731 quate-

1040 1750 1097 1771 nus
1123 1750 1201 1783 opus
1215 1740 1264 1781 sit,
1289 1740 1501 1784 praefatorum
1520 1740 1645 1774 Ordinis
1661 1748 1690 1774 et
1707 1753 1780 1786 pro-

1041 1792 1168 1834 vinciae,
1198 1793 1289 1826 etiam
1324 1794 1511 1834 iuramento,
1540 1795 1779 1829 confirmatione

1040 1846 1228 1890 apostolica,
1250 1847 1295 1879 vel
1314 1847 1422 1890 quav1s
1444 1848 1590 1881 firmitate
1607 1849 1667 1881 alia
1686 1849 1780 1882 robo-

1040 1901 1125 1940 ratis,
1147 1901 1268 1933 statutis
1294 1906 1323 1933 et
1344 1901 1631 1944 consuetudinum,
1658 1903 1780 1936 ceteris-

1040 1965 1101 1998 que
1129 1955 1294 1987 contrariis
1319 1955 1578 1999 quibuscumque.

1084 2008 1194 2041 Datum
1218 2009 1345 2049 Romae,
1367 2008 1448 2052 apud
1478 2009 1506 2042 S.
1525 2009 1652 2042 Mariam
1679 2010 1776 2043 Maio-

1040 2072 1105 2094 rem
1124 2062 1181 2094 sub
1196 2062 1311 2095 annulo
1343 2062 1520 2103 Piscatoris,
1547 2063 1596 2095 die
1620 2074 1637 2096 x
1658 2063 1780 2096 decem-

1040 2116 1104 2148 bris
1119 2116 1459 2160 tinch1,pontificatus
1473 2117 1571 2150 nostri
1586 2128 1667 2151 anno
1683 2129 1733 2151 vn.

1076 2179 1131 2206 Dat.
1150 2179 1193 2205 die
1212 2179 1243 2205 10
1254 2179 1406 2206 decembris
1427 2180 1501 2214 1001,
1518 2181 1616 2215 pontif.
1634 2189 1704 2208 anno
1722 2188 1765 2208 vll.

1312 2348 1505 2381 CCCvattt.

1041 2436 1251 2478 Confirmatio
1282 2437 1399 2470 decreti
1429 2438 1695 2482 Conqreyaet'onis
1716 2441 1776 2474 Ri-

1084 2494 1186 2529 luum‚
1207 2501 1269 2534 quo
1295 2490 1484 2533 indulgselttr
1512 2497 1546 2525 u!
1571 2493 1605 2525 in
1631 2494 1780 2527 universo

1081 2553 1176 2586 reyno
1190 2544 1323 2577 Siciliae
1340 2544 1484 2587 efficium
1503 2546 1533 2579 S.
1553 2546 1705 2591 Ayatleae
1718 2548 1780 2581 vir-

1676 129 1740 163 743
1786 138 1835 165 An.
1857 138 1886 166 c.
1906 138 1972 166 166¹

1084 988 1098 1031 ἓ
1123 987 1151 1020 3.
1170 988 1378 1021 Decernentes
1394 990 1517 1022 easdem
1536 994 1715 1034 praesentes
1732 990 1780 1023 lit·
1821 1001 1941 1022 unumne.

1084 1631 1097 1674 ξ
1112 1631 1140 1663 4.
1159 1632 1226 1665 Non
1244 1632 1439 1665 obstantibus
1458 1633 1734 1666 constitutionibus
1750 1639 1780 1666 et
1822 1642 1913 1667 [msam
1930 1647 1978 1662 cou-

1796 1669 1872 1689 trariis.
