2243 3205
33 214 79 244 λη.
93 216 123 242 C.
145 213 207 241 1661

824 214 1008 239 ALEXANDER
1034 216 1077 239 vn
1102 216 1149 239 ΓΡ.

223 271 299 305 pore
317 261 525 306 imponendis,
544 263 636 296 etiam
655 273 712 307 per
729 273 785 296 nos
800 273 964 296 concessas

222 319 252 349 et
275 315 400 348 interim
421 316 648 357 concedendas,
669 316 824 360 integram
839 316 964 350 solutio-

221 378 291 400 nem
319 368 497 402 huiusmodi
533 370 675 403 minnere
709 371 755 402 vel
789 370 963 414 impedire,

221 432 323 465 neque
356 433 577 466 possessores,
609 423 879 465 usufructuarios,
912 429 965 456 aut

221 475 298 508 alios
333 475 499 519 pensiones
537 486 592 508 seu
628 476 748 509 fructus
782 476 962 509 huiusmodi

221 529 342 562 solvere
367 529 533 570 debentes,
558 530 679 562 etiamsi
706 530 764 573 ipsi
792 530 851 563 iuri
877 535 907 563 et
931 541 962 562 a-

221 581 316 614 ctioni
345 582 497 625 petendae
528 584 574 615 vel
604 583 816 616 detrahendae
842 589 894 616 aut
919 593 964 616 rei

220 634 365 668 tinendae
384 636 539 679 portionis
562 641 591 668 et
612 642 697 669 ratae
727 637 824 680 partis
842 637 964 681 pensio-

220 688 325 722 narios
345 689 554 733 contingentis
576 690 780 724 iureiurando
801 691 964 724 renuncia-

219 741 341 783 verint,
366 748 459 786 atque
490 753 527 775 ex
559 743 661 776 forma
694 743 795 776 dictae
819 754 962 777 camerae

219 796 412 840 amplissima
432 797 571 830 caverint
589 797 684 830 modo
702 797 808 841 aliquo
827 797 960 840 obligari

219 858 320 892 neque
345 849 384 882 ad
401 849 430 882 id
452 860 509 893 pro
527 849 609 884 dicto
624 855 766 894 tempore
787 850 960 892 constringi

218 912 320 945 posse,
344 902 398 935 sed
423 903 642 947 pensionarios
667 909 696 936 et
721 903 880 936 fructuum
908 903 962 936 liu-

219 955 353 989 iusmodi
368 957 592 990 reservatarios
610 957 646 989 ad
665 957 859 990 decimarum
875 968 962 1001 prae-

219 1008 374 1042 dictarum
389 1020 469 1043 onus
482 1010 682 1042 subeundum
697 1009 825 1043 omnino
842 1010 960 1049 teneri;
976 1028 978 1042 t

219 1071 328 1094 omnes
359 1073 433 1096 vero
464 1063 675 1096 confessiones
704 1073 739 1095 ac
771 1062 959 1106 quietantias

218 1115 409 1159 receptionis
429 1116 623 1149 decimarum
652 1127 669 1148 a
698 1116 960 1159 procuratoribus

218 1172 248 1203 et
272 1169 423 1202 ministris
448 1180 592 1202 camerac
610 1169 788 1213 praedictae
806 1175 867 1202 tam
886 1180 959 1202 con-

218 1222 412 1263 ductoribus,
431 1223 605 1256 censuariis
634 1228 663 1255 et
691 1222 882 1256 locatoribus
907 1232 960 1255 no-

218 1276 301 1310 mine
318 1287 447 1310 suorum
472 1276 694 1320 principalium
711 1303 718 1317 ,
746 1287 839 1320 quam
866 1276 958 1310 etiam
975 1294 977 1299 ·

217 1330 303 1374 ipsis,
317 1340 438 1364 necnon
456 1330 700 1374 possessoribus,
718 1329 959 1362 usufructuariis

217 1388 248 1416 et
264 1383 331 1416 aliis
348 1383 516 1427 pensiones
533 1394 587 1416 seu
616 1383 736 1416 fructus
763 1383 884 1415 solvere
905 1382 958 1415 de-

217 1436 363 1470 bentibus
387 1436 514 1470 nomine
546 1436 822 1481 pensionariorum
848 1436 976 1469 facien-2

217 1488 271 1522 das
296 1489 428 1533 perinde
452 1489 574 1530 valere,
599 1495 691 1533 atque
724 1489 754 1521 in
788 1489 904 1522 iudicio
930 1495 959 1521 et

217 1547 304 1575 extra
329 1542 406 1575 illud
430 1543 547 1587 ubique
572 1543 714 1576 locorum
728 1542 822 1575 fidem
845 1542 957 1583 facere,

217 1605 253 1630 ac
277 1596 302 1629 si
327 1593 470 1640 ipsismet
494 1596 721 1640 principalibus
745 1599 774 1630 et
792 1595 958 1640 pensiona-

217 1649 273 1682 riis
289 1649 507 1694 praesentibus
532 1655 562 1683 et
593 1649 786 1683 solventibus
812 1649 908 1682 factae
929 1655 958 1682 et

217 1703 373 1736 exhibitae
397 1703 538 1736 fuissent.

261 1758 276 1800 ξ
300 1756 329 1789 9.
354 1756 567 1791 Conductores
592 1762 715 1797 autem,
739 1756 793 1800 qui
820 1755 974 1800 pretium}

217 1810 382 1844 looationis
396 1810 531 1843 dominis
549 1811 689 1854 legitime
707 1810 955 1854 anticipaverint,

216 1863 404 1896 locationem
442 1874 531 1897 suam
565 1864 767 1905 huiusmodi,
794 1874 888 1907 quam
919 1864 956 1896 ad

216 1917 277 1950 hoc
300 1927 519 1961 prorogamus,
544 1928 644 1961 usque
664 1918 702 1950 ad
727 1918 882 1960 integram
908 1928 956 1951 sa-

216 1970 423 2004 tisfactionem
449 1975 482 2005 ut
506 1971 616 2015 prius,
648 1971 740 2005 etiam
773 1971 974 2009 adveniente:

216 2034 408 2064 successore,
426 2024 609 2058 continuare
626 2023 756 2063 debet-03
777 2024 884 2068 sicque
901 2035 958 2068 per

216 2087 432 2121 quoscumque
466 2077 583 2110 iudices
619 2077 797 2110 ordinarios
822 2083 852 2110 et
876 2076 974 2124 dele-¹

216 2134 315 2172 gatos,
340 2130 432 2163 etiam
458 2140 624 2163 causarum
657 2130 763 2174 palatii
793 2125 974 2175 apostolici}

216 2183 394 2224 auditores,
419 2188 449 2216 et
472 2184 501 2218 S.
529 2184 562 2217 P..
588 2184 621 2216 E.
643 2183 836 2225 cardinales,
863 2183 955 2216 ctiam

216 2237 255 2270 de
278 2238 375 2271 latere
400 2238 519 2280 legatos
551 2243 581 2271 et
613 2238 764 2278 nuncios,
790 2238 820 2270 in
846 2237 956 2281 quavis

217 2290 384 2331 instantia,
409 2290 531 2323 sublata
564 2291 607 2324 eis
632 2296 661 2324 et
686 2301 796 2324 eorum
829 2290 956 2323 cuilibet

216 2343 324 2387 quavis
356 2344 447 2377 aliter
471 2343 627 2377 indicandi
663 2349 693 2377 et
729 2343 955 2387 interpretandi

216 2397 360 2431 facultate
385 2403 416 2431 et
439 2397 646 2439 auctoritate,
675 2397 792 2440 ubique
823 2397 955 2430 iudicari

216 2455 246 2483 et
270 2450 393 2483 definiri
419 2450 555 2492 debere,
588 2461 624 2484 ac
659 2450 784 2483 irritum
810 2455 839 2482 et
865 2450 956 2482 inane

215 2504 366 2548 quicquid
403 2514 493 2537 secus
529 2504 697 2548 superbis
721 2514 738 2536 a
773 2514 956 2548 quoquam,

215 2558 324 2602 quavis
348 2558 549 2598 auctoritate,
575 2557 710 2590 scienter
735 2557 781 2590 vel
807 2557 955 2600 ignoran-

216 2616 279 2653 ter,
299 2611 467 2655 contigerit
491 2611 644 2644 attentari.

1042 264 1057 306 ξ
1080 263 1132 296 10.
1159 264 1196 297 Ut
1220 269 1321 299 autem
1348 265 1454 298 omnia
1473 264 1642 308 praedicta,
1660 263 1740 296 sieut

997 326 1091 349 causa
1115 328 1231 360 urgens
1255 318 1403 361 postulat,
1420 317 1587 360 diligenter
1612 322 1641 349 et
1666 316 1686 348 fi

997 369 1069 402 liter
1093 371 1293 414 exequutioni
1312 370 1551 410 demandentur,
1569 370 1738 404 Antonium

997 423 1188 456 cardinalem
1213 430 1244 456 et
1267 424 1450 468 episcopum
1476 435 1511 456 ac
1527 423 1737 457 camerarium

997 481 1027 509 et
1056 477 1289 510 thesaurarium
1317 477 1492 521 praedictos
1520 477 1550 509 in
1583 476 1737 518 solidum,

997 540 1132 573 quorum
1158 530 1331 573 integritas,
1356 530 1444 571 fides,
1469 536 1560 573 atque
1578 529 1739 573 experien-

998 583 1038 616 tia
1054 583 1114 616 iam
1133 583 1255 627 pridem
1274 583 1364 617 nobis
1381 589 1546 628 perspecta
1560 588 1606 616 est
1623 589 1653 616 et
1666 586 1738 616 nota

998 636 1145 678 devotio,
1171 637 1335 679 generales
1366 637 1507 669 omnium
1543 636 1738 669 decimarum

998 689 1230 733 praedictarum
1257 691 1442 723 collectores
1463 690 1493 722 in
1520 690 1607 722 ltalia
1635 694 1665 722 et
1689 689 1737 721 in-

998 744 1073 777 sulis
1108 744 1152 776 illi
1185 744 1402 777 adiacentibus
1437 743 1640 783 huiusmodi,
1665 753 1737 775 cum

997 807 1068 829 cum
1094 797 1241 830 omnibus
1274 802 1304 829 et
1336 797 1587 841 quibuscumque
1611 796 1738 840 privile-

996 849 1077 893 giis,
1103 846 1391 892 iurisdictionibus,
1422 860 1458 883 ac
1494 850 1633 891 iuribus,
1658 859 1738 892 quae

996 913 1105 936 omnes
1127 904 1178 936 alii
1203 904 1335 936 antehac
1355 903 1534 936 huiusmodi
1552 903 1737 936 collectores

995 957 1185 997 habuerunt,
1209 958 1394 990 auctoritate
1418 956 1579 1000 praedicta
1594 983 1601 997 ,
1628 961 1737 988 tenore

995 1010 1221 1054 praesentium,
1239 1010 1458 1043 constituimus
1484 1015 1513 1042 et
1537 1009 1736 1053 deputamus,

995 1063 1102 1107 eisque
1126 1064 1261 1108 plenam,
1288 1063 1418 1096 liberam
1445 1069 1475 1096 et
1500 1063 1675 1096 absolutam
1697 1063 1737 1094 fa-

995 1117 1142 1149 cultatem
1168 1122 1198 1149 et
1223 1116 1439 1150 auctoritatem
1474 1115 1642 1148 tribuimus
1668 1125 1735 1148 om-

995 1179 1049 1201 nes
1088 1169 1170 1212 ipsas
1205 1169 1343 1202 decimas
1380 1179 1524 1202 camerae
1557 1168 1735 1212 praedictae

993 1223 1120 1256 nomine
1133 1223 1334 1266 p1·ocnrandi;
1347 1223 1525 1266 praedictos
1540 1232 1660 1262 omnes,
1673 1228 1733 1254 tam

994 1276 1185 1310 coniunctim
1211 1287 1304 1320 quam
1331 1276 1466 1316 divisim,
1484 1276 1521 1308 ad
1548 1276 1671 1308 illarum
1691 1275 1736 1308 in-

995 1332 1113 1372 tegram
1139 1330 1349 1370 solutionem,
1382 1334 1415 1362 ut
1446 1329 1642 1373 praedictum
1668 1334 1735 1369 est,

994 1382 1185 1423 faciendam,
1210 1383 1304 1416 etiam
1330 1393 1387 1426 per
1412 1383 1548 1415 edictum
1575 1382 1652 1415 locis
1677 1393 1736 1425 pu-

992 1436 1083 1470 blicis
1100 1437 1302 1480 affigendum,
1321 1436 1469 1470 monendi
1489 1442 1517 1469 et
1535 1436 1733 1481 requirendi3

992 1501 1055 1523 non
1080 1496 1237 1534 parentes,
1263 1490 1442 1523 fraudantes
1467 1495 1497 1522 et
1522 1495 1643 1523 ceteros
1661 1500 1735 1522 con-

993 1549 1132 1576 tumaces
1157 1544 1187 1575 in
1213 1553 1361 1576 censuras
1375 1548 1405 1576 et
1422 1553 1540 1586 poenas
1558 1543 1733 1586 praedictas

992 1595 1149 1636 incidisse,
1165 1597 1287 1628 servata
1313 1596 1414 1629 forma
1444 1596 1572 1629 Concilii
1597 1595 1730 1628 Triden-

973 1656 975 1668 Ἀ
992 1649 1057 1689 tini,
1075 1649 1270 1689 declarandi;
1295 1650 1516 1693 proprietates,
1535 1659 1595 1689 res,
1613 1649 1733 1682 fructus

992 1708 1021 1735 et
1044 1702 1104 1735 alia
1128 1702 1211 1735 bona
1236 1702 1376 1746 ipsorum
1403 1702 1495 1735 etiam
1528 1712 1622 1734 manu
1646 1701 1733 1744 regia

991 1756 1247 1799 apprehendendi
1280 1761 1309 1788 et
1341 1766 1439 1800 usque
1473 1755 1510 1788 ad
1543 1755 1731 1798 condignam

991 1809 1232 1842 satisfactionem
1259 1809 1435 1848 retinendi;
1461 1808 1730 1849 contradictores,

972 1862 1227 1906 {perturbatores
1263 1867 1293 1894 et
1328 1855 1460 1894 rebelles
1495 1871 1731 1905 quoscumque,

991 1917 1098 1959 eisque
1123 1916 1288 1956 auxilium,
1315 1916 1495 1956 consilium,
1521 1916 1567 1948 vel
1593 1915 1731 1948 favorem

990 1970 1114 2014 publice
1136 1970 1182 2002 vel
1203 1970 1306 2003 oculte
1327 1970 1437 2013 quovis
1466 1968 1607 2012 quaesito
1625 1969 1731 2002 colore

990 2028 1195 2067 praestantes,
1221 2023 1447 2066 cuiuscumque
1472 2022 1640 2065 dignitatis,
1662 2032 1732 2064 gra—

990 2076 1048 2109 dus
1073 2082 1103 2109 et
1127 2076 1246 2110 ordinis
1263 2076 1388 2115 fuerint,
1403 2075 1582 2119 praedictis,
1602 2075 1732 2119 aliisque

991 2130 1132 2163 censuris
1157 2136 1186 2162 et
1212 2130 1322 2174 poenis
1347 2129 1584 2169 ecclesiasticis,
1608 2139 1730 2162 necnon

990 2182 1196 2226 pecuniariis,
1222 2183 1398 2225 ceterisque
1423 2182 1500 2214 iuris
1525 2187 1554 2214 et
1579 2182 1648 2214 facti
1675 2192 1727 2214 re-

990 2235 1101 2268 mediis
1119 2235 1348 2279 compellendi;
1374 2235 1504 2278 illasque
1522 2235 1615 2267 etiam
1641 2234 1731 2267 itera-

990 2289 1027 2321 tis
1053 2288 1172 2321 vicibus
1196 2288 1404 2331 aggravandi3
1430 2288 1644 2331 dignitatibus,
1670 2287 1727 2320 be*

989 2342 1109 2375 neticiis
1141 2346 1171 2376 ct
1202 2342 1312 2375 officiis
1349 2342 1496 2375 omnibus
1532 2340 1675 2385 privandi
1700 2346 1730 2374 ct

989 2396 1171 2436 amovendi,
1196 2396 1234 2428 ad
1259 2396 1363 2428 futura
1396 2395 1550 2427 inhabiles
1574 2394 1728 2435 faciendi,

990 2449 1189 2482 interdictum
1208 2448 1455 2482 ecclesiasticum
1475 2448 1662 2492 apponendi,
1679 2458 1729 2480 au-

990 2503 1162 2546 xiliumque
1187 2502 1306 2535 brachii
1333 2502 1482 2535 secularis
1512 2501 1728 2545 quandocum-

989 2565 1050 2599 que
1074 2566 1155 2599 opus
1179 2555 1273 2587 fucrit
1298 2554 1480 2594 invocandi;
1501 2554 1538 2587 ad
1563 2554 1728 2587 sanitatem

990 2619 1064 2641 vcro
1088 2618 1242 2649 reversos
1263 2608 1315 2652 qui
1332 2608 1437 2641 debite
1454 2607 1672 2648 satisfecerint,
1689 2607 1727 2639 ab

1644 205 1707 238 677
1755 215 1801 241 An.
1819 215 1848 240 (2.
1869 214 1933 241 1061

1810 275 1938 296 collectores

1754 302 1883 322 deeimarum
1901 302 1938 321 tlu-

1690 316 1741 349 de·
1754 332 1827 349 ceruit.
