2185 3188
31 185 78 212 An.
99 182 126 210 C.
143 181 209 209 1657

49 563 149 584 necenset
157 561 209 581 alia-v.

32 591 107 611 statuta
129 590 150 609 οι
172 588 209 609 de-

31 619 93 638 creta.

181 1365 183 1367 ·
226 1350 457 1385 referendarios
483 1356 622 1385 rotantes
654 1351 815 1395 acolythos
844 1354 969 1394 aposto-

54 2215 116 2242 Erigit
125 2220 215 2244 quatuor

819 179 1006 203 ALExANnEn
1031 179 1075 202 vn
1100 179 1146 202 rr.

1001 237 1071 259 rum
1097 226 1373 267 ceroferariorum,
1398 227 1525 270 quaein
1546 226 1686 271 cappella
1711 231 1741 259 et
1756 247 1763 259 s

545 227 638 262 CLVI.

223 299 347 333 Erectio
382 303 524 342 quatuor
560 299 741 341 officiorum
777 285 985 331 clericorum*

268 352 537 395 ceroferariorum
561 353 727 396 cappellae
748 350 962 396 pontificiaffi.

419 432 587 459 Alexander
608 432 686 465 Papa
705 432 767 466 vn,

344 478 379 502 ad
396 479 574 510 perpetuam
594 477 640 503 rei
660 476 843 503 memoriam.

268 546 283 590 ξ,
311 546 336 579 1.
362 545 445 578 Alias
465 555 532 587 nos,
545 544 599 589 qui
613 545 759 579 decorem
778 545 890 579 domus
903 545 966 586 Dei,
983 552 985 583 ι

225 611 260 633 ex
285 609 348 643 quo
374 598 403 631 in
429 604 547 632 sortem
571 599 695 632 Domini
720 599 820 632 vocati
842 599 967 639 suimus,

224 653 316 687 unice
346 662 472 697 semper
505 652 693 693 dileximus,
725 658 759 686 ut
789 652 966 686 divinorum

225 705 401 739 officiorum
433 705 464 738 in
495 705 638 750 cappella
667 707 775 739 nostra
807 705 968 749 pontificia

225 760 486 794 celebrandorum
515 760 775 804 functionumque
796 759 969 803 pontificia-

224 825 294 848 rum
319 814 462 857 dignitati
488 820 518 847 et
541 813 704 858 splendori
718 814 967 855 consuleremus

224 867 353 903 dilectos
377 868 459 902 filios
484 868 687 912 eappellanos
707 873 833 902 nostros
859 878 968 901 causa-

224 932 296 955 rum
321 922 428 966 palatii
453 922 617 967 apostolici
641 922 802 956 auditores
835 922 965 956 subdia-

225 986 321 1010 conos
332 976 524 1020 apostolieos
536 977 640 1020 primo
654 977 723 1010 loeo
738 976 968 1016 constituimus;

225 1029 355 1063 dilectos
380 1039 455 1063 vero
479 1029 598 1073 pariter
634 1030 716 1063 filios
746 1021 889 1063 camerae
913 1039 969 1062 no-

225 1087 308 1116 strae
332 1082 522 1126 apostolicae
548 1083 678 1117 clericos
699 1082 913 1127 praesidentes
931 1081 968 1114 ad

225 1135 434 1169 assistentiam
459 1141 489 1169 et
511 1135 729 1170 ministerium
766 1136 796 1168 in
828 1135 968 1179 cappella

227 1194 258 1222 et
281 1189 495 1223 functionibus
514 1189 737 1233 pontificibus‘2
754 1189 903 1233 praefatis
920 1199 969 1221 re-

226 1242 408 1277 vocavimus
429 1249 458 1276 et
476 1243 681 1283 restituimus3
700 1253 823 1277 necnon
840 1242 970 1276 dilectos

227 1297 334 1330 itidem
361 1297 442 1331 filios
463 1297 629 1341 utriusque
647 1297 828 1340 signaturae
843 1302 970 1330 nostrae

227 1405 324 1448 lieos,
350 1404 528 1449 suppressis
557 1410 585 1438 et
615 1405 727 1439 amotis
752 1404 820 1437 aliis
845 1404 970 1437 subdia-

228 1458 315 1492 conis
340 1463 369 1491 et
394 1458 547 1502 acolythis
567 1458 746 1502 apostolicis
775 1469 910 1502 quorum
929 1459 970 1491 os-

227 1511 298 1545 ticia
322 1517 411 1544 erant
428 1511 559 1553 venalia,
573 1512 749 1545 creavimus
767 1517 796 1544 et
809 1511 970 1545 constitui-

228 1575 311 1605 mus,
330 1575 365 1598 ac
379 1565 555 1609 presbyteri
571 1564 769 1605 assistentis³‚
783 1564 970 1609 diaconique

228 1624 259 1652 et
278 1619 479 1652 subdiaconi⁴
498 1619 731 1652 venerabilibus
750 1619 899 1652 fratribus
916 1629 969 1652 no-

227 1674 300 1707 stris
326 1674 355 1707 S.
386 1675 418 1707 R.
445 1675 477 1707 Ε,
504 1674 716 1707 cardinalibus
742 1685 796 1707 seu
822 1674 970 1717 praelatis

227 1727 443 1761 assistentibus
476 1728 586 1761 missas
621 1728 778 1761 solemnes
804 1727 834 1759 in
860 1727 968 1761 eadem

228 1781 371 1825 cappella
396 1781 628 1814 celebrantibus
654 1781 899 1815 ministrantium
926 1781 969 1814 ot-

228 1834 297 1867 fieia
330 1845 386 1878 per
418 1835 539 1879 aliquos
565 1846 601 1867 ex
627 1835 786 1868 canonicis
819 1835 970 1868 ecelesiae

228 1888 256 1921 S.
282 1888 405 1921 loannis
425 1889 651 1927 Lateranensis,
666 1898 701 1921 ac
722 1888 869 1921 basilicae
887 1888 988 1930 Prin-3

228 1942 306 1987 cipis
331 1943 565 1986 Apostolorum,
586 1948 613 1975 et
636 1943 786 1976 ecelesiae
807 1942 835 1975 S.
857 1942 970 1975 Mariae

227 1996 352 2029 Maioris
376 1996 414 2029 de
441 1996 523 2030 Urbe
541 1996 714 2040 respective
731 1995 839 2039 peragi
855 1995 970 2028 debere
986 2004 988 2022 Ξ

228 2050 411 2091 statuimus,
437 2050 600 2094 dictosque
626 2051 795 2084 canonicos
821 2050 850 2083 in
878 2051 967 2084 utra*

229 2115 289 2149 que
314 2105 475 2148 signatura
500 2106 608 2138 nostra
634 2105 864 2139 referendarios
888 2115 971 2138 erea-

230 2158 331 2191 vimus
341 2159 360 2175 ⁵·
611 2150 622 2159 ⁸

274 2211 330 2256 5⁶2.
346 2212 434 2245 Nunc
451 2216 566 2254 autem,
584 2217 615 2245 ut
635 2212 825 2245 ministeria6
843 2212 971 2246 clerico-

269 2329 277 2355 1
302 2327 337 2355 Ex
359 2327 464 2362 Regest.
486 2327 512 2354 in
532 2328 632 2354 Secret.
656 2327 732 2354 Brev.

265 2372 281 2398 2
303 2372 392 2399 Potius
409 2372 569 2406 pontificiis
590 2372 732 2407 legendum
752 2373 789 2406 (n.
810 2377 858 2399 int.

266 2417 282 2443 3
298 2416 367 2443 Male
383 2416 448 2442 edit.
466 2415 543 2442 Main.
561 2415 625 2450 legit
641 2416 802 2443 assistentes
818 2423 856 2450 tr..
874 2418 922 2442 TA.

267 2461 282 2487 t
302 2460 371 2487 Edit.
389 2460 466 2487 Main.
485 2460 549 2494 legit
565 2463 590 2487 et
605 2461 832 2495 subdiaconique
852 2468 890 2489 tn.
909 2463 956 2493 '1·.).

267 2505 284 2532 5
300 2505 336 2532 De
352 2504 505 2540 praemissis
517 2504 576 2531 vide
591 2513 674 2540 supra
686 2505 776 2532 (Jonst.
790 2512 873 2531 ‚xtrui
890 2508 914 2532 el
931 2512 972 2532 Lrt

233 2557 293 2585 pag.
310 2549 344 2576 86
359 2553 386 2576 et
400 2549 433 2576 98
450 2551 487 2580 (n.
503 2550 552 2583 τ.),

268 2594 284 2621 6
299 2594 364 2622 Male
380 2594 442 2623 edit.
464 2594 542 2622 Main.
564 2593 628 2631 legit
645 2595 775 2624 misteria
789 2596 827 2632 (u.
844 2596 891 2631 τ.).

1645 169 1708 202 ⁶279

1763 178 1803 204 ln,
1822 178 1850 204 C.
1872 179 1935 206 1057

1763 240 1826 261 iss'iria
1850 240 1939 261 elerico-

1756 274 1800 288 rum
1833 267 1926 287 cerosera

1001 279 1215 312 functionibus
1237 279 1407 323 pontificiis
1431 279 1611 313 huiusmodi
1637 279 1742 312 incon·
1756 300 1834 314 rmum
1855 279 1939 325 cappas

1002 333 1092 365 cinne
1102 337 1131 365 et
1142 332 1286 376 imperite
1303 333 1434 366 antehac
1452 344 1468 365 a
1482 333 1635 377 personis,
1647 337 1742 377 prout
1755 323 1760 343 ¹

1002 396 1091 419 casus
1110 385 1191 426 tulit,
1209 385 1275 418 sine
1293 385 1415 419 delectu
1429 386 1601 430 adsumptis
1616 392 1742 430 peraeta

983 453 984 456 ¹
1002 438 1097 472 fuisse
1122 439 1339 482 eognovimus,
1361 439 1390 471 in
1411 445 1573 483 posterum
1595 440 1743 473 decenter

1002 497 1031 525 et
1044 497 1200 533 accurate,
1213 497 1247 524 ut
1264 503 1322 536 par
1336 497 1391 532 est,
1410 492 1573 533 obeantur,
1589 504 1647 537 pro
1666 494 1742 526 cura

1002 547 1109 580 nostra
1124 546 1273 590 pastorali
1290 546 1457 590 providere
1469 547 1641 590 cupientes,
1656 552 1742 580 motu

1002 599 1154 644 proprio,
1180 605 1209 632 et
1235 610 1270 632 ex
1296 600 1381 632 certa
1413 599 1541 633 scientia
1566 605 1595 632 et
1621 602 1743 633 matura

1003 652 1228 686 deliberatione
1261 653 1399 694 nostris,
1424 653 1525 697 deque
1553 653 1744 696 apostolieae

1002 707 1165 751 potestatis
1186 706 1391 751 plenitudine,
1416 712 1553 751 quatuor
1570 706 1672 740 officia
1687 707 1744 740 ele-

1003 761 1142 795 ricorum
1168 761 1433 795 ceroferariorum
1459 761 1618 805 cappellae
1641 761 1745 804 ponti-

1003 814 1091 848 ficiae
1116 814 1296 859 praedictae
1324 814 1452 848 totidem
1474 814 1597 847 clericis
1614 813 1744 856 idoneis,

1003 868 1055 911 qui
1081 868 1160 901 vitae
1185 873 1215 901 et
1239 878 1363 901 morum
1394 868 1557 901 honestate
1589 866 1744 911 praediti,

1003 932 1038 955 ac
1063 922 1094 954 in
1115 921 1268 965 vigesimo
1288 922 1398 954 saltem
1416 931 1527 955 eorum
1542 920 1651 954 aetatis
1664 930 1745 954 anno

1004 980 1034 1008 et
1059 975 1088 1007 in
1114 980 1250 1019 quatuor
1275 975 1451 1008 minoribus
1480 974 1644 1008 ordinibus
1672 984 1746 1007 eon-

1004 1029 1102 1063 stituti
1130 1029 1201 1071 sint,
1227 1033 1257 1062 et
1282 1038 1344 1062 non
1369 1029 1470 1062 solum
1489 1039 1532 1069 ea,
1554 1038 1634 1071 quae
1659 1038 1676 1060 a
1699 1027 1746 1060 di-

1004 1083 1091 1117 lectis
1112 1083 1205 1116 etiam
1224 1083 1297 1116 filiis
1317 1083 1588 1116 caeremoniarum
1606 1082 1747 1115 eiusdem

1005 1137 1167 1180 cappellae
1193 1136 1352 1180 magistris
1385 1137 1414 1168 in
1447 1136 1588 1180 cappella
1618 1140 1647 1168 et
1672 1136 1744 1168 sun-

1005 1190 1161 1223 ctionibus
1186 1190 1356 1234 pontificiis
1381 1189 1562 1223 huiusmodi
1585 1190 1628 1222 eis
1647 1200 1747 1233 respe-

1005 1244 1084 1277 ctive
1096 1244 1299 1287 iniungentur
1312 1254 1475 1288 peragere,
1487 1244 1540 1277 sed
1555 1244 1646 1278 etiam
1657 1243 1747 1277 nobis

1005 1303 1035 1331 et
1060 1298 1208 1331 Romanis
1224 1298 1427 1331 Pontificibus
1445 1298 1680 1331 suecessoribus
1696 1309 1749 1331 no-

1005 1351 1077 1384 stris
1103 1362 1161 1395 pro
1188 1357 1331 1395 tempore.
1356 1351 1561 1385 existentibus
1586 1351 1746 1384 servitium

1004 1406 1224 1439 auxiliatorum
1256 1405 1422 1446 luissolae,
1458 1405 1510 1449 qui
1549 1405 1748 1438 bussotantes

1005 1459 1099 1502 vulgo
1133 1462 1303 1499 vocantur,
1336 1459 1487 1492 exhibere
1521 1464 1707 1499 teneantur,
1732 1470 1748 1491 a

1004 1513 1095 1546 nobis
1116 1518 1144 1546 et
1171 1513 1281 1545 iisdem
1308 1513 1545 1545 suecessoribus
1562 1513 1677 1546 nostris
1693 1513 1749 1546 Ro-

987 1567 1105 1611 3manis
1131 1566 1336 1600 Pontificibus
1362 1566 1522 1599 dumtaxat
1548 1578 1604 1610 per
1630 1567 1749 1601 litteras

1004 1619 1191 1664 apostolicas
1218 1620 1247 1651 in
1266 1619 1359 1651 simili
1381 1620 1481 1652 fornia
1500 1620 1605 1652 Brevis
1619 1620 1655 1652 ad
1671 1620 1749 1664 ipso-

1006 1685 1074 1706 rum
1091 1674 1279 1706 elerieorum
1303 1674 1407 1714 titani,
1428 1673 1550 1716 quoties
1577 1673 1626 1705 illa
1653 1679 1713 1707 tani
1732 1685 1750 1707 a

1004 1728 1166 1772 primaeva
1188 1738 1298 1761 eorum
1325 1728 1493 1767 erectione,
1521 1738 1614 1771 quani
1630 1733 1748 1772 postea,

986 1781 1272 1825 ,quandocumque
1296 1791 1330 1813 ac
1358 1781 1562 1824 ubicumque,
1584 1786 1613 1813 et
1638 1781 1749 1825 quovis

1005 1835 1099 1868 modo
1125 1845 1235 1867 vacare
1261 1835 1446 1877 eontigerit,
1473 1834 1678 1871 conserenda,
1706 1839 1747 1869 te-

1005 1900 1080 1922 nore
1105 1889 1319 1933 praesentium
1354 1894 1507 1932 perpetuo
1540 1888 1694 1932 erigimus
1720 1895 1750 1922 et

1005 1944 1205 1977 instituimus.
1224 1944 1266 1976 Ae
1285 1944 1369 1987 ipsos
1390 1943 1524 1976 elericos
1542 1944 1750 1977 ceroferarios

1005 1997 1107 2030 ostieia
1140 2009 1157 2029 a
1191 1998 1281 2030 nobis
1316 2009 1373 2041 per
1409 1997 1533 2030 easdem
1568 2001 1750 2041 praesentes

1005 2056 1108 2083 erecta
1133 2051 1313 2083 huiusmodi
1330 2062 1387 2094 pro
1406 2056 1549 2094 tempore
1563 2050 1750 2091 obtinentes,

1004 2109 1034 2137 et
1059 2114 1169 2137 eorum
1196 2104 1353 2147 singulos,
1378 2104 1580 2137 auxiliatores
1605 2104 1750 2137 bussolae

1005 2158 1193 2202 praedictae,
1219 2158 1283 2190 sive
1309 2157 1521 2198 bussoluntes,
1551 2168 1622 2190 cum
1649 2158 1751 2200 provi-

1005 2212 1103 2252 sione,
1130 2212 1260 2253 iuribus,
1286 2211 1418 2251 salariis,
1438 2211 1691 2250 obventionibus,
1707 2222 1752 2244 re-

1005 2265 1105 2308 galiis,
1132 2265 1228 2297 xeniis
1254 2270 1283 2297 et
1304 2265 1527 2298 emolumentis
1553 2263 1749 2308 quibuslibet

1006 2318 1174 2351 ordinariis
1198 2323 1228 2350 et
1258 2317 1518 2351 extraordinariis
1549 2328 1750 2361 quocumque

1006 2371 1133 2405 nomine
1159 2371 1355 2415 nuncupatis,
1381 2381 1460 2414 quae
1472 2370 1510 2403 ab
1528 2371 1596 2402 aliis
1621 2371 1750 2403 auxilia-

1008 2426 1129 2457 toribus
1166 2425 1332 2463 bussolae,
1481 2424 1747 2465 bussolantitas,

1008 2479 1127 2523 percipi
1147 2480 1247 2512 solent
1264 2483 1293 2511 et
1311 2482 1450 2522 possunt,
1465 2488 1499 2510 ae
1518 2483 1751 2522 poteruntque-

1008 2533 1179 2566 niodolibet
1197 2533 1226 2565 in
1245 2534 1396 2573 futurum,
1416 2530 1473 2564 ita¹
1492 2532 1660 2575 concessis,
1682 2543 1751 2567 con-

1372 2425 1436 2456 Sll't)

1044 2596 1055 2622 l
1074 2598 1145 2628 Quae
1162 2595 1259 2623 desunt
1274 2594 1395 2631 suppleat
1412 2593 1498 2622 lector
1513 2593 1584 2622 seius
1600 2595 1636 2631 (u.
1648 2596 1696 2629 T.).

1764 328 1789 342 :tc
1807 322 1938 342 t·=·n¹,n1:1.ie.
