2243 3205
255 207 305 234 Λη.
322 206 350 235 c.
371 207 439 236 1657
485 198 550 233 3⁵22

304 1659 443 1679 Prooemium.

458 263 575 297 mento,
593 255 832 290 confirmatione
851 256 1035 300 apostolica,
1052 258 1101 292 vel
1122 269 1199 303 qua-

459 310 505 342 vis
519 309 668 342 firmitate
685 309 746 342 alia
760 309 929 351 roboratis,
943 311 1065 345 statutis
1084 316 1114 344 et
1130 322 1201 346 con-

459 362 687 404 suetudinibus,
713 363 887 406 ceterisque
912 364 1096 406 contrariis,
1122 371 1178 398 etc.

502 416 615 449 Datum
640 417 757 449 Romae
786 417 868 460 apud
898 416 927 450 S.
952 417 1081 450 Mariam
1106 418 1202 451 Maio-

460 480 537 511 rem,
556 469 614 502 sub
643 470 759 503 annulo
784 470 961 513 Piscatoris,
994 471 1044 504 die
1075 481 1119 504 vn
1143 472 1200 504 dc-

461 522 598 556 cembris
620 531 772 566 rtocnvu,
795 523 995 566 pontificatus
1019 523 1118 557 nostri
1143 533 1200 556 an-

462 587 503 610 no
527 586 570 610 111.

496 638 554 666 Dat.
575 638 619 666 die
639 639 653 666 7
674 638 828 667 decembris
849 640 927 674 1657,
947 640 1043 676 pontif.
1065 648 1134 668 anno
1155 647 1191 668 111.

747 782 922 816 CLXXXIV.

468 862 658 895 Commz'ssz'o
683 863 802 895 nuncio
827 862 1001 906 apostolico
1027 863 1182 907 Neapolis
1197 891 1205 904 ,

510 920 549 948 ut
574 919 663 948 curet
688 915 762 955 sibi,
789 925 844 948 seu
866 916 1013 959 personis
1038 916 1079 950 ab
1103 927 1136 949 eo
1160 916 1210 949 dc-

513 968 671 1012 leqandis,
699 969 888 1012 consiqnarz'
912 970 1095 1014 episcopum
1122 969 1210 1003 Orto-

511 1032 641 1055 nensem
654 1026 682 1054 et
702 1021 923 1065 Camplcnsem
942 1022 1104 1056 detentum
1119 1023 1211 1056 iussu

512 1076 742 1108 ministrorum
774 1076 940 1118 regiorum
970 1076 1007 1108 in
1035 1087 1107 1109 arce
1137 1076 1211 1110 Pis-

513 1128 633 1167 cariae,
661 1131 762 1171 utque
785 1128 885 1160 illum
900 1127 992 1161 Sedis
1008 1129 1212 1172 Apostolz'cae

513 1181 642 1214 nomine
666 1182 803 1225 recipiat
828 1186 857 1214 et
881 1182 1038 1215 custodiri
1061 1183 1188 1226 suciat¹.

470 1263 583 1291 Dilecto
598 1263 660 1290 filio
675 1263 818 1298 magistro
829 1263 907 1291 Iulio
919 1263 1071 1299 spinulae,
1084 1264 1115 1291 in
1131 1264 1213 1292 utra-

508 1315 563 1342 que
584 1307 742 1343 signatura
761 1307 865 1336 nostra
878 1309 1094 1344 referendario,
1111 1312 1213 1337 nostro

507 1356 538 1380 et
565 1353 650 1381 Sedis
678 1352 868 1387 Apostolioae
894 1354 926 1380 in
954 1361 1044 1389 regno
1073 1355 1213 1389 Neapolis

508 1405 629 1433 nuncio,

667 1444 832 1472 Alexander
853 1445 932 1479 Papa
951 1444 1013 1472 vn.

747 1517 861 1546 Dilecte
880 1518 934 1553 fili,

510 1563 641 1590 salutem
662 1565 692 1590 et
712 1563 907 1597 apostolicam
926 1563 1173 1592 benedictionem.

519 1643 534 1686 ξ
558 1642 587 1675 sl.
614 1642 700 1685 Cum,
722 1643 802 1676 sicut
826 1653 888 1676 non
914 1644 981 1676 sine
1007 1643 1093 1686 gravi
1119 1643 1215 1676 animi

474 1695 574 1729 nostri
589 1696 733 1729 molestia
747 1696 937 1740 accepimus,
951 1697 1140 1730 venerabilis
1158 1697 1216 1729 sra-

476 1754 523 1782 ter
547 1749 715 1793 episcopus
750 1750 933 1785 Ortonensis
966 1756 995 1784 et
1026 1750 1216 1794 Camplensis

475 1803 515 1836 ob
539 1804 705 1836 nonnullas
730 1809 911 1848 praetensas
931 1814 1040 1838 causas
1059 1805 1145 1837 iussu
1163 1804 1218 1837 mi-

475 1856 649 1890 nistrorum
666 1857 847 1900 regiorum⁹
864 1858 896 1890 in
912 1868 984 1891 arce
998 1858 1154 1891 piscariae
1167 1857 1218 1891 de-

476 1916 580 1943 tentus
614 1911 708 1944 suerit
732 1915 762 1944 et
794 1911 896 1944 adhuc
921 1911 1115 1944 detineatur:
1140 1921 1196 1945 nos

477 1974 536 2008 pro
560 1964 725 2008 pastoralis
746 1964 840 1998 officii
861 1964 952 1998 nobis
969 1965 1117 1998 divinitus
1135 1975 1219 1999 com-

479 2018 564 2051 missi
590 2018 695 2051 debito
720 2018 889 2062 providere
913 2018 1052 2052 volentes
1081 2024 1115 2052 ut
1146 2029 1219 2063 per-

479 2081 574 2104 sonae
598 2071 737 2104 eiusdem
763 2071 900 2115 episcopi
935 2072 1094 2115 dignitati,
1120 2082 1156 2105 ac
1187 2072 1220 2105 li-

479 2124 592 2157 bertati
607 2129 637 2157 et
661 2124 851 2157 immunitati
871 2125 1109 2166 ecclesiasticae,
1127 2130 1220 2169 atque

481 2178 634 2220 iustitiae,
659 2184 810 2221 quantum
836 2188 907 2211 cum
932 2178 1064 2212 Domino
1088 2179 1218 2222 poterit,

482 2232 674 2272 consulatur,
699 2238 926 2276 sperantesque
946 2237 976 2265 te
1000 2232 1219 2275 gravissimum

481 2285 542 2318 hoc
564 2285 725 2328 negotium
751 2295 787 2318 ex
812 2285 906 2318 animi
939 2286 1037 2319 nostri
1070 2285 1221 2319 sententia

481 2338 653 2372 secundum
671 2338 773 2371 datam
797 2338 850 2372 tibi
881 2349 898 2371 a
924 2339 1057 2373 Domino
1079 2339 1219 2383 pruden-

483 2393 556 2425 tiam
582 2397 612 2425 et
636 2397 806 2436 spectatam
831 2397 916 2425 tuam
942 2392 972 2425 in
997 2403 1054 2426 nos
1082 2398 1111 2426 ct
1140 2394 1222 2437 Apo-

484 2446 627 2480 stolicam
656 2445 769 2479 Sedem
797 2445 890 2479 fidem
923 2452 1107 2489 gesturum,
1136 2452 1223 2481 motu

484 2500 624 2544 proprio,
642 2510 678 2533 ac
699 2509 733 2533 ex
760 2501 845 2534 certa
871 2499 1000 2533 scientia
1024 2501 1142 2542 nostra,
1168 2500 1222 2534 tibi

522 2573 533 2597 1
556 2570 593 2598 Ex
614 2571 723 2605 Regest.
746 2571 771 2598 in
791 2571 892 2599 Secret.
914 2571 990 2598 Brev.

521 2615 539 2642 2
557 2615 627 2643 Edit.
645 2615 722 2644 Main.
739 2616 802 2652 legit
817 2617 969 2652 reqionum
983 2617 1022 2652 (n.
1034 2617 1083 2650 τ.).

1041 209 1221 236 nummum!
1244 210 1399 236 ROMANUM

1987 212 2036 241 An.
2051 213 2080 242 G.
2100 215 2112 243 ¹

1234 259 1405 303 apostolica
1423 259 1608 293 auctoritate
1623 268 1680 303 per
1696 265 1876 303 praesentes
1891 269 1973 294 com·
2002 214 2165 303 commnsiffl

1235 312 1388 345 mittimus
1412 317 1442 345 et
1468 311 1662 353 mandamus,
1687 316 1840 370 quatenus
1864 312 1973 346 sedulo
1989 308 2010 322 '¹²
2025 302 2116 325 '‘mm''

1236 375 1348 406 cur,cs
1373 369 1408 397 ut
1431 364 1667 409 quamprimum
1692 364 1861 409 episcopus
1883 376 1974 410 pr-ae

1237 416 1337 449 dictus
1366 416 1441 459 tihi,
1475 427 1530 450 seu
1565 427 1719 461 personae
1750 417 1797 450 vel
1830 418 1974 461 personis
2005 457 2008 459 ,

1237 479 1331 513 quam
1349 469 1396 502 vel
1413 479 1491 513 quas
1514 469 1553 503 ad
1577 470 1609 503 id
1629 470 1834 513 delegandam
1852 480 1908 504 seu
1923 470 1976 504 de-

1238 522 1387 564 legandas
1404 522 1541 564 duxeris,
1561 522 1660 557 libere
1686 522 1827 556 tradatur
1851 528 1882 557 et
1905 534 1977 557 cum

1239 574 1352 608 effectu
1372 576 1586 619 consignetur,
1614 581 1712 620 utque
1732 585 1803 610 eum
1822 581 1932 611 nostro
1948 580 1979 612 et

1240 629 1420 672 praedictae
1443 629 1531 662 Sedis
1555 629 1734 673 Apostolice
1755 630 1883 663 nomine
1898 631 1980 664 reci·
2012 641 2016 645 ·

1240 681 1306 725 pias
1337 687 1368 715 et
1397 681 1557 723 detineas,
1582 692 1638 716 seu
1670 682 1768 727 recipi
1793 687 1824 716 et
1847 682 1980 717 detineri

1241 734 1356 776 facias,
1382 735 1593 779 eumdemque
1617 745 1772 780 personae
1795 745 1852 770 seu
1875 746 1981 780 perso-

1241 788 1290 820 nis
1314 787 1445 821 minime
1469 789 1640 833 suspectis,
1666 789 1719 822 sed
1744 789 1858 833 quibus
1882 789 1981 824 confi-

1243 839 1317 874 dere
1331 851 1425 885 posse
1438 842 1634 885 indicaveris,
1647 842 1887 877 custodiendum
1901 853 1982 877 com-

1243 893 1358 935 mittas,
1384 894 1422 927 ab
1447 895 1556 938 eisque
1573 895 1610 929 de
1635 906 1672 929 eo
1691 900 1758 929 tuto
1786 906 1822 929 ac
1837 895 1981 940 fideliter,

1243 947 1370 981 nomine
1387 947 1559 992 praedicto,
1576 948 1712 982 tenendo
1732 953 1762 981 et
1778 949 1983 984 custodiendo

1244 999 1456 1034 iuramentum
1474 1001 1618 1045 recipias.
1637 1002 1700 1036 Nos
1716 1001 1799 1035 enim
1818 1001 1874 1035 tibi
1891 1012 1984 1046 prae-

1246 1054 1349 1097 missa,
1366 1064 1489 1088 necnon
1506 1055 1613 1089 omnia
1630 1059 1659 1089 et
1675 1055 1798 1098 singula
1817 1055 1878 1088 alia
1904 1066 1984 1100 quae

1245 1106 1277 1139 in
1301 1107 1361 1140 illis
1385 1112 1416 1141 et
1440 1107 1523 1141 circa
1547 1118 1583 1141 ea
1597 1108 1774 1142 necessaria
1789 1108 1906 1142 fuerint
1929 1119 1985 1142 seu

1245 1161 1484 1205 quomodolibet
1508 1166 1696 1206 opportuna,
1710 1162 1833 1196 etiamsi
1852 1163 1926 1196 talia
1938 1173 1985 1196 es-

1247 1220 1316 1250 sent
1346 1227 1426 1260 quac
1458 1217 1628 1261 specialem
1660 1222 1690 1250 et
1721 1227 1903 1261 expressam
1935 1227 1986 1250 re-

1247 1269 1410 1314 quirerent
1434 1271 1644 1313 mentionem,
1669 1270 1817 1312 faciendi,
1841 1270 1986 1313 dicendi,

1249 1324 1379 1368 gerendi
1404 1330 1434 1358 et
1459 1325 1656 1369 exequendi,
1681 1325 1867 1359 auctoritate
1890 1331 1921 1359 et
1943 1330 1988 1359 te-

1248 1390 1326 1413 nore
1350 1379 1528 1423 praedictis,
1545 1380 1671 1423 plenam
1689 1384 1719 1413 et
1738 1380 1878 1424 amplam
1893 1379 1987 1413 sacul—

1249 1438 1342 1466 tatem
1368 1439 1397 1466 et
1421 1433 1640 1468 auctoritatem
1665 1432 1866 1467 concedimus
1887 1437 1917 1468 et
1932 1433 1987 1466 im-

1249 1487 1414 1531 partimur.

1293 1541 1308 1585 ἓ
1332 1541 1362 1574 ⁶2
1386 1541 1456 1576 Non
1480 1541 1677 1576 obstantibus
1694 1541 1885 1586 apostolicis,
1905 1542 1989 1575 acin
2030 1550 2181 1575 comanam
2220 1535 2221 1540 ’

1249 1595 1478 1629 universalibus
1513 1595 1822 1639 provincialibusque
1846 1600 1877 1628 et
1899 1605 1990 1640 syno-
2005 1577 2062 1599 '⁶¹¹¹'

1250 1649 1372 1682 dalibus
1404 1648 1545 1682 conciliis
1575 1648 1687 1690 editis,
1718 1648 1918 1692 generalibus
1941 1649 1990 1682 vel

1251 1702 1450 1746 specialibus,
1476 1702 1753 1736 constitutionibus
1770 1707 1800 1736 et
1820 1702 1992 1736 ordinatio-

1251 1757 1364 1798 nibus,
1389 1756 1564 1800 ceterisque
1588 1756 1754 1790 contrariis
1782 1756 1991 1800 quibuscum-

1252 1820 1320 1853 que.

1295 1863 1406 1897 Datum
1431 1863 1564 1904 Romae,
1592 1863 1676 1907 apud
1696 1863 1725 1897 S.
1751 1862 1882 1896 Mariam
1902 1862 1994 1896 Maio·

1211 1940 1218 1953 ‚
1253 1928 1337 1958 rem,
1364 1918 1420 1950 sub
1444 1917 1560 1951 annulo
1585 1917 1761 1960 Piscator-is,
1788 1916 1839 1949 die
1867 1926 1909 1950 xv
1933 1915 1990 1949 de-

1253 1971 1390 2006 cembris
1410 1981 1549 2013 MDCLvu,
1579 1970 1781 2015 pontificatus
1805 1970 1905 2004 nostri
1937 1979 1992 2003 an-

1253 2036 1294 2059 no
1319 2036 1362 2059 111.

1289 2088 1347 2116 Dat.
1364 2088 1408 2116 die
1425 2088 1456 2115 15
1471 2087 1625 2116 decembris
1642 2087 1720 2122 1657,
1735 2086 1830 2123 pontif.
1848 2094 1918 2115 anno
1933 2093 1975 2114 111.

1541 2248 1705 2282 CLXXXV.

1257 2338 1436 2374 Ιηηουαιίο1
1450 2339 1577 2379 statuti,
1592 2338 1679 2383 quod
1695 2338 1845 2372 canonici
1857 2338 1889 2373 S.
1905 2339 1997 2373 Ioan-

1302 2394 1354 2426 m's
1384 2392 1612 2425 Lateo-anemis
1641 2391 1678 2425 de
1712 2392 1794 2425 Urbe
1827 2395 1998 2426 teneantur

1302 2445 1344 2479 acl
1367 2444 1553 2478 solvendam
1578 2444 1717 2478 mediam
1744 2448 1903 2479 armatam
1927 2445 1997 2488 fru-

1303 2503 1413 2532 ctuum
1436 2499 1539 2543 primi
1564 2500 1645 2533 anni
1668 2509 1803 2532 suorum
1826 2499 1998 2533 canonica·
2034 2514 2037 2517 ·

1296 2616 1309 2643 1
1331 2615 1400 2643 Edit.
1421 2615 1499 2644 Μαίη.
1521 2616 1586 2652 legit
1605 2616 1751 2645 Invocatio
1771 2616 1810 2651 (a.
1829 2619 1877 2650 T.).

2172 90 2173 93 ¹
2214 122 2218 163 t

2211 207 2217 248 ¹,
2224 207 2226 210 ,

2215 280 2217 309 i
