2185 3188
17 201 63 229 An.
86 201 113 226 G.
136 199 203 228 1655

61 2131 215 2154 consczsartum

33 2160 110 2186 eligere
128 2163 215 2187 possint.

818 196 1003 221 ALEXAADEP.
1029 197 1072 220 vu
1097 195 1144 221 1⁷1³.

1659 187 1699 220 79

211 246 476 292 parochianorum
501 245 709 287 habentibus,
732 255 789 289 per
814 255 867 278 eos
896 255 954 289 pro
989 244 1098 288 quavis
1123 244 1289 278 occasione
1314 245 1362 278 vel
1387 245 1480 278 causa
1505 244 1596 286 latis,
1622 248 1652 278 et
1675 255 1732 288 per

213 306 354 346 tempore
378 301 526 341 obtentis,
545 300 638 334 etiam
663 299 701 332 de
726 299 804 340 iure,
826 302 953 339 statuto,

213 355 393 388 fundatione
418 355 465 387 vel
491 354 658 398 privilegio
682 352 880 397 personalem
910 362 956 385 re-

214 408 377 442 sidentiam
393 408 635 452 requirentibus,
650 406 769 441 etiamsi
788 405 955 448 dignitates

215 463 246 496 iu
271 462 521 507 metropolitanis
547 463 593 495 vel
619 460 852 495 cathedralibus
888 471 956 492 ma-

215 516 297 550 iores
322 521 351 549 et
373 516 403 549 in
422 516 594 559 collegiatis
613 514 754 549 ecclesiis
775 513 956 547 huiusmodi
973 530 975 541 r

215 569 404 614 principales
429 569 559 609 suerint,
585 567 793 613 personaliter
819 566 975 600 resideret

215 633 278 657 non
294 628 470 664 teneantur,
488 633 545 656 nec
562 622 598 655 ad
614 622 644 655 id
662 621 728 666 pei-¹
743 622 885 655 locorum
900 620 956 654 Or-

216 676 365 718 dinariOS,
393 687 448 710 seu
477 676 680 710 ecclesiarum
702 674 886 708 earumdem
912 685 958 707 ca-

217 729 326 774 pitula,
356 734 408 763 aut
435 729 562 773 quosvis
586 729 664 762 alios
688 728 726 761 ad
756 727 958 761 residendum

218 782 344 815 interim
369 783 400 815 in
425 782 485 816 illis
521 783 608 816 inviti
642 782 788 826 compelli
820 781 958 825 possint,

218 846 388 880 omnesque
414 840 443 870 et
471 836 611 879 singulos
637 836 762 870 illorum
795 834 960 869 beneficio-

219 900 290 923 rum
306 890 506 924 obtentorum
539 891 660 923 fructus
685 895 714 923 ct
738 889 878 922 redditus
902 887 959 921 du-

220 948 309 977 rante
333 944 460 978 servitie
487 944 648 988 praedicto
674 954 745 977 cum
771 944 807 976 ea
833 941 961 985 integri-

220 1002 282 1030 tate
296 997 584 1041 (distributionibus
597 997 788 1042 quotidianis
801 996 962 1029 dumtaxat

222 1051 371 1096 exceptis)
399 1062 470 1085 cum
497 1062 559 1095 qua
584 1051 653 1085 illos
689 1050 910 1095 perciperent,
936 1049 961 1082 si

222 1105 254 1138 in
271 1105 389 1138 eisdem
414 1105 553 1138 ecclesiis
570 1105 635 1138 sive
658 1105 735 1138 locis
754 1103 962 1148 personaliter

223 1159 406 1201 residerent,
432 1159 618 1203 percipere,
643 1158 769 1202 exigere
794 1163 824 1191 ct
848 1158 962 1198 levare,

222 1213 349 1257 proviso
374 1217 478 1246 tamen
503 1223 560 1257 per
581 1223 633 1247 eos
658 1218 691 1245 ut
723 1222 820 1246 onera
844 1211 962 1244 eisdem

224 1267 429 1310 dignitatibus
453 1272 483 1300 et
506 1267 667 1300 beneficiis
684 1265 795 1310 quovis
811 1265 905 1299 modo
922 1265 965 1297 in-

226 1320 403 1354 cumbentia
420 1330 559 1363 congrue
578 1323 813 1364 supportentur,
829 1328 964 1359 necnon,

227 1374 348 1407 etiamsi
384 1374 557 1418 presbyteri
589 1374 704 1407 suerint
739 1384 774 1406 ac
799 1372 965 1416 dignitates

230 1432 260 1460 et
283 1427 385 1460 officia
409 1427 614 1467 obtinuerint,
628 1428 713 1470 leges
731 1433 761 1460 et
778 1427 846 1459 iura
864 1426 965 1459 civilia

231 1480 323 1513 etiam
344 1479 468 1523 publice
485 1480 515 1512 in
533 1480 648 1513 scholis
666 1485 696 1513 et
710 1480 966 1513 universitatibus

230 1533 404 1567 studiorum
431 1534 624 1576 generalium
649 1534 687 1566 ad
717 1534 966 1577 quinquennium

230 1588 410 1629 dumtaxat,
443 1588 615 1622 dummodo
650 1588 744 1621 iidem
769 1588 966 1631 trigesimum

229 1642 337 1675 aetatis
354 1651 470 1674 annum
488 1652 549 1674 non
568 1642 766 1684 excesserint,
785 1642 905 1682 audire,
923 1652 968 1682 ac,

229 1695 254 1728 si
274 1695 392 1728 habiles
417 1700 448 1728 et
472 1695 661 1728 sufficientes
686 1696 802 1739 reperti
833 1696 968 1735 suerint,

230 1748 322 1781 etiam
340 1748 378 1781 ad
392 1748 573 1781 doctoratus
590 1748 722 1791 gradum
738 1749 768 1781 in
786 1748 968 1781 huiusmodi

229 1802 374 1835 facultate
406 1812 437 1835 se
468 1802 649 1845 promoveri
685 1802 808 1843 facere,
840 1802 969 1846 ipsaque

230 1856 298 1889 iura
322 1856 414 1889 etiam
439 1855 563 1899 publice
588 1855 712 1896 docere,
730 1861 822 1900 atque
847 1855 967 1897 iudicis,

229 1908 369 1942 advocati
387 1914 416 1942 et
429 1909 644 1953 procuratoris
659 1909 808 1951 osticium,
822 1910 852 1942 in
869 1909 969 1942 causis

230 1963 448 1997 ecclesiasticis
465 1967 495 1996 ct
511 1963 654 1996 civilibus
673 1969 803 2003 tantum,
821 1974 969 1997 exercere

230 2017 328 2050 libere
352 2022 381 2050 ct
404 2016 487 2050 licite
512 2017 632 2061 possint
652 2023 683 2049 et
701 2018 831 2060 valeant,
849 2017 887 2049 de
904 2027 970 2061 spe-

231 2069 316 2103 cialis
341 2070 423 2103 dono
448 2070 565 2113 gratiae
586 2071 813 2115 dispensamus.

275 2124 290 2168 ἓ
315 2124 342 2157 5.
369 2123 471 2158 Liceat
494 2135 619 2168 quoque
645 2124 719 2168 ipsis
737 2129 892 2157 eteorum
912 2125 970 2157 sin-

231 2178 312 2221 gulis
336 2179 471 2222 aliquem
497 2178 660 2221 idoneum,
687 2183 716 2211 et
740 2178 778 2211 ab
804 2177 970 2212 Ordinario

231 2232 290 2266 loci
308 2232 530 2276 approbatum,
547 2232 764 2276 presbyterum
785 2233 970 2273 secularem,

232 2287 278 2319 vel
303 2285 439 2319 cuiusvis
460 2285 584 2319 Ordinis
609 2287 798 2329 regularem,
823 2287 853 2319 in
878 2297 969 2319 suum

232 2339 348 2382 eligere
373 2338 595 2380 consessorem,
620 2340 683 2384 qui,
705 2340 766 2373 vita
785 2340 829 2373 eis
847 2340 971 2381 comite,

232 2403 285 2427 eos
310 2398 340 2426 ct
365 2393 506 2436 ipsorum
537 2393 676 2436 singulos
693 2404 710 2427 a
733 2394 894 2438 quibusvis
919 2405 971 2427 ex-

233 2446 547 2487 communicationis,
576 2448 790 2491 suspensionis
815 2453 845 2482 et
870 2449 968 2482 interm

232 2501 316 2543 dicti,
331 2501 463 2544 aliisque
477 2501 696 2534 ecclesiasticis
714 2503 884 2544 sententiis,
901 2513 972 2536 cen-

234 2555 314 2588 suris
339 2558 368 2588 et
392 2554 523 2599 poenis,
549 2565 565 2587 a
591 2555 658 2588 iure
682 2556 729 2589 vel
753 2556 791 2590 ab
823 2557 971 2600 homine,

270 2617 280 2645 1
298 2617 394 2652 Praep.
408 2625 459 2653 per
474 2625 523 2645 nos
538 2617 661 2646 addimus
675 2620 711 2651 (n.
728 2620 777 2655 T.).

989 308 1042 332 eos
1067 298 1211 339 incursis,
1230 303 1259 331 et
1277 298 1393 342 quibus
1410 298 1494 343 ipsos
1511 309 1569 342 pro
1586 303 1733 342 tempore

991 351 1153 395 illaqueari
1179 351 1357 394 contigerit,
1379 356 1408 383 et
1428 351 1550 384 etiamsi
1578 350 1733 384 absolutio

989 404 1080 438 nobis
1112 409 1142 438 et
1172 404 1407 437 successoribus
1435 404 1551 437 nostris
1584 403 1733 437 Romanis

991 458 1194 492 Pontificibus
1208 468 1267 502 pro
1280 462 1424 501 tempore
1441 457 1647 490 existentibus
1669 467 1734 501 spe-

991 512 1111 545 cialiter
1136 512 1184 545 vel
1210 511 1401 554 generaliter
1425 517 1584 544 reservata
1605 511 1734 552 existat,

991 577 1027 600 ac
1040 577 1057 599 a
1071 576 1345 610 quorumcumque
1372 571 1516 598 votorum
1537 570 1567 598 et
1584 565 1736 599 ecclesiae

992 625 1236 664 praeceptorum
1263 619 1579 662 transgressionibus,
1604 618 1736 652 homici-

992 674 1043 707 dio
1068 673 1195 713 casuali,
1211 682 1362 706 manuum
1378 672 1586 705 violentarum
1606 672 1636 704 in
1648 682 1737 716 quas-

992 728 1037 760 vis
1072 737 1223 772 personas
1260 727 1353 759 etiam
1390 726 1639 767 ecclesiasticas,
1674 736 1737 759 non

993 787 1097 814 tamen
1115 780 1281 825 episcopos
1302 780 1350 813 vel
1370 780 1551 824 superiores
1569 780 1737 824 praelatos,

993 836 1031 870 de
1048 836 1218 880 praeterito
1236 835 1467 875 iniectionibus,
1482 845 1535 867 seu
1550 833 1673 868 consilii
1691 834 1738 867 vel

993 890 1108 923 favoris
1132 890 1171 922 ad
1196 889 1227 922 id
1251 888 1523 933 praestationibus,
1549 888 1739 921 ieiuniorum

994 944 1230 985 omissionibus,
1257 942 1397 978 necnon¹
1428 942 1620 976 recitationis
1649 943 1739 976 hora-

995 1008 1066 1031 rum
1088 997 1312 1031 eanonicarum
1339 997 1537 1041 aliorumque
1560 996 1740 1030 divinorum

995 1052 1195 1093 officiorum,
1227 1062 1263 1085 ac
1296 1051 1431 1095 denique
1463 1050 1501 1083 ab
1533 1050 1679 1084 omnibus
1710 1054 1742 1083 et

997 1106 1249 1150 quibuscumque
1274 1105 1343 1138 aliis
1367 1115 1477 1138 eorum
1504 1104 1652 1148 peccatis,
1678 1103 1740 1137 cri-

999 1159 1144 1200 minibus,
1162 1159 1342 1191 excessibus
1367 1164 1397 1191 et
1422 1158 1552 1199 delictis,
1574 1162 1741 1201 quantum-

997 1222 1133 1256 cumque
1165 1212 1314 1256 gravibus
1347 1217 1375 1245 et
1407 1211 1614 1251 enormibus,
1647 1210 1740 1243 etiam

999 1265 1111 1298 talibus
1137 1270 1266 1309 propter
1291 1276 1372 1309 quae
1388 1265 1483 1298 Sedes
1504 1264 1664 1308 praedicta
1681 1274 1743 1297 me-

999 1320 1059 1353 rito
1084 1320 1275 1352 consulenda
1291 1320 1378 1359 soret,
1393 1318 1537 1351 videlicet
1554 1329 1570 1351 a
1588 1317 1742 1351 contentis

999 1375 1029 1407 in
1062 1374 1174 1407 litteris
1205 1374 1255 1406 die
1286 1373 1406 1406 Coenae
1438 1373 1561 1406 Domini
1587 1371 1744 1417 publicari

1000 1428 1168 1469 consuetis,
1193 1428 1291 1460 semel
1318 1432 1437 1460 tantum
1458 1427 1488 1459 in
1506 1426 1567 1460 vita
1584 1431 1614 1459 et
1633 1426 1743 1459 mortis

1000 1482 1144 1522 articulo,
1170 1482 1200 1514 in
1226 1482 1355 1525 rcliquis
1374 1492 1448 1514 vero
1466 1481 1566 1514 dictae
1584 1480 1655 1514 Sedi
1669 1491 1745 1524 quo-

1002 1535 1174 1569 modolibet
1205 1535 1391 1577 reservatis,
1418 1534 1549 1578 aliisque
1582 1533 1745 1578 quibusvis

1002 1589 1137 1629 casibus,
1155 1589 1251 1621 semel
1279 1589 1308 1621 in
1329 1599 1421 1628 anno,
1443 1587 1693 1621 confessionibus
1709 1587 1746 1620 il-

1003 1642 1106 1675 lorum
1131 1642 1298 1683 diligenter
1316 1641 1440 1681 auditis,
1465 1641 1530 1673 sine
1563 1644 1665 1674 tamen
1689 1639 1746 1672 ali-

1003 1696 1091 1728 cuius
1117 1695 1330 1739 praeiudicio,
1356 1694 1540 1727 auctoritate
1574 1693 1747 1737 apostoliea

1003 1749 1176 1790 absolvere,
1202 1754 1231 1781 et
1257 1748 1316 1781 illis
1342 1759 1399 1792 pro
1430 1747 1607 1781 commissis
1632 1747 1743 1792 poeni-

1003 1803 1130 1835 tentiam
1156 1813 1214 1847 pro
1240 1802 1334 1835 modo
1355 1802 1465 1846 culpae
1488 1802 1652 1845 iniungere
1669 1801 1748 1834 salu-

1004 1862 1113 1896 tarem,
1140 1866 1262 1889 necnon
1288 1861 1358 1888 vota
1384 1865 1604 1899 quaecumque
1629 1855 1744 1898 (ultra-

1004 1909 1149 1950 marino,
1184 1909 1369 1942 visitationis
1406 1909 1551 1942 liminum
1580 1909 1746 1942 beatorum

1004 1963 1085 1997 Petri
1112 1968 1141 1996 et
1167 1963 1251 1996 Pauli
1278 1963 1507 2007 apostolorum,
1534 1962 1747 2006 castitatisque

1003 2023 1033 2050 et
1059 2017 1221 2060 religionis
1247 2017 1326 2050 votis
1351 2016 1511 2051 dumtaxat
1535 2017 1691 2062 exceptis)
1718 2017 1748 2049 in

1004 2071 1062 2104 alia
1089 2071 1212 2115 pietatis
1238 2082 1335 2115 opera
1361 2076 1567 2104 commutare.

1050 2125 1064 2168 ἓ
1089 2125 1118 2158 6.
1145 2125 1187 2157 Ac
1212 2125 1304 2158 etiam
1331 2124 1459 2164 eisdem,
1489 2134 1663 2168 eorumque
1688 2125 1748 2157 sin-

1005 2180 1107 2223 gulis,
1140 2185 1174 2212 ut
1206 2179 1397 2223 quicumque
1422 2179 1565 2211 locorum
1591 2179 1747 2212 Ordinarii

1006 2234 1052 2267 vel
1079 2234 1220 2267 canonici
1249 2234 1561 2278 metropolitanarum
1591 2245 1644 2266 seu
1673 2235 1747 2267 alia-

1006 2299 1075 2320 rum
1102 2287 1330 2321 cathedralium
1357 2287 1563 2320 ecclesiarum
1595 2292 1647 2321 aut
1675 2299 1747 2332 per-

1005 2352 1099 2374 sonae
1115 2341 1142 2373 in
1156 2340 1306 2384 dignitate
1325 2341 1534 2373 ecelesiastica
1551 2340 1747 2383 constitutae,

1006 2401 1068 2428 tam
1089 2395 1118 2427 in
1137 2395 1220 2428 dicta
1238 2395 1323 2428 curia
1345 2406 1438 2438 quam
1460 2400 1546 2427 extra
1565 2395 1747 2437 eam,ctiam

1006 2450 1043 2482 ad
1070 2449 1099 2481 id
1125 2460 1182 2493 per
1207 2459 1260 2482 eos
1278 2454 1331 2481 aut
1348 2459 1457 2481 eorum
1476 2449 1618 2492 singulos
1643 2460 1748 2482 coram

1006 2503 1129 2537 notario
1166 2508 1195 2535 et
1227 2503 1357 2536 testibus
1389 2503 1449 2536 side
1481 2503 1584 2547 dignis
1613 2504 1748 2547 eligendi

1044 2575 1053 2601 1
1074 2575 1103 2601 In
1120 2575 1179 2601 loco
1195 2574 1289 2609 parall.
1306 2583 1366 2610 sup.
1384 2582 1444 2610 pag.
1462 2574 1496 2602 50
1512 2575 1537 2609 b,
1555 2579 1581 2602 ct
1596 2575 1670 2607 alibi,
1686 2575 1750 2611 legi-

1008 2623 1050 2647 tur
1070 2619 1237 2656 exceptionis
1259 2619 1337 2648 modo
1358 2628 1415 2648 non
1437 2623 1533 2648 (amen
1553 2622 1590 2656 (n.
1611 2620 1658 2656 T.).

1746 194 1795 222 An.
1811 195 1838 222 C.
1864 196 1929 222 1e55

1791 2137 1904 2157 ron—annos
1915 2142 1948 2157 us·

1764 2170 1803 2190 que
1812 2164 1837 2184 ad
1847 2170 1948 2184 summam

1763 2192 1844 2210 centum
1861 2191 1947 2210 ‹lucatu-

1764 2224 1807 2237 rutn
1824 2217 1849 2237 de
1862 2219 1947 2237 canneta

1764 2250 1872 2265 reservare
1901 2249 1947 2270 pos·

1763 2273 1818 2291 suut.
