2185 3188
17 176 78 215 wa,
97 180 207 209 &1657

219 227 278 260 sito
302 226 429 267 colore
449 225 605 269 ingenio,
630 227 746 265 causa,
771 227 891 260 ratione
918 236 953 258 a«

219 333 458 367 commodentur
490 338 542 365 aut
567 333 769 367 extrahantur
793 339 823 366 ct
846 343 954 376 aspoi-

219 392 321 420 tentur
345 386 530 430 permittere
560 392 613 419 aut
637 387 814 420 consentire
845 380 973 423 audeat}

217 450 271 472 seu
287 444 474 483 praesumat,
492 439 550 471 sub
567 439 898 473 excommunicationis
915 439 956 471 la·
971 426 973 443 ¹

217 498 265 526 tae
299 491 470 525 sententiae
499 502 535 525 ac
562 492 748 535 privationis
773 493 856 525 vocis
881 492 955 525 acti-

216 555 271 577 vae
287 549 316 577 et
332 544 472 588 passivae
487 544 606 587 poenis,
625 554 681 587 per
698 545 955 578 contrafacientes
972 567 973 583 Γ

3 636 5 643 Ι
217 608 253 630 eo
277 597 344 640 ipso
377 596 494 639 absque
525 596 584 628 alia
616 596 826 630 declaratione
851 584 974 630 incur-¹

3 652 7 690 l
216 650 331 691 rendis,
344 650 517 693 apostolica
534 650 728 691 auctoritate,
744 656 851 683 tenore
870 661 956 694 prae-

217 704 359 744 sentium,
385 703 600 737 interdicimus
625 709 655 736 et
678 704 892 747 prohibemus.

261 757 276 800 ἓ
299 755 328 788 2.
354 756 421 789 Non
455 756 650 789 obstantibus
681 757 955 790 constitutionibus

217 815 247 842 et
270 809 520 843 ordinationibus
545 809 747 852 apostolicis,
780 810 955 853 ceterisque

217 862 382 896 contrariis
406 862 669 906 quibuscumque.

260 916 275 959 ξ
298 915 328 948 3.
348 915 497 948 Volumus
515 921 617 948 autem
635 921 669 948 ut
694 915 869 959 praesentis
886 926 955 959 pro-

6 944 11 1001 l
216 968 376 1002 bibitionis
391 968 499 1012 copiae
517 968 547 1000 in
565 968 662 1001 valvis
679 969 953 1009 bibliothecarum,

8 1009 11 1056 l
216 1033 270 1056 seu
294 1023 355 1055 alio
380 1022 551 1066 conspicuo
570 1022 649 1061 loco,
670 1033 732 1066 quo
749 1022 788 1055 ab
808 1022 954 1056 omnibus

8 1061 13 1131 l
217 1076 300 1110 cerni
319 1076 447 1120 possint,
465 1076 613 1109 continuo
630 1076 741 1108 affixae
761 1081 953 1117 remaneant,

10 1152 14 1181 Ι
217 1129 363 1173 quodque
397 1129 610 1173 praesentium
647 1130 876 1173 transumptis,
900 1140 955 1162 seu

10 1186 15 1235 Ι
217 1183 376 1227 exemplis,
394 1182 486 1215 etiam
513 1181 685 1226 impressis,
704 1193 799 1215 manu
823 1182 954 1228 alicuius

11 1237 15 1253 l

33 770 134 792 obstantia
145 769 203 789 tollit.

63 928 202 954 ‘transumpto-

31 960 72 976 ΥΙΙΙΙΙ
85 955 140 976 fides.

217 1236 330 1269 notarii
355 1236 550 1280 subscriptis,
569 1241 598 1268 et
625 1236 728 1279 sigillo
752 1246 906 1279 personae
924 1236 954 1268 in

217 1288 426 1322 ecclesiastica
443 1288 593 1332 dignitate
614 1288 798 1321 constitutae
817 1289 953 1330 munitis,

217 1341 325 1374 eadem
350 1352 481 1385 prorsus
506 1341 583 1374 tides
607 1341 724 1385 ubique
748 1345 809 1375 tam
829 1342 860 1374 in
878 1341 955 1374 iudi-

14 1437 17 1443 .
218 1394 266 1427 cio
293 1405 387 1438 quam
413 1399 500 1427 extra
533 1394 608 1427 illud
638 1394 844 1434 adhibeatur,
875 1405 953 1437 quae

15 1469 18 1505 λ
218 1448 292 1492 ipsis
315 1448 533 1492 praesentibus
557 1448 778 1488 adhiberetur,
803 1448 827 1481 si
853 1448 955 1481 forent

217 1501 370 1534 exhibitae
395 1502 443 1534 vel
467 1506 619 1536 ostensae.

260 1555 369 1588 Datum
390 1556 522 1597 Romae,
547 1555 629 1599 apud
657 1556 685 1588 S.
712 1556 839 1588 Mariam
859 1556 953 1589 Maio-

218 1618 293 1650 rem,
309 1608 366 1640 sub
384 1609 499 1641 annulo
520 1608 696 1648 piscatoris,
716 1608 765 1640 die
788 1618 806 1640 v
824 1614 954 1651 septem-

217 1661 281 1694 bris
298 1671 436 1702 MDCLVH,
456 1661 656 1706 pontificatus
680 1662 778 1695 nostri
804 1672 884 1694 anno
910 1673 952 1696 111.

251 1723 308 1751 Dat.
325 1724 368 1751 die
383 1725 399 1751 5
413 1725 576 1760 septembris
591 1725 669 1759 1657,
687 1724 781 1760 pontif.
800 1733 870 1751 anno
885 1731 922 1752 111.

507 1867 662 1900 CLXVlll.

218 1946 401 1980 Facultates
434 1948 578 1992 episcopo
603 1947 809 1980 Mariancnsi
832 1952 860 1979 et
884 1947 952 1980 Ac-

261 2000 359 2032 ciensi
375 2001 460 2033 circa
475 2005 560 2044 peste
576 2001 708 2043 infectos
722 2005 750 2032 et
766 2004 923 2044 suspectos
934 1999 951 2032 ¹.

268 2079 434 2107 venerablli
455 2080 541 2107 fratri
563 2079 701 2114 episcopo
722 2079 904 2107 Marianensi

478 2127 509 2151 et
528 2123 686 2156 Acciensi,

25 2198 28 2215 ,
408 2178 572 2204 Alexander
598 2178 677 2211 Papa
695 2177 757 2204 vn.

427 2239 613 2266 Venerabilis
633 2239 740 2271 frater,

252 2283 378 2311 satutem
399 2286 429 2310 et
450 2283 646 2316 apostolicam
666 2283 915 2311 benedictionem.

62 2357 205 2382 eon-iurem
262 2352 277 2395 5
299 2353 329 2386 1.
353 2354 438 2392 Cum,
459 2354 538 2386 sicut
558 2354 649 2386 nohis
665 2363 766 2397 nuper
783 2353 895 2396 ‹xponi
915 2354 953 2385 fe-

40 2385 142 2409 ptenarium
159 2393 206 2413 pec·

39 2413 208 2465 ‘gffiffgflssdss
219 2404 296 2446 cisti,
322 2406 350 2438 in
376 2406 530 2449 aliquibus
557 2406 642 2439 istius
667 2407 786 2438 insulae
811 2406 952 2439 Corsicae

47 2465 114 2485 nunt
131 2457 294 2491 ammulocis
318 2460 412 2502 pestis
437 2460 572 2501 grassari
599 2459 748 2502 eoeperit,
771 2465 864 2502 tuque
891 2470 954 2491 me-

30 2558 33 2575 l

256 2577 265 2601 1
285 2575 320 2602 Ex
337 2575 440 2611 [legest.
459 2577 483 2602 in
500 2576 600 2603 ,cerret
619 2575 695 2602 Brexu

816 175 1002 203 ALExANDER
1026 175 1070 200 vn
1094 176 1143 200 ΡΡ

219 280 381 314 occasione
406 280 570 313 extiahere
595 285 625 312 et
650 285 896 324 asp01ta10,scu
921 285 971 312 ut
987 282 1017 309 et
1036 277 1196 310 dioeceses
1213 282 1284 311 tuae
1305 277 1506 310 Matianensis
1524 281 1553 309 et
1569 267 1868 309 Acciensis¹s·1“aa'i'm2r

971 329 1121 377 *laticem
1154 330 1303 362 canonice
1335 330 1439 361 unita·

1472 329 1669 367 inficiantut‚
1698 332 1728 360 et

988 388 1157 427 propterea
1190 387 1317 415 tuorum
1343 382 1600 415 dioecesanorum
1616 409 1623 421 ‚
1648 391 1727 425 quos

971 448 973 470 ;
988 441 1074 479 peste
1085 435 1196 479 (quod'
1212 436 1292 468 Deus
1305 436 1436 477 avertat)
1449 435 1530 467 infici
1542 434 1726 477 coming-eff,

990 489 1096 533 eisquc
1127 500 1219 533 opem
1252 495 1282 521 et
1314 489 1463 521 auxilium
1496 499 1554 532 pro
1585 494 1727 532 tempore

990 542 1216 586 praestantium
1252 542 1407 585 spirituali
1442 541 1646 575 consolationi
1671 551 1728 584 per

990 607 1046 629 nos
1057 596 1178 629 consuli
1195 606 1397 639 summopere
1411 595 1582 628 desideres:
1596 605 1663 635 nos,
1677 605 1728 638 pa-

990 649 1138 682 storalem
1163 649 1405 682 sollicitudinem
1436 654 1520 681 tuam
1554 648 1726 691 plurimum

991 702 1020 734 in
1045 703 1178 736 Domino
1198 702 1464 740 commendantes,
1482 707 1509 734 et
1535 701 1586 744 pio
1610 700 1729 733 deside-

991 756 1037 788 rio
1056 761 1108 789 tuo
1132 756 1190 789 hac
1208 756 1237 788 in
1259 760 1348 799 parte
1368 764 1507 787 annuere
1525 754 1673 793 volentes,
1689 753 1727 785 de

990 808 1214 852 omnipotentis
1234 808 1288 840 Dei
1314 807 1531 840 misericordia
1554 817 1589 839 ac.
1609 806 1654 839 Ss.
1677 806 1728 838 Pe-

990 860 1027 893 tri
1054 867 1082 893 et
1107 861 1192 894 Pauli
1210 861 1426 904 apostolorum
1452 860 1519 893 eius
1543 858 1728 892 auctoritate

989 914 1109 954 contisi,
1127 914 1275 947 omnibus
1292 919 1322 947 et
1346 913 1478 956 singulis
1502 913 1666 956 utriusque
1683 921 1729 944 se-

990 977 1044 1000 xus
1070 967 1327 1000 clu‘istitidelibus
1352 967 1383 999 in
1409 966 1585 1000 civitatibus
1601 971 1630 998 et
1647 965 1729 998 dioe-

989 1020 1113 1053 cesibus
1138 1020 1307 1064 praedictis
1328 1025 1413 1064 peste
1434 1018 1532 1063 <quod
1556 1019 1649 1062 absit)
1669 1029 1728 1062 pro

989 1078 1131 1117 tempore
1156 1073 1291 1113 infectis,
1317 1078 1347 1106 et
1370 1072 1580 1116 presbyteris,
1605 1072 1659 1115 qui
1684 1071 1728 1103 eis

989 1136 1043 1159 seu
1068 1126 1104 1159 de
1122 1126 1217 1170 pestis
1235 1125 1416 1158 huiusmodi
1434 1125 1600 1158 infectione
1624 1134 1729 1167 suspe-

989 1179 1046 1211 ctis
1062 1180 1219 1212 Ecclesiae
1236 1183 1431 1212 sacramenta
1455 1177 1727 1216 administrabunt,

989 1243 1023 1265 ac
1042 1233 1171 1265 medicis
1195 1243 1250 1265 seu
1273 1231 1442 1274 chirurgis,
1459 1231 1511 1274 qui
1530 1230 1647 1263 eisdem
1667 1240 1729 1262 me-

988 1285 1162 1325 debuntur,
1193 1295 1316 1319 necnon
1337 1285 1484 1318 omnibus
1509 1284 1580 1324 illis,
1604 1284 1656 1328 qui
1682 1284 1726 1316 eis

990 1340 1019 1372 in
1040 1350 1150 1373 eorum
1175 1339 1423 1379 necessitatibus,
1439 1349 1475 1372 ac
1495 1338 1726 1379 obstetricibus,

988 1403 1068 1436 quae
1086 1392 1271 1425 mulieribus
1287 1397 1374 1436 peste
1399 1391 1520 1424 infectis
1535 1401 1588 1423 scu
1606 1390 1644 1422 de
1661 1391 1727 1423 eius

990 1446 1154 1479 infectione
1186 1445 1340 1489 suspectis
1365 1444 1396 1476 in
1421 1454 1528 1477 earum
1561 1448 1652 1487 partu
1677 1453 1727 1476 asn

989 1499 1112 1539 sistent,
1141 1509 1261 1532 necnon
1287 1498 1472 1537 nutricibus,
1493 1507 1572 1541 quae
1604 1508 1728 1530 earum-

988 1553 1058 1585 dem
1075 1553 1241 1585 mulierum
1260 1557 1348 1586 natos
1365 1551 1533 1591 laetabunt,
1547 1557 1575 1584 et
1593 1551 1663 1591 illis,
1675 1551 1727 1594 qui

988 1613 1073 1650 peste
1099 1607 1227 1640 infectos
1245 1617 1299 1639 seu
1324 1606 1362 1638 de
1388 1608 1423 1638 ea
1441 1609 1600 1649 suspectos
1620 1605 1728 1637 huius-

988 1661 1071 1693 modi
1101 1660 1138 1693 ad
1164 1659 1340 1703 hospitalia,
1359 1669 1413 1692 seu
1441 1658 1659 1697 domunculas,
1675 1662 1728 1691 aut

988 1714 1046 1746 alia
1064 1714 1132 1747 loca
1148 1714 1185 1746 ad
1207 1723 1317 1747 eorum
1335 1723 1442 1746 curam
1461 1721 1514 1744 seu
1539 1711 1727 1753 gubernium

988 1767 1140 1800 destinata
1168 1777 1223 1798 seu
1254 1765 1437 1799 destinanda
1465 1765 1640 1797 conducent
1673 1774 1728 1797 seu

987 1821 1136 1860 deferent,
1155 1820 1278 1863 illisque
1303 1819 1355 1862 qui
1381 1829 1416 1851 ex
1442 1823 1529 1862 peste
1548 1817 1727 1850 huiusmodi

988 1873 1206 1906 defunctorum
1228 1882 1362 1916 corpora
1390 1871 1427 1903 ad
1456 1870 1648 1914 sepulturam
1681 1870 1730 1902 dc-

989 1926 1106 1966 fereut,
1136 1931 1188 1959 aut
1227 1926 1294 1969 ipsa
1330 1925 1504 1968 sepelient,
1537 1934 1572 1956 ac
1600 1923 1727 1956 demum

988 1980 1133 2012 omnibus
1147 1979 1311 2023 utriusque
1348 1988 1439 2010 sexus
1472 1976 1728 2010 christifidelibus

987 2033 1096 2066 eadem
1123 2038 1210 2077 peste
1246 2032 1367 2065 infectis
1393 2042 1447 2064 seu
1476 2031 1513 2063 de
1541 2031 1624 2063 illius
1652 2030 1727 2063 infe-

988 2087 1090 2119 ctione.
1108 2086 1260 2130 suspectis
1281 2085 1397 2125 cibum,
1423 2089 1531 2128 potum
1554 2089 1583 2116 et
1607 2083 1666 2116 alia
1684 2083 1728 2115 eis

989 2139 1163 2172 necessaria
1178 2138 1501 2177 subministrantiluis,
1515 2138 1647 2180 illosque
1660 2137 1728 2169 visi-

989 2193 1135 2234 tantibus,
1153 2192 1398 2233 consolantibus,
1420 2191 1610 2233 illorumque
1635 2199 1728 2223 curae

989 2245 1141 2288 spirituali
1168 2250 1220 2276 aut
1241 2244 1398 2287 corporali
1416 2253 1544 2287 quoquo
1563 2242 1656 2274 modo
1681 2243 1728 2274 in-

989 2297 1219 2337 cumbentibus‚
1233 2302 1263 2330 et
1284 2308 1381 2341 opera
1402 2296 1636 2329 misericordiae
1654 2306 1728 2338 erga

990 2351 1056 2383 illas
1082 2350 1316 2391 exercentibus,
1343 2349 1438 2382 semel
1466 2349 1495 2380 in
1520 2348 1727 2388 hebdomada,

988 2405 1012 2437 si
1038 2415 1110 2436 vere
1147 2404 1342 2447 poenitentes
1367 2409 1395 2435 et
1421 2403 1553 2435 confessi
1579 2412 1613 2435 ac
1638 2403 1726 2435 sacra

988 2457 1208 2490 ‹ommunione
1226 2456 1331 2489 refecti
1351 2465 1499 2489 coronam
1528 2465 1583 2487 seu
1602 2455 1725 2488 tertiam

1023 2529 1033 2554 1
1059 2528 1129 2554 Edit.
1152 2527 1228 2554 llain.
1246 2527 1308 2561 legit
1329 2526 1435 2561 quo-(R.
1449 2527 1498 2558 ¹12).

1023 2573 1038 2598 ⁰2
1059 2572 1128 2598 Edit.
1147 2571 1223 2598 atain.
1242 2571 1304 2605 legit
1320 2570 1458 2604 coatiyent
1473 2571 1510 2604 (a.
1528 2570 1575 2605 7.).

1631 162 1696 200 ⁶²93
1741 172 1792 199 An
1812 171 1841 199 c.
1859 171 1926 200 t657

969 228 1065 261 :tua-s,
1084 234 1124 256 ne
1148 222 1231 257 illius
1257 229 1368 267 contao·
1373 224 1442 257 ione
1471 223 1563 256 etiam
1589 222 1887 286 cixitates.x2n:1‚cmrum
1913 240 1926 254 2

1807 267 1876 308 spurt:
1874 264 1914 281 ato
