2243 3205
325 250 372 277 Λη,
390 251 418 278 c,
435 249 504 277 iseo
550 240 612 272 6Ιὲ

344 1584 439 1605 Decretis
455 1583 499 1603 Cle·

317 1613 392 1632 mentis
405 1614 425 1631 et
440 1610 500 1631 Pauli

317 1639 404 1659 obedire
441 1643 500 1659 man—

317 1665 360 1686 dal.

520 297 589 329 dem
616 308 686 329 suas
717 296 765 329 die
790 307 842 330 xiv
868 296 998 329 ianuarii
1025 297 1181 340 expeditas
1208 297 1254 328 lit-

520 356 611 389 teras,
629 361 663 382 ac
681 350 786 383 omnia
803 355 831 382 et
852 350 974 392 singula
993 350 1022 382 in
1040 350 1083 382 eis
1100 355 1255 389 contenta,

520 414 589 434 cum
605 402 751 435 omnibus
769 402 838 434 inde
853 403 1002 445 sequubs,
1021 413 1056 435 ex
1073 403 1174 435 causis
1191 402 1255 434 ani-

521 466 603 487 mum
630 466 720 487 suum
747 455 954 495 moventibus,
973 456 1140 495 revocavit,
1160 465 1256 487 cassa-

520 508 610 542 vitet
635 508 816 548 annullavit,
841 519 876 541 ac
905 514 1058 550 revocata,
1084 513 1202 541 cassata
1228 513 1257 539 et

518 561 685 599 annullata,
701 561 884 604 viribusque
898 565 927 595 et
944 561 1055 593 effectu
1074 572 1171 593 vacua
1189 571 1256 593 esse

519 617 548 647 el
582 614 649 646 sore
682 614 818 646 decrevit
849 620 878 646 et
912 614 1098 654 declaravit3
1129 615 1256 656 insuper

519 672 580 699 tam
598 667 841 710 praedictorum,
857 678 948 710 quam
971 667 1170 707 Turonensis,
1188 668 1257 699 Am-

518 720 687 762 bianensis,
717 721 995 762 llotbomagensis,
1024 720 1254 761 Cabilonensis,

519 773 758 816 Lugdunensis,
794 774 1044 811 Aurelianensis,
1081 774 1255 806 Nonveten-

519 826 570 866 sis,
595 826 772 865 Tbolosani,
800 826 998 865 Parisiensis,
1021 825 1254 867 Narbonensis,

517 879 739 919 Nivcrnensis,
760 879 922 911 Trecensis
948 885 977 911 et
1002 879 1198 911 Carnotensis
1214 879 1255 911 ci-

517 932 669 975 vitatum,
706 943 742 965 ae
778 933 958 965 Pontisarae
993 938 1022 965 et
1063 933 1100 965 de
1138 932 1254 975 Dieppe

518 985 793 1028 Rolliomagensis,
819 986 946 1018 Devioni
973 991 1002 1018 et
1026 985 1063 1017 de
1089 985 1255 1019 Castilione

517 1038 742 1081 Lingonensis,
771 1039 902 1072 Cadorni
930 1039 1126 1079 Baiocensis‚
1153 1039 1253 1072 Riomi

516 1092 795 1132 Claramontensis,
825 1098 854 1124 et
879 1092 916 1124 de
945 1092 1079 1125 Beaulne
1112 1093 1253 1125 locorum

517 1145 677 1177 Ecluensis
704 1146 875 1188 respective
908 1145 1104 1186 dioecesum,
1135 1155 1255 1178 necnon

516 1197 655 1230 omnium
682 1203 711 1230 et
735 1198 931 1240 singulorum
957 1198 1090 1230 aliorum
1117 1198 1147 1230 in
1172 1198 1254 1231 dicto

516 1261 614 1293 regno
639 1251 799 1295 perpetuis
824 1256 898 1284 tunc
922 1251 1035 1283 suturis
1060 1251 1255 1295 temporibus

515 1305 737 1347 erigendorum
772 1305 1035 1338 monasteriorum
1070 1305 1252 1338 monialium

515 1357 793 1390 Carmelitanarum
803 1358 1057 1391 Excalceatarum
1074 1358 1252 1390 huiusmodi

515 1410 680 1443 abbatissis
705 1422 758 1443 seu
780 1411 949 1454 priorissis,
967 1422 1001 1443 ac
1019 1411 1208 1443 monialibus
1226 1416 1254 1443 et

515 1464 658 1507 personis
675 1464 936 1507 quibuscumque,
952 1465 981 1496 in
1001 1465 1112 1496 virtute
1130 1470 1253 1496 sanctae

515 1516 726 1557 obedientiae,
751 1528 786 1550 ac
815 1517 871 1549 sub
904 1517 1025 1549 arbitrii
1052 1516 1098 1549 sui
1125 1517 1251 1560 poenis,

514 1570 674 1613 praecepit
698 1575 728 1602 et
754 1570 919 1609 mandavit,
940 1575 974 1602 ut
994 1570 1161 1613 praedictis
1185 1570 1252 1603 Cle-

515 1623 628 1655 mentis
661 1623 764 1655 idibus
795 1624 975 1656 novembris
1008 1633 1123 1665 noent,
1158 1623 1187 1655 in
1216 1623 1252 1655 iis

515 1676 546 1708 in
570 1675 684 1719 quibus
709 1676 806 1719 ipsius
831 1676 974 1719 Gregorii
1002 1676 1252 1720 praedecessoris

514 1728 633 1762 litteras
657 1739 719 1762 non
737 1729 992 1769 adversabantur,
1011 1740 1046 1762 ac
1063 1729 1147 1761 Pauli
1165 1739 1252 1772 prae-

515 1782 714 1816 decessorum
741 1783 798 1815 sub
815 1783 864 1815 die
885 1793 941 1815 xtn
958 1783 1060 1815 martii
1079 1793 1182 1816 mocxx
1201 1793 1252 1815 ex-

515 1836 627 1879 peditis
651 1836 762 1869 litteris
785 1836 964 1879 praedictis,
990 1836 1199 1879 omnibusque
1224 1841 1253 1868 et

515 1889 646 1931 singulis
664 1889 693 1921 in
712 1889 756 1922 eis
770 1889 933 1929 contentis,
947 1895 1094 1933 prompte
1108 1894 1253 1932 parerent

516 1946 545 1976 et
569 1942 742 1983 obedirent,
767 1953 803 1975 ac
827 1942 884 1974 sub
909 1942 1074 1985 gubernio,
1099 1942 1252 1984 regimine

516 2001 545 2028 et
569 1996 838 2038 administratione
871 1996 1026 2029 dictorum
1052 1995 1251 2040 presbytero-

516 2059 585 2081 rum
612 2049 642 2081 in
667 2049 849 2082 memoratis
873 2049 1038 2082 Clementis
1070 2049 1250 2092 praedeces-

516 2102 596 2135 soris
620 2103 732 2135 litteris
756 2103 1000 2143 nominatorum,
1026 2112 1160 2145 quorum
1186 2103 1252 2146 pri-

516 2166 585 2188 mus
610 2161 768 2199 tamquam
793 2156 979 2199 praefectus,
1005 2166 1060 2188 seu
1085 2161 1187 2198 caput,
1208 2166 1254 2188 ce-

516 2209 573 2241 teri
601 2219 673 2241 vcro
698 2209 761 2241 duo
791 2214 949 2252 tamquam
981 2209 1159 2241 assistentes
1184 2209 1249 2241 exi-

516 2268 654 2302 sterent,
685 2262 765 2295 sieut
789 2262 819 2294 in
846 2263 957 2295 litteris
990 2262 1062 2295 dicti
1088 2263 1253 2295 Clementis

516 2316 766 2359 praedecessoris
791 2316 975 2359 disponitur,
994 2316 1111 2359 quique
1136 2316 1253 2348 idcirco

517 2370 546 2401 in
560 2369 707 2411 gravibus
721 2369 921 2412 expediendis
934 2369 1067 2412 negotiis
1080 2369 1171 2402 simul
1184 2379 1253 2402 con-

516 2422 621 2454 venire
645 2422 814 2463 deberent,
839 2432 960 2466 necnon
985 2421 1042 2455 sub
1068 2421 1252 2463 visitatione,

517 2475 712 2508 correctione
732 2481 761 2507 et.
778 2475 1007 2519 superioritate,
1028 2474 1130 2518 quoad
1151 2475 1253 2508 visita-

518 2528 631 2560 tionem
650 2528 792 2561 videlicet
812 2528 1003 2567 huiusmodi,
1018 2528 1156 2560 eiusdem
1171 2528 1252 2560 Petri

517 2585 589 2613 tunc
607 2587 637 2612 et
653 2592 710 2624 pro
728 2587 869 2624 tempore
887 2581 1046 2614 existentis
1063 2581 1163 2614 dictae
1180 2582 1254 2615 Con-

517 2635 706 2676 gregationis
730 2635 910 2678 praepositi,
927 2635 1012 2668 iuxta
1031 2634 1197 2668 Clementis
1223 2640 1253 2668 et

1097 248 1274 273 Burmanni
1294 247 1448 271 ROMANUM

1293 295 1376 328 Pauli
1408 293 1685 338 praedecessorum
1721 292 1894 326 litterarum
1927 303 2021 338 prae-

1292 349 1423 381 fatarum
1461 354 1620 387 tenorem,
1646 347 1801 387 viverent,
1837 346 2025 390 illorumque

1291 401 1417 434 monitis
1442 405 1471 434 et
1495 400 1648 433 mandatis
1678 399 1854 432 salubribus
1881 404 2026 443 prompte

1290 459 1435 497 parerent
1471 454 1614 487 similiter
1644 457 1672 487 et
1706 452 1889 494 obedirent,
1913 452 2026 496 illaque

1291 508 1486 551 susciperent
1511 513 1540 539 et
1566 506 1733 539 efficaciter
1757 505 1928 549 adimplere
1954 515 2026 549 pro-

1290 566 1452 600 curarent3
1485 565 1648 604 praeterea
1680 559 1835 591 dictorum
1865 563 2022 591 monaste-

1291 613 1410 646 riorum
1437 613 1610 646 erectiones
1634 618 1664 645 et
1688 611 1907 651 institutiones,
1924 616 2026 655 quate-

1289 677 1347 699 nus
1364 678 1442 710 opus
1460 668 1548 707 foret,
1570 666 1755 710 approbavit
1776 670 1804 698 et
1822 664 2025 705 confirmavit,

1290 730 1360 752 cum
1380 720 1511 753 diversis
1535 720 1604 752 aliis
1621 719 1883 758 ordinationibus,
1897 718 2025 760 statutis,

1289 773 1544 806 concessionibus
1569 779 1598 805 et
1624 772 1761 811 indultis,
1787 777 1816 804 et
1832 765 1913 804 'alias
1933 775 2027 814 prout

1290 826 1411 869 plenius
1426 832 1455 859 et
1469 826 1597 859 uberius
1612 825 1789 859 continetur
1803 824 1833 856 in
1847 823 1915 856 aliis
1929 823 2026 867 ipsius

1289 879 1431 921 Gregorii
1457 878 1710 922 praedecessoris
1739 877 1851 909 litteris
1871 876 1954 909 dicta
1977 875 2026 909 die

1289 941 1332 964 ΧΗ
1368 932 1556 975 septembris
1589 941 1717 965 iuncxxn
1749 930 1919 970 emanans,
1950 939 2026 973 quas

1289 985 1419 1017 subinde
1441 985 1550 1018 similis
1569 984 1794 1018 recordationis
1811 983 1954 1016 Urbanus
1971 983 2025 1016 Pa-

1290 1049 1328 1082 pa
1354 1038 1417 1071 Vltt
1444 1038 1536 1071 etiam
1563 1038 1786 1083 praedecessor
1802 1042 1919 1078 noster,
1936 1036 2023 1069 suffi-

1289 1091 1407 1124 cienter
1422 1091 1534 1124 auditis
1552 1092 1732 1125 earumdem
1756 1091 1936 1124 monialium
1955 1100 2026 1134 pro-

1289 1145 1497 1186 curatoribus,
1517 1145 1704 1188 illarumque
1722 1143 1895 1188 praetensis
1908 1142 2027 1176 iuribus

1291 1203 1413 1230 mature
1430 1199 1604 1241 perpensis,
1621 1208 1678 1241 per
1695 1207 1766 1231 suas
1786 1197 1835 1230 die
1848 1206 1892 1229 xx
1908 1196 2027 1229 decem-

1289 1251 1353 1283 bris
1378 1262 1521 1285 uncxxm
1545 1252 1637 1285 etiam
1663 1252 1693 1284 in
1719 1252 1818 1284 forma
1844 1250 1950 1283 Brevis
1974 1260 2026 1283 ex-

1289 1304 1406 1347 peditas
1424 1305 1542 1337 litteras
1562 1305 1747 1348 approbavit
1771 1309 1801 1337 et
1820 1302 2024 1337 confirmavit.

1332 1357 1404 1390 Post
1429 1358 1505 1390 baec
1525 1364 1628 1391 autem
1647 1358 1730 1391 dicto
1751 1357 1878 1391 Urbano
1895 1356 2026 1400 praede-

1288 1410 1403 1442 cessori
1419 1421 1476 1453 pro
1492 1417 1578 1453 parte
1591 1411 1817 1443 abbatissarum
1833 1420 1886 1442 seu
1899 1405 2026 1453 prioris-

1287 1473 1394 1495 sarum
1424 1469 1452 1495 et
1474 1464 1656 1496 monialium
1685 1463 1917 1507 praedictarum
1945 1462 2026 1496 inter

1287 1515 1361 1548 alias
1386 1516 1539 1559 exposito,
1557 1516 1640 1560 quod
1665 1516 1821 1560 quondam
1843 1516 1970 1549 Carolus
1987 1515 2024 1549 de

1286 1567 1456 1609 Condi-011¹,
1472 1570 1635 1602 memorati
1657 1570 1738 1602 Petri
1755 1569 1785 1601 in
1802 1569 1905 1602 officio
1929 1579 2021 1612 prae-

1287 1622 1379 1664 positi
1416 1623 1571 1665 generalis
1607 1622 1865 1666 Congregationis
1889 1621 2023 1655 Oratorii

1287 1685 1458 1716 successor,
1477 1676 1513 1708 de
1532 1687 1685 1709 consensu
1704 1676 1959 1720 presbyterorum
1977 1675 2024 1708 di-

1286 1732 1352 1760 ctae
1379 1728 1637 1771 Congregationis
1654 1734 1684 1761 ct
1709 1729 1739 1761 in
1765 1739 1874 1762 eorum
1892 1727 2024 1762 comitiis

1286 1781 1485 1823 generalibus
1515 1792 1548 1814 se
1573 1792 1686 1814 munus
1711 1781 1880 1814 visitatoris
1903 1780 2024 1825 praedi-

1287 1838 1407 1866 ctorum
1427 1834 1689 1867 monasteriorum
1708 1845 1855 1867 exercere
1871 1834 1965 1874 nolle,
1982 1844 2024 1877 se·

1286 1897 1346 1929 que
1371 1886 1470 1919 eidem
1497 1898 1554 1930 pro
1579 1898 1611 1920 se
1633 1887 1841 1931 omnibusque
1870 1887 1934 1920 suis
1955 1897 2024 1920 suc-

1287 1940 1463 1973 cessoribus
1480 1940 1579 1973 dictae
1597 1940 2023 1984 Congregationispraeposi-

1287 1993 1324 2026 tis
1350 1994 1549 2037 generalibus
1575 1995 1760 2027 renunciare
1792 1995 2022 2036 declaraverat,

1287 2047 1367 2079 idem
1395 2047 1538 2080 Urbanus
1564 2048 1796 2091 praedecessor,
1817 2047 2020 2092 supplicatio-

1287 2100 1379 2133 nibus
1404 2100 1556 2134 diCtarum
1578 2101 1805 2134 abbatissarum
1824 2111 1879 2134 seu
1898 2100 2023 2144 prioris-

1286 2164 1390 2186 sarum
1426 2159 1456 2186 et
1485 2153 1667 2186 monialium
1692 2154 1819 2187 nomine
1849 2153 1907 2187 sibi
1931 2163 2023 2197 super

1286 2207 1345 2239 boc
1370 2206 1532 2239 humiliter
1563 2207 1718 2250 porrectis
1743 2206 1926 2248 inclinatus,
1951 2209 2023 2240 tunc

1288 2260 1429 2294 existenti
1456 2270 1512 2293 suo
1531 2264 1561 2294 et
1577 2260 1664 2293 Sedis
1682 2260 1837 2303 praefatae
1855 2259 1884 2291 in
1909 2268 2023 2292 memo-

1288 2318 1354 2345 rato
1379 2323 1477 2355 reguo
1503 2312 1651 2345 Franciae
1676 2312 1808 2352 nuncio,
1836 2317 1869 2344 ut
1892 2310 2022 2354 singulis

1288 2367 1429 2399 trienniis
1454 2366 1588 2410 aliquem
1613 2366 1830 2411 presbyterum
1849 2366 2020 2399 secularem

1287 2425 1385 2453 aetate
1403 2430 1540 2462 gravem,
1559 2431 1594 2453 ac
1615 2420 1694 2453 vitae
1719 2425 1749 2453 et
1774 2419 1937 2464 probitatis
1955 2428 2022 2463 spe-

1287 2479 1395 2515 ctatae,
1421 2484 1455 2506 ex
1482 2473 1604 2506 duobus
1622 2474 1679 2506 sibi
1701 2484 1756 2517 per
1775 2473 1950 2517 praedictos
1973 2471 2022 2505 ad·

1288 2527 1515 2560 ministratores
1528 2527 1726 2560 nominandis
1736 2532 1766 2560 et
1777 2525 2020 2571 praesentandis,

1287 2580 1317 2613 in
1343 2581 1535 2613 visitatorem
1562 2590 1836 2624 quorumcumque
1861 2583 2017 2613 monaste-

1324 2644 1332 2670 1
1357 2642 1427 2670 Edit.
1444 2642 1522 2670 nain.
1540 2642 1601 2678 legit
1619 2643 1752 2671 Conclrezc
1767 2642 1870 2677 (nstin).

2039 246 2086 273 Αη.
2102 247 2128 275 C.
2147 249 2208 278 ¹660

2079 1363 2160 1386 cantu·
2183 1364 2206 1386 du

2039 1390 2131 1412 con-tren
2153 1397 2206 1418 prae-

2039 1417 2116 1463 positu·
2131 1415 2210 1444 uonna-l

2048 1444 2064 1463 ἡ(
2074 1443 2208 1469 Conui-enti&

2038 1471 2070 1491 nis
2083 1470 2176 1492 ommni.
2205 1470 2209 1513 ξ
