2243 3205
252 165 298 190 An.
316 163 344 190 C.
367 163 434 191 1660

287 1073 396 1094 Decretum
417 1079 442 1094 ιι·-

258 1101 332 1121 titana.

333 1660 449 1691 Derogatio

266 1690 427 1708 contrariorum.

481 154 542 188 53ss
1023 165 1198 190 auctarum

450 221 600 255 personas
620 222 636 244 a
650 211 812 255 quibusvis
840 213 1186 257 excommunicationis,

451 263 663 307 suspensionis
688 269 718 297 et
743 263 910 306 interdicti,
936 265 1067 309 aliisque
1092 267 1188 299 eccle-

451 316 582 349 siasticis
606 316 776 357 sententiis,
802 318 945 350 censuris
970 323 1000 351 et
1025 319 1146 362 poenis,
1172 329 1189 351 a

451 369 518 401 iure
544 369 592 402 vel
617 369 655 402 ab
680 370 817 411 homine,
834 370 943 415 quavis
961 371 1125 404 occasione
1142 371 1190 404 vel

451 424 544 455 causa
562 423 641 463 latis,
666 423 690 455 si
716 423 830 467 quibus
854 424 1090 467 quomodolibet
1107 424 1191 458 inno-

452 476 539 508 datae
565 475 716 517 existunt‚
742 476 779 508 ad
805 476 950 510 effectum
976 477 1190 521 praesentium

454 528 614 561 dumtaxat
638 529 903 573 consequendum,
917 530 1030 563 harum
1046 530 1126 562 serie
1142 530 1192 562 ab·
1207 534 1209 546 *

454 582 609 614 solventes
645 587 675 614 et
710 582 868 616 absolutas
905 583 971 616 sore
1008 588 1191 625 censentes,

454 634 736 678 supplicationibus
761 646 870 669 eorum
887 635 1014 669 nomine
1029 635 1121 668 nobis
1141 646 1192 668 su-

454 698 511 732 per
525 688 585 721 hoc
609 688 770 722 humiliter
795 689 949 733 porrectis
974 689 1123 730 inclinati,
1145 688 1194 722 de-

455 746 576 774 cretum
601 742 843 785 praeinsertum‚
860 741 1046 775 auctoritate
1067 747 1193 786 aposto-

457 794 528 834 lica,
553 800 661 828 tenore
679 795 903 839 praesentium,
921 795 1146 828 confirmamus
1166 799 1196 829 et

457 847 678 890 approbamus,
689 847 796 891 illique
807 847 993 881 inviolabilis
1006 847 1195 891 apostolicae

458 899 615 932 firmitatis
640 900 738 933 robur
762 900 936 940 adiicimus;
961 901 1045 933 salva
1070 911 1196 944 semper

460 953 490 985 in
513 953 695 997 praemissis
719 954 904 987 auctoritate
928 953 1107 998 praedictae
1126 964 1197 987 con-

459 1007 652 1050 gregationis
670 1007 886 1040 cardinalium.

503 1061 518 1105 g
542 1059 571 1093 3.
586 1061 794 1094 Decernentes
814 1061 938 1094 easdem
957 1065 1135 1106 praesentes
1148 1060 1197 1093 lit-

459 1119 542 1147 teras
566 1125 689 1158 semper
714 1115 842 1157 ssrmas,
867 1114 984 1147 validas
1005 1120 1035 1147 et
1058 1111 1216 1150 efficaces]

459 1168 592 1201 existere
616 1174 646 1201 et
670 1169 747 1209 sore,
769 1179 804 1201 ae
824 1168 862 1201 ab
887 1168 948 1201 illis
965 1168 1002 1201 ad
1020 1179 1099 1212 quos
1124 1179 1196 1212 spe-

461 1228 522 1257 ctat
547 1226 575 1257 et
599 1234 657 1268 pro
682 1228 826 1267 tempore
850 1222 1013 1267 spectabit,
1037 1222 1217 1265 inviolabi-¹

461 1278 531 1311 liter
555 1277 734 1319 observari,
760 1277 866 1320 sicque
890 1276 921 1308 in
946 1276 1127 1323 praemissis
1145 1267 1218 1320 peri

461 1341 676 1375 quoscumque
708 1330 826 1363 iudices
855 1329 1032 1363 ordinarios
1057 1335 1087 1363 et
1110 1330 1197 1363 dele-

461 1390 571 1428 gatos,
598 1385 690 1418 etiam
718 1394 883 1417 causarum
908 1384 1014 1428 palatii
1039 1384 1218 1428 apostolici:

462 1438 631 1478 auditores,
657 1437 789 1471 iudicari
810 1442 840 1470 et
859 1437 983 1470 definiri
1008 1437 1141 1478 debere,
1167 1448 1202 1471 ac

464 1491 587 1524 irritum
613 1496 641 1524 et
666 1491 774 1532 inane,
800 1490 825 1523 si
857 1501 947 1523 secus
978 1501 1072 1534 snper
1105 1490 1154 1523 his
1186 1501 1203 1523 a

463 1555 633 1589 quoquam,
658 1544 766 1588 quavis
791 1543 986 1584 auctoritate,
1004 1544 1138 1577 scienter
1156 1545 1202 1577 vel

464 1597 658 1641 ignoranter,
679 1597 847 1640 contigerit
871 1597 1026 1630 attentari.

509 1651 565 1695 {la
585 1652 652 1684 Non
667 1651 862 1685 obstantibus
876 1651 1067 1695 praemissis
1086 1662 1121 1684 ac
1136 1662 1206 1685 con-

466 1705 681 1738 stitutionibus
700 1710 728 1737 et
745 1704 995 1738 ordinationibus
1012 1705 1205 1748 apostolicis,
1221 1697 1223 1718 ¹

465 1768 610 1799 necnon,
636 1764 788 1802 quatenus
813 1769 892 1802 opus
921 1757 976 1799 sit,
1008 1758 1206 1801 supradictae

466 1813 665 1857 provinciae,
691 1812 784 1845 etiam
810 1812 1004 1852 iuramento,
1030 1812 1224 1856 confirtlla-,

467 1866 551 1899 tione
576 1865 758 1909 apostolica,
776 1865 823 1898 vel
844 1865 952 1909 quavis
979 1865 1125 1898 firmitate
1145 1866 1205 1898 alia

467 1919 645 1959 roboratis,
685 1918 807 1951 statutis
848 1922 877 1952 et
908 1918 1206 1959 consuetudinibus,

468 1972 643 2016 privilegiis
667 1982 803 2015 quoque,
822 1971 949 2004 indultis
967 1977 996 2004 et
1010 1972 1120 2004 litteris
1133 1982 1207 2016 apo-

468 2025 585 2060 stolicis
600 2026 629 2058 in
644 2025 837 2058 contrarium
858 2025 1116 2069 praemissorum,
1131 2036 1207 2068 quo-

468 2078 639 2111 modolibet
664 2078 830 2118 concessis,
856 2078 1050 2111 confirmatis
1068 2084 1097 2111 et
1118 2079 1207 2112 inno-

468 2132 555 2172 vatis;
573 2132 687 2176 quibus
705 2132 852 2165 omnibus
873 2137 903 2164 et
923 2132 1065 2174 singulis,
1082 2132 1207 2166 illorum

468 2191 593 2218 tenores
619 2185 836 2228 praesentibus
869 2196 926 2228 pro
951 2186 1043 2228 plene
1067 2190 1097 2218 et
1122 2186 1207 2218 suffi-

469 2238 587 2271 cienter
611 2239 767 2282 expressis
792 2248 828 2271 ac
845 2238 882 2271 de
902 2239 996 2272 verbo
1019 2238 1057 2271 ad
1078 2239 1208 2271 verbum

468 2293 592 2325 insertis
618 2292 777 2334 habentes,
798 2292 858 2325 illis
876 2292 950 2325 alias
969 2293 999 2325 in
1020 2304 1076 2326 suo
1094 2293 1209 2327 robore

470 2345 695 2389 permansuris,
718 2345 755 2377 ad
781 2346 1027 2389 praemissorum
1053 2346 1208 2387 effectum,

472 2399 529 2432 hac
548 2400 614 2432 vice
632 2399 802 2440 dumtaxat,
820 2399 999 2443 specialiter
1017 2405 1047 2432 et
1063 2410 1210 2444 expresse

472 2451 676 2494 derogamus3
700 2452 873 2496 ceterisque
891 2453 1056 2486 contrariis
1081 2453 1211 2497 quibus-

475 2515 618 2548 cumque.

517 2558 626 2591 Datum
655 2559 783 2600 Romae,
807 2559 889 2605 apud
920 2560 949 2594 S.
976 2559 1102 2593 Mariam
1121 2560 1212 2593 Maio-

1224 165 1376 190 ROMANUM

1222 224 1299 254 rem,
1319 214 1377 247 sub
1413 214 1528 257 annulo
1553 215 1730 256 piscatoris,
1755 215 1805 249 die
1818 226 1875 251 xm
1892 216 1958 250 iulii

1223 277 1346 309 iincnx,
1372 267 1572 311 pontificatus
1596 268 1694 301 nostri
1716 278 1797 302 anno
1818 279 1858 302 vi.

1259 330 1319 356 Dat.
1337 329 1379 356 die
1397 329 1428 357 13
1442 329 1499 356 iulii
1517 329 1594 363 1660,
1614 329 1708 365 pontif.
1727 338 1798 358 anno
1817 338 1854 357 vi.

1535 453 1651 487 CCCIV.

1229 525 1417 558 Commissio
1442 524 1561 557 nuncio
1585 524 1769 558 Sabaudiae
1793 529 1829 557 ut
1849 524 1966 558 audiat

1269 588 1417 610 recursus
1436 577 1639 610 subditorum
1657 577 1865 621 principatus
1883 577 1966 610 Mas-

1271 631 1380 664 serani
1404 635 1432 663 et
1455 630 1702 663 marchionatus
1727 630 1908 664 Crevacorii
1923 630 1942 662 ¹.

1227 701 1398 729 Venerabili
1418 701 1506 728 tratri
1527 701 1628 728 carolo
1649 700 1874 735 archiepiscopo
1893 701 1965 728 Tar-

1264 746 1365 780 sensi,
1392 748 1494 772 nostro
1516 748 1547 772 et
1568 745 1762 779 Apostolicae
1785 744 1869 772 sedis
1889 744 1967 779 apud

1264 790 1406 818 dilectum
1432 789 1525 817 filium
1552 790 1681 817 nobilem
1709 789 1805 816 virum
1835 789 1968 816 carolum

1264 834 1483 861 Emmanuelem
1503 833 1671 861 sabaudiae
1692 833 1797 860 ducem
1816 832 1936 867 nuncio,

1425 888 1592 914 Alexander
1611 886 1691 920 Papa
1712 886 1774 913 vn.

1447 947 1635 976 Venerabilis
1646 948 1750 980 frater,

1267 994 1397 1021 salntem
1417 996 1448 1020 et
1468 993 1663 1026 apostolicam
1686 991 1933 1021 benedictionem.

1277 1063 1291 1107 ξ]
1316 1063 1344 1096 1.
1370 1063 1447 1097 Cum
1472 1061 1576 1096 dilecti
1600 1062 1656 1095 filii
1681 1062 1842 1103 consules,
1867 1062 1970 1096 consi-

1233 1118 1313 1151 liarii
1328 1123 1357 1151 et
1370 1117 1514 1151 homines
1537 1117 1732 1161 principatus
1755 1116 1924 1150 Masserani
1942 1119 1972 1150 et

1235 1171 1470 1214 marchionatus
1493 1170 1680 1213 Crevacorii,
1705 1170 1903 1213 aliorumque
1925 1169 1972 1203 lo-

1235 1235 1344 1258 corum
1368 1234 1585 1264 annexorum,
1617 1223 1657 1256 ob
1689 1233 1835 1266 magnam
1861 1232 1972 1256 eorum

1235 1277 1273 1310 ab
1298 1277 1381 1311 Urbe
1405 1276 1594 1318 distantiam,
1619 1286 1682 1310 non
1706 1276 1806 1317 facile,
1824 1285 1882 1309 nec
1906 1275 1973 1309 sine

1235 1330 1365 1364 notabili
1391 1330 1591 1363 incommodo
1617 1335 1646 1363 et
1671 1329 1827 1374 impensa,
1852 1329 1974 1373 valeant

1236 1384 1385 1417 accedere
1411 1383 1449 1416 ad
1473 1383 1685 1427 Apostolicam
1709 1383 1830 1426 Sedem,
1857 1382 1974 1416 eidem-

1237 1448 1297 1481 que
1321 1447 1394 1470 suos
1419 1447 1566 1470 recursus
1590 1442 1620 1469 et
1640 1437 1840 1480 querelarum
1866 1432 1975 1470 causas

1239 1500 1428 1534 proponere,
1452 1490 1477 1523 si
1502 1489 1627 1534 quando
1651 1500 1668 1522 a
1692 1489 1837 1531 dominis,
1861 1490 1976 1534 quibus

1238 1545 1277 1577 ab
1303 1544 1410 1577 eadem
1437 1543 1516 1578 Sede
1533 1543 1692 1577 commissi
1711 1549 1791 1585 sunt,
1805 1545 1852 1577 vel
1866 1554 1977 1578 eorum

1239 1598 1396 1632 iudicibus
1421 1598 1555 1631 sentiant
1579 1608 1612 1631 se
1642 1597 1673 1630 in
1698 1597 1803 1641 aliquo
1828 1608 1978 1642 praegra-

1241 1652 1316 1692 vari,
1331 1651 1465 1695 indeque
1479 1651 1603 1695 saepius
1616 1651 1781 1694 contigerit
1796 1652 1875 1692 illos,
1889 1662 1978 1696 prae-

1241 1711 1287 1738 sto
1325 1705 1483 1737 neminem
1520 1704 1670 1737 habentes
1701 1704 1754 1748 qui
1788 1715 1841 1737 eos
1873 1704 1979 1738 audiat

1241 1763 1270 1792 et
1294 1757 1451 1802 praesidio
1476 1757 1530 1798 sit,
1560 1757 1672 1790 animis
1697 1757 1860 1790 concitatis
1877 1758 1979 1802 prosi-

1242 1812 1335 1845 luisse
1360 1812 1389 1844 in
1416 1811 1518 1845 varios
1543 1821 1697 1854 excessus,
1724 1812 1860 1845 maximo
1885 1812 1978 1846 etiam

1242 1876 1311 1898 cum
1330 1865 1518 1899 detrimento
1532 1865 1765 1910 praedictorum
1777 1865 1980 1899 dominorum

1242 1920 1309 1953 loca
1346 1920 1412 1964 ipsa
1436 1920 1644 1953 obtinentium
1670 1920 1701 1952 in
1725 1919 1873 1953 seudum:
1904 1930 1980 1962 nos,

1242 1984 1277 2006 ex
1292 1983 1422 2006 munere
1432 1973 1522 2007 nobis
1536 1973 1676 2007 iniuncto
1689 1974 1827 2007 volentes
1840 1974 1981 2008 omnium

1244 2027 1457 2071 tranquillitati
1483 2037 1519 2060 ac
1543 2027 1635 2059 etiam
1661 2027 1875 2060 commoditati
1892 2032 1923 2060 et
1938 2027 1982 2061 in-

1242 2080 1403 2114 demnitati
1434 2080 1639 2124 prospicere,
1669 2085 1756 2114 motu
1780 2080 1928 2124 proprio,
1951 2084 1982 2116 et

1243 2145 1278 2167 ex
1299 2135 1383 2168 certa
1396 2136 1503 2167 nostra
1516 2133 1654 2176 scientia,
1673 2134 1774 2177 deque
1790 2134 1982 2178 apostolicae

1244 2187 1407 2231 potestatis
1431 2187 1633 2231 plenitudine,
1651 2192 1680 2221 te
1701 2187 1751 2230 (de
1776 2187 1864 2221 cuius
1879 2187 1982 2232 probi-

1244 2246 1315 2281 tate,
1338 2240 1505 2285 prudentia
1530 2245 1559 2273 et
1583 2240 1614 2273 in
1639 2241 1734 2274 rebus
1763 2240 1892 2284 agendis
1912 2241 1984 2274 dex-

1244 2294 1367 2327 teritate
1392 2298 1421 2327 et
1445 2293 1638 2337 experientia
1669 2294 1842 2338 plurimum
1868 2293 1898 2327 in
1921 2294 1982 2328 Do-

1245 2347 1330 2380 mino
1347 2347 1556 2391 confidimus)
1588 2347 1807 2381 constituimus
1832 2353 1861 2381 et
1885 2347 1982 2392 depu-

1245 2407 1360 2441 tamus,
1384 2405 1417 2433 ut
1441 2410 1589 2433 recursus
1614 2400 1652 2443 (si
1678 2411 1767 2444 quos,
1785 2410 1802 2433 a
1817 2400 1983 2444 quibusvis
1996 2406 2112 2453 bmffiqggio
2124 2405 2178 2453 egg-
2208 2418 2210 2422 ·

1245 2453 1490 2497 gravaminibuS,
1516 2464 1574 2497 per
1598 2453 1747 2486 dilectum
1773 2453 1872 2487 filium
1896 2453 1983 2487 nobi·
1997 2460 2080 2483 mum,
2121 2457 2178 2486 quod
2208 2460 2209 2464 ’

1997 2487 2114 2506 continetur
2157 2484 2178 2505 in

1246 2507 1305 2539 lem
1332 2506 1433 2539 virum
1459 2506 1634 2550 principem
1659 2506 1826 2539 Masserani
1843 2512 1873 2539 et
1898 2516 1980 2539 mar-

1282 2569 1295 2596 1
1316 2567 1352 2595 Ex
1372 2567 1478 2604 aegest.
1499 2568 1526 2595 in
1545 2567 1646 2595 Secret.
1667 2567 1744 2596 Brev-

2199 0 2243 125 l

1971 169 2018 196 An.
2035 169 2063 197 C.
2085 167 2157 200 1660Ι
2199 191 2202 214 3
2228 134 2243 219 ἑ

2013 1077 2098 1097 Μοιίη.

1995 2512 2090 2534 rubrica.
