2185 3188
41 185 89 211 An.
105 184 132 211 C.
156 183 221 211 1656

48 780 120 800 Omnes
129 780 149 798 et
157 782 217 803 quas·

41 810 126 831 cumque
151 809 217 823 exem-

41 831 119 858 pun-m
133 835 216 851 conces-

41 864 74 880 sas
88 858 159 879 irritat.

827 185 1011 208 ALEXANDEH
1037 186 1082 208 ΥΠ
1107 186 1154 208 ΓΡ.

233 231 291 262 bus
324 230 362 262 ad
402 241 550 273 praesens
582 231 763 275 premitur¹
800 242 907 264 rerum
945 236 973 265 et

232 283 437 327 pecuniarum
464 285 633 327 angustiis,
660 286 827 318 maximam
862 285 969 318 reddi-

233 341 320 369 tuum
346 342 375 368 et
401 342 610 380 proventuum
636 349 764 371 suorum
791 338 991 372 diminutio-'

232 399 302 422 nem
328 390 475 433 patiatur,
500 394 529 424 et
553 391 681 434 plurimi
716 391 830 423 subditi
856 392 972 431 nostri,

232 452 268 475 ac
291 442 463 486 praecipue
486 443 690 487 pauperiores
715 445 758 477 tin
780 455 858 487 quos
884 445 971 484 eius,

232 494 316 538 quod
341 496 463 535 ceteris,
490 496 589 539 iisque
620 502 650 528 ut
680 497 852 540 plurimum
887 498 972 529 locu-

231 547 428 591 pletioribus,
446 559 502 592 per
523 548 735 581 immunitates
753 554 782 581 et
799 550 970 593 exemptio-

232 610 286 633 nes
312 600 490 634 huiusmodi
515 601 707 644 remittitur,
732 612 811 635 onus
835 601 971 635 derivari

231 663 359 686 necesse
379 655 439 697 est)
464 654 581 697 ingenti
607 654 722 688 damno
742 660 912 699 propterea
933 658 972 689 at'-

232 706 393 739 flciantur:

276 760 291 803 ἓ
315 760 344 792 2.
370 760 448 792 Hinc
480 765 527 792 est
556 760 639 804 quod
667 771 733 803 nos,
755 772 912 795 cameram
943 767 972 795 et

231 812 373 846 subditos
389 818 514 846 nostros
530 814 716 857 praedictos,
730 820 881 858 quantum
900 826 970 848 cum
988 808 990 852 ξ

231 867 365 900 Domino
389 877 566 910 possumus,
592 867 773 909 sublevare,
798 879 971 913 corumque

232 919 426 952 indemnitati
452 921 616 954 consulere
631 949 638 961 ,
662 932 698 955 ac
724 922 891 966 unicuique
924 923 989 955 itt-¹

232 972 346 1007 stitiam
372 983 474 1017 aequo
499 973 663 1007 libramine
695 974 789 1008 tribui
816 976 970 1017 volentes,

231 1036 266 1059 ac
300 1026 399 1059 felicis
435 1027 662 1061 recordationis
698 1028 774 1062 Sixti
809 1030 852 1069 V,
886 1030 970 1063 Pauli

230 1079 322 1112 etiarn
343 1080 375 1120 V,
401 1080 516 1114 Urbani
537 1081 610 1122 Vlll,
635 1082 863 1125 achinuocentii
882 1084 917 1124 X,
943 1077 989 1116 et3

229 1133 363 1167 aliorum
391 1135 604 1168 Romanorum
631 1136 817 1169 Pontificum
845 1138 971 1180 praede-

228 1197 390 1221 cessorum
416 1194 598 1222 nostrorum
614 1217 621 1230 ,
647 1190 700 1233 qui
733 1191 988 1225 constitutionesl

230 1241 378 1274 similium
414 1242 650 1286 exemptionum
676 1249 704 1275 et
734 1243 969 1277 immunitatum

229 1295 441 1329 revocatorias
455 1296 630 1338 ediderunt,
649 1297 788 1341 vestigiis
808 1298 972 1332 inhaeren-

230 1354 285 1391 tes,
295 1360 418 1383 necnon
432 1361 706 1395 quarumcumque
718 1353 970 1396 concessionum,
986 1368 988 1398 ᾗ

229 1403 463 1437 immunitatum
483 1409 512 1439 et
526 1406 760 1449 exemptionum
779 1407 970 1449 huiusmodi,
987 1424 988 1428 =

228 1457 469 1501 litterarumque
498 1459 744 1502 apostolicarum
763 1461 822 1493 sub
840 1461 971 1504 plumbo

228 1521 264 1543 ac
289 1511 319 1543 in
337 1511 431 1544 simili
451 1512 551 1545 forma
571 1513 687 1554 Brevis,
702 1514 885 1547 cedularum
908 1525 972 1548 mo*

229 1568 278 1596 tus
303 1564 423 1607 proprii
456 1570 485 1597 et
517 1565 804 1610 chirographorum
835 1568 971 1600 cuiusvis

229 1617 360 1650 Romani
394 1618 552 1651 Pontiticis
585 1620 836 1663 praedecessoris
872 1623 970 1655 nostri

229 1681 323 1704 manu
349 1672 610 1716 subscriptorum,
640 1685 674 1706 ac
703 1675 834 1707 aliarum
854 1677 989 1709 littera-1

229 1735 299 1758 rum
325 1730 355 1760 et
379 1727 671 1771 subscripturarum
690 1729 971 1774 desuperquomo-

229 1779 347 1814 dolibet
371 1786 587 1814 emanatarum
613 1788 738 1816 tenores
763 1784 855 1816 etiam
875 1785 971 1818 verio-

229 1843 279 1866 res
304 1840 333 1867 et
358 1835 444 1867 datas
464 1846 498 1868 ac
524 1837 714 1877 occasiones,
739 1842 768 1872 et
793 1839 852 1870 alia
877 1840 969 1872 etiam

230 1887 356 1931 speciali
392 1890 594 1933 expressione
617 1890 728 1934 digna,
754 1885 989 1935 praesentibus}

230 1952 289 1985 pro
309 1942 400 1986 plene
426 1948 455 1975 et
472 1944 664 1977 sufficienter
680 1946 838 1989 expressis
859 1953 889 1979 ct
907 1959 971 1980 ver·
988 1958 989 1966 ¹

230 1996 325 2028 batim
352 1997 476 2031 insertis
504 1999 675 2042 respective
701 1999 862 2042 habentes,
884 2006 989 2041 motu>¹

231 2050 383 2094 proprio,
407 2061 470 2084 non
495 2051 532 2083 ad
558 2052 742 2096 cuiusquam
769 2054 859 2087 nobis
876 2065 971 2099 super

232 2103 292 2136 hoc
315 2103 437 2136 oblatae
458 2104 617 2148 petitionis
645 2106 835 2148 instantiam,
857 2109 909 2141 sed
935 2120 970 2142 ex

233 2158 317 2189 certa
342 2157 472 2190 scientia
490 2163 519 2190 et
537 2161 660 2191 matura
677 2159 902 2195 deliberatione
920 2173 972 2195 no-

233 2210 314 2252 stris,
333 2210 434 2254 [leque
454 2212 642 2255 apostolicae
663 2215 823 2257 potestatis
842 2216 971 2259 plenitu-

232 2263 304 2296 dine
320 2264 378 2296 hac
397 2266 503 2297 nostra
521 2272 675 2310 perpetuo
695 2268 826 2301 valitura
857 2270 971 2302 consti-

232 2317 361 2358 tutione,
376 2327 486 2350 omnes
510 2323 539 2350 et
559 2329 774 2364 quascumque
799 2323 971 2366 exemptio-

232 2379 288 2403 nes
319 2374 348 2404 et
372 2371 585 2405 immunitates
610 2383 627 2405 a
652 2375 806 2408 solutione
841 2376 971 2409 subsidii

234 2423 415 2464 triennalis,
438 2426 568 2466 jnecnon
601 2427 703 2469 quarti
740 2428 783 2460 illi
815 2428 971 2470 adiuncti,

233 2476 368 2519 quatrini
395 2479 520 2517 carnis,
547 2484 686 2512 taxarum
713 2490 888 2523 equorum,
915 2484 970 2515 tal-

272 2548 280 2572 t
301 2545 417 2574 Pessime
433 2548 526 2575 eadem
547 2549 610 2576 edit.
629 2550 693 2585 tegit
707 2553 907 2586 praemittitur
923 2563 971 2589 pro

231 2591 379 2626 premitur
393 2594 432 2627 (n.
445 2597 491 2627 Γ).

1009 232 1133 272 liarum,
1159 244 1320 273 censuum,
1346 237 1487 276 art-hirii,
1515 237 1681 279 fogliettae,
1697 237 1748 269 tri-

989 308 991 316 t
1010 285 1155 325 remium,
1181 288 1372 329 utensilium,
1390 289 1597 329 dohanarum,
1615 290 1748 333 gabella-

989 331 991 337 '
1008 349 1090 374 rum,
1114 345 1201 371 taxae
1220 347 1329 383 portus
1345 343 1500 379 Anconae,
1517 344 1748 386 quati-morum,

1007 395 1190 429 tractarum,
1215 393 1432 436 pedagiorum,
1448 396 1662 435 collectarum,
1680 408 1748 430 exa-

1007 443 1144 475 ctionum
1171 450 1200 477 et
1225 447 1438 488 quorumlibet
1464 458 1595 481 oncrum
1626 456 1652 482 et
1684 460 1747 483 mu—

988 530 989 536 ,
1006 505 1117 527 nerum
1136 498 1361 540 personalium,
1377 500 1506 532 realium
1523 507 1551 532 ct
1566 502 1747 542 mixtorum,

988 540 1263 590 'ordinariorum,
1289 551 1454 584 solitorum
1485 559 1514 585 et
1548 554 1746 588 insolitorum

1006 602 1209 635 cameralium
1235 614 1519 648 quorumcumque,
1537 617 1572 639 ac
1591 608 1681 640 etiam
1701 620 1749 641 co-

1006 665 1095 695 rum,
1120 666 1200 698 quae
1224 667 1282 700 per
1307 658 1546 692 communitates
1572 665 1598 692 et
1627 661 1748 694 univer-

988 707 1112 743 ‚sitates
1136 708 1253 742 directe
1280 711 1326 742 vel
1352 710 1502 744 indirecte
1533 723 1591 755 pro
1626 724 1749 748 eorum-

988 760 1076 806 ,dem
1110 771 1242 795 onerum
1275 764 1478 797 cameralium
1511 766 1687 807 solutione,
1713 779 1748 800 ac

1005 824 1064 857 pro
1089 814 1146 847 viis
1170 821 1200 848 et
1223 817 1373 859 pontibus
1409 819 1639 860 construendis,
1674 831 1746 853 mu-

1006 867 1127 901 niendis
1151 873 1182 901 et
1206 870 1456 911 manutenendis,
1481 882 1536 904 seu
1560 872 1646 915 alias,
1669 873 1748 906 indi-

1006 925 1055 952 cta
1080 925 1109 953 et
1135 921 1282 965 imposita
1310 933 1346 956 ac
1366 924 1448 967 exigi
1474 925 1564 958 solita
1589 931 1671 966 sunt,
1692 937 1749 959 nec

1006 982 1067 1005 non
1093 974 1131 1006 ab
1155 975 1349 1018 obligatione
1383 977 1553 1021 recipiendi
1579 984 1609 1011 et
1634 978 1745 1023 hospi·

1007 1026 1090 1059 tandi
1115 1028 1229 1061 milites
1246 1033 1276 1062 et
1295 1029 1383 1062 Sedis
1397 1031 1575 1074 praedictae
1590 1032 1748 1074 officiales,

988 1072 1193 1123 barigellos,
1219 1088 1403 1115 executores
1418 1111 1425 1125 ,
1446 1084 1587 1129 aliosque
1613 1085 1747 1119 iustitiae

1006 1131 1175 1174 ministros,
1201 1135 1308 1178 eisque
1334 1137 1479 1169 utensilia
1504 1142 1533 1170 et
1557 1138 1617 1170 alia
1641 1149 1747 1172 neces—

1005 1185 1086 1218 saria
1111 1187 1382 1230 subministrandi,
1403 1200 1459 1233 per
1485 1192 1642 1225 Romanos
1669 1192 1748 1226 Pon-

987 1277 988 1287 ,
1006 1239 1103 1272 titices
1128 1241 1389 1284 praedecessores
1406 1250 1542 1285 nostros,
1555 1256 1591 1278 ac
1605 1246 1748 1279 camdem

988 434 990 450 t

986 1293 1116 1338 {Sede-ni
1146 1296 1375 1338 Apostohcam,
1402 1302 1431 1329 et
1455 1299 1583 1342 quosvis
1608 1300 1695 1333 Sedis
1720 1305 1749 1334 et

1005 1357 1149 1379 camerae
1173 1348 1406 1391 praedictarum
1428 1351 1577 1384 oilie-iales
1601 1358 1631 1385 et
1656 1353 1748 1386 mini-

1005 1407 1097 1441 stros,
1111 1412 1311 1446 quacumque
1329 1405 1515 1438 auctoritate
1540 1410 1569 1440 el
1594 1412 1748 1450 potestate

1005 1456 1181 1498 iungentes,
1206 1457 1298 1490 etiam
1325 1464 1449 1492 sanctae
1468 1461 1625 1494 Romanae
1646 1461 1748 1494 Eccle-

1006 1509 1069 1541 siae
1095 1510 1291 1553 cardinales,
1318 1511 1411 1544 etiam
1436 1513 1475 1545 de
1500 1514 1597 1547 latere
1631 1515 1749 1558 legatos

1006 1568 1035 1594 et
1055 1564 1265 1604 camerarios,
1290 1571 1475 1610 ceterosque
1500 1568 1594 1600 etiam
1620 1569 1748 1612 speciali

1006 1619 1078 1649 nota
1104 1623 1134 1649 et
1159 1620 1362 1662 expressione
1386 1621 1510 1664 dignos,
1527 1633 1562 1654 ac
1580 1622 1747 1666 specialem

1005 1670 1042 1702 ad
1061 1671 1091 1703 id
1113 1672 1291 1705 facultatem
1310 1674 1470 1715 habentes,
1485 1676 1647 1719 quibusvis
1666 1687 1748 1710 corn-

988 1720 1220 1770 Jmunitatibus,
1247 1726 1525 1769 universitatibus,
1552 1730 1747 1770 civitatibus,

1007 1779 1109 1819 terris,
1127 1780 1250 1823 oppidis
1275 1787 1304 1813 et
1329 1782 1405 1814 locis
1419 1782 1545 1816 ditionis
1564 1786 1748 1827 temporalis

1006 1837 1131 1866 sanctae
1155 1834 1314 1867 Romanae
1339 1836 1496 1869 Ecclesiae
1510 1838 1698 1881 praedictae,
1713 1849 1748 1872 ac

1006 1886 1098 1917 etiam
1123 1887 1376 1932 quibuscumque
1401 1890 1592 1932 feudatariis,
1618 1902 1747 1924 censua-

1006 1939 1070 1979 riis,
1096 1940 1232 1973 dominis
1257 1942 1411 1985 locorum,
1427 1944 1563 1987 familiis,
1580 1945 1748 1987 nobilibus,

1005 1993 1188 2034 baronibus,
1214 1995 1396 2036 comitibus,
1422 1998 1670 2041 marchionibus,
1695 2000 1749 2032 du-

987 2043 1105 2087 teitaus,
1131 2048 1339 2092 principibus,
1364 2056 1394 2082 et
1419 2051 1486 2083 aliis
1512 2053 1649 2086 cuiusvis
1679 2064 1748 2097 gra-

987 2100 1063 2133 ¹dus
1089 2107 1119 2134 et
1144 2103 1343 2145 conditionis,
1369 2110 1399 2137 et
1424 2106 1534 2149 quavis
1550 2107 1702 2150 dignitate
1719 2114 1749 2140 et

1005 2155 1213 2195 auctoritate,
1250 2157 1343 2190 etiam
1382 2159 1592 2193 cardinalatus
1627 2161 1748 2194 honore

1005 2209 1215 2252 fulgentibus,
1240 2212 1292 2254 qui
1327 2217 1431 2245 castra
1455 2219 1484 2246 et
1517 2215 1748 2249 iurisdictiones

1006 2263 1087 2295 intra
1124 2264 1238 2296 limites
1275 2265 1377 2299 dictae
1413 2266 1539 2300 ditionis
1565 2270 1749 2313 temporalis

1005 2322 1130 2349 sanctae
1166 2318 1325 2352 Romanae
1365 2320 1522 2354 Ecclesiae
1561 2323 1747 2366 possident,

1006 2370 1098 2402 etiam
1117 2370 1170 2414 qui
1196 2372 1273 2404 nihil
1300 2374 1421 2407 ratione
1446 2381 1624 2408 castrorum
1650 2384 1679 2410 et
1704 2377 1748 2410 iu-

1006 2423 1226 2456 risdictionum
1252 2425 1432 2459 huiusmodi
1466 2428 1536 2460 Sedi
1570 2430 1747 2473 praedictae

1005 2477 1166 2509 annuatim
1193 2488 1246 2510 seu
1268 2479 1343 2511 alias
1358 2481 1552 2523 persolvunt,
1570 2487 1600 2517 et
1625 2489 1686 2517 tam
1705 2485 1747 2517 in-

1005 2531 1082 2564 colis
1107 2541 1201 2574 quam
1229 2533 1384 2566 extraneis
1409 2539 1439 2566 et
1463 2535 1640 2570 forensibus
1666 2538 1747 2572 bona

987 2585 1138 2627 *stabilia
1164 2595 1217 2617 seu
1245 2587 1381 2629 mobilia,
1409 2588 1454 2621 vel
1480 2593 1671 2625 seniovcntia
1697 2594 1748 2626 ha-

1651 179 1715 212 ⁹223
1761 192 1798 215 ΑΗ
1828 192 1852 216 11v
1881 192 1945 217 msc
