2202 3190
442 187 503 221 798
989 197 1162 221 Bruanium
1188 197 1338 220 acumen

485 249 593 282 versiis
628 248 709 281 inter
741 248 967 292 provincialem
996 250 1177 292 provinciae
1202 251 1251 283 Ss.
1280 249 1432 283 Ludovici
1462 255 1493 282 et
1523 249 1652 282 Elzearii
1686 255 1716 282 et
1747 250 1928 293 generalem

485 302 611 336 Ordinis
637 302 795 335 Minorum
813 303 850 335 de
869 302 1074 335 Observantia
1093 303 1264 341 dirimitur,
1285 301 1349 335 530
1367 303 1383 334 b
1401 308 1432 335 et
1448 313 1521 345 seqx,
1538 303 1649 335 fratres
1666 301 1847 345 provinciae
1868 303 1927 335 Va-

487 356 599 388 lentiae
624 365 687 388 non
706 361 867 388 transeant
885 355 922 388 ad
942 355 1124 388 recollectos
1142 356 1261 398 absque
1279 355 1413 388 ministri
1432 354 1636 398 provincialis
1652 354 1793 395 licentia,
1813 353 1877 387 532
1894 353 1928 394 ἰν,

483 410 514 442 in
539 409 699 453 provincia
725 409 754 442 S.
783 409 887 442 lvonis
908 410 1091 452 providetur
1109 408 1259 441 vacantiis
1277 410 1492 452 quorumdam
1520 408 1710 448 officiorum,
1739 406 1801 441 539
1827 407 1855 448 b;
1881 406 1931 440 de-

483 469 567 495 creta
592 472 649 505 pro
676 462 831 505 regularis
856 462 1043 505 disciplinae
1068 462 1297 494 instauratione
1315 462 1347 494 in
1374 461 1527 504 religione
1552 461 1709 494 Minorum
1735 461 1931 495 Conventua-

485 516 575 556 lium,
602 515 665 548 546
691 526 710 548 ιι
735 521 764 548 et
789 526 870 558 seq.;
890 526 947 558 pro
972 515 1134 559 provincia
1158 515 1189 547 S.
1212 515 1375 548 Saturnini
1400 514 1529 548 decreta
1549 524 1655 548 sacrae
1676 513 1931 558 congregationis

484 569 522 602 ad
543 570 740 612 sepulturam
766 568 961 612 spectantia,
988 567 1051 600 568
1076 568 1109 607 b,
1135 578 1193 611 pro
1218 568 1380 611 provincia
1406 567 1592 601 Granatensi
1618 567 1703 610 quod
1728 566 1930 610 provincialis

483 633 547 655 non
573 622 674 665 possit
699 622 807 665 ree-ligi
832 622 891 655 nisi
918 621 1054 654 triennio
1075 621 1231 654 vacaverit
1248 620 1287 653 ab
1305 620 1453 664 ingressu
1479 620 1665 661 definitorii,
1691 618 1754 652 585
1771 631 1791 653 a
1808 625 1838 653 et
1854 630 1930 662 seq.;

484 686 541 718 pro
574 675 748 718 provinciis
781 674 874 707 Tertii
909 674 1035 707 Ordinis
1062 674 1178 708 Galliae
1204 674 1313 715 oblati,
1337 684 1393 707 seu
1417 674 1589 707 servientes
1621 684 1685 708 non
1717 673 1933 717 recipiantur,

483 739 588 772 neque
620 727 659 761 ad
691 728 922 772 professionem
948 727 1159 761 admittantur
1181 728 1241 761 nisi
1266 738 1340 760 cum
1364 727 1504 761 biennali
1529 727 1705 767 novitiatu,
1731 725 1795 760 605
1818 726 1854 767 b,
1878 726 1933 760 de-

485 787 604 814 cretum
638 787 667 814 et.
700 782 796 815 Breve
828 780 952 813 Summi
984 781 1150 814 Pontificis
1183 781 1269 814 circa
1300 786 1416 814 statum
1450 780 1633 814 oblatorum
1663 786 1694 814 et
1725 779 1932 814 servientium

484 833 628 866 eiusdem
651 834 852 877 provinciae,
879 832 942 865 008
967 844 1001 872 α’,
1028 833 1212 867 commissio
1237 833 1460 877 exequutionis
1485 833 1700 878 quorumdam
1729 832 1932 867 decretorum

482 898 540 931 pro
565 886 727 930 provincia
753 886 800 919 Ss.
821 886 973 919 Ludovici
991 892 1021 920 et
1038 887 1170 920 Elzearii
1188 887 1274 921 tertii
1292 887 1420 921 Ordinis
1438 886 1468 920 S.
1490 887 1649 921 Francisci
1673 886 1931 931 congregationis

483 940 682 981 Gallicanae,
710 939 773 972 688
797 950 816 971 a
841 945 871 972 et
895 950 972 983 seq.;
999 941 1115 973 erectio
1142 940 1326 984 provinciae
1350 940 1382 974 S.
1410 940 1546 974 Ladislai
1570 943 1603 975 in
1627 940 1804 982 Sclavonia‚
1831 939 1895 973 699
1912 949 1933 972 a

484 1000 514 1027 et
537 1005 612 1037 seq.;
638 1000 841 1037 praeceptum
868 993 1090 1037 superioribus
1115 993 1297 1037 provinciae
1323 994 1531 1035 Brasitiensis‚
1559 994 1621 1027 707
1648 994 1681 1034 b,
1705 994 1739 1026 in
1769 992 1934 1037 provincia

484 1046 695 1090 Portugalliae
727 1052 869 1080 servetur
899 1048 1063 1080 decretum
1097 1047 1267 1080 cardinalis
1293 1048 1432 1088 Verallii,
1464 1048 1527 1081 725
1551 1060 1590 1089 α;
1625 1047 1825 1082 confirmatio
1850 1056 1933 1081 con—

485 1099 606 1133 cordati
640 1099 674 1132 in
705 1099 845 1142 capitulo
871 1100 1008 1143 generali
1034 1100 1117 1133 circa
1142 1101 1330 1134 electionem
1356 1102 1551 1141 definitoris,
1578 1101 1636 1135 731
1665 1113 1703 1142 α;
1733 1099 1933 1134 confirmatio

485 1153 592 1185 statuti
613 1164 630 1185 a
656 1152 901 1195 congregatione
927 1153 1066 1195 generali
1085 1153 1211 1187 Ordinis
1230 1154 1388 1187 Minorum
1407 1155 1663 1188 Recollcctorum
1683 1155 1714 1187 in
1736 1153 1835 1188 Gallia
1855 1151 1932 1186 editi

485 1216 581 1248 super
601 1205 846 1248 praecedentiis,
872 1205 936 1238 7412
961 1206 976 1238 b
1002 1212 1031 1239 et
1052 1218 1127 1250 scq.;
1155 1206 1356 1240 confirmatio
1381 1207 1502 1241 decreti
1528 1207 1787 1250 Congregationis
1811 1205 1933 1250 episco-

485 1268 597 1301 porum
624 1262 655 1290 et
679 1258 873 1301 regularium
899 1258 983 1291 circa
1008 1259 1223 1293 reductionem
1248 1261 1371 1293 numeri
1400 1261 1530 1293 fratrum
1561 1266 1775 1294 conventuum
1807 1259 1932 1303 provin-

485 1311 551 1343 ciae
570 1311 599 1343 S.
621 1312 760 1344 Tliomae
785 1311 816 1343 in
842 1312 1062 1352 Pedemontio,
1082 1312 1144 1344 755
1163 1312 1196 1353 Ι];
1213 1313 1283 1345 vide
1300 1314 1397 1346 Tertii
1414 1313 1538 1347 Ordinis
1564 1314 1674 1346 fratres
1699 1313 1730 1345 S
1758 1312 1928 1346 Francisci.

397 1364 584 1398 Franciseus
608 1365 799 1397 Barberinus
823 1365 990 1409 episcopus
1015 1366 1219 1407 portuensis,
1247 1366 1416 1400 cardinalis
1449 1366 1480 1399 S.
1508 1366 1544 1398 R.
1572 1367 1606 1399 E.
1635 1366 1930 1406 vicecancellarius,

484 1429 520 1451 ac
545 1417 671 1451 Ordinis
696 1417 726 1450 S.
757 1418 915 1451 Francisci
944 1425 1128 1462 protector,
1155 1424 1316 1452 corrector
1341 1425 1371 1452 et
1403 1419 1617 1463 gubernator,
1649 1419 1758 1453 litibus
1793 1419 1934 1453 occurrit

485 1471 602 1520 exortis
633 1470 715 1504 inter
744 1479 968 1515 procuratores
1000 1478 1030 1506 et
1063 1472 1301 1506 commissarios
1333 1472 1498 1516 generales
1523 1472 1666 1506 eiusdem
1697 1472 1823 1507 Ordinis
1848 1473 1933 1506 circa

484 1524 751 1568 praecedentiam,
778 1524 842 1557 475
867 1536 897 1558 a.

396 1576 583 1610 Franciseus
605 1577 835 1610 Maidalcliinus
860 1578 890 1612 S.
916 1579 951 1611 E.
980 1579 1013 1612 R.
1041 1579 1219 1619 cardinalis,
1249 1578 1310 1612 767
1337 1590 1377 1620 α’,
1403 1579 1633 1613 monasterium
1657 1579 1783 1612 abbatia
1806 1589 1932 1612 nuncu-

484 1636 594 1674 patum
619 1630 650 1663 S.
678 1631 837 1664 Pancratii
863 1642 964 1675 prope
990 1638 1021 1665 et
1046 1638 1133 1665 extra
1158 1643 1267 1666 muros
1292 1632 1385 1666 Urbis
1409 1633 1506 1666 habet
1530 1633 1562 1666 in
1587 1632 1821 1673 commendam,
1845 1631 1930 1672 ibid3

485 1683 657 1717 ecclesiam
682 1690 713 1717 et
738 1691 928 1718 conventum
953 1686 1035 1719 cedit
1060 1686 1237 1720 Carmelitis
1262 1685 1465 1720 Discalceatis
1491 1686 1528 1719 de
1558 1685 1642 1719 Urbe
1670 1696 1728 1730 pro
1759 1684 1932 1719 seminario

486 1737 674 1770 missionum
695 1737 837 1771 eiusdem
863 1738 1004 1779 Ordinis,
1030 1739 1095 1771 ibid
1120 1745 1151 1772 et
1174 1750 1234 1783 seq.

396 1787 584 1823 Franciscus
610 1790 727 1833 Ripolli
752 1791 878 1824 Ordinis
903 1792 1036 1824 fratrum
1063 1792 1222 1826 Minorum
1254 1792 1284 1826 S.
1319 1792 1482 1826 Francisci
1514 1792 1553 1825 de
1579 1791 1786 1826 Observantia
1817 1801 1933 1835 procu-

485 1849 572 1876 rator
595 1843 752 1886 generalis
776 1844 874 1877 totius
900 1844 1037 1877 familiae
1061 1846 1176 1879 Terrae
1200 1845 1345 1887 Sanctae,
1369 1845 1411 1879 402
1436 1857 1467 1879 α.

398 1893 586 1930 Franciscus
612 1897 757 1930 Ximenes
782 1897 811 1930 S.
837 1898 874 1930 R.
902 1898 936 1931 E.
965 1898 1147 1939 cardinalis,
1175 1897 1235 1931 491
1253 1898 1290 1930 λι.

1158 2059 1180 2091 G

397 2158 476 2194 Galli
502 2161 564 2204 (S.)
589 2160 700 2202 abbas,
725 2162 795 2195 vide
819 2163 923 2195 Abbas
948 2163 977 2195 S.
996 2163 1090 2196 Galli.

398 2212 621 2247 Germanicum
648 2220 678 2248 et
704 2215 924 2258 Hungaricum
949 2216 1121 2260 collegium
1147 2218 1185 2250 de
1209 2217 1291 2251 Urbe
1315 2218 1385 2251 vide
1408 2217 1591 2262 Collegium.

398 2267 544 2300 (libertus
568 2267 777 2301 Borromaeus
802 2268 832 2301 S.
862 2269 896 2301 R.
922 2269 957 2302 E.
986 2270 1154 2303 cardinalis
1186 2270 1219 2303 in
1254 2271 1417 2314 provincia
1452 2271 1679 2304 Itomandiolae
1711 2276 1741 2304 et
1765 2270 1933 2304 exarchatu

486 2322 652 2354 Ravennae
677 2322 715 2355 de
741 2322 837 2355 latere
862 2323 985 2366 legatus
1003 2325 1147 2367 prohibet
1166 2324 1286 2357 libellas
1303 2330 1333 2357 et
1350 2330 1491 2359 monetas
1512 2325 1607 2367 vulgo
1628 2324 1687 2357 lire
1711 2330 1740 2357 et
1765 2323 1933 2367 boloynini

485 2374 517 2406 in
540 2374 650 2407 iisdem
676 2376 853 2418 provinciis,
879 2377 986 2410 volens
1011 2377 1171 2411 introduci
1195 2378 1288 2411 iulios
1314 2381 1343 2409 et
1370 2387 1463 2417 asseS,
1488 2375 1530 2408 72
1555 2376 1581 2409 b.

398 2425 567 2460 Gililiertus
593 2428 758 2472 episcopus
784 2429 1000 2463 Convenarum
1026 2431 1219 2475 pastoralem
1236 2430 1402 2474 epistolam
1420 2430 1484 2464 edit
1501 2429 1669 2464 occasione
1695 2428 1930 2463 constitutionis

488 2479 663 2514 Innocentii
690 2482 716 2514 X
742 2489 852 2516 contra
877 2483 1013 2516 lansenii
1038 2483 1286 2527 propositiones,
1313 2484 1332 2517 6
1357 2483 1382 2516 b.

400 2531 482 2564 Goae
506 2533 790 2568 ecclesiasticorum
816 2536 933 2569 abusus
958 2537 1064 2579 plures
1084 2536 1300 2580 corriguntur,
1319 2542 1349 2571 et
1366 2536 1629 2571 christifidelium
1655 2534 1697 2568 ibi
1722 2543 1931 2569 commoran-

489 2584 567 2618 tium
592 2586 677 2620 bono
702 2588 898 2630 providetur,
926 2588 990 2623 326
1014 2590 1031 2623 b
1055 2596 1085 2624 et
1109 2601 1170 2634 seq.
