2243 3205
250 191 304 217 An.
329 190 355 218 c.
376 190 445 219 1659
491 180 556 215 470

277 1102 389 1129 Religiueis
399 1109 434 1129 pa·

251 1130 320 1150 rochis
369 1132 433 1150 conti-

251 1163 310 1176 nuari
326 1159 395 1182 potest
405 1157 433 1177 of·

250 1184 326 1203 tiz-ium.

279 2274 378 2301 Equitare
388 2281 434 2302 per-

252 2304 320 2322 mittit.

449 239 538 272 sione
562 238 609 270 vel
634 239 729 271 causa
753 237 892 280 legitime
918 237 1070 281 impediti,
1090 238 1139 271 vel
1164 237 1189 270 si

449 292 547 325 vocati
573 291 679 324 venire
703 291 926 324 recusaverint.
951 292 1039 331 Quod
1059 292 1084 324 si
1109 302 1190 325 com-

448 344 610 377 missarius
635 344 791 387 generalis
815 344 847 377 in
871 344 920 378 his
944 345 1085 378 terminis
1110 344 1190 388 capi-

449 399 547 433 tulum
573 399 712 432 indicere
746 405 776 432 et
811 400 970 433 celebrare
999 399 1188 443 neglexerit,

448 463 485 486 eo
510 453 581 496 ipso
614 453 903 486 excommunicatus
936 457 966 487 et
997 453 1100 487 officio
1133 463 1190 485 suo

449 505 588 549 privatus
602 506 728 546 existat;
744 506 886 540 minister
899 517 974 540 vero
991 505 1191 550 provincialis

448 558 578 591 actualis
594 559 775 602 provinciae
788 559 980 600 huiusmodi,
990 559 1040 593 vel
1054 559 1107 602 qni
1124 559 1191 591 eius

449 611 533 645 vices
556 612 739 653 obtinuerit,
764 613 903 646 celebret
931 613 1048 645 dictum
1077 611 1192 655 capitu-

449 665 524 707 lum,
543 666 634 709 eique
658 666 845 710 praesideat,
865 677 901 700 ac
919 665 994 699 illud
1008 665 1088 698 sicut
1101 675 1191 709 prae-

449 718 583 752 mittitur
600 720 832 754 absolutissime
849 719 1013 763 compleat.
1035 719 1067 753 Si
1086 724 1190 752 autem

448 772 542 805 etiam
558 772 660 806 dictus
677 773 820 806 minister
838 772 1049 817 provincialis,
1061 772 1107 805 vel
1125 772 1191 804 eius

450 825 531 859 vices
544 826 699 868 obtinens,
707 827 785 860 haec
801 827 975 871 adimplere
988 825 1200 866 recusaverit,

448 885 539 923 pater
563 880 745 924 provinciae
769 880 928 924 antiquior
952 879 991 913 ad
1016 879 1191 923 praemissa

448 933 633 976 procedere,
652 933 767 977 illaque
786 933 1001 977 parisormiter
1017 932 1191 976 adimplere

448 985 575 1024 debeat3
611 991 641 1019 et
676 986 720 1019 sic
755 987 948 1027 successive,
982 985 1040 1019 sub
1072 985 1189 1018 eisdem

448 1038 567 1082 poenis.

493 1091 550 1135 53.
561 1091 638 1131 Quia
652 1102 726 1126 vero
741 1097 890 1126 statutum
904 1092 936 1125 in
950 1092 1086 1136 capitulo
1101 1102 1191 1135 gene-

448 1146 506 1178 rali
531 1145 606 1179 dicti
630 1146 755 1179 Ordinis
779 1156 860 1179 anno
885 1146 1090 1180 iincxxmxin
1108 1146 1190 1178 alma

449 1199 533 1232 Urbe
556 1200 716 1233 celebrato
736 1200 853 1234 editum
869 1227 877 1240 ,
902 1211 964 1244 quo
995 1200 1190 1244 disponitur,

448 1253 533 1296 quod
557 1252 718 1296 religiosi,
744 1253 797 1297 qui
828 1254 946 1286 suerint
978 1253 1109 1298 parochi
1134 1264 1192 1297 per

449 1311 512 1338 tres
537 1315 646 1346 annos,
663 1311 819 1349 nequeant
830 1317 887 1349 per
911 1306 988 1339 alios
1013 1311 1076 1338 tres
1093 1316 1191 1339 annos

447 1359 674 1402 subsequentes
688 1359 719 1392 in
737 1359 891 1392 eiusmodi
908 1360 1012 1393 officio
1032 1360 1190 1393 continua-

447 1422 500 1453 re,
525 1412 672 1456 quodque
704 1412 886 1446 definitores
919 1413 1007 1446 nullo
1039 1413 1134 1447 modo
1159 1413 1190 1446 in

447 1466 605 1509 parochos
638 1465 711 1509 eligi
744 1466 882 1509 possint,
914 1466 981 1499 sine
1013 1466 1190 1499 animarum

447 1518 611 1563 dispendio
635 1519 667 1551 in
691 1519 801 1552 eadem
827 1519 990 1563 provincia
1007 1519 1035 1552 S.
1053 1519 1191 1553 Thomae

447 1572 581 1617 apostoli
599 1572 762 1606 observari
782 1573 900 1616 nequit,
919 1583 956 1606 eo
972 1573 1056 1617 quod
1074 1573 1105 1606 in
1122 1584 1191 1618 pro-

449 1625 554 1659 vincia
578 1625 760 1659 huiusmodi
793 1626 975 1670 paucissimi
1008 1636 1092 1660 nunc
1120 1631 1192 1661 sunt

449 1679 613 1722 religiosi,
638 1679 690 1723 qui
716 1679 862 1722 'linguam
897 1679 1118 1723 indigenarum
1149 1680 1191 1713 ita

449 1733 591 1773 calleant,
611 1738 645 1765 ut
668 1732 808 1766 officium
833 1733 965 1776 parochi
985 1734 1125 1777 perfecte
1142 1744 1192 1766 va-

449 1786 532 1819 leant
548 1785 787 1826 administrare3
806 1786 972 1829 religiosos
997 1787 1098 1820 dictae
1117 1798 1190 1831 pro-

449 1839 568 1872 vinciae
580 1839 609 1873 S.
623 1839 762 1873 Thomae
776 1840 921 1884 apostoli,
936 1840 1040 1873 officio
1058 1841 1189 1884 parochi

447 1902 504 1936 per
517 1892 686 1925 triennium
700 1893 833 1936 functos,
844 1892 875 1925 in
891 1892 995 1926 officio
1009 1892 1190 1926 huiusmodi

447 1945 486 1978 ad
503 1945 587 1978 aliud
615 1946 810 1990 subsequens
838 1946 1008 1979 triennium
1032 1946 1191 1980 continua-

448 2000 486 2040 ri,
506 2009 628 2032 necnon
652 1999 835 2033 definitores
849 1999 887 2032 ad
904 2000 1042 2033 officium
1059 2000 1189 2044 parochi

449 2052 522 2096 eligi
555 2052 601 2096 (si
633 2057 736 2086 tamen
765 2052 910 2086 ministro
941 2053 1128 2097 provinciali
1161 2058 1191 2087 et

449 2105 629 2140 definitorio
655 2106 794 2140 eiusdem
820 2107 1001 2150 provinciae
1026 2107 1068 2141 ita
1090 2118 1187 2152 expe-

449 2160 517 2193 dire
537 2160 706 2204 videbitur)
724 2160 823 2194 libere
848 2166 879 2194 et
901 2161 986 2196 licite
1010 2172 1102 2206 posse
1120 2172 1191 2195 con-

449 2214 600 2248 cedimus.

494 2269 509 2312 ἓ
524 2267 554 2301 4.
576 2268 739 2302 Praeterea
752 2269 853 2302 dictae
866 2269 1048 2313 provinciae
1065 2269 1093 2303 S.
1112 2269 1191 2303 Tho-

450 2332 518 2355 mae
531 2322 665 2367 apostoli
682 2322 837 2365 religiosis
853 2323 960 2356 officio·
972 2323 1103 2367 parochi
1120 2323 1189 2356 sun-

450 2376 606 2418 gentibus,
620 2380 655 2410 ut
677 2376 783 2419 aliquo
800 2376 928 2409 animali
945 2376 1119 2410 domestico
1131 2387 1190 2420 pro

450 2430 612 2473 portandis
643 2429 792 2464 oneribus
823 2430 883 2463 sibi
913 2430 1099 2464 necessariis
1123 2431 1189 2472 uti,

450 2482 589 2527 illudque
609 2483 647 2516 ad
665 2494 736 2516 eum
755 2483 900 2517 effectum
918 2494 1026 2517 secum
1042 2483 1189 2524 retinere,

449 2545 581 2577 necnon,
598 2547 661 2579 quo
678 2536 862 2580 expeditiori
888 2536 1051 2580 diligentia
1077 2537 1190 2570 ovibus

450 2589 515 2622 suis
535 2589 729 2632 subveniant,
746 2600 782 2624 ac
795 2590 834 2624 ad
847 2590 1009 2625 evitandos
1025 2595 1189 2635 serpentes

1032 190 1210 214 BULLARIUM
1234 188 1388 213 ROMANUM

1224 236 1277 280 qui
1294 237 1358 270 vias
1381 236 1498 280 passim
1518 235 1673 279 infestant,
1690 237 1963 281 superandamque

1223 290 1364 333 ipsarum
1390 289 1511 322 viarum
1537 290 1748 333 asperitatem,
1772 290 1912 333 equitare
1929 290 1963 322 li-

1223 342 1298 375 bere
1315 343 1434 386 pariter
1451 339 1481 375 et
1498 342 1582 375 licite
1598 343 1731 383 valeant,
1752 342 1961 385 indulgemus.

1269 395 1283 438 ἓ
1312 395 1340 428 5.
1374 396 1536 429 Postremo
1565 396 1706 438 (attento
1738 394 1825 439 quod
1854 406 1963 439 supra-

1225 447 1325 481 dictae
1343 448 1448 481 Indiae
1464 448 1646 488 Orientales‚
1665 448 1697 481 in
1712 448 1825 492 quibus
1845 448 1964 492 praedi-

1225 507 1292 534 ctae
1312 501 1392 534 duae
1416 501 1444 535 S.
1470 502 1607 536 Thomae
1632 502 1765 545 apostoli
1783 507 1813 534 et
1832 501 1883 535 SS.
1909 501 1964 535 Dei

1225 555 1392 588 Genitricis
1412 555 1593 599 provinciae
1606 555 1795 588 constitutae
1819 561 1900 596 sunt,
1918 566 1966 588 re-

1226 608 1399 641 motissima
1430 608 1468 641 ab
1506 609 1585 641 urbe
1620 608 1780 652 praedicta
1814 609 1961 643 christia-

1225 661 1329 694 nitatis
1363 672 1435 705 pars
1470 660 1653 705 existunt¹)
1679 667 1713 694 ut
1744 662 1886 705 gratiae,
1910 663 1964 696 uni

1225 716 1408 749 earumdem
1437 716 1674 760 provinciarum
1702 727 1761 759 pro
1788 716 1872 750 bono
1899 716 1965 750 eius

1225 769 1380 812 regimine
1404 769 1556 803 haetenus
1573 780 1740 803 concessae
1756 775 1786 803 et
1810 770 1841 803 in
1865 776 1966 815 poste-

1225 833 1296 855 rum
1322 823 1551 864 concedendae,
1567 823 1660 856 etiam
1684 823 1774 857 alteri
1799 834 1964 858 concessae

1226 876 1453 920 intelligantur,
1472 877 1514 910 ita
1533 883 1567 910 ut
1583 881 1717 921 utraque
1733 877 1895 921 provincia
1911 878 1966 911 hu-

1225 929 1361 963 iusmodi
1378 929 1492 963 talibus
1508 929 1616 972 gratiis
1630 929 1903 963 indiscriminatim
1920 931 1966 964 uti

1225 989 1255 1016 et
1279 983 1418 1026 gaudere
1442 983 1552 1025 valeat,
1568 984 1686 1028 pariter
1710 985 1912 1018 concedimus
1936 990 1966 1018 et

1225 1036 1435 1080 indulgemus.

1269 1089 1337 1133 §ti
1364 1091 1403 1124 Ut
1434 1095 1538 1123 autem
1573 1091 1714 1134 praefata
1747 1091 1811 1125 suis
1842 1092 1912 1125 loco
1937 1096 1967 1127 et

1225 1149 1367 1188 tempore
1391 1143 1529 1177 debitum
1547 1144 1719 1177 sortiantur
1742 1144 1900 1186 effectum,
1916 1154 1967 1178 eo-

1225 1207 1296 1230 rum
1321 1198 1578 1241 exequutionem,
1604 1209 1675 1231 cum
1693 1198 1841 1232 omnibus
1859 1202 1889 1233 et
1908 1199 1967 1232 sin-

1225 1252 1306 1295 gulis
1334 1252 1532 1286 facultatibus
1549 1252 1587 1285 ad
1612 1252 1643 1285 id
1668 1252 1853 1286 necessariis
1870 1256 1900 1287 et
1916 1263 1967 1296 op-

1225 1306 1379 1349 portunis,
1413 1306 1583 1339 venerabili
1616 1307 1704 1339 fratri
1729 1306 1967 1350 archiepiscopo

1225 1359 1358 1400 Goensi,
1384 1370 1419 1393 ac
1450 1359 1571 1393 dilectis
1602 1359 1676 1393 filiis
1704 1360 1901 1404 inquisitori,
1925 1359 1968 1393 di-

1225 1412 1396 1455 gnitatibus
1414 1418 1444 1445 et
1462 1413 1620 1446 canonicis
1640 1413 1773 1446 civitatis
1793 1418 1824 1446 et
1847 1413 1968 1446 insulae

1225 1466 1318 1508 Goae,
1337 1471 1367 1499 et
1384 1477 1494 1500 eorum
1511 1467 1640 1500 cuilibet
1656 1466 1688 1500 in
1705 1466 1850 1510 solidum,
1864 1472 1967 1501 aucto·

1225 1520 1317 1553 ritate
1341 1523 1371 1554 et
1394 1525 1504 1554 tenore
1527 1519 1696 1564 praedictis
1711 1520 1914 1563 ⁴iniungimus
1931 1530 1967 1553 ac

1225 1573 1468 1614 demandamus3
1489 1573 1572 1606 salva
1590 1583 1716 1617 semper
1738 1573 1769 1606 in
1786 1573 1967 1617 praemissis

1226 1627 1412 1661 auctoritate
1437 1627 1693 1670 congregationis
1718 1632 1965 1661 memoratorum

1225 1679 1443 1713 cardinalium.

1269 1734 1284 1777 g
1301 1733 1331 1766 4.
1349 1733 1558 1767 Decernentes
1578 1733 1704 1767 easdem
1721 1739 1903 1778 praesentes
1920 1734 1967 1768 lit-

1226 1792 1307 1820 teras
1332 1797 1457 1830 semper
1473 1787 1593 1828 firmas,
1614 1793 1684 1828 etc.,
1704 1797 1740 1820 ac
1757 1786 1815 1820 ab⁹
1835 1787 1907 1828 illis,
1927 1788 1966 1820 ad

1225 1851 1304 1883 quos
1321 1845 1441 1883 spectat
1459 1845 1488 1873 et
1505 1851 1563 1884 pro
1582 1846 1725 1884 tempore
1743 1840 1905 1884 spectabit,
1920 1840 1966 1873 in-

1225 1893 1414 1926 violabiliter
1438 1893 1618 1935 observari,
1644 1898 1675 1927 et
1704 1893 1765 1926 illis
1794 1893 1966 1937 respective

1224 1946 1404 1990 plenissime
1421 1947 1604 1990 suffragari,
1618 1947 1725 1991 sicque
1739 1947 1770 1980 in
1784 1947 1966 1991 praemissis

1224 2011 1281 2044 per
1316 2011 1533 2045 quoscumque
1570 2001 1710 2044 iudices,
1742 2006 1818 2043 etc.,
1842 2000 1965 2034 definiri

1225 2054 1362 2096 debere,
1388 2065 1424 2088 ac
1455 2055 1580 2089 irritum
1614 2060 1649 2088 et
1677 2055 1789 2095 inane,
1819 2054 1845 2088 si
1876 2064 1966 2088 secus

1224 2118 1321 2152 super
1360 2108 1408 2141 his
1439 2119 1457 2141 a
1484 2119 1666 2153 quoquam,
1693 2108 1802 2152 quavis
1834 2107 1966 2141 auctori-

1225 2167 1297 2203 tate,
1325 2162 1460 2196 scienter
1490 2162 1539 2196 vel
1571 2162 1764 2206 ignoranter,
1797 2161 1965 2204 contigerit

1224 2216 1380 2249 attentari.

1269 2270 1284 2313 ἓ
1308 2269 1337 2303 5.
1367 2270 1435 2303 Non
1466 2269 1664 2303 obstantibus
1693 2269 1896 2313 praemissis,
1929 2277 1964 2302 ac

1224 2323 1322 2357 felicis
1346 2323 1574 2357 recordationis
1599 2320 1749 2357 Bonifacii
1775 2323 1875 2366 Papae
1901 2322 1963 2355 Vlll

1224 2377 1476 2421 praedecessoris
1499 2377 1598 2410 nostri
1623 2376 1660 2409 de
1685 2378 1761 2416 una,
1786 2380 1816 2408 et
1840 2375 1964 2409 concilii

1224 2430 1380 2473 generalis
1404 2430 1443 2463 de
1467 2430 1588 2463 duabus
1613 2429 1714 2470 dietis,
1740 2434 1809 2470 etc.,
1833 2428 1964 2472 aliisque

1261 2510 1271 2536 1
1290 2509 1391 2545 Nempe
1406 2509 1467 2537 illae
1486 2509 1577 2536 Indiae
1597 2512 1659 2536 sunt
1679 2517 1741 2544 pars
1761 2506 1963 2535 christianitatis

1224 2553 1404 2581 remotissima
1423 2553 1456 2581 ab
1477 2553 1545 2581 urhe
1564 2553 1634 2581 Goae
1652 2555 1690 2587 (a.
1704 2554 1754 2586 Τ.).

1258 2597 1275 2625 2
1294 2595 1444 2634 Praeposit.
1459 2598 1494 2627 ab
1509 2606 1559 2626 nos
1573 2597 1698 2626 addimus
1711 2597 1750 2631 (a.
1766 2597 1816 2630 τ.).

1972 188 2024 216 An.
2045 187 2075 216 C.
2092 189 2158 218 1659

2018 1099 2160 1126 Exeqnutores

1981 1126 2076 1153 deputat.

2008 1741 2118 1762 Decretum
2136 1740 2161 1762 ir-

1981 1767 2054 1789 ritans.

1980 2271 2087 2293 Contraria
2099 2270 2158 2291 tollit.
