2202 3190
234 179 281 206 An.
300 179 327 206 c.
348 179 418 207 1662
465 170 527 204 760

252 451 327 471 Annuit
338 451 415 477 petuis,

431 228 580 272 praedicti
603 227 736 271 Philippi
749 227 833 270 regis
850 227 907 262 suit
922 228 1084 262 humiliter
1101 241 1171 273 sup-

431 280 579 323 plicatum
606 285 640 312 ut
657 280 688 312 in
706 280 887 323 praemissis
904 287 1079 325 opportune
1097 294 1170 326 pro-
1186 290 1188 293 '

431 333 537 366 videre
563 339 592 365 et
617 339 650 365 ut
676 333 757 366 insra
781 333 944 377 indulgere
964 335 1001 368 de
1025 335 1168 378 benigni-

431 391 493 419 tate
518 386 689 430 apostolica
715 386 926 429 dignaremur.

474 441 489 483 g
512 440 549 472 3
568 440 630 472 Nos
656 439 752 482 igitur
772 440 910 473 eiusdem
933 441 1068 485 Philippi
1085 441 1169 484 regis

430 493 586 526 desiderio
611 493 669 525 hac
694 493 724 526 in
749 504 783 526 re
808 494 1043 537 favorabiliter,
1068 505 1168 538 quan-

431 552 496 579 tum
516 556 586 578 cum
608 546 742 579 Domino
760 557 937 590 possumus,
954 558 1094 580 annuere
1118 559 1170 580 cu-

428 599 559 643 pientes,
577 609 698 632 necnon
717 605 779 632 tam
796 600 870 633 dicti
887 601 1059 644 prioratus,
1073 611 1168 644 quam

429 652 595 686 cuiuslibet
608 663 643 686 ex
657 653 892 697 parochialibus
906 654 1044 687 ecclesiis
1065 654 1169 687 huius-

430 706 514 739 modi
533 706 704 747 fructuum,
719 706 897 739 reddituum
915 713 944 740 et
957 712 1167 751 proventuum

429 770 520 793 veros
545 770 665 793 annuos
686 760 817 800 valores,
838 761 1009 793 secundum
1027 771 1169 794 commu-

428 822 499 845 nem
518 813 780 853 aestimationem,
794 813 1012 856 praesentibus
1027 824 1087 856 pro
1106 814 1168 857 ple-

428 875 467 898 ne
492 871 521 899 et
545 866 736 899 sufficienter
757 866 912 909 expressis
936 866 1096 907 habentes,
1114 866 1168 899 hu-

428 919 563 952 iusmodi
589 919 870 963 supplicationibus
896 919 1045 960 inclinati,
1070 930 1167 963 super

428 972 519 1005 villae
544 972 582 1005 de
606 972 755 1005 Montesia
779 977 902 1005 centum
929 972 1048 1015 decem,
1073 983 1167 1017 super

427 1026 519 1059 villae
544 1026 582 1058 de
606 1026 732 1058 Vallada
756 1026 982 1069 sexagintasex,
1000 1038 1094 1070 super
1116 1027 1166 1060 vil-

427 1079 475 1112 lae
489 1079 518 1112 S.
533 1079 679 1112 Matthaei
697 1083 821 1113 centum
835 1080 1055 1123 trigintaduos,
1069 1091 1164 1125 super

426 1133 518 1166 villae
535 1133 573 1166 de
589 1133 683 1166 Canet
699 1134 1056 1178 quadragintaquatuor,
1070 1145 1165 1178 super

425 1186 517 1219 villae
550 1187 587 1219 de
619 1187 706 1230 Catig
737 1187 844 1219 itidem
877 1187 1164 1231 quadragintaqua-

426 1244 507 1281 tuor,
522 1250 616 1284 super
632 1240 723 1272 villae
741 1240 779 1272 de
795 1240 889 1274 Chert
902 1244 1026 1274 centum
1044 1240 1164 1281 decem,

425 1304 520 1337 super
544 1294 635 1326 villae
655 1294 692 1326 de
712 1294 882 1327 Albocazer
898 1294 1099 1337 trigintatres,
1114 1304 1164 1326 su-

424 1357 481 1390 per
506 1346 596 1380 villae
621 1346 659 1379 de
682 1347 729 1380 las
753 1347 869 1381 Cuevas
893 1347 1001 1380 itidem
1027 1347 1164 1390 triginta-

425 1404 499 1440 tres,
525 1411 620 1444 super
645 1401 704 1433 loci
730 1400 767 1433 de
792 1401 888 1434 Sveca
912 1401 1064 1434 ducentos
1080 1412 1163 1434 sexa—

425 1452 657 1496 gintaquatuor,
675 1464 769 1497 super
785 1454 847 1487 loci
864 1454 902 1487 de
922 1454 996 1487 Silla
1020 1454 1163 1497 sexagin-

424 1511 530 1548 tasex,
556 1517 652 1550 super
684 1507 744 1540 loci
781 1507 819 1540 de
850 1507 1001 1540 Moncada
1036 1513 1161 1541 centum

423 1559 798 1604 quinquagintaquatuor,
823 1571 918 1604 super
942 1560 1002 1594 loci
1028 1561 1066 1594 de
1090 1561 1163 1595 Cai-

423 1624 500 1657 pesa
524 1618 649 1646 centum
667 1614 886 1656 trigintaduos,
904 1624 1000 1658 super
1016 1614 1108 1647 villae
1124 1614 1162 1647 de

423 1665 510 1699 Onda
534 1672 659 1700 centum
684 1666 803 1707 decem,
828 1677 924 1710 super
948 1667 1038 1700 villae
1060 1667 1098 1700 de
1111 1668 1162 1700 Al-

423 1720 490 1752 cala
514 1720 778 1763 octuagintaocto,
796 1730 890 1764 super
908 1720 999 1753 villae
1016 1720 1054 1753 de
1071 1721 1161 1753 Beni-

423 1774 509 1807 carlo
523 1779 648 1807 centum
668 1774 885 1817 trigintaduos,
906 1784 1000 1817 super
1017 1775 1106 1807 villae
1124 1774 1162 1807 de

423 1827 557 1861 Vinaroz
582 1832 707 1860 centum
732 1827 858 1869 decem,
885 1838 982 1871 super
1007 1828 1098 1861 villae
1123 1829 1160 1861 (16

423 1880 496 1913 lana
520 1880 872 1924 quadragintaquatuor,
890 1891 984 1924 super
1010 1881 1099 1914 villae
1123 1882 1161 1914 de

423 1934 516 1967 Rosel
541 1933 647 1967 itidem
676 1934 1040 1977 quadragintaquatuor,
1067 1945 1161 1978 super

424 1986 514 2020 villae
546 1987 584 2020 de
614 1987 743 2020 Benasal
767 1987 1041 2030 octuagintaocto,
1067 1999 1161 2032 super

423 2040 513 2073 villae
537 2040 575 2073 de
599 2041 677 2073 Aros
699 2040 805 2073 itidem
831 2040 1092 2083 octuagintaocto,
1110 2053 1160 2074 su-

423 2103 480 2137 per
505 2094 593 2126 villae
626 2094 664 2126 de
688 2093 773 2127 Culla
797 2094 1158 2138 quadragintaquatuor,

423 2157 517 2191 super
535 2147 624 2180 villae
644 2147 682 2180 de
698 2147 866 2180 Vistabella
889 2153 1014 2181 centum
1039 2149 1158 2192 decem,

423 2211 519 2245 super
543 2202 633 2234 villae
650 2202 687 2234 de
704 2202 854 2235 Arzeneta
879 2202 1106 2245 sexagintasex,
1124 2214 1160 2237 ac

423 2265 518 2298 super
542 2255 633 2288 villae
649 2255 687 2288 de
704 2255 841 2289 Coruera
866 2255 1095 2299 parochialium
1114 2267 1159 2289 ec-

424 2307 589 2340 clesiarum
615 2308 746 2352 praefati
772 2308 896 2342 Ordinis
922 2308 1064 2341 militaris
1089 2319 1158 2342 san-

424 2365 490 2395 ctae
514 2362 628 2395 Mariae
642 2362 680 2396 de
696 2363 845 2396 Montesia
862 2363 1035 2406 respective
1056 2364 1161 2397 fructi-

424 2414 492 2455 bus,
510 2415 682 2449 redditibus
707 2422 736 2449 et
755 2416 960 2461 proventibus
980 2417 1159 2460 octuaginta

424 2472 495 2500 octo
521 2468 640 2510 regales
664 2469 764 2502 dictae
790 2475 932 2502 monetae
957 2470 1157 2511 Valenffinae,

424 2519 477 2563 qui
514 2530 668 2553 summam
702 2522 912 2564 praefatorum
949 2522 1157 2555 ducentorum

424 2572 608 2606 ducatorum
640 2574 732 2606 simul
762 2575 974 2616 constituunt,
998 2575 1156 2609 annuatim

1013 182 1189 206 BULLARIUM
1216 181 1369 205 ROMANUM

1205 229 1343 273 praefato
1385 230 1538 273 prioratui
1575 230 1742 264 domorum
1779 233 1939 275 regiarum

1206 283 1313 326 templi
1331 282 1457 316 Ordinis
1474 283 1617 317 militaris
1641 284 1832 326 huiusmodi,
1847 296 1882 318 ac
1899 286 1941 318 di-

1205 341 1254 368 cto
1279 336 1375 369 Paulo
1411 336 1540 380 eiusque
1565 337 1800 370 successoribus
1824 338 1940 372 dietum

1204 388 1381 432 prioratum
1406 400 1465 433 pro
1485 395 1626 434 tempore
1643 390 1865 431 obtinentibus,
1885 402 1941 434 per

1204 442 1429 475 modernorum
1448 443 1628 476 earumdem
1649 443 1877 487 parochialium
1895 454 1942 478 ec-

1204 494 1369 527 clesiarum
1402 500 1560 528 rectorum
1599 507 1797 529 successores
1829 507 1938 540 respe-

1203 547 1282 580 ctive
1299 548 1473 589 solvendos
1487 548 1659 582 dummodo
1678 549 1941 590 tamen,deductis

1204 600 1383 634 huiusmodi
1419 606 1558 634 ratarum
1607 602 1738 646 aliisque
1781 602 1938 636 dictarum

1202 654 1431 697 parochialium
1449 655 1651 688 ecclesiarum
1677 656 1848 699 respective
1865 666 1939 689 one-

1203 707 1311 749 ribus,
1343 713 1468 740 centum
1505 708 1610 741 ducati
1648 719 1707 752 pro
1743 709 1939 752 singularum

1203 760 1431 803 parochialium
1456 761 1659 794 eeclesiarum
1685 761 1866 795 huiusmodi
1894 773 1940 795 re-

1202 813 1343 846 ctoribus
1367 819 1569 855 remaneant,
1594 825 1631 848 ex
1663 825 1746 848 nunc
1779 820 1873 858 prout
1904 826 1940 849 ex

1203 872 1276 899 tunc
1292 872 1458 911 postquam
1476 867 1603 900 eaedem
1624 868 1820 911 parochiales
1844 869 1940 902 eccle-

1201 920 1264 953 siae
1289 925 1318 955 et
1342 931 1450 954 earum
1468 922 1627 965 quaelibet
1649 932 1706 966 per
1730 922 1852 955 obitum
1872 933 1938 956 mo-

1201 974 1372 1007 dernorum
1413 975 1538 1007 illarum
1580 980 1739 1008 rectorum
1776 981 1829 1009 aut
1864 976 1939 1010 alias

1201 1028 1437 1071 quomodolibet
1462 1038 1498 1060 ex
1525 1038 1635 1061 eorum
1659 1028 1802 1072 personis
1829 1039 1938 1073 respe-

1201 1081 1280 1114 ctive
1304 1082 1505 1124 vacaverint,
1531 1081 1715 1115 auctoritate
1743 1083 1936 1126 apostoliea,

1201 1139 1308 1167 tenore
1325 1134 1547 1178 praesentium,
1561 1140 1713 1179 perpetuo
1730 1135 1936 1179 applicamus.

1244 1189 1258 1232 ξ
1282 1189 1535 1221 4.Dece1·nentes
1556 1188 1679 1222 casdem
1698 1194 1879 1232 praesentes
1892 1189 1938 1222 lit-

1200 1247 1281 1274 teras
1310 1252 1434 1286 semper
1467 1242 1584 1282 firmas,
1601 1241 1717 1275 validas
1745 1245 1774 1276 et
1795 1242 1936 1276 efficaces

1199 1295 1332 1328 existere
1356 1301 1385 1328 et
1410 1295 1492 1335 sore,
1518 1306 1553 1328 ac
1578 1295 1662 1328 dicto
1686 1295 1782 1328 Paulo
1807 1296 1936 1340 eiusque

1199 1348 1228 1380 in
1253 1349 1397 1391 prioratu
1432 1348 1613 1381 huiusmodi
1646 1348 1881 1381 successoribus
1905 1349 1935 1382 in

1198 1402 1345 1434 omnibus
1366 1407 1395 1434 et
1414 1412 1472 1445 per
1492 1402 1597 1434 omnia
1617 1401 1798 1445 plenissime
1822 1401 1935 1435 suffra-

1197 1455 1274 1498 gari,
1300 1465 1401 1498 neque
1424 1455 1493 1488 illas
1523 1455 1580 1487 sub
1608 1455 1769 1498 quibusvis
1785 1455 1935 1488 similium

1197 1509 1244 1542 vel
1258 1509 1457 1542 dissimilium
1468 1509 1712 1553 applicationum
1726 1512 1756 1543 et
1771 1509 1934 1552 1101001101,

1197 1562 1291 1595 etiam
1316 1562 1462 1596 effectum
1486 1572 1549 1595 non
1573 1562 1767 1603 sortitarum,
1784 1573 1839 1597 seu
1863 1563 1934 1596 alia-

1197 1626 1267 1648 rum
1293 1616 1466 1659 gratiarum
1499 1615 1770 1658 revocationibus,
1795 1626 1933 1660 suspen-

1196 1669 1347 1710 sionibus,
1378 1669 1636 1714 limitationibus,
1661 1669 1932 1712 derogationibus,

1195 1723 1328 1766 aliisque
1358 1722 1523 1755 contrariis
1547 1722 1813 1766 dispositionibus,
1839 1722 1931 1755 etiam

1195 1787 1251 1819 per
1276 1787 1489 1819 quascumque
1513 1776 1632 1808 litteras
1650 1781 1679 1808 et
1695 1775 1932 1810 constitutiones

1196 1830 1382 1873 apostolicas
1398 1857 1405 1870 ,
1429 1840 1484 1862 seu
1512 1830 1716 1862 cancellariae
1741 1830 1932 1873 apostolicae

1195 1883 1330 1925 regulas,
1351 1883 1408 1916 sub
1425 1882 1677 1926 quibuscumque
1702 1883 1871 1916 verborum
1893 1888 1933 1917 te-

1195 1936 1324 1969 noribus
1359 1941 1389 1968 et
1421 1935 1529 1969 formis
1549 1963 1556 1976 ,
1592 1946 1628 1969 ac
1659 1947 1729 1968 cum
1769 1936 1931 1980 quibusvis

1195 1990 1343 2022 clausulis
1372 1995 1402 2022 et
1432 1989 1565 2023 decretis
1589 1989 1681 2022 etiam
1712 2000 1768 2033 per
1791 1999 1848 2022 nos
1883 1990 1930 2023 vel

1194 2054 1408 2087 quoscumque
1424 2044 1579 2076 Romanos
1596 2042 1760 2076 Pontifices
1771 2053 1931 2077 successo-

1194 2107 1244 2129 res
1268 2101 1401 2138 nostros,
1422 2097 1515 2130 etiam
1532 2097 1563 2129 in
1577 2097 1746 2129 crastinum
1764 2096 1931 2130 cuiuslibet

1194 2161 1303 2182 eorum
1318 2150 1539 2194 assumptionis
1552 2149 1590 2182 ad
1603 2149 1718 2182 summi
1737 2149 1929 2192 apostolatus

1193 2204 1324 2247 apicem,
1345 2213 1380 2236 ac
1394 2214 1451 2247 per
1467 2203 1577 2236 Sedem
1595 2203 1819 2246 Apostolicam,
1836 2203 1929 2236 etiam

1194 2262 1280 2289 motu
1305 2256 1434 2300 proprio
1461 2261 1492 2289 et
1508 2256 1546 2288 de
1562 2256 1750 2299 apostolicae
1768 2256 1929 2299 potestatis

1193 2310 1407 2353 plenitudine,
1440 2320 1475 2342 ac
1506 2308 1776 2349 consistorialiter,
1807 2314 1836 2341 et
1853 2309 1928 2342 alias

1193 2363 1429 2406 quomodolibet
1452 2373 1509 2406 pro
1535 2368 1676 2405 tempore
1693 2362 1780 2395 sactis
1804 2366 1834 2394 61
1858 2373 1928 2396 con-

1193 2417 1305 2456 cessis,
1334 2426 1469 2459 unquam
1500 2415 1725 2458 comprehendi
1750 2420 1803 2448 aut
1834 2427 1923 2450 com-

1192 2470 1363 2513 prehensas
1381 2468 1512 2509 censeri,
1533 2468 1586 2501 sed
1603 2478 1725 2511 semper
1738 2468 1776 2500 ab
1795 2468 1855 2501 illis
1875 2479 1926 2501 ex-

1191 2528 1305 2566 ceptas,
1330 2528 1359 2555 et
1379 2522 1502 2566 quoties
1526 2522 1596 2554 illae
1617 2521 1814 2562 emanabant,
1835 2521 1925 2554 toties

1190 2576 1221 2608 in
1237 2576 1403 2620 pristinum
1422 2580 1452 2609 et
1465 2574 1691 2609 validissimum
1708 2579 1821 2608 statum
1839 2574 1924 2608 resti-

1955 186 2003 212 An.
2019 185 2047 211 C.
2067 185 2136 215 1662

1964 1228 1967 1231 Ι
1979 1200 2090 1224 Decretum
2107 1203 2133 1224 ii·-

1952 1230 2024 1250 tutans.
