2243 3205
878 205 977 228 INDEX
1004 204 1096 227 RUBRI
1103 203 1207 227 CARUM

274 258 452 294 CLXXXVI.
467 256 592 291 Mandat
609 255 771 290 observari
788 255 916 290 decreta
933 256 1018 289 edita

361 323 379 345 a
415 312 504 344 sacra
535 309 785 353 congregatione
819 309 857 342 de
891 310 1018 353 Propa-

361 364 467 409 ganda
498 363 574 397 Fide
610 363 649 395 ab
682 362 908 397 ecclesiasticis
954 368 1019 395 tam

365 416 562 451 secularibus
591 426 688 460 quam
722 415 924 460 regularibus
963 425 1020 459 pro

364 472 451 505 bono
476 469 629 514 regimine
654 469 814 514 spirituali
839 469 1019 502 animarum

367 523 624 558 christifidelium
650 524 746 564 Coae,
769 521 844 555 3⁶26.

278 577 474 613 CLXXXVII.
503 577 594 617 Quod
619 576 732 610 fratres
758 574 1023 619 Congregationis

367 628 537 675 Hispaniae
578 631 711 664 fratrum
752 628 1023 664 Discalceatorum

367 689 628 728 nuncupatorum
642 683 769 717 Ordinis
790 682 841 716 SS.
862 681 1025 716 Trinitatis

370 736 610 782 Redemptionis
660 737 865 782 Captivorum
904 735 1027 780 possint

371 790 514 825 dividere
545 800 636 824 suam
673 790 954 834 congregationem
994 789 1024 821 in

370 850 435 878 tres
460 844 659 888 provincias,
687 849 718 877 et
743 854 860 887 augere
878 843 959 876 duos
975 841 1028 875 de-

373 898 517 931 finitores
541 898 720 941 generales,
750 896 929 930 dummodo
950 906 1029 929 una-

376 961 522 996 quaeque
540 951 701 995 provincia
718 950 833 984 habeat
859 955 930 983 octo
955 959 1030 983 con-

378 1011 490 1039 ventus
506 1033 513 1046 ,
539 1004 614 1038 329.

286 1059 494 1094 CLXXXVIII.
521 1059 668 1092 Declarat
692 1058 825 1091 modum
845 1057 1030 1090 habendum

375 1125 392 1147 a
424 1112 567 1156 generali
600 1112 632 1146 in
662 1110 822 1146 visitando
848 1110 1029 1153 Congrege-

377 1166 498 1200 tionem
530 1166 764 1200 monachorum
796 1163 846 1197 del
881 1164 1031 1205 Tardon,

378 1219 452 1253 331.

287 1274 465 1308 CLXXXIX.
495 1273 684 1308 Commissio
710 1273 828 1306 nuncio
861 1272 1035 1317 apostolico

376 1327 525 1372 Neapolis
541 1338 653 1361 causae
668 1337 866 1367 excessuum,
882 1337 964 1371 quos
983 1327 1037 1359 mi-

378 1381 471 1415 nistri
504 1382 583 1425 regii
625 1381 772 1424 Neapolis
813 1380 852 1413 ab
885 1381 1037 1424 episcopo

380 1435 550 1470 Ortonensi
583 1441 613 1468 et
639 1434 818 1479 Camplensi
851 1434 1039 1467 commissos

380 1489 479 1523 fuisse
505 1488 733 1533 praetendunt,
761 1487 836 1521 33-2.

292 1543 377 1579 CXC.
398 1542 524 1577 Erectio
539 1542 635 1577 trium
651 1542 915 1575 commendarum
930 1540 1038 1584 hospi-

383 1596 457 1631 talis
482 1596 513 1630 S.
540 1595 668 1629 Ioannis
695 1593 977 1638 Hierosoli'mitani
1003 1605 1039 1627 ex

381 1650 475 1684 bonis
500 1660 689 1693 suppressae
714 1648 954 1692 praeceptoriae
983 1658 1039 1680 seu

383 1702 593 1738 commendate
606 1703 637 1736 S.
654 1702 768 1735 Mariae
787 1701 943 1734 Fanensis
962 1700 1038 1733 dicti

384 1756 564 1801 hospitalis,
590 1754 665 1789 333.

300 1810 401 1846 CXCI.
429 1810 511 1845 Unio
544 1809 669 1853 collegii
697 1819 752 1842 seu
776 1808 941 1853 hospitalis
967 1809 1040 1842 Cre-

385 1863 509 1907 goriani
523 1863 561 1897 de
575 1863 659 1898 Urbe
678 1863 806 1897 Ordinis
823 1862 923 1896 sancti
941 1862 1041 1895 Bene-

386 1916 462 1950 dicti
476 1915 735 1960 congregationis
749 1915 882 1960 Angliae
897 1915 1040 1949 eiusdem

389 1969 529 2012 Ordinis,
555 1969 632 2003 336.

298 2022 410 2059 CXCII.
447 2023 578 2057 Praevia
613 2023 831 2057 annullatione
866 2023 1041 2067 privilegii,

387 2076 474 2122 quod
488 2076 624 2110 habebat
638 2077 747 2110 civitas
764 2077 975 2119 Anconitana‚
993 2087 1043 2110 ce-

388 2130 533 2165 lebrandi
558 2130 719 2164 nundinas
747 2132 845 2165 semel
871 2131 1043 2175 quotannis

388 2185 428 2218 de
451 2184 617 2218 novembri
636 2190 667 2218 et
689 2184 864 2224 decembri,
894 2184 1044 2218 concedit

390 2242 424 2270 ut
445 2237 608 2272 nundinae
633 2237 819 2270 huiusmodi
844 2238 1046 2272 celebrentur

390 2291 558 2334 quotannis
584 2290 616 2323 in
642 2301 750 2324 mense
778 2290 861 2324 maio
893 2301 950 2334 per
974 2296 1045 2324 octo

390 2349 464 2378 ante
480 2349 509 2377 et
527 2355 583 2388 per
601 2343 734 2377 totidem
753 2344 821 2377 dies
841 2350 914 2387 post
932 2344 1044 2378 festum

390 2396 420 2431 S.
450 2396 585 2441 Cyriaci,
613 2396 687 2430 338,

304 2449 426 2485 CXCIII.
444 2449 653 2485 Confirmatio
670 2451 787 2484 decreti
805 2450 934 2494 capituli
953 2461 1048 2496 gene-

393 2502 469 2537 ralis
484 2503 746 2547 Congregationis
761 2503 929 2548 Hispaniae
943 2515 1050 2538 mona-

393 2557 527 2591 chorum
559 2557 686 2591 Ordinis
723 2558 822 2592 sancti
859 2557 1046 2598 Benedicti,

392 2620 457 2658 quo
478 2610 674 2654 decernitur,
703 2612 791 2656 quod
810 2612 918 2647 nullus
938 2623 1048 2647 mona-

1705 190 1763 224 831

1160 255 1239 289 chus
1269 254 1451 288 monasterii
1478 254 1507 287 S.
1534 252 1696 287 Benedicti
1719 253 1814 286 Valli-

1160 309 1293 342 soletani
1321 309 1423 343 dictae
1455 307 1719 352 Congregationis
1747 317 1816 350 pos-

1161 362 1202 395 sit
1226 362 1391 406 suscipere
1411 362 1513 394 ullum
1539 361 1675 403 gradum
1695 360 1727 393 in
1746 359 1816 393 uni-

1162 416 1311 448 versitate
1338 415 1586 454 Vallisoletana,
1620 423 1726 457 neque
1760 424 1817 457 pe-

1163 475 1247 509 tere,
1271 474 1324 502 aut
1349 469 1547 503 contendere
1571 467 1610 501 de
1636 466 1814 506 cathedris,

1164 521 1240 556 339.

1076 574 1200 609 CXCIV.
1218 576 1279 609 Pro
1296 576 1402 620 quiete
1421 582 1451 610 et
1471 575 1609 609 utilitate
1629 573 1818 608 monialium

1165 628 1259 662 Urbis
1296 629 1492 673 regularium
1528 638 1623 662 curae
1662 626 1820 662 subiecta-

1168 693 1253 723 rum,
1278 682 1352 716 341.

1080 735 1190 770 CXCV.
1229 735 1350 775 Breve,
1385 747 1449 779 quo
1482 735 1617 769 vicarius
1663 733 1821 777 generalis

1168 789 1382 832 Portugalliae
1407 789 1565 822 Minorum
1587 788 1625 820 de
1649 786 1823 820 Observan-

1169 844 1212 876 tia
1237 843 1418 876 declaratur
1443 842 1530 885 quod
1556 841 1596 875 sit
1617 841 1822 874 solummodo

1172 896 1412 930 commissarius
1434 895 1590 938 generalis
1615 895 1653 927 ad
1678 894 1778 927 instar
1795 904 1826 926 a-

1171 951 1285 984 liarum
1311 949 1607 984 commissariorum
1631 948 1798 982 nationum
1817 974 1824 987 ,

1171 1004 1247 1038 345.

1085 1059 1208 1094 CXCVI.
1236 1058 1414 1093 Translatio
1443 1056 1662 1091 nundinarum
1693 1054 1828 1088 civitatis

1174 1113 1403 1153 Anconitanae,
1417 1112 1495 1144 alias
1522 1119 1744 1144 concessarum
1772 1119 1828 1152 per

1175 1173 1246 1201 octo
1272 1166 1339 1200 dies
1365 1172 1438 1199 ante
1463 1170 1493 1198 et
1517 1175 1573 1208 per
1599 1162 1732 1196 totidem
1757 1166 1828 1205 post

1175 1221 1290 1254 festum
1320 1219 1350 1252 S.
1376 1218 1523 1263 Cyriaci,
1560 1228 1577 1249 a
1615 1216 1668 1250 die
1690 1224 1729 1248 xv
1753 1214 1828 1248 maii

1176 1284 1278 1317 usque
1303 1273 1342 1305 ad
1367 1271 1452 1304 diem
1473 1270 1610 1315 primam
1630 1268 1709 1302 iunii
1727 1267 1830 1302 inclu-

1177 1327 1252 1367 sive,
1278 1325 1370 1359 annis
1395 1324 1542 1368 singulis,
1569 1322 1601 1355 in
1627 1328 1829 1366 perpetuum,

1178 1392 1251 1415 cum
1272 1380 1374 1414 solitis
1393 1376 1653 1422 exemptionibus
1671 1381 1701 1409 et
1718 1375 1832 1408 immu-

1178 1433 1347 1473 nitatibus,
1375 1431 1451 1466 346.

1091 1488 1229 1523 CXCVII.
1257 1486 1445 1521 Subsidium
1471 1486 1581 1518 decem
1600 1483 1737 1516 millium
1754 1482 1833 1516 tale-

1179 1552 1288 1575 rorum
1314 1539 1531 1583 imperialium
1553 1537 1592 1571 ab
1611 1536 1833 1570 ecclesiasticis

1180 1594 1269 1639 regni
1299 1593 1450 1628 Poloniac
1482 1593 1548 1636 regi
1582 1590 1832 1630 tradendorum,

1180 1648 1256 1682 347.

1093 1703 1242 1738 CXCVIII.
1265 1700 1472 1736 Confirmatio
1491 1699 1611 1733 decreti
1630 1697 1752 1732 domini
1770 1708 1838 1730 car-

1182 1755 1298 1789 dinalis
1337 1753 1528 1798 protectoris
1580 1751 1837 1796 congregationis

1180 1809 1350 1852 Hispaniae
1383 1807 1510 1841 Ordinis
1536 1805 1775 1845 Cisterciensis‚
1803 1809 1839 1837 ut

1182 1863 1328 1897 eiusdem
1369 1860 1629 1905 congregationis
1665 1858 1836 1898 monachi,

1183 1917 1238 1961 qui
1263 1917 1411 1960 supplent
1428 1917 1511 1949 vices
1532 1913 1747 1954 visitatorum,
1768 1923 1839 1956 pro-

1185 1976 1291 2004 motor
1309 1969 1440 2009 fiscalis,
1459 1973 1684 2013 procuratores
1710 1976 1840 2010 genera-

1184 2025 1228 2057 les
1254 2023 1362 2056 curiae
1387 2023 1550 2056 Romanae
1571 2027 1602 2054 et
1625 2020 1733 2054 curiae
1757 2018 1839 2062 regis

1184 2077 1342 2117 catholici,
1367 2073 1841 2112 cancellariaeVallisoletanae,

1185 2137 1216 2164 et
1233 2129 1383 2164 auditorii
1399 2129 1545 2162 Corunae
1562 2128 1701 2161 habeant
1715 2128 1762 2159 ius
1778 2126 1840 2159 sus-

1184 2183 1329 2227 frag-andi
1351 2183 1383 2216 in
1401 2182 1548 2226 capitulis
1573 2179 1785 2224 generalibus,
1805 2190 1842 2212 ac

1186 2243 1353 2281 promotor
1386 2235 1503 2269 fiscalis
1534 2232 1657 2266 intersit
1692 2232 1842 2276 capitulis

1187 2290 1410 2329 intermediis,
1436 2294 1466 2322 ct
1491 2288 1603 2321 electio
1629 2286 1843 2329 rcelcctioque

1187 2343 1420 2387 praedictorum
1445 2346 1691 2385 procuratorum
1710 2338 1754 2371 sic
1773 2349 1843 2382 pcr-

1189 2396 1286 2430 tineat
1312 2396 1350 2428 ad
1376 2393 1607 2432 definitorium,
1634 2398 1669 2426 ut
1694 2391 1770 2425 alias
1795 2391 1844 2425 ius

1190 2450 1331 2492 suffragii
1357 2448 1475 2481 habere
1501 2457 1565 2480 non
1591 2446 1724 2490 possint,
1751 2444 1826 2479 349.

1101 2504 1226 2540 CXCIX.
1281 2501 1492 2536 Confirmatio
1534 2500 1725 2534 concordiae
1765 2500 1847 2533 inter

1190 2558 1376 2602 episcopum
1400 2561 1430 2589 et
1456 2554 1641 2599 capitulum,
1666 2559 1696 2587 et
1717 2552 1845 2586 canoni-

1191 2621 1244 2644 cos
1269 2610 1423 2643 ccclesiae
1448 2607 1619 2649 Curiensis,
1646 2616 1769 2640 necnon
1797 2616 1845 2639 ar-
