2185 3188
29 175 77 197 An.
98 171 126 196 C.
146 169 211 197 2556

54 337 162 358 contraria
176 341 209 357 re-

0 374 1 380 1
27 363 78 386 iicit.

68 2467 180 2493 Hortatur.
203 2471 223 2490 ut

43 2492 66 2516 ln
80 2494 170 2516 rubrica.

822 166 1009 190 ALEXANDER
1034 166 1077 188 VII
1099 166 1145 188 Pr.

224 216 411 261 gravissimo
423 216 557 259 negocio
571 214 769 249 statuendum
785 213 888 254 fuerit,
903 224 966 246 ma-

224 271 294 303 tura
317 269 544 303 deliberatione
567 268 722 309 adhibita,
747 268 966 302 decernamus.

269 323 283 367 ἓ
308 322 337 355 4.
364 323 431 356 Non
448 322 646 355 obstantibus
663 321 761 355 felicis
781 320 968 354 recordatio-

224 376 273 410 nis
304 376 453 410 Bonisacii
487 376 586 420 Papae
619 375 683 408 Vlll
714 374 968 419 praedecessoris

225 429 324 463 nostri
349 429 386 462 de
417 430 496 469 una,
527 435 555 461 et
587 428 711 461 concilii
742 427 898 470 generalis
930 426 968 459 de

226 481 347 515 duabus
371 481 472 523 dietis,
498 482 629 525 aliisque
654 480 850 525 apostolicis,
877 491 912 513 ac
938 480 969 512 in

226 535 368 569 conciliis
389 535 481 568 etiam
501 534 732 568 universalibus
754 534 854 574 editis,
880 544 970 577 gene-

226 587 345 623 ralibus
359 589 406 622 vel
427 588 625 633 specialibus,
645 587 922 621 constitutionibus
940 592 970 620 et

227 641 496 683 ordinationibus,
522 652 643 675 necnon
669 641 849 685 quibusvis,
875 640 968 680 etiam

227 694 414 737 iuramento,
441 694 679 728 confirmatione
705 694 897 738 apostolica,
923 693 969 726 vel

227 749 336 793 quavis
361 748 508 782 firmitate
533 748 593 781 alia
613 748 782 789 roboratis,
801 748 923 781 statutis
942 752 972 780 et

228 801 525 843 consuetudinibus,
550 801 725 846 privilegiis
756 811 899 845 quoque,
925 801 971 833 in-

228 855 322 889 dultis
347 860 376 888 et
400 855 512 890 litteris
530 854 711 900 apostolicis
729 855 758 887 in
776 854 970 888 contrarium

228 909 477 954 praemissorum
515 909 754 953 quomodolibet
791 908 971 951 concessis,

230 962 425 996 confirmatis
450 967 480 996 et
495 962 666 1002 innovatis3
692 962 806 1006 quibus
824 962 973 995 omnibus

230 1021 260 1050 et
284 1016 424 1060 singulis,
450 1017 576 1050 illorum
601 1021 727 1049 tenores
754 1016 973 1060 praesentibus

230 1081 289 1115 pro
314 1071 407 1114 plene
431 1074 461 1104 et
485 1070 678 1104 sufficienter
707 1070 865 1114 expressis
883 1081 918 1103 ae
936 1069 974 1103 de

230 1124 326 1158 verbo
351 1124 389 1157 ad
416 1124 546 1157 verbum
573 1124 698 1158 insertis
725 1124 888 1165 habentes,
913 1124 974 1157 illis

231 1177 306 1211 alias
332 1177 362 1210 in
380 1188 438 1211 suo
452 1178 569 1211 robore
585 1178 814 1222 permansuris,
829 1177 866 1209 ad
888 1188 975 1221 prae-

231 1231 400 1264 missorum
428 1231 585 1272 effectum,
615 1231 673 1264 bac
707 1231 772 1264 rice
800 1230 974 1272 dumtaxat,

231 1285 410 1330 specialiter
434 1291 464 1318 et
489 1296 636 1329 expresse
662 1285 870 1328 d-21·0gamus;
892 1290 974 1318 cete-

231 1340 337 1383 risque
362 1339 528 1373 contrariis
553 1339 816 1383 quibuscumque.

276 1393 388 1426 Datum
410 1393 528 1426 Romae
543 1421 550 1433 ,
575 1393 657 1437 apud
683 1393 711 1426 S.
747 1393 895 1432 Petrum,
917 1391 976 1424 sub

234 1446 349 1480 annulo
360 1446 539 1487 piscatoris,
553 1446 604 1479 die
620 1457 663 1479 xn
680 1446 832 1479 februarii
849 1456 975 1486 nocuit,

234 1500 437 1544 pontificatus
461 1500 560 1534 nostri
586 1510 668 1534 anno
690 1511 708 1533 1.

270 1563 327 1590 Dat.
350 1563 393 1591 die
415 1564 445 1591 12
465 1563 593 1590 februarii
619 1564 695 1596 1656,
717 1563 812 1598 pontif.
835 1571 904 1589 anim
925 1570 943 1590 1.

522 1698 691 1731 LXXXVII.

234 1769 465 1805 Hortatorium
490 1769 691 1809 christianis,
708 1770 765 1814 qui
781 1768 819 1802 ab
835 1769 979 1802 obedien-

281 1824 327 1857 eid
352 1822 583 1867 archiepiscopi
607 1822 862 1866 Anqcmzolensis
882 1833 978 1855 reces-

279 1881 391 1910 serunt
420 1878 583 1910 occasione
616 1876 779 1910 missionis
802 1876 935 1921 Ioseplii
959 1887 979 1908 α

280 1932 391 1964 sancta
421 1931 530 1964 Marici
563 1930 758 1965 Carmelitae
784 1930 980 1963 Discalceali

281 1984 322 2018 ad
346 1985 422 2017 illas
445 1984 580 2028 partes¹.

236 2055 389 2084 univorsis
410 2055 669 2090 christifidelibus,
688 2055 737 2089 qui
749 2054 809 2082 una
826 2062 893 2083 cum
907 2055 980 2083 Tho·

271 2098 318 2127 ma
340 2099 549 2127 archidiacono
570 2100 718 2127 ecclesiae
741 2099 978 2134 Annamalensi&

271 2151 324 2172 seu
344 2143 461 2176 Sarrae,
479 2144 514 2171 ab
531 2143 702 2171 obedientia
719 2144 903 2171 venerabilis
919 2144 979 2171 fra-

272 2188 328 2216 tris
340 2188 560 2223 archiepiscopi
573 2188 798 2224 Anqamalensis
814 2189 979 2217 recessisse

274 2235 464 2266 asseruntur,

434 2286 601 2313 Alexander
621 2287 699 2320 Papa
718 2286 780 2319 vu,

513 2348 620 2376 Dilecti
639 2348 706 2381 filii,

275 2393 404 2420 satutem
427 2395 457 2419 et
477 2393 672 2426 apostolicam
692 2392 943 2421 benedictionem.

283 2463 298 2507 ἓ
323 2463 351 2496 1.
378 2462 560 2496 l’ercrebuit
587 2474 651 2504 vos,
676 2464 813 2497 Thomae
830 2464 982 2497 archidia-

240 2518 310 2551 coni
342 2517 491 2551 ecclesiae
516 2518 752 2560 Angamalensis
786 2529 839 2552 seu
868 2519 980 2553 Serrae

278 2581 286 2606 1
311 2578 347 2605 Ex
370 2578 475 2614 Regest.
498 2578 525 2606 in
545 2578 645 2606 Secret.
669 2578 742 2606 brer·

1002 213 1211 248 temeritatem
1237 219 1370 255 secutos,
1392 224 1407 247 a
1426 214 1616 247 venerabilis
1640 213 1746 247 fratris

1001 266 1230 311 archiepiscopi
1246 268 1484 310 .·¹tng.·imalensis
1502 268 1637 312 pastoris
1652 268 1745 300 vestri

1002 320 1178 354 obedientia
1201 321 1377 353 recessisse.
1397 322 1559 365 Explicaie
1579 321 1666 354 vobis
1684 331 1746 354 non

1002 384 1183 417 possumus,
1210 380 1326 417 quanto
1353 374 1434 406 sama
1459 375 1535 407 hacc
1561 385 1617 407 nos
1643 374 1747 406 affecit

1004 437 1160 467 moerore,
1186 433 1338 471 concepto
1363 427 1563 471 potissimum
1590 438 1626 459 ex
1648 427 1747 460 consi-

1003 480 1164 514 deratione
1181 480 1371 513 discriminis
1387 481 1493 524 inquo
1509 486 1650 513 versatur
1665 481 1748 513 salus

1003 534 1181 566 animarum
1209 539 1395 573 vestrarum,
1414 544 1495 575 cum,
1515 538 1601 567 extra
1626 534 1747 566 caulam

1005 587 1131 621 Domini
1166 587 1304 619 balantes
1317 586 1337 628 ²⁷,
1373 588 1522 627 Satanae,
1553 587 1605 630 qni
1637 587 1749 620 circuit

1004 650 1160 684 quaerens
1183 650 1275 684 quem
1303 639 1441 680 dex-oret,
1474 640 1672 673 continenter
1696 651 1748 673 ex-

1005 694 1096 738 positi
1122 694 1189 727 sitis
1207 693 1337 726 insidiis.
1351 694 1386 726 Et
1401 693 1544 737 quamvis
1558 693 1649 726 nobis
1663 699 1749 727 certo

1005 747 1234 791 persuademus
1259 747 1360 781 aliena
1387 747 1492 792 potius
1518 747 1700 781 seductione
1721 753 1751 780 et

1006 801 1182 835 inconsulta
1207 801 1343 841 levitate,
1368 811 1463 845 quam
1489 800 1663 834 deliberato
1681 811 1752 834 con-

1006 856 1075 889 silio
1100 866 1155 888 vos
1180 865 1217 888 eo
1248 855 1367 888 erroris
1398 865 1465 887 esse
1495 855 1681 899 prolapsos,
1716 865 1752 888 ac

1008 909 1141 954 proinde
1171 919 1336 953 speremus
1368 909 1398 941 in
1432 909 1565 942 Domino
1599 909 1665 942 sore
1697 914 1752 949 ut,

1007 963 1090 1007 quod
1116 973 1132 995 a
1157 963 1247 996 Patre
1272 962 1427 995 luminum
1453 962 1587 995 assiduis
1605 962 1753 1006 precibus

1008 1017 1203 1060 flagitamus,
1229 1016 1377 1050 discussis
1403 1016 1544 1049 caelestis
1565 1016 1683 1059 gratiae
1705 1027 1754 1049 ra-

1008 1070 1059 1103 dio
1086 1070 1238 1103 mentium
1262 1076 1437 1103 vestrarum
1457 1070 1604 1110 tenebris,
1621 1070 1651 1102 in
1671 1070 1753 1102 viam

1009 1123 1167 1164 iustitiae,
1193 1134 1209 1156 a
1234 1134 1295 1167 qua
1322 1124 1435 1156 misere
1463 1123 1636 1163 aberratis,
1662 1129 1691 1156 et
1716 1123 1753 1156 ad

1009 1177 1174 1221 pristinam
1194 1177 1333 1210 eiusdem
1352 1177 1582 1221 archiepiscopi
1604 1177 1754 1210 obedien-

1010 1231 1082 1263 tiam
1097 1232 1180 1264 ultro
1195 1231 1415 1271 revertamini;
1433 1237 1580 1271 attamen,
1595 1241 1653 1274 pro
1671 1241 1755 1264 com-

1011 1284 1103 1317 missa
1129 1285 1218 1318 nobis
1243 1285 1281 1317 ab
1306 1290 1434 1318 :it-terno
1460 1285 1587 1317 Pastore
1614 1290 1752 1317 vestrum

1011 1343 1039 1371 et
1054 1338 1194 1371 omnium
1211 1338 1349 1370 fidelium
1369 1340 1456 1378 ruint,
1475 1349 1528 1371 vos
1546 1338 1657 1370 harum
1672 1338 1754 1371 serie

1010 1392 1119 1425 sedulo
1146 1392 1330 1434 monendos,
1358 1398 1386 1425 ct
1411 1403 1468 1436 per
1494 1392 1613 1425 viscera
1637 1392 1754 1424 iniseri-

1011 1446 1137 1479 cordiae
1163 1447 1216 1479 Dei
1241 1447 1340 1480 nostri
1362 1446 1574 1486 obtestandos,
1602 1446 1754 1490 vobisque

1011 1500 1184 1543 apostolica
1207 1500 1393 1533 auctoritate
1414 1500 1672 1544 praecipiendum
1701 1500 1755 1532 du-

1012 1553 1124 1595 ximus,
1140 1559 1182 1593 ut,
1198 1553 1308 1587 relicto
1328 1554 1467 1597 praefato
1481 1554 1610 1595 Thoma,
1628 1553 1692 1597 qni,
1706 1564 1755 1586 ur-

1013 1609 1122 1650 rogata
1148 1607 1216 1648 sibi,
1242 1607 1360 1651 absque
1390 1607 1482 1640 liuius
1513 1608 1644 1640 Sanctae
1668 1607 1755 1641 Sedis

1012 1662 1219 1702 auctoritate,
1252 1662 1425 1706 episcopali
1451 1662 1623 1705 dignitate,
1650 1669 1755 1707 partes

1013 1715 1280 1759 pseudopastoris,
1304 1726 1342 1748 ne
1367 1715 1507 1748 dicamus
1536 1716 1599 1759 lupi
1622 1716 1755 1760 rapacis,

1013 1767 1094 1801 inter
1120 1779 1172 1801 ros
1198 1779 1291 1812 agere
1317 1769 1510 1812 perhibetur,
1529 1769 1566 1801 ad
1594 1779 1699 1802 verum
1727 1773 1757 1803 et

1013 1822 1188 1864 legitimum
1224 1822 1400 1855 animarum
1428 1828 1600 1855 vestrarum
1634 1828 1754 1866 patrem

1013 1878 1042 1908 et
1059 1879 1217 1918 pastorem
1233 1881 1454 1916 memoratum,
1477 1876 1621 1909 videlicet
1638 1877 1756 1909 archie-

1013 1929 1192 1972 piscopum,
1218 1930 1285 1962 sine
1310 1929 1509 1963 cunctatione
1534 1930 1690 1970 redeatis,
1718 1941 1756 1964 ne

1014 1988 1217 2025 praeeuntem
1257 1993 1385 2016 caecum
1420 1983 1538 2015 diutius
1575 1983 1754 2017 inconside-

1014 2040 1079 2069 rate
1105 2041 1271 2079 sequentes
1297 2036 1457 2079 contingat
1482 2037 1578 2080 (quod
1608 2037 1701 2081 absit)
1727 2038 1758 2070 in

1013 2090 1133 2123 foveam
1160 2094 1305 2123 aeternae
1341 2089 1551 2123 damnationis
1587 2092 1649 2123 una
1686 2102 1758 2124 cum

1013 2143 1092 2176 duce
1118 2144 1192 2176 ferri
1219 2144 1416 2188 praecipites.
1442 2144 1595 2183 Quoniam
1621 2155 1695 2177 vero
1716 2145 1759 2178 di-

1013 2197 1112 2230 lectus
1134 2198 1216 2230 tilius
1242 2198 1394 2241 Iosephus
1419 2209 1436 2230 a
1460 2199 1488 2231 S.
1515 2199 1609 2231 Maria
1634 2197 1758 2232 Ordinis

1013 2250 1145 2283 fratrum
1170 2251 1436 2285 Discalceatorum
1462 2251 1601 2284 ciusdem
1635 2252 1663 2284 S.
1690 2252 1755 2284 Ma-

1014 2303 1078 2335 riae
1103 2303 1141 2336 de
1174 2304 1275 2337 Monte
1306 2304 1465 2344 Cat-melo,
1501 2305 1553 2347 qui
1590 2304 1677 2337 vobis
1704 2305 1758 2337 has

1015 2355 1144 2395 reddet,
1170 2367 1207 2389 eo
1231 2367 1249 2389 a
1273 2357 1363 2389 nobis
1389 2357 1543 2395 mittitur,
1577 2363 1606 2389 ut
1643 2363 1757 2391 statum

1014 2409 1191 2453 praedictae
1217 2410 1366 2442 ecclesiae
1388 2410 1625 2451 Angamalensis
1645 2411 1758 2444 disces-

1014 2463 1101 2496 sione
1127 2466 1228 2495 vestra
1256 2463 1415 2496 turbatum
1449 2468 1639 2507 componat;
1670 2465 1758 2498 vobis

1015 2516 1209 2556 mandamus,
1235 2522 1267 2548 nt
1292 2527 1363 2549 eum
1387 2523 1545 2560 tamquam
1566 2523 1710 2551 nostrum
1729 2524 1759 2551 et

1055 2582 1061 2606 t
1081 2580 1202 2607 Absurde
1219 2580 1261 2606 ed.
1279 2580 1358 2607 Main.
1377 2580 1441 2616 legit
1453 2581 1588 2615 palantes
1605 2582 1640 2617 (a.
1659 2582 1708 2616 τ.).

1653 155 1716 189 135
1764 166 1810 190 An.
1831 165 1859 192 e.
1880 165 1944 191 1655
