2263 3215
273 193 321 218 An.
343 191 370 219 c.
394 192 460 219 1656
506 181 571 217 130

312 1314 451 1341 Suppliralie.

471 250 548 284 quas
572 239 673 284 quoad
698 239 870 283 praemissa
894 238 1085 272 sufficienter
1109 244 1139 272 et
1164 249 1211 272 cx·

470 303 577 337 presse
612 296 862 333 commutamus,
888 302 1009 326 necnon
1044 294 1152 326 nostra
1182 298 1213 326 et

472 345 676 379 cancellariae
689 345 879 389 apostolicae
893 346 1001 389 regula
1016 345 1054 378 de
1067 356 1129 379 non
1143 356 1212 379 con·
1228 361 1230 367 >

473 398 620 432 cedendis
646 399 848 442 indulgentiis
862 399 898 432 ad
913 399 1020 440 instar,
1038 399 1213 443 ceterisque
1228 380 1231 448 l

474 451 641 485 contrariis
667 451 928 496 quibuscumque.
1229 450 1231 488 l

518 505 627 537 Datum
653 505 771 538 Romae
788 505 870 549 apud
887 505 916 539 S.
936 505 1071 547 Petrum,
1089 505 1147 538 sub
1164 515 1214 537 an·
1230 520 1231 530 i

474 559 548 592 nulo
576 558 750 601 piscatoris,
768 558 818 592 die
834 569 912 592 xxw
937 559 1069 592 ianuarii
1088 568 1213 599 mccvi,
1232 593 1233 597 ,

474 611 673 655 pontificatus
700 611 798 644 nostri
823 622 904 645 anno
929 622 948 644 l.

514 673 571 699 Dat.
589 673 631 700 die
646 673 680 700 ⁹26
697 673 810 700 ianuarii
829 673 910 706 ¹056,
928 672 1022 708 pontis.
1040 681 1110 699 anno
1126 680 1143 699 t.

780 814 908 847 LXXXI.

479 895 652 938 Deputatio
676 894 894 928 commissarii
919 899 947 927 et
964 894 1085 936 fiscalis
1109 903 1219 926 sacrae

634 948 835 981 visitationis
854 947 1057 990 apostolicae.
1235 938 1237 979 l

563 1023 679 1051 Dilecto
707 1023 769 1050 filio
799 1023 972 1058 Tranquillo
1001 1022 1133 1055 uncio,

645 1067 720 1095 iuris
741 1068 901 1101 utriusque
922 1067 1053 1100 doctori,

676 1121 842 1148 Alexander
862 1121 939 1155 Papa
958 1121 1022 1148 vn.

758 1183 872 1211 Dilecte
892 1183 947 1217 fili,

520 1229 648 1256 salutem
668 1231 698 1255 et
719 1227 913 1262 apostolicam
931 1227 1184 1255 benedictionem.

528 1299 570 1332 De
595 1300 646 1332 tua
663 1298 815 1341 singulari
833 1297 894 1331 fide
915 1304 944 1331 et
969 1298 1131 1341 diligentia
1155 1298 1223 1341 plu-

485 1353 599 1386 rimum
625 1352 655 1385 in
673 1352 804 1385 Domino
830 1351 960 1392 confisi,
987 1356 1015 1384 te
1039 1351 1224 1384 visitationis

485 1412 611 1440 nostrae
637 1405 804 1450 pastoralis
829 1404 965 1437 universi
991 1404 1066 1437 cleri
1092 1405 1224 1445 romani,

487 1471 522 1493 ac
539 1460 680 1494 omnium
705 1459 806 1491 almae
826 1458 918 1492 Urbis
942 1463 1068 1491 nostrae
1097 1458 1225 1501 eiusque

488 1513 648 1546 districtus
671 1511 876 1545 ecclesiarum
902 1515 931 1545 et
951 1511 1226 1552 monasteriorum,

488 1577 524 1599 ac
541 1567 683 1599 locorum
708 1571 737 1598 et
755 1575 886 1608 operum
913 1565 1049 1608 piorum,
1070 1574 1164 1608 quam
1186 1564 1228 1596 in-

489 1619 624 1652 diximus
656 1624 685 1652 et
716 1619 776 1651 iam
810 1628 867 1662 per
898 1618 1108 1661 nosmetipsos
1141 1617 1228 1650 obire

489 1673 660 1717 coepimus,
686 1684 722 1705 ac
746 1672 784 1705 ad
809 1682 903 1716 quam
923 1672 1093 1704 nonnullos
1118 1682 1154 1704 ex
1178 1681 1228 1703 ve—

489 1726 685 1760 nerabilibus
710 1725 859 1758 fratribus
879 1725 995 1757 nostris
1020 1725 1048 1757 S.
1067 1725 1100 1757 R.
1120 1724 1151 1757 Ε.
1166 1735 1229 1756 ear-

490 1779 646 1812 dinalibus
676 1779 835 1811 adiutores
861 1778 951 1811 nobis
982 1778 1229 1821 assumpsimus,

491 1832 742 1865 commissaritim
768 1836 798 1864 et
822 1831 973 1870 fiscalem,
992 1841 1062 1863 eum
1084 1829 1231 1863 omnibus

492 1892 521 1919 ct
553 1886 685 1928 singulis
721 1885 940 1923 llicultatibus,
970 1883 1230 1924 auctoritatibus,

493 1940 732 1984 praerogativis,
749 1938 924 1982 privilegiis
949 1943 979 1970 et
996 1937 1128 1978 iuribus,
1153 1948 1231 1981 quae

493 1993 552 2026 tale
574 1993 710 2026 officium
729 1992 885 2025 exercenti
904 1996 1084 2034 competere
1101 1996 1233 2034 possunt

494 2052 524 2080 ct
547 2047 671 2085 debent,
697 2045 880 2078 auctoritate
905 2044 1099 2088 apostolica,
1125 2048 1233 2077 tenore

494 2099 717 2144 praesentium,
731 2108 884 2137 creamus,
900 2096 1121 2130 constituimus
1140 2101 1168 2129 et
1185 2096 1234 2130 de-

495 2157 661 2197 putamus;
688 2151 717 2184 in
743 2150 936 2184 contrarium
963 2149 1146 2183 facientibus
1172 2160 1233 2182 non

496 2205 693 2239 obstantibus
718 2205 982 2249 quibuscumque.
1007 2204 1051 2236 Tu
1084 2203 1179 2247 igitur
1204 2203 1234 2236 in

497 2258 684 2292 demandato
710 2258 764 2290 tibi
790 2268 920 2290 munere
941 2256 1122 2289 huiusmodi
1147 2256 1189 2289 ita
1206 2262 1235 2290 te

497 2322 608 2355 gerere
632 2311 778 2353 studeas,
803 2317 837 2343 ut
860 2310 954 2343 tidem
988 2315 1018 2342 et
1042 2309 1234 2353 diligentiam

498 2375 658 2409 nunquam
677 2375 693 2397 a
712 2369 739 2398 te
757 2364 949 2397 desiderasse
971 2364 1132 2396 laetemur.

543 2419 653 2452 Datum
669 2419 799 2460 Romae,
817 2417 900 2461 apud
920 2417 948 2450 S.
964 2417 1101 2456 Petrum,
1115 2416 1171 2449 sub
1183 2426 1235 2448 an—

499 2473 574 2506 nulo
596 2472 772 2512 piscatoris,
789 2471 839 2504 die
853 2480 940 2504 xxvii
960 2470 1092 2502 ianuarii
1111 2479 1237 2509 amoma,

501 2525 701 2569 pontificatus
714 2524 812 2557 nostri
832 2534 913 2556 anno
931 2533 950 2556 i.

537 2587 594 2614 Dat.
612 2587 655 2613 ilie
670 2587 701 2613 27
719 2586 831 2613 ianuarii
850 2586 926 2620 1056,
943 2585 1038 2621 pontif.
1055 2593 1124 2613 anno
1141 2592 1159 2612 1.

1055 190 1233 215 BULLARIUM
1257 190 1411 215 ROMANUM

1993 189 2045 215 An.
2061 186 2090 215 C.
2111 189 2176 218 1656

1543 237 1685 271 LXXXII.

1248 317 1427 353 Committit
1451 316 1569 349 nuncio
1589 315 1679 359 apud
1694 316 1935 359 imperatorem,
1948 320 1984 347 nt

1290 370 1517 403 ecclesiasticos
1542 369 1636 412 requi
1651 368 1810 402 Paeoniae
1834 372 1924 411 coyat
1942 367 1985 400 ad

1293 423 1487 457 tradendum
1496 421 1654 454 utensilia
1666 431 1768 454 aurea
1784 425 1813 453 et
1832 424 1987 464 arqentea

1292 476 1499 509 ecclesiarum
1516 473 1660 507 eiusdem
1677 473 1771 516 requi
1795 473 1885 506 intra
1903 473 1988 505 timi-

1294 534 1337 562 tes
1349 532 1495 561 statuum
1513 526 1802 571 patrimoniolium
1819 526 1989 568 imperato-

1292 582 1338 614 ris
1353 581 1537 619 existentia,
1559 580 1683 612 duobus
1700 579 1813 612 saltem
1831 588 1869 611 ecc
1886 578 1989 611 tribus

1294 635 1448 678 episcopis
1464 634 1500 666 in
1514 633 1622 676 priori
1638 631 1860 665 commissione
1876 641 1894 662 a
1907 630 1989 664 San-

1295 688 1437 720 ctissimo
1470 696 1567 729 super
1598 685 1634 718 eci
1665 694 1700 717 rc
1723 683 1843 717 directo
1869 683 1990 716 nuncio

1295 740 1456 774 Poloniae
1475 739 1680 772 nominatis¹.

1252 818 1420 847 Venerabili
1445 818 1532 846 fratri
1553 816 1683 851 Scipioni
1704 815 1928 850 archiepiscopo
1943 815 1990 842 Pi-

1288 863 1429 895 sanensi,
1459 865 1537 898 apud
1559 861 1748 889 carissimum
1768 860 1798 887 in
1820 860 1939 887 Christo
1958 859 1993 886 fl-

1287 909 1361 936 lium
1390 910 1526 935 nostrum
1555 907 1770 934 ferdinandum
1798 905 1993 932 Romanorum

1288 960 1388 987 regem
1408 953 1558 980 illustrem
1579 951 1609 978 in
1634 951 1844 985 imperatorem
1865 949 1994 976 electum

1236 995 1237 1000 ¹
1289 1002 1392 1026 nostro
1413 1002 1444 1026 et
1462 997 1653 1032 Apostolicae
1674 995 1758 1023 Sedis
1779 993 1902 1027 nuncio,

1448 1053 1613 1080 Alexander
1633 1052 1712 1085 Papa
1732 1050 1793 1078 VH.

1470 1122 1657 1150 Venerabilis
1673 1122 1777 1156 frater,

1292 1169 1423 1195 salutem
1443 1171 1474 1196 et
1493 1167 1688 1201 apostolicam
1707 1167 1954 1195 benedictionem.

1301 1241 1494 1274 Emanarunt
1518 1249 1618 1283 nuper
1653 1249 1670 1271 a
1702 1238 1792 1272 nobis
1816 1239 1939 1272 litterae
1965 1238 1995 1271 in

1258 1294 1352 1328 simili
1378 1294 1477 1327 forma
1503 1293 1609 1326 Brevis
1631 1292 1746 1326 tenoris
1764 1293 1817 1336 qui
1842 1292 1995 1336 sequitur,

1260 1348 1412 1388 videlicet,
1433 1358 1453 1380 a
1469 1351 1571 1390 terqo:
1599 1346 1773 1379 Venerabili
1798 1346 1887 1379 fratri
1906 1346 1997 1379 Petro

1260 1402 1409 1445 episcopo
1435 1400 1600 1440 Laudensi,
1618 1403 1727 1434 nostro
1748 1404 1778 1432 et
1801 1399 1999 1443 Apostolicae

1260 1455 1348 1488 Sedis
1372 1454 1454 1498 apud
1480 1453 1677 1486 carissimum
1703 1453 1732 1485 in
1752 1453 1876 1487 Christo
1899 1452 1999 1486 fitium

1261 1512 1403 1542 nostrum
1422 1507 1568 1540 loannem
1596 1506 1782 1540 Casimirum
1808 1506 1955 1539 Poloniae
1971 1512 2002 1539 et

1262 1561 1389 1595 Sveciae
1406 1571 1513 1603 regem
1531 1560 1685 1594 illustrem
1700 1560 1831 1593 nuncio:
1848 1560 1944 1594 Intus
1956 1570 2002 1593 ve-

1262 1625 1313 1647 ro:
1340 1613 1515 1647 Alexander
1540 1613 1624 1657 Papa
1649 1613 1709 1655 VII,
1731 1617 1788 1645 etc.
1814 1611 2002 1655 (omittitur

1266 1673 1364 1708 tenor,
1378 1667 1459 1712 quia
1473 1667 1571 1700 illum
1588 1667 1732 1700 invenies
1748 1667 1806 1700 sub
1824 1666 1876 1700 die
1890 1666 2003 1710 primcl

1264 1721 1435 1762 currentis,
1462 1731 1532 1764 sup.
1559 1731 1635 1764 paq.
1664 1719 1752 1763 103).

1309 1775 1324 1818 ἓ
1348 1774 1376 1807 ⁶2.
1402 1774 1477 1808 Cum
1503 1777 1616 1815 autem,
1638 1773 1718 1807 sicut
1742 1772 1861 1817 pariter
1884 1773 2004 1817 accepi-

1266 1838 1346 1868 mus,
1365 1828 1460 1860 multa
1486 1837 1522 1859 ex
1549 1827 1628 1860 vasis
1653 1833 1683 1859 et
1707 1826 1892 1860 utensilibus
1912 1837 2003 1870 prae·
2020 1839 2202 1891 &ggjtfflsssszffiig‘

2038 1254 2159 1276 Exordium.

2087 1784 2201 1806 committit

2019 1811 2096 1832 nuncio
2145 1811 2200 1837 apud
2246 1815 2248 1819 ·

1266 1881 1356 1914 dictis
1374 1881 1455 1913 intra
1478 1881 1556 1913 lines
1576 1881 1717 1914 Statuum
1735 1879 2003 1924 patrimonialium
2020 1892 2084 1912 siit-0⁵
2110 1891 2138 1911 aa
2161 1893 2200 1911 tra·
2252 1890 2263 1910 ⁴.

1267 1933 1420 1967 carissimi
1437 1934 1467 1965 in
1483 1933 1605 1967 Christo
1624 1933 1679 1966 filii
1699 1933 1797 1966 nostri
1816 1932 2004 1966 rei-dinami
2020 1918 2092 1974 3ξὲξῆ
2103 1917 2202 1966 ''¹1:2¹0'ss

1267 1988 1480 2021 Romanorum
1493 1987 1575 2029 regis
1593 1987 1722 2019 illustris
1737 1986 1766 2018 in
1781 1986 2006 2030 imperatorem
2021 1971 2130 1992 ''mm‘'

1268 2041 1356 2074 electi
1375 2041 1521 2073 translata
1539 2040 1647 2080 sint‚et
1663 2039 1833 2084 supradicti
1851 2039 2007 2074 Gnesnen-

1268 2094 1309 2127 sis
1329 2099 1359 2127 et
1383 2094 1596 2137 Leopoliensis
1617 2093 1846 2138 archiepiscopi
1871 2103 1907 2127 ac
1926 2093 2007 2137 epis-

1269 2158 1366 2192 copus
1383 2147 1610 2187 Luceoriensis,
1628 2147 1741 2190 quibus
1759 2157 1830 2180 vasa
1845 2152 1874 2180 et
1891 2147 2007 2181 utensi-

1271 2201 1310 2234 lia
1334 2200 1534 2242 huiusmodi,
1559 2204 1592 2233 ut
1624 2200 1846 2244 praemittitur,
1872 2200 1952 2234 tradi
1978 2205 2008 2233 et

1270 2254 1449 2297 consignari
1474 2253 1608 2295 debent,
1634 2263 1717 2286 nunc
1748 2253 1853 2288 forsan
1882 2253 2008 2287 insimul

1272 2308 1301 2341 in
1326 2307 1435 2341 Silesia
1461 2312 1514 2340 aut
1537 2307 1612 2340 alibi
1638 2317 1700 2341 non
1725 2307 1936 2351 reperiantur,
1954 2307 2008 2341 sed

1272 2361 1302 2393 in
1325 2360 1457 2394 diversis
1478 2360 1661 2403 regionibus
1681 2360 1856 2404 respective
1882 2370 2008 2395 versen-

1273 2420 1322 2447 tur
1332 2425 1339 2455 ;
1365 2424 1499 2458 cumque
1531 2414 1673 2447 nonnulli
1705 2414 1867 2457 regulares
1892 2413 2010 2458 absque

1273 2478 1382 2501 eorum
1408 2467 1610 2512 superiorum
1636 2468 1771 2508 licentia,
1796 2478 1851 2500 seu
1875 2467 2008 2500 aliarum

1273 2521 1506 2555 excusationum
1539 2524 1698 2564 praetextu
1714 2548 1721 2561 ‚
1747 2531 1855 2554 eorum
1882 2531 1950 2553 vasa
1981 2525 2010 2554 et

1312 2584 1319 2609 l
1345 2582 1381 2609 Ex
1402 2582 1508 2618 liegest.
1530 2582 1557 2610 iu
1578 2583 1652 2610 Secr.
1674 2582 1749 2611 Brev.
