2243 3205
255 191 302 218 Αη,
314 190 341 218 C.
365 190 432 217 4660

253 256 315 275 :terr-1
327 261 359 275 um
389 260 436 275 con-

253 284 353 302 [limatur.

304 1476 318 1496 Α
341 1472 435 1498 collegiis

251 1504 331 1524 eiectos
346 1507 358 1521 a
379 1501 434 1520 iura-

250 1532 320 1550 mento
333 1528 433 1554 praestito

250 1563 291 1577 nun
306 1554 403 1576 absolvit.

479 180 541 215 588

453 238 526 270 dere
544 238 714 281 cupientes,
732 237 770 270 de
787 238 1009 271 nonnullorum
1032 239 1189 272 venerabi-

453 293 528 324 lium
555 292 684 325 fratrum
711 297 889 324 nostrorum
916 292 944 324 S.
971 292 1004 325 R.
1030 293 1062 325 E.
1089 292 1187 325 cardi-

452 345 568 376 nalium
594 345 727 387 negotiis
756 345 976 388 propagandae
1005 345 1075 377 fidei
1102 355 1188 388 prae-

451 397 625 440 positorum
652 408 748 441 super
773 398 832 431 boc
857 408 873 430 a
897 397 988 432 nobis
1012 398 1188 441 specialiter

451 450 682 494 deputatorum,
696 451 748 494 qui
762 461 827 483 rem
842 451 1007 494 diligenter
1021 457 1050 484 et
1066 456 1187 483 mature

450 503 677 543 discusserunt,
702 504 842 544 consilio,
863 514 898 536 ac
922 503 1114 536 inhaerendo
1138 503 1188 535 dc-

451 557 544 588 cretis
568 557 643 589 alias
661 557 743 590 circa
764 557 915 601 praedicti
941 556 1106 590 iuramenti
1131 556 1189 588 for-

450 610 566 642 mulam
593 610 759 650 emanatis,
785 621 900 654 eaque,
928 616 1079 654 quatenus
1111 620 1188 653 opus

450 663 499 703 sit,
525 663 711 703 innovando,
732 664 916 697 auctoritate
942 663 1124 707 apostolica,
1145 668 1189 695 te-

449 726 526 749 nore
544 717 767 760 praesentium,
786 717 992 758 declaramus,
1010 715 1188 760 praedictos

449 769 592 802 alumnos
624 780 686 801 non
719 770 756 802 ad
790 769 960 802 triennium
994 770 1130 810 tantum,
1155 774 1189 800 ut

449 823 546 864 gratis
565 822 660 866 aliqui
680 823 936 867 interpretantur,
955 822 1007 855 sed
1025 827 1188 866 perpetuo,

449 874 552 917 quoad
577 875 718 917 vixerint,
741 875 771 907 in
792 885 991 918 quocumque
1015 879 1096 908 statu
1121 885 1189 918 per-

449 928 631 968 manserint,
646 928 733 960 Sedis
750 928 927 972 praedictae
947 927 1075 961 servitio
1093 928 1187 960 fuisse

448 980 599 1014 hactenus
624 986 653 1013 et
674 981 796 1014 futuros
815 982 845 1013 in
869 985 1030 1024 posterum
1057 980 1173 1014 adstric

449 1038 506 1074 tos,
533 1039 566 1066 ut
591 1034 665 1066 alias
690 1039 720 1066 et
739 1034 900 1076 signanter
921 1034 971 1066 die
996 1043 1038 1067 v11
1064 1034 1187 1077 augusti

448 1096 574 1120 mcxcv
600 1098 616 1120 a
641 1088 738 1132 felicis
756 1087 982 1121 recordationis
1006 1087 1188 1120 Innocentio

448 1141 530 1184 Papa
556 1141 581 1174 X
608 1141 851 1184 praedecessore
871 1146 979 1174 nostro
1004 1141 1061 1173 fuit
1085 1141 1187 1173 decla-

448 1199 562 1234 ratum,
580 1194 757 1227 huiusmodi
779 1199 882 1227 autem
906 1193 1033 1227 servitio
1060 1194 1188 1226 minime

448 1247 671 1287 satist'acturos,
685 1247 804 1280 etiamsi
820 1247 851 1279 in
865 1248 996 1280 salutem
1012 1247 1186 1280 animarum

448 1309 578 1342 operam
608 1310 695 1331 suam
724 1310 851 1342 quoquo
877 1299 970 1331 modo
995 1299 1187 1343 impendant,

448 1352 507 1384 nisi
533 1352 608 1384 illud
632 1352 670 1384 ad
688 1352 917 1396 praescriptum
944 1352 1032 1384 Sedis
1057 1354 1188 1396 Aposto-

448 1405 527 1438 licae
545 1406 745 1449 expleverint.

494 1459 508 1501 ἓ
540 1458 568 1491 Ω.
603 1458 767 1491 Praeterea
802 1460 826 1491 si
862 1459 1021 1502 contingat
1052 1459 1186 1502 aliquem

449 1511 590 1554 ipsorum
617 1512 913 1554 incorrigibilitatis,
943 1513 990 1545 vel
1018 1512 1117 1545 malae
1141 1522 1189 1544 va-

448 1565 606 1606 letudinis,
627 1569 679 1599 aut
698 1566 758 1598 alia
775 1566 915 1609 qualibet
931 1576 965 1598 ex
985 1568 1078 1598 causa
1095 1576 1112 1598 a
1129 1566 1188 1599 col-

447 1618 537 1661 legiis
555 1618 636 1658 eiici,
656 1624 708 1651 aut
725 1625 834 1662 sponte
852 1620 907 1651 sua
925 1619 1188 1663 quandocumque

448 1671 619 1711 discedere,
632 1672 756 1704 etiamsi
782 1672 920 1704 nondum
946 1673 1111 1716 completis
1128 1679 1188 1707 stu-

447 1724 506 1756 diis
535 1731 587 1757 aut
611 1725 708 1757 sacris
732 1724 896 1758 ordinibus
921 1725 1014 1758 fuerit
1039 1726 1186 1768 initiatus,

446 1787 510 1810 non
536 1777 653 1811 idcirco
678 1778 869 1810 censendum
888 1789 904 1810 a
922 1778 1098 1812 iuramento
1124 1780 1187 1812 ulla

448 1841 484 1862 ex
499 1836 588 1874 parte
599 1831 747 1871 solutum,
760 1836 820 1863 tam
834 1831 916 1864 circa
927 1831 1087 1864 servitium
1102 1842 1188 1875 prae-

448 1884 592 1916 standum
618 1884 648 1916 in
675 1884 886 1924 missionibus,
903 1895 995 1928 quam
1018 1885 1100 1918 circa
1118 1895 1188 1929 pro-

448 1938 634 1970 hibitionem
661 1937 856 1980 ingrediendi
888 1938 1085 1981 religionem,
1114 1939 1187 1979 imo,

448 2001 487 2023 ne
515 1991 576 2023 boc
606 1991 652 2023 vel
678 1991 740 2023 alio
764 1991 874 2034 quovis
900 1996 1063 2034 praetextu
1088 1991 1187 2024 dictae

449 2044 537 2077 Sedis
561 2055 649 2077 mens
674 2045 778 2077 forsan
803 2044 956 2085 eludatur,
982 2044 1188 2088 prohibemus

448 2108 498 2139 ne,
517 2098 608 2131 ctiam
628 2098 733 2141 elapso
750 2097 896 2137 triennio,
915 2098 1025 2140 quovis
1045 2103 1188 2142 tempore

447 2151 546 2194 possit
563 2151 694 2194 quilibet
718 2152 864 2184 alumnus
882 2151 919 2184 ad
937 2151 1121 2194 religionem
1139 2152 1189 2184 ad-

448 2205 540 2246 mitti,
558 2204 616 2237 nisi
635 2204 673 2237 de
690 2206 838 2248 expressa
858 2205 966 2237 nostra
984 2215 1038 2237 seu
1056 2205 1187 2237 Romani

450 2257 608 2290 Pontificis
628 2268 686 2300 pro
711 2263 852 2300 tempore
877 2257 1037 2290 existentis
1054 2258 1101 2290 vel
1119 2268 1188 2291 con-

449 2310 641 2352 gregationis
665 2310 890 2342 venerabilium
912 2311 1044 2343 fratrum
1070 2315 1190 2345 nostro-

449 2373 519 2395 rum
546 2363 684 2395 eiusdem
710 2364 738 2396 S.
757 2364 790 2396 R.
809 2363 842 2395 E.
864 2364 1068 2396 cardinalium
1093 2374 1189 2407 nego-

450 2415 500 2447 tiis
525 2416 745 2459 propagandae
774 2416 845 2448 fidei
878 2416 1130 2460 praepositorum
1158 2417 1188 2449 in

451 2469 575 2511 seriptis
600 2469 742 2502 habenda
768 2470 903 2509 licentia,
922 2470 979 2503 sub
999 2472 1100 2513 poena
1125 2471 1190 2503 nul-

451 2522 544 2555 litatis
570 2523 772 2565 professionis
789 2523 857 2566 ipso
874 2523 952 2564 iure,
969 2524 993 2556 si
1015 2524 1104 2556 aliter
1124 2524 1190 2557 fue-

452 2575 514 2608 rint
539 2576 681 2618 ingressi,
701 2581 729 2609 et
761 2576 845 2620 quod
876 2576 915 2609 ab
947 2576 1054 2610 eadem
1080 2577 1185 2610 cardi-

1032 189 1209 214 eurLAan
1233 188 1387 213 ROMANUM

1222 237 1340 269 nalium
1367 236 1621 279 congregatione,
1638 246 1700 270 non
1725 237 1866 271 obstante
1890 248 1959 282 pro-

1222 290 1364 332 fessione,
1390 290 1428 323 ad
1456 289 1652 334 primaevum
1678 294 1792 324 statum
1817 291 1958 324 revocari

1221 344 1349 387 possint.

1265 395 1321 439 §3
1337 397 1468 439 Insuper
1481 395 1688 436 declaramus,
1702 395 1795 440 quod,
1811 396 1959 429 concessa
1990 409 2094 439 ⁴etiamsi
2108 410 2154 431 ren.

1221 450 1365 490 alumnis,
1383 455 1417 482 ut
1432 460 1536 493 supra,
1554 450 1679 483 licentia
1703 449 1897 492 ingrediendi
1916 459 1961 481 re·
1975 440 2154 510 Ξζιὲἓῖἓῃὲζῗὲἷξῖ

2119 496 2131 510 .
2147 501 2154 506 .

1222 502 1381 545 ligionem,
1399 513 1460 535 non
1480 502 1597 536 idcirco
1622 502 1768 535 censendi
1790 505 1861 536 sunt
1878 512 1895 534 a
1915 501 1961 534 iu-
1974 515 2090 536 sanamur.

1222 560 1363 588 ramento
1399 555 1531 588 absoluti
1564 566 1599 588 ex
1632 560 1835 599 praesumpto
1867 554 1961 588 tacito

1221 619 1385 649 consensu,
1404 619 1440 641 eo
1464 608 1548 652 quod
1572 608 1731 652 praedicta
1756 608 1960 652 congregatio

1223 662 1347 695 illorum
1376 664 1473 706 opera
1503 663 1607 696 forsan
1642 673 1705 695 non
1736 667 1896 702 uteretur;
1921 661 1960 694 ad

1222 714 1308 756 haec,
1333 715 1419 748 nullo
1444 721 1536 758 pacto
1561 715 1656 748 licere
1681 715 1826 757 alumnis,
1849 719 1960 748 contra

1222 768 1354 800 formam
1373 767 1550 809 iuramenti,
1564 769 1610 801 vel
1625 768 1811 811 religionem
1826 767 1959 811 ingredi,

1222 821 1268 853 vel
1294 821 1382 853 alteri
1409 821 1500 854 statui
1526 825 1680 865 perpetuo
1700 832 1732 854 se
1750 821 1905 861 addicere,
1922 831 1960 854 eo

1222 873 1279 906 sub
1304 879 1477 917 praetextu,
1495 874 1579 917 quod
1597 874 1727 918 quilibet
1744 879 1884 907 teneatur
1902 873 1959 906 sibi

1222 926 1282 970 ipsi
1308 927 1429 960 ratione
1453 927 1558 970 aliqua
1583 928 1686 974 stgbili
1713 928 1894 968 consulere,
1922 937 1960 960 eo

1222 980 1306 1023 quod
1321 981 1397 1013 haec
1411 986 1517 1014 sancta
1532 974 1626 1014 Sedes
1640 980 1961 1024 alumnis,postquam

1222 1033 1337 1065 fuerint
1362 1033 1493 1073 dimissi,
1510 1044 1571 1066 non
1596 1034 1777 1077 provideat;
1799 1044 1869 1067 cum
1895 1043 1960 1066 me-

1222 1092 1343 1119 morata
1367 1087 1569 1129 congregatio
1593 1087 1749 1120 neminem
1775 1098 1811 1120 ex
1836 1087 1884 1128 iis,
1908 1086 1961 1131 qui

1221 1139 1258 1171 ad
1285 1139 1441 1172 missionis
1466 1140 1590 1172 titulum
1616 1140 1732 1173 odinati
1764 1145 1845 1181 sunt,
1870 1139 1962 1184 quive

1222 1203 1278 1225 suo
1304 1192 1445 1225 instituto
1464 1203 1522 1236 pro
1540 1193 1659 1225 viribus
1677 1193 1872 1232 incumbunt,
1890 1202 1963 1225 con-

1221 1247 1357 1278 sueverit
1383 1257 1521 1289 unquam
1548 1247 1735 1287 destituere,
1761 1246 1844 1290 quod
1869 1246 1892 1278 si
1912 1256 1961 1278 se-

1222 1310 1276 1332 cus
1302 1300 1469 1343 aliquando
1494 1300 1597 1333 forsan
1623 1300 1801 1343 contingat,
1830 1300 1890 1332 hoc
1914 1309 1963 1332 eo-

1222 1363 1291 1385 rum
1319 1353 1427 1396 culpae
1453 1353 1695 1386 adscribendum
1716 1359 1772 1394 est,
1791 1352 1855 1396 qui,
1874 1357 1961 1396 post-

1221 1417 1314 1449 quam
1346 1407 1473 1439 fuerunt
1504 1407 1642 1447 dimissi,
1668 1406 1807 1440 eiusdem
1837 1410 1962 1440 sanctae

1222 1459 1320 1500 Sedis,
1339 1470 1355 1492 a
1369 1470 1429 1503 qua
1444 1460 1571 1492 enutriti
1588 1460 1724 1500 fuerunt,
1738 1470 1774 1493 ac
1791 1460 1857 1492 eius
1875 1459 1961 1504 quod

1222 1513 1358 1556 professi
1384 1518 1454 1545 sunt
1479 1513 1611 1546 instituti
1636 1524 1767 1556 prorsus
1791 1513 1899 1553 obliti,
1923 1511 1961 1545 de

1222 1577 1254 1599 se
1278 1577 1398 1609 suoque
1423 1571 1503 1599 statu
1535 1566 1676 1599 eamdem
1703 1576 1832 1599 monere
1862 1565 1961 1608 negli-

1222 1625 1300 1662 gunt
1324 1619 1463 1652 omnino.

1266 1672 1280 1715 ξ,
1304 1671 1334 1704 4.
1359 1672 1434 1711 Ouia
1460 1681 1546 1711 vero,
1571 1677 1604 1704 ut
1627 1672 1813 1715 praefertur,
1830 1670 1892 1704 n'on
1911 1671 1961 1704 de·
1983 1679 2156 1703 neboanmmo

1222 1730 1293 1758 sunt
1317 1725 1424 1768 aliqui,
1440 1726 1504 1768 qui,
1522 1735 1584 1758 non
1602 1725 1810 1767 intelligentes
1830 1706 2158 1767 g1*avita-i‹‘‚‘iiss¹a‘i²0¹e‘'‹‚⁶·i'g¹r2'-

1223 1784 1282 1811 tem
1310 1779 1448 1811 muneris
1479 1778 1677 1811 sacerdotum
1710 1777 1897 1824 secularium
1922 1778 1961 1811 ad
1976 1762 2089 1786 gantonem.

1222 1832 1386 1865 missiones
1404 1832 1592 1875 apostolicas
1608 1831 1828 1873 admissorum,
1847 1831 1962 1875 quidve

1221 1889 1345 1917 sanctae
1379 1884 1451 1916 fidei
1479 1884 1699 1928 propagationi
1729 1889 1758 1916 et
1777 1883 1962 1918 universalis

1222 1937 1379 1970 Ecclesiae
1403 1937 1505 1977 bono,
1530 1938 1646 1970 attenta
1670 1937 1855 1980 praesertim
1881 1941 1961 1969 tem-

1222 2000 1335 2033 porum
1371 1999 1406 2022 ac
1439 2000 1546 2022 rerum
1584 1989 1837 2029 circumstantia,
1862 1988 1962 2032 magis

1223 2043 1385 2085 conducat,
1410 2042 1544 2075 audeant
1567 2042 1669 2075 adbuc
1693 2052 1834 2075 asserere
1859 2042 1963 2075 huius—

1224 2096 1307 2129 modi
1326 2096 1548 2136 iuramentum,
1567 2096 1596 2128 in
1623 2098 1658 2128 ea
1675 2101 1763 2139 parte
1781 2106 1842 2139 qua
1863 2096 1963 2129 cuius-

1223 2149 1297 2182 libet
1322 2149 1483 2192 religionis
1503 2149 1680 2192 ingressum
1702 2149 1859 2193 prohibet,
1877 2149 1962 2182 inva-

1223 2203 1320 2235 lidum
1339 2202 1468 2236 omnino
1482 2213 1549 2235 esse
1567 2206 1724 2246 tamquam
1744 2202 1960 2246 impeditivum

1224 2256 1351 2289 maioris
1370 2255 1453 2296 boni,
1472 2266 1572 2299 eoque
1596 2260 1767 2299 praetextu,
1793 2256 1963 2289 excusatio·

1223 2320 1294 2343 nem
1319 2319 1393 2342 suae
1417 2309 1632 2342 contumaciae
1657 2309 1882 2350 obtendentes,
1908 2309 1962 2342 iu-

1224 2368 1400 2395 ramentum
1426 2362 1529 2407 quoad
1555 2363 1636 2396 hanc
1653 2367 1773 2406 partem
1799 2362 1961 2405 negligere

1224 2421 1442 2461 praesumant:
1467 2427 1534 2457 nOS,
1559 2417 1698 2449 volentes
1728 2415 1874 2460 deinceps
1901 2415 1960 2448 hu-

1224 2470 1357 2503 iusmodi
1375 2469 1485 2502 abusui
1504 2474 1680 2513 opportune
1697 2478 1876 2509 occurrere,
1897 2478 1961 2501 eos-

1223 2533 1294 2567 que,
1311 2523 1363 2567 qui
1382 2523 1539 2556 contrarie
1554 2522 1835 2566 praesumpserint,
1848 2520 1886 2553 ad
1903 2525 1960 2554 sta-

1224 2580 1309 2619 tum,
1335 2576 1384 2610 cui
1409 2587 1444 2610 ex
1474 2576 1635 2620 praedicto
1660 2575 1836 2609 iuramento
1860 2584 1954 2618 repe-

1977 189 2026 215 Αη.
2039 188 2066 216 C.
2088 190 2152 219 {660

2206 1708 2209 1721 l
