2202 3190
264 180 308 203 Au.
322 179 347 203 C.
374 178 435 204 1061

308 874 385 893 San-mo
402 877 449 892 cou-

267 899 393 923 gregatiunts
415 899 449 918 ite-

273 933 287 937 .,
305 930 308 938 .

304 1882 414 1901 Continuat
426 1881 458 1901 dn·

486 169 519 202 71
538 169 549 200 l·
1042 177 1215 200 auctarum

460 236 527 257 mos
554 225 773 266 religiosorum
799 224 998 257 diversorum
1023 223 1175 257 Ordinum
1191 240 1216 266 ,·

461 289 496 311 ex
522 277 638 321 quibus
660 283 689 309 et
709 278 866 309 seculares
882 277 970 309 valde
987 277 1199 311 onerabantur

461 338 489 363 et
515 331 616 362 variae
642 332 677 362 ea
703 330 740 362 de
762 333 854 363 eausa
870 336 930 362 tam
946 331 1026 363 inter
1041 332 1200 364 seculares

461 395 554 427 quam
580 384 660 416 inter
685 384 846 426 regulares
871 384 1054 417 oriebantur
1079 385 1217 418 discor-=

461 437 540 476 diae,
566 447 628 469 non
654 437 719 469 sine
745 437 900 480 regularis
915 437 1131 471 observantiae
1149 438 1201 470 de-

462 490 623 529 trimento,
650 489 782 533 ideoque
813 491 1050 533 congregationi
1077 491 1201 534 praesa-

464 549 511 575 tac
536 543 712 586 supplicato
744 549 776 575 ut
800 544 961 577 ordinaret
989 555 1027 577 ne
1064 545 1094 576 in
1120 545 1201 577 dicta

463 597 627 639 provincia
644 597 681 628 ad
699 597 793 629 ullam
814 608 968 630 novorum
992 605 1201 630 conventuum

463 655 524 681 tam
550 650 681 681 fratrum
707 651 978 693 Cappuccinorum
1001 662 1094 694 quain
1127 651 1203 683 alio-

464 713 532 734 ruin
548 703 740 744 regularium
761 704 972 736 fundationem
988 704 1202 736 deveniretur:

464 755 619 787 emanavit
643 756 681 788 ab
704 756 813 789 eadem
832 756 1076 799 congregatione
1094 756 1203 789 decre-

465 812 529 839 tum
556 808 673 840 tenoris
698 808 750 851 qui
775 809 925 851 sequitur,
945 808 1103 841 videlicet:

515 872 527 892 u
546 861 640 893 Sacra
665 862 869 904 congregatio
884 861 1204 894 eminentissimorum

466 918 589 945 sanctae
625 915 782 946 Romanae
815 914 970 947 Ecclesiae
1001 914 1205 947 cardinalium

465 966 600 1008 negotiis
625 972 654 998 et
679 967 961 1000 consultationibus
985 967 1205 1011 episcoporum

468 1024 498 1050 et
515 1019 707 1061 regularium
722 1020 911 1062 praeposita,
927 1020 1052 1052 attentis
1061 1020 1206 1061 narratis,

468 1084 503 1105 ac
537 1077 710 1106 memorato
746 1073 835 1106 Brevi
873 1079 997 1106 sanctae
1035 1074 1207 1107 memoriae

468 1126 636 1159 Clementis
650 1126 728 1165 Vlll,
743 1126 863 1158 censuit
881 1131 911 1158 et
931 1126 1069 1160 decrevit
1085 1137 1208 1160 servan-

468 1179 539 1211 dam
566 1190 632 1212 esse
657 1180 789 1211 formam
826 1190 861 1212 ac
899 1185 1040 1213 tenorem
1067 1181 1206 1213 eiusdem

469 1232 590 1272 Brevis;
609 1233 741 1276 ideoque
765 1233 880 1265 nedum
898 1233 1048 1266 fratribus
1068 1234 1209 1277 Cappuc-

470 1285 565 1324 cinis,
591 1286 646 1318 sed
671 1286 764 1318 etiam
801 1286 870 1318 aliis
895 1286 1061 1319 cuiuslibet
1085 1287 1208 1320 Ordinis

469 1339 668 1381 regularibus
704 1349 860 1371 novorum
906 1345 1116 1372 conventuum
1154 1351 1208 1373 seu

469 1392 636 1425 domorum
663 1393 856 1435 regularium
891 1393 1072 1425 huiusmodi
1097 1393 1209 1426 sunda-

470 1446 569 1478 tiones
595 1451 624 1478 et
649 1447 822 1479 erectiones
836 1446 953 1489 absque
978 1447 1065 1480 Sedis
1083 1448 1210 1490 Aposto-

470 1499 547 1531 licae
573 1501 717 1542 expressa
742 1500 866 1532 licentia
884 1510 951 1532 esse
976 1500 1209 1543 prohibendum

471 1558 502 1585 et
526 1553 785 1594 interdicendum,
806 1557 901 1596 prout
914 1553 1024 1585 harum
1043 1553 1123 1586 serie
1140 1564 1211 1597 pro-

472 1606 558 1638 hibet
582 1616 616 1638 ac
641 1605 807 1647 interdicit,
823 1606 988 1638 contrariis
1002 1616 1065 1638 non
1090 1606 1211 1639 obstan-

473 1658 555 1690 tibus
579 1659 839 1702 quibuscumque.
865 1659 993 1699 Romae,
1015 1669 1060 1692 x11
1085 1659 1210 1702 augusti

473 1722 599 1745 MDCin.

672 1767 801 1799 Mancus
820 1766 987 1798 cardinalis
1004 1766 1173 1800 Giuss'rrcs.

562 1820 593 1852 E.
613 1820 778 1863 episcopus
795 1820 1035 1859 Camerinensis,
1053 1825 1162 1852 secret.
1183 1833 1210 1852 ».

519 1874 533 1916 ἓ
557 1874 585 1905 Q,
604 1874 677 1906 Cum
696 1878 811 1913 autem,
832 1873 911 1905 sicut
934 1873 1113 1916 praedictus
1128 1874 1213 1906 loan-

475 1937 529 1958 nes
557 1927 648 1958 nobis
676 1936 776 1969 nuper
805 1926 917 1969 exponi
950 1926 1041 1966 fecit,
1068 1927 1133 1970 ipse
1158 1927 1211 1960 de-

476 1986 595 2012 cretum
612 1979 802 2019 huiusmodi,
820 1990 877 2022 pro
892 1979 1026 2012 firmiori
1046 1980 1127 2012 illius
1145 1980 1214 2012 sub-

476 2033 615 2065 sistentia
633 2038 662 2064 et
682 2032 911 2072 observatione,
936 2032 1126 2076 apostolicae
1144 2044 1213 2066 con-

476 2086 663 2118 firmationis
681 2091 806 2117 nostrae
827 2085 1002 2129 patrocinio
1024 2086 1214 2118 communiri

477 2149 679 2182 summopere
704 2138 873 2170 desideret:
899 2148 965 2180 nos,
991 2139 1092 2182 ipsum
1119 2140 1211 2172 loan-

478 2203 548 2224 nem
574 2192 762 2235 specialibus
788 2191 945 2224 saroribus
963 2195 992 2224 et
1009 2192 1116 2234 gratiis
1142 2203 1215 2236 pro-

480 2245 566 2287 sequi
593 2245 739 2285 rolentes,
765 2250 795 2277 et
819 2255 835 2277 a
860 2244 1020 2288 quibusvis
1038 2256 1217 2278 excommu-

479 2298 653 2339 nicationis,
679 2297 892 2341 suspensionis
908 2303 938 2330 et
957 2298 1125 2340 interdicti,
1139 2299 1218 2331 aliis-

481 2362 540 2394 que
565 2351 783 2384 ecclesiasticis
815 2351 996 2392 sententiis,
1023 2352 1163 2385 censuris
1188 2358 1218 2386 et

483 2404 711 2446 poenis,aiure
736 2405 782 2436 vel
806 2404 844 2436 ab
869 2405 1006 2446 homine,
1032 2405 1141 2449 quavis
1158 2416 1213 2439 oc-

483 2457 607 2489 casione
633 2459 678 2490 vel
704 2460 798 2491 causa
829 2458 918 2499 latiS‚
943 2458 968 2491 si
993 2459 1106 2503 quibus
1139 2470 1217 2503 quo-

484 2509 656 2543 modolibet
681 2511 845 2544 innodatus
871 2511 985 2553 existit,
1009 2512 1048 2545 ad
1072 2513 1217 2545 effectum

484 2563 692 2606 praesentium
712 2564 870 2598 dumtaxat
887 2566 1152 2609 consequendum,
1168 2566 1218 2598 lia-

1243 176 1395 200 ROMANUM

1232 235 1301 257 rum
1328 224 1407 256 serie
1432 224 1626 257 absolventes
1647 230 1677 257 et
1696 226 1874 259 absolutum
1901 228 1968 260 sore

1233 282 1414 317 censentes,
1438 277 1720 320 supplicationibus
1749 278 1814 311 eius
1844 281 1969 313 nomine

1233 330 1326 362 nobis
1351 340 1446 372 super
1471 330 1530 362 hoc
1555 330 1717 362 humiliter
1749 331 1901 373 porrectis
1927 332 1969 364 iu-

1234 382 1350 422 clinati,
1374 382 1536 415 decretum
1561 383 1801 426 praeinsertum,
1826 385 1968 417 auctori-

1235 440 1295 468 tate
1320 436 1503 479 apostolica,
1529 441 1636 469 tenore
1660 437 1882 480 praesentium,
1900 448 1971 470 con-

1235 488 1400 521 firmamus
1425 494 1456 521 et
1479 489 1708 532 approbamus,
1733 489 1841 534 illique
1866 490 1969 523 invio>-

1235 541 1338 574 labilis
1374 542 1565 585 apostolicae
1595 542 1752 574 firmitatis
1776 543 1875 575 robur
1899 542 1973 575 adii-

1236 594 1354 634 cimus;
1379 595 1462 627 salva
1481 600 1583 627 tamen
1601 605 1724 638 semper
1741 595 1772 627 in
1792 595 1974 638 praemissis

1237 647 1421 680 auctoritate
1445 648 1600 691 praefatae
1629 648 1881 691 congregationis
1906 659 1974 682 car-

1237 700 1399 732 dinaliuiu.

1282 754 1297 797 5
1321 754 1350 786 5.
1368 754 1576 787 Decernentes
1593 754 1716 788 easdem
1734 760 1914 799 praesentes
1930 754 1976 788 lit-

1238 812 1320 839 teras
1345 817 1468 850 semper
1491 807 1609 848 firmas,
1642 808 1757 841 validas
1782 812 1811 842 et
1835 808 1976 842 efficaces

1239 860 1372 894 existere
1396 865 1426 893 et
1450 861 1526 902 sore,
1552 871 1687 904 suosque
1711 861 1869 905 plenarios
1887 867 1917 894 et
1933 861 1977 894 in-

1239 919 1346 957 tegros
1371 914 1499 947 effectus
1523 914 1628 947 sortiri
1653 920 1683 947 et
1706 915 1856 957 obtinere,
1877 925 1913 948 ac
1937 915 1976 948 ab

1240 967 1311 1007 illis,
1330 966 1367 999 ad
1393 977 1471 1010 quos
1497 972 1616 1011 spectat
1632 972 1662 1000 et
1680 978 1739 1011 pro
1756 973 1897 1011 tempore
1911 978 1978 1011 spe-

1240 1019 1347 1060 ctabit,
1372 1020 1594 1053 inviolabiliter
1618 1020 1789 1062 observari,
1815 1021 1921 1064 sicque
1946 1021 1978 1053 in

1239 1072 1420 1116 praemissis
1444 1084 1500 1117 per
1519 1084 1734 1117 quoscumque
1760 1073 1878 1106 iudices
1898 1074 1980 1107 ordi-

1240 1127 1345 1160 narios
1373 1132 1404 1160 et
1430 1127 1598 1170 delegatos,
1623 1127 1714 1160 etiam
1739 1138 1903 1160 causarum
1924 1138 1977 1171 pa-

1240 1180 1304 1214 latii
1329 1181 1490 1224 apostolici
1516 1180 1689 1221 auditores,
1715 1180 1846 1213 iudicari
1871 1185 1901 1213 et
1925 1180 1979 1213 de-

1241 1234 1325 1266 finiri
1349 1234 1475 1276 debere,
1501 1245 1536 1267 ac
1560 1234 1685 1267 irritum
1711 1239 1741 1267 et
1761 1234 1862 1275 inane,
1885 1234 1910 1267 si
1930 1245 1979 1267 sc-

1242 1298 1296 1320 cus
1321 1298 1417 1332 super
1442 1287 1489 1320 liis
1513 1299 1529 1320 a
1553 1298 1722 1331 quoquam,
1748 1288 1857 1331 quavis
1877 1291 1980 1321 aucto-

1243 1341 1343 1381 ritate,
1365 1341 1499 1374 scienter
1524 1342 1571 1373 vel
1596 1341 1788 1383 ignoranter,
1815 1341 1981 1384 contigerit

1243 1395 1397 1428 attentari.

1287 1449 1302 1492 ἓ
1326 1448 1357 1481 4.
1389 1449 1458 1481 Non
1478 1449 1673 1482 obstantibus
1706 1448 1981 1482 constitutionibus

1243 1506 1272 1536 et
1292 1502 1544 1536 ordinationibus
1564 1502 1753 1546 apostolicis,
1771 1513 1893 1536 necnon
1909 1514 1982 1546 quo-

1244 1556 1362 1588 rumvis
1388 1555 1550 1597 Ordinum,
1572 1556 1665 1589 etiam
1695 1556 1881 1597 iuramento,
1907 1567 1982 1589 con-

1244 1609 1421 1642 firmatione
1446 1610 1626 1653 apostolica,
1646 1610 1692 1642 vel
1709 1610 1817 1653 quavis
1835 1610 1982 1643 firmitate

1245 1663 1305 1695 alia
1323 1662 1489 1704 roboratis,
1503 1663 1625 1696 statutis
1642 1667 1672 1695 et
1693 1663 1982 1705 consuetudinibus,

1227 1758 1229 1765 Ι
1247 1716 1418 1759 privilegiis
1443 1727 1567 1759 quoque
1585 1716 1711 1749 indultis
1731 1721 1761 1749 et
1776 1717 1888 1749 litteris
1912 1726 1983 1760 apo-

1245 1769 1362 1802 stolicis
1381 1770 1409 1801 in
1431 1769 1624 1802 contrarium
1645 1769 1891 1812 praemissorum
1910 1779 1985 1812 quo-

1245 1822 1417 1855 modolibet
1441 1821 1606 1861 concessis,
1632 1821 1827 1854 confirmatis
1851 1827 1881 1854 et
1897 1822 1985 1855 inno-

1248 1875 1337 1915 vatis3
1363 1875 1477 1919 quibus
1494 1875 1641 1908 omnibus
1655 1881 1684 1908 et
1698 1875 1842 1918 singulis,
1857 1875 1984 1909 illorum

1248 1934 1371 1961 tenores
1404 1929 1623 1972 praesentibus
1648 1939 1707 1972 pro
1731 1929 1822 1972 plene
1846 1934 1877 1961 et
1900 1928 1985 1962 suffi-

1247 1981 1366 2014 cienter
1392 1981 1548 2025 expressis
1568 1991 1603 2014 ac
1625 1981 1663 2014 de
1680 1982 1776 2014 verbo
1793 1981 1831 2014 ad
1854 1982 1985 2015 verbum

1247 2034 1372 2067 insertis
1397 2034 1558 2077 habentes,
1585 2034 1645 2067 illis
1659 2035 1734 2067 alias
1748 2034 1778 2067 in
1792 2045 1848 2068 suo
1870 2035 1986 2067 robore

1248 2089 1473 2131 permansuris,
1488 2088 1526 2120 ad
1550 2089 1796 2132 praemissorum
1821 2088 1964 2121 effectum
1978 2116 1985 2127 ,

1250 2142 1306 2173 hac
1324 2141 1390 2174 vice
1407 2141 1578 2181 dumtaxat,
1597 2141 1772 2185 specialiter
1793 2147 1822 2174 et
1839 2152 1985 2185 expresse

1249 2194 1453 2237 derogamus
1479 2194 1654 2238 ceterisque
1671 2194 1837 2228 contrariis
1855 2194 1986 2238 quibus·-

1250 2258 1394 2290 cumque.

1294 2301 1406 2333 Datum
1430 2302 1565 2341 Romae,
1592 2300 1675 2344 apud
1699 2300 1727 2333 S.
1746 2300 1872 2333 Mariam
1898 2300 1988 2334 Maio-

1252 2364 1330 2394 rem,
1356 2354 1414 2386 sub
1445 2354 1561 2387 annulo
1589 2353 1765 2395 piscatoris,
1791 2353 1840 2386 die
1862 2363 1916 2386 xv¹
1940 2363 1988 2386 se-

1253 2407 1407 2450 ptembris
1431 2417 1568 2448 unccin,
1590 2407 1790 2451 pontificatus
1817 2406 1914 2440 nostri
1939 2416 1989 2439 an-

1251 2470 1291 2493 no
1309 2470 1362 2494 vn.

1288 2521 1344 2548 Dat.
1362 2521 1404 2549 die
1423 2522 1454 2549 16
1469 2522 1634 2557 septembris
1655 2521 1729 2555 1061,
1748 2521 1842 2556 pontis.
1859 2529 1927 2548 auno
1946 2526 1986 2547 iil.

1986 180 2036 206 An.
2048 180 2076 206 C.
2098 180 2166 211 ¹662

2017 769 2135 791 Clausulas.

1997 1459 2106 1481 Contraria
2115 1459 2173 1481 tollit.
