2243 3205
289 149 337 175 Αη.
353 148 382 176 C.
402 149 467 176 1661
516 140 579 174 688

483 197 521 231 de
539 198 710 241 Peguillam
729 198 855 231 fratrem
875 203 904 231 et
928 204 1084 232 assertum
1109 210 1221 243 procu-

483 256 621 284 ratorem
646 251 777 284 fratrum
799 252 1026 295 Aquitanorum
1052 253 1176 286 Ordinis
1193 258 1222 285 et

484 304 666 347 provinciae
690 304 870 338 huiusmodi
894 306 1044 349 exposito,
1059 306 1142 349 quod
1164 306 1222 338 fra-

484 362 547 389 tres
571 356 794 399 Lugdunenses
822 358 1009 390 eorumdem
1043 358 1168 391 Ordinis
1192 363 1222 391 et

483 409 673 453 provinciae,
697 415 728 442 et
757 410 925 454 praecipue
958 415 1066 445 contra
1090 411 1218 444 moder-

483 473 557 496 num
583 463 760 496 ministrum
779 464 1015 507 provincialem,
1032 464 1154 497 diversa
1171 464 1221 496 lia-

483 516 598 549 bebant
621 517 823 560 gravamina,
849 523 981 562 propter
1011 528 1090 562 quae
1115 522 1222 550 contra

483 569 663 613 praedictos
680 570 729 603 via
742 570 820 603 iuris
834 571 978 604 volebant
995 581 1089 614 agere
1107 576 1136 603 et
1153 581 1222 603 cau-

483 633 548 655 sam
569 623 700 656 habere:
725 634 792 664 nos,
809 624 848 656 ad
868 624 1128 668 supplicationem
1148 623 1221 657 dicti

484 675 594 710 Leonis
619 686 742 709 causam
769 682 798 709 et
822 687 940 717 causas,
965 687 1060 720 quam
1091 680 1120 709 et
1144 686 1222 719 quas

483 739 579 774 super
601 728 783 772 praemissis
808 735 918 762 contra
943 729 1043 762 dictos
1075 729 1222 762 adversa-

485 782 547 815 rios
572 782 687 815 habere
712 786 741 816 et
766 793 893 816 movere
915 783 1047 823 volebat,
1068 793 1139 815 cum
1159 793 1223 815 om-

482 835 575 868 nibus
585 835 649 868 suis
660 835 887 879 dependemus,
898 835 1115 876 incidentibus,
1125 845 1224 867 emer-

483 888 651 931 gentibus,
683 888 812 922 annexis
837 894 867 921 et
899 888 1065 930 connexis,
1094 893 1223 932 totoque

484 941 612 984 negotio
628 941 804 986 principali,
825 941 1057 974 venerabilibus
1073 941 1223 974 fratribus

483 994 638 1038 episcopis
663 994 851 1036 agennensi,
869 993 1049 1027 Lectorensi
1070 998 1100 1026 et
1111 993 1222 1027 Montis

483 1047 678 1088 Albanensis‚
703 1058 758 1080 seu
782 1047 872 1080 alteri
897 1058 933 1080 ex
955 1048 1040 1091 ipsis,
1064 1047 1222 1080 commisi-

483 1111 567 1141 mus;
584 1100 649 1141 sed,
663 1111 735 1134 cum
753 1104 861 1144 postea
878 1100 1124 1142 rescivissemus⁷
1139 1100 1223 1144 quod

484 1154 688 1198 congregatio
703 1154 928 1187 venerabilium
954 1154 1086 1186 fratrum
1103 1159 1224 1187 nostro-

483 1219 553 1241 rum
569 1207 598 1241 S.
616 1208 651 1241 R.
672 1207 704 1241 E.
723 1207 928 1240 cardinalium
946 1207 1079 1250 negotiis
1104 1210 1134 1240 et
1149 1217 1223 1240 con-

483 1262 703 1295 sultationibus
727 1262 949 1306 episcoporum
976 1267 1005 1294 et
1029 1261 1222 1304 regularium

483 1316 662 1360 praeposita
681 1320 865 1359 praetensae
882 1325 993 1349 causae
1010 1319 1040 1347 et
1056 1325 1222 1347 causarum

484 1374 514 1401 et
538 1369 708 1413 praecipue
732 1369 851 1412 negotii
878 1368 1061 1412 principalis
1092 1368 1222 1413 praefati

484 1422 697 1466 cognitionem
723 1423 918 1466 suscepisset,
940 1427 1104 1464 totumque
1127 1431 1224 1464 nego-

483 1476 573 1517 tium,
597 1476 740 1519 partibus
765 1475 1004 1508 informantibus
1029 1474 1142 1507 dilecto
1159 1474 1223 1507 filio

484 1535 592 1562 nostro
617 1529 731 1562 Ioanne
755 1528 893 1572 Baptista
917 1528 997 1560 tituli
1023 1527 1051 1560 S.
1078 1527 1161 1560 Petri
1186 1527 1224 1559 ad

486 1581 614 1615 Vincula
638 1581 777 1615 eiusdem
803 1581 831 1614 S.
846 1582 880 1614 R.
898 1581 930 1614 E.
956 1580 1139 1624 presbytero
1160 1590 1224 1613 car-

484 1635 586 1668 dinale
611 1635 742 1668 Pallotto
767 1639 946 1678 nuncupato
971 1634 1125 1666 referente
1148 1633 1220 1677 plu-

485 1689 557 1729 ries,
578 1688 791 1730 terminasset,
816 1687 932 1721 dictam
957 1686 1223 1728 commissionem,

485 1743 587 1776 tacitis
612 1742 793 1786 praemissis
817 1752 835 1774 a
859 1741 1021 1783 signatura
1044 1741 1153 1773 nostra
1178 1740 1224 1772 iu-

485 1796 588 1830 stitiae
604 1795 737 1829 subdole
754 1800 919 1836 extortam,
938 1793 1153 1827 revocavimus
1168 1803 1225 1836 per

485 1854 609 1885 nostras
639 1849 757 1882 litteras
788 1858 841 1881 xlv
868 1847 1016 1880 kalendas
1048 1846 1225 1879 decembris

486 1913 602 1937 Mncmx
627 1902 794 1947 expeditas,
813 1900 988 1934 mandando
1009 1899 1225 1933 commissario

487 1962 640 1999 quatenus
664 1966 735 1988 suas
760 1954 962 1987 inhibitiones
987 1953 1224 1993 moderaretur,

487 2020 523 2042 ac
556 2009 580 2041 si
616 2009 716 2042 dictae
751 2007 983 2041 commissionis
1018 2006 1140 2039 litterae
1163 2016 1225 2038 non

487 2067 695 2095 emanassent.
720 2061 774 2094 His
807 2064 910 2094 tamen
941 2069 1003 2092 non
1032 2058 1226 2092 obstantibus

487 2115 589 2149 dictus
623 2115 882 2155 commissarius,
914 2123 1025 2157 nempe
1059 2113 1226 2156 episcopus

488 2169 692 2214 Agennensis,
709 2179 763 2201 seu
788 2168 854 2200 eius
879 2167 1030 2206 officialis,
1045 2165 1164 2198 etiamsi
1183 2165 1227 2197 di-

489 2229 537 2257 cta
562 2223 720 2258 revocatio
744 2222 848 2255 debite
873 2222 932 2265 ipsi
958 2229 1012 2256 seu
1037 2220 1111 2264 ipsis
1130 2219 1226 2264 signi-

489 2278 581 2313 ficata
605 2277 709 2316 fuerit,
726 2286 743 2308 a
759 2276 823 2309 suis
842 2275 964 2308 actibus
980 2279 1010 2307 et
1028 2273 1227 2317 processibus

489 2331 589 2364 noluit
612 2329 773 2369 desistere,
798 2327 939 2371 quinimo
963 2326 1079 2363 dictam
1104 2336 1228 2360 revoca-

491 2384 606 2422 tionem
631 2393 705 2416 suae
730 2383 889 2427 praefatae
910 2380 1139 2416 commissionis
1156 2389 1227 2412 sen-

492 2436 657 2470 tentialiter
673 2435 842 2469 declaravit
866 2434 1093 2478 subreptitiam,
1111 2433 1228 2469 dictum

1055 151 1233 176 BULLARIUM
1258 151 1411 176 ROMANUM

1254 198 1312 231 nisi
1338 203 1558 242 compareant,
1583 199 1614 231 in
1638 199 1786 233 dilectum
1814 200 1931 244 pariter
1954 200 1991 233 si-

1256 252 1330 284 lium
1356 251 1524 284 chrieum
1546 251 1674 284 fratrem
1700 251 1800 284 dictae
1824 263 1992 296 congrega-

1256 305 1348 337 tionis
1373 304 1550 338 Gallicanae
1570 304 1658 347 quasi
1683 309 1901 338 contumacem
1926 316 1991 339 sen·

1255 358 1383 391 tentiam
1409 358 1490 399 tulit,
1511 363 1540 390 ct
1564 358 1623 390 alia
1648 357 1744 390 multa
1768 357 1841 390 fecit
1854 357 1885 390 in
1898 368 1992 400 grave

1255 410 1403 444 damnum
1429 415 1458 445 et
1483 411 1749 455 perturbationem
1771 405 1869 444 *totius
1893 411 1993 444 dictae

1255 465 1446 508 provinciae,
1472 466 1513 498 ita
1530 469 1562 498 ut
1586 465 1677 498 etiam
1701 465 1738 497 de
1756 464 1823 497 eius
1847 464 1994 498 mandato

1255 512 1433 561 superiores
1458 529 1476 551 a
1500 518 1678 551 definitorio
1703 523 1733 551 et
1757 517 1895 561 capitulo
1919 528 1994 561 pro-

1256 570 1380 603 vinciali
1405 582 1464 615 pro
1490 571 1696 604 conventibus
1720 570 1882 614 Aquitanis
1912 570 1993 603 desi-

1256 623 1340 666 gnati
1358 634 1375 656 a
1400 623 1525 657 duobus
1546 623 1671 657 circiter
1691 623 1780 656 annis
1804 634 1820 656 e
1844 623 1908 656 suis
1925 633 1994 657 con-

1256 676 1400 710 ventibus
1425 677 1552 710 exulare
1577 681 1740 719 cogantur,
1763 681 1793 708 et
1824 676 1898 709 dicti
1923 686 1995 709 con-

1257 735 1365 762 ventus
1390 741 1461 763 cum
1486 729 1634 764 fratribus
1659 730 1689 762 in
1709 729 1784 772 ipsis
1808 729 1994 772 degentibus

1256 794 1273 816 a
1298 784 1512 816 iurisdictione
1538 782 1670 816 ministri
1696 782 1897 827 provincialis
1913 788 1943 815 et
1961 793 1993 816 a·

1256 836 1370 869 liorum
1396 836 1595 880 superiorum
1627 835 1775 869 seditiose
1799 835 1992 876 eximantur;

1256 889 1320 922 imo
1345 889 1438 922 etiam
1463 889 1606 922 ministro
1630 888 1815 932 provinciali
1841 888 1994 922 moderno

1257 953 1388 975 munere
1421 953 1477 975 suo
1508 942 1648 985 fungenti
1681 942 1713 976 in
1738 941 1926 985 quibusdam
1957 952 1993 975 ex

1256 995 1294 1028 iis
1319 996 1522 1029 conventibus
1553 995 1724 1029 novissime
1748 1000 1877 1038 negatus
1901 995 1994 1028 fuerit

1256 1050 1417 1092 ingressus
1435 1054 1543 1082 contra
1564 1049 1661 1082 multa
1685 1048 1841 1092 praefatae
1866 1058 1994 1091 congre-

1256 1102 1390 1146 gationis
1422 1102 1628 1135 cardinalium
1660 1102 1785 1134 decreta
1809 1106 1839 1134 et
1871 1105 1994 1135 nostras

1256 1157 1287 1189 in
1312 1155 1407 1189 simili
1430 1155 1533 1188 forma
1549 1155 1655 1188 Brevis
1672 1155 1790 1188 litteras
1809 1154 1993 1187 eorumdem

1256 1209 1455 1242 decretorum
1481 1209 1732 1242 confirmatorias
1752 1207 1810 1240 sub
1833 1207 1943 1240 diebus
1962 1217 1994 1242 xl

1256 1262 1405 1296 februarii
1426 1272 1551 1303 iimcmx,
1578 1266 1608 1294 et
1624 1271 1676 1294 xiv
1697 1260 1844 1294 kalendas
1868 1260 1993 1294 decem-

1256 1316 1322 1350 bris
1347 1315 1487 1348 eiusdem
1507 1315 1590 1355 anni,
1616 1325 1651 1347 ac
1675 1324 1706 1347 lx
1731 1306 1863 1347 ianuarii
1888 1323 1993 1348 MDCLx

1256 1368 1429 1412 respective
1454 1373 1597 1401 emanata
1620 1378 1675 1400 seu
1700 1372 1867 1401 emanatas.
1892 1366 1994 1405 Quare

1256 1423 1316 1466 ipsi
1335 1427 1536 1465 exponenteS,
1557 1425 1590 1455 ut
1609 1421 1698 1453 malis
1718 1426 1747 1454 et
1771 1420 1925 1455 scandalis
1941 1420 1994 1455 hu-

1257 1475 1390 1510 iusmodi
1411 1474 1587 1508 remedium
1611 1474 1807 1514 adhibeatur,
1831 1473 1920 1507 nobis
1940 1473 1995 1507 hu-

1257 1529 1373 1562 militer
1405 1528 1574 1572 supplicari
1607 1528 1767 1568 fecerunt,
1805 1532 1840 1561 ut
1870 1527 1930 1562 sibi
1962 1527 1994 1559 in

1257 1582 1439 1626 praemissis
1463 1586 1642 1626 opportune
1665 1581 1831 1624 providere
1851 1585 1881 1613 et
1904 1585 1936 1613 ut
1952 1580 1995 1613 in·

1257 1636 1305 1669 fra
1336 1635 1502 1678 indulgere
1533 1635 1571 1667 de
1603 1634 1797 1677 benignitate
1825 1633 1996 1677 apostolica

1257 1689 1470 1732 dignaremur.

1301 1743 1316 1785 ἓ
1340 1741 1370 1774 ⁶2.
1395 1742 1457 1775 Nos
1482 1740 1587 1783 igitur,
1607 1740 1707 1773 dictos
1719 1744 1910 1783 exponentes
1926 1749 1997 1783 spe-

1257 1795 1388 1829 cialibus
1414 1793 1572 1827 savoribus
1592 1799 1621 1826 et
1641 1793 1749 1836 gratiis
1773 1793 1923 1836 prosequi
1942 1803 1996 1826 vo-

1258 1849 1366 1889 lentes,
1381 1854 1410 1881 et
1424 1858 1532 1881 eorum
1547 1847 1722 1889 singulares
1736 1856 1887 1890 personas
1901 1856 1918 1879 a
1932 1845 1998 1890 qui-

1258 1902 1363 1935 busvis
1380 1900 1722 1941 excommunicationis,
1739 1899 1953 1943 suspensionis
1968 1905 1998 1933 et

1258 1952 1427 1993 interdicti,
1447 1952 1579 1995 aliisque
1596 1951 1814 1984 ecclesiasticis
1827 1950 1998 1992 sententiis,

1259 2006 1400 2039 censuris
1425 2011 1455 2038 et
1478 2005 1598 2048 poenis,
1618 2014 1635 2036 a
1656 2004 1724 2036 iure
1740 2003 1786 2036 vel
1802 2003 1840 2036 ab
1860 2003 1998 2044 homine,

1258 2058 1367 2103 quavis
1392 2057 1555 2091 occasione
1580 2057 1626 2089 vel
1651 2058 1745 2089 causa
1768 2056 1849 2096 latis,
1877 2056 1902 2093 si
1923 2056 1997 2100 qui-

1259 2112 1317 2147 bus
1341 2111 1578 2155 quomodolibet
1602 2110 1766 2143 innodatae
1790 2109 1935 2151 existunt,
1958 2109 1998 2142 ad

1260 2165 1403 2202 effectum
1414 2163 1624 2208 praesentium
1635 2163 1796 2196 dumtaxat
1809 2172 1999 2206 consequen-

1260 2219 1345 2259 dum,
1360 2218 1471 2251 harum
1490 2217 1570 2250 serie
1587 2215 1784 2249 absolventes
1798 2220 1828 2247 et
1840 2214 1998 2249 absolutas

1260 2272 1327 2305 sore
1340 2274 1511 2311 censentes,
1525 2269 1706 2303 huiusmodi
1720 2268 1999 2313 supplicationibus

1260 2324 1397 2357 inclinati
1413 2351 1420 2364 ,
1445 2323 1483 2356 de
1513 2327 1758 2355 memoratorum
1793 2321 1999 2357 cardinalium

1262 2378 1404 2418 consilio,
1429 2376 1554 2410 attentis
1575 2376 1719 2418 narratis,
1741 2374 1933 2411 inhaerendo
1949 2374 2001 2407 de-

1263 2438 1349 2470 creto
1374 2436 1518 2467 emanato
1543 2430 1601 2463 sub
1633 2429 1684 2462 die
1715 2438 1779 2465 xv11
1811 2427 2000 2472 septembris

492 2490 668 2522 ministrum
707 2488 952 2532 provincialem,
984 2487 1230 2529 definitoresque
1264 2486 1406 2531 proxime
1424 2484 1529 2528 clapsi,
1551 2489 1584 2515 ut
1605 2482 1725 2516 tandem
1748 2481 1928 2515 huiusmodi
1945 2490 1998 2513 ne-

493 2544 553 2584 iam
572 2542 708 2575 secundo
726 2542 841 2583 citavit,
860 2543 1060 2584 minaturque
1074 2550 1232 2581 censuras,
1266 2540 1350 2583 gotio
1372 2539 1431 2571 iam
1457 2537 1548 2571 toties
1571 2536 1688 2579 agitato
1712 2535 1782 2567 finis
1810 2534 1998 2578 imponatur,

2005 152 2053 180 An.
2074 152 2104 180 c.
2122 153 2185 183 ¹661
2199 138 2211 178 l

2038 1744 2150 1766 coufirmat
2156 1743 2189 1764 de·
2203 1744 2207 1762 ’ἶ

2011 1774 2090 1792 cretum
2105 1770 2156 1791 alies
2169 1774 2190 1790 ο-

2011 1801 2124 1819 manatum.
