2263 3215
249 218 296 244 An.
317 216 430 244 (1.1657
476 207 540 241 278

249 280 322 299 ..i-m
363 279 432 304 ,ima
447 271 512 298 tum
535 274 664 297 munere
684 263 854 296 visitatoris
883 263 1078 307 praedictum
1097 264 1183 297 Octa-

249 307 386 326 tii-iminium
406 306 432 326 de
469 317 474 322 =

1023 215 1201 239 BULLARIUM

448 328 571 350 vianum
592 317 630 349 de
655 317 792 357 Perusia,
818 316 971 360 illumque
997 317 1027 349 in
1053 317 1145 350 talem
1167 327 1184 348 a

446 371 571 403 nemine
594 370 777 413 recognosci
802 380 894 413 posse
919 370 964 402 vcl
993 370 1108 403 debere
1133 381 1202 413 (πη

448 434 555 467 presse
582 424 760 456 inhibemus
786 424 830 456 rel
858 423 1063 463 mandamus,
1097 433 1185 467 prae-

450 481 567 510 tensam
593 478 808 510 alternativam
837 487 890 510 seu
917 477 1117 510 concordiam
1144 478 1203 508 sa-¹

448 536 528 562 ctam
550 530 608 563 sub
632 530 682 563 die
708 541 737 563 vi
763 530 940 563 decembris
970 540 1073 563 Mbciiv
1109 530 1204 563 inter⁴

448 583 612 626 religiosos
637 583 761 616 Ordinis
776 584 914 616 eiusdem
929 584 1109 627 provintiae
1124 591 1204 615 oin-¹

448 637 522 669 nino
556 648 716 670 cassamus
751 643 780 671 et
818 638 1002 678 abolemus,
1039 637 1186 679 illamque

447 692 533 724 nullo
556 691 649 724 modo
674 692 766 724 etiam
786 692 815 724 in
833 692 973 725 futurum
999 691 1117 723 serrari
1138 690 1186 722 de-

448 745 617 785 cernimus,
643 756 704 778 non
731 745 873 778 obstante
899 755 1098 788 quacumque
1117 749 1204 776 con-t

448 798 624 831 tirmatione
649 799 765 842 prioris
782 798 938 841 generalis
959 798 1083 831 Ordinis
1101 807 1187 840 prac-

448 850 538 891 dicti3
563 857 716 884 assertum
740 852 910 895 capitulum
929 851 1122 895 provinciale
1139 860 1186 883 ce—

449 904 603 937 lebratum
618 905 675 937 sub
690 905 738 937 die
753 915 783 937 ix
798 904 986 948 septembris
1004 913 1129 944 noema,
1156 903 1185 935 in

448 968 511 1000 quo
537 958 589 989 suit
618 958 735 990 clectus
772 958 801 990 in
831 957 1055 1001 provincialem
1091 956 1187 988 l'rater

449 1011 588 1044 Andreas
611 1012 723 1051 Tellez,
741 1013 801 1044 una
827 1022 897 1043 cum
924 1010 1070 1043 omnibus
1096 1011 1125 1043 in
1151 1020 1187 1042 eo

449 1064 563 1106 gestis,
596 1064 772 1108 ceterisque
797 1063 834 1096 ab
860 1074 897 1096 eo
922 1062 1186 1107 dependentibus,

449 1117 648 1150 annullamus
665 1123 693 1150 et
712 1127 880 1158 cassamus,
895 1128 930 1149 ac
945 1127 1004 1160 pro
1022 1115 1188 1149 annullatis

449 1175 479 1202 et
503 1170 631 1203 cassatis
656 1171 764 1203 haberi
786 1170 947 1209 volumus;
970 1170 1006 1203 ad
1025 1170 1099 1202 haec
1117 1169 1189 1201 dile-

450 1229 533 1256 ctum
560 1224 657 1256 silium
685 1224 934 1256 Bonaventuram
960 1234 976 1255 a
995 1223 1097 1265 Plagis
1115 1222 1187 1255 dicti

450 1276 574 1309 Ordinis
598 1277 724 1310 fratrem
750 1277 986 1320 provincialem,
1006 1286 1114 1308 omnes
1136 1286 1187 1307 vo-

450 1331 532 1363 cales
556 1335 585 1364 et
608 1331 763 1374 praelatos
789 1336 818 1362 et
842 1331 918 1363 alios
944 1330 1059 1362 electos
1085 1330 1114 1361 in
1141 1340 1188 1361 ca-

450 1384 549 1427 pitulo
574 1384 732 1416 celebrato
753 1384 810 1416 sub
832 1384 881 1416 die
902 1393 936 1416 111
962 1383 1033 1415 maii
1060 1392 1188 1422 micent,

450 1437 589 1481 privatos
607 1447 663 1480 per
681 1437 864 1470 sententiam
891 1437 983 1468 latam
1005 1435 1061 1467 sub
1082 1435 1130 1468 die
1148 1445 1188 1467 vn

451 1490 629 1523 decembris
640 1500 766 1529 mucetv,
781 1500 901 1522 necnon
916 1500 951 1522 ex
970 1489 1189 1532 provinciales,

451 1548 665 1587 praesentatos
682 1549 712 1575 et
732 1543 808 1576 alios
826 1553 1054 1587 quoscumque⁷
1074 1553 1089 1574 a
1107 1542 1190 1574 dicto

452 1597 619 1630 Octaviano
653 1597 770 1640 pariter
800 1596 939 1640 privatos
971 1601 1000 1627 et
1038 1595 1191 1637 relegatos

452 1655 523 1693 post
547 1650 721 1683 intimatam
746 1649 910 1693 epistolam
935 1648 1091 1692 praefatae
1112 1657 1187 1680 con-

453 1703 645 1746 gregationis
674 1702 732 1735 sub
757 1702 806 1734 die
834 1712 864 1735 xl
896 1701 1044 1734 februarii
1076 1711 1191 1735 amoliri

454 1756 483 1788 in
509 1766 570 1800 qua
603 1755 826 1798 iniungebatnr
858 1755 955 1799 priori
989 1755 1127 1798 generali
1161 1759 1192 1787 nt

454 1810 556 1854 ipsum
576 1820 591 1842 a
613 1820 742 1842 munere
761 1809 947 1843 visitationis
969 1814 1141 1849 revocaret,
1161 1808 1192 1840 in

455 1873 564 1896 eorum
592 1862 702 1896 officiis
728 1868 758 1895 et
782 1861 1098 1896 conventualitatibus
1128 1872 1191 1894 ma-

454 1915 597 1948 nuteneri
618 1915 818 1948 decernimus
841 1925 940 1958 usquc
961 1914 998 1947 ad
1018 1919 1140 1958 tempus
1155 1915 1192 1947 ab

455 1969 563 2002 eadem
574 1974 740 2012 congregat
748 1969 817 2001 ione
827 1968 1112 2007 determinamlum3
1127 1973 1194 2000 aeta

456 2033 661 2066 processuum
689 2023 719 2055 in
736 2024 828 2056 causa
848 2028 878 2055 et
897 2022 999 2055 cansis
1026 2022 1062 2054 de
1081 2021 1194 2065 quibus

456 2076 559 2119 agitur
585 2076 821 2115 fabricatorum,
848 2076 894 2108 vel
920 2075 1103 2118 originalia,
1129 2075 1193 2115 vel,

457 2130 584 2174 praet-ia
611 2130 749 2172 legitima
779 2135 808 2163 et
832 2130 950 2163 vocatis
973 2129 1115 2173 partibus
1143 2135 1195 2161 aut

457 2193 567 2215 eorum
593 2182 862 2226 procuratoribus,
880 2188 910 2215 et
930 2182 967 2215 iis
986 2182 1195 2215 interessenti—

457 2235 515 2269 bus
527 2236 703 2276 collatione,
715 2235 910 2279 transcripta,
921 2235 958 2267 ad
973 2235 1113 2267 eamdem
1126 2245 1196 2268 con-

458 2289 674 2332 gregationem
703 2289 870 2321 transmitti
900 2288 1084 2321 mandamus
1112 2289 1196 2321 iuxta

459 2342 636 2375 instantiam
668 2342 760 2376 ctiam
794 2341 867 2375 dieti
902 2342 1007 2374 fratris
1039 2342 1196 2375 Bonaven-

460 2401 558 2436 turae,
579 2402 611 2429 ut
636 2396 782 2439 cognosci
808 2396 906 2439 possit
930 2406 1024 2440 super
1042 2395 1197 2428 validitate

459 2459 513 2482 scu
539 2449 686 2482 iniustitia
707 2449 933 2482 sententiarum
951 2460 967 2482 a
984 2450 1123 2493 praefato
1140 2449 1197 2481 sra-

461 2509 506 2535 tre
523 2504 690 2536 Octaviano
715 2504 866 2543 latarum,
893 2503 1042 2536 vicarium
1069 2504 1196 2536 fratrem

462 2557 606 2590 loannem
633 2556 671 2589 de
695 2556 811 2600 Sag-nm
837 2568 852 2589 a
877 2557 959 2590 dicto
985 2558 1080 2590 fratre
1101 2557 1198 2590 Bona-

462 2611 590 2643 ventura
617 2610 933 2654 provini-iuliultimo
954 2611 1134 2654 deputatum
1153 2611 1197 2644 vel

1227 214 1379 239 nomnen

1216 263 1309 295 alium
1336 260 1547 305 deputandum
1572 270 1630 304 pro
1656 260 1809 303 gubernio
1830 261 1955 304 provin-

1218 317 1283 349 ciae
1298 315 1420 349 interim
1436 314 1659 358 approbamus.
1681 313 1716 347 Ut
1730 318 1833 346 autem
1852 313 1956 346 omnia

1219 370 1355 413 praesuta
1380 367 1520 400 debitum
1547 370 1778 410 consequantur
1803 365 1956 408 effectum,

1220 422 1333 455 dilecto
1360 421 1423 453 [ilio
1452 421 1543 453 Petro
1568 420 1605 452 de
1630 419 1765 460 Castillo,
1783 419 1958 452 haereticae

1221 474 1381 517 pravitatis
1395 474 1424 505 in
1443 483 1539 515 regno
1554 473 1763 516 Portugalliae
1779 472 1958 505 huiusmodi

1222 527 1408 571 inquisitori,
1423 531 1451 560 et
1470 527 1498 559 in
1517 527 1583 560 eius
1601 526 1755 560 desectum
1773 526 1887 559 dilecto
1904 536 1958 570 pa-

1222 581 1297 613 riter
1323 581 1386 613 tilio
1412 580 1568 613 liudovico
1589 580 1627 613 de
1647 580 1786 622 Gamma,
1809 579 1960 612 archidia—

1222 644 1300 667 cono
1315 633 1464 666 ecclesiae
1479 633 1739 677 L'lyssiponensis,
1757 643 1812 676 per
1833 631 1957 665 easdem

1221 693 1400 731 praesentes
1426 687 1660 728 committimus,
1680 693 1722 727 ut,
1743 686 1867 719 reiectis
1892 685 1959 729 qui-

1222 741 1416 783 buscmuque
1427 740 1665 784 exceptionibus
1675 744 1704 773 et
1716 738 1958 784 suspicionibus,

1221 795 1366 827 omnibus
1392 794 1468 826 iuris
1493 799 1522 825 et
1548 794 1617 826 sacti
1637 793 1783 826 remediis
1800 793 1959 837 praedicta

1221 848 1395 881 executioni
1423 848 1555 888 mittant,
1581 858 1678 891 eaque
1695 847 1824 880 omnino
1841 845 1959 879 servari

1221 901 1366 934 mandent
1381 906 1410 933 et
1428 900 1556 940 saciant3
1575 900 1661 939 salva
1684 910 1810 944 semper
1824 900 1854 932 in
1868 909 1959 944 prae-

1222 955 1324 987 missis
1348 955 1533 987 auctoritate
1563 954 1818 997 congregationis
1843 963 1960 986 memo-

1222 1013 1361 1040 ratorum
1387 1007 1603 1040 cardinalium.

1267 1063 1280 1103 ,ξ
1308 1062 1338 1093 tt.
1367 1062 1435 1095 Non
1463 1061 1659 1094 obstantibus
1690 1060 1891 1105 praemissis,
1925 1070 1961 1093 ac

1223 1115 1499 1147 constitutionibus
1518 1120 1548 1147 et
1571 1114 1822 1148 ordinationibus
1840 1119 1963 1158 aposto-

1223 1168 1300 1207 licis,
1321 1168 1413 1200 etiam
1439 1168 1676 1208 conciliat-ibus,
1701 1178 1832 1210 necnon,
1858 1173 1964 1211 quate-

1224 1231 1281 1254 nus
1305 1231 1384 1265 opus
1402 1221 1450 1262 sit,
1469 1221 1592 1254 Ordinis
1610 1226 1639 1254 et
1659 1221 1839 1265 provinciae
1859 1220 1964 1254 huius-

1225 1274 1318 1315 modi,
1335 1286 1369 1306 ac
1388 1274 1456 1307 aliis
1473 1274 1646 1318 quibusvis,
1664 1274 1757 1307 etiam
1774 1273 1963 1314 iurament’o,

1223 1328 1462 1361 confirmatione
1476 1328 1659 1371 apostoliea,
1676 1328 1723 1360 vel
1741 1327 1850 1371 quavis
1870 1327 1965 1360 firmi-

1225 1386 1284 1414 tate
1302 1381 1361 1414 alia
1383 1381 1550 1421 roboratis,
1568 1380 1690 1414 statutis
1715 1386 1744 1413 et
1769 1380 1966 1415 consuetudi-

1225 1435 1326 1475 nibus,
1337 1435 1511 1478 privilegiis
1524 1445 1660 1479 quoque,
1671 1434 1797 1467 indultis
1810 1439 1841 1467 et
1854 1434 1965 1466 litteris

1224 1488 1402 1532 apostolicis
1432 1488 1461 1521 in
1491 1488 1685 1521 contrarium
1716 1487 1965 1532 praemissorum

1225 1541 1461 1584 quomodolibet
1504 1542 1682 1583 concessis,
1719 1540 1911 1574 confirmatis
1936 1545 1966 1574 et

1227 1594 1396 1633 innovatis;
1424 1594 1538 1638 quibus
1571 1594 1718 1627 omnibus
1750 1599 1779 1626 et
1813 1593 1964 1637 singulis,

1226 1648 1352 1681 illorum
1378 1653 1503 1681 tenores
1534 1647 1754 1691 praesentibus
1784 1657 1843 1691 pro
1874 1647 1965 1691 plene

1226 1705 1256 1735 ct
1280 1701 1471 1734 sufficienter
1492 1701 1647 1744 expressis
1674 1711 1710 1733 ac
1738 1700 1775 1733 de
1804 1700 1901 1734 verbo
1927 1699 1965 1733 ad

1227 1755 1356 1787 verbum
1377 1755 1501 1788 insertis
1517 1755 1679 1797 hahentes,
1696 1754 1755 1787 illis
1773 1754 1848 1787 alias
1861 1754 1891 1787 in
1908 1765 1966 1788 suo

1227 1808 1341 1841 robore
1374 1809 1612 1852 permansuris,
1645 1808 1682 1841 ad
1719 1808 1966 1852 praemissorum

1227 1862 1382 1903 effectum,
1401 1863 1458 1895 hac
1473 1862 1537 1895 vice.
1555 1862 1726 1901 dumtaxat,
1744 1861 1920 1906 specialiter
1937 1866 1968 1894 et

1227 1926 1374 1960 expresse
1391 1915 1589 1959 derogamus,
1609 1915 1784 1960 ceterisque
1802 1914 1968 1950 contrariis

1228 1969 1487 2012 quibuscumque.

1272 2022 1286 2066 ἓ
1311 2022 1338 2054 li.
1374 2023 1524 2055 Volumus
1555 2028 1658 2055 autem
1689 2028 1724 2055 nt
1755 2022 1968 2066 praesentium

1229 2075 1454 2119 transumptis,
1487 2085 1581 2108 manu
1613 2075 1746 2109 alicuius
1774 2075 1885 2109 notarii
1910 2085 1968 2119 pu-

1229 2128 1300 2161 bliei
1333 2128 1534 2172 subscriptis,
1566 2133 1596 2160 et.
1627 2128 1730 2171 sigillo
1758 2137 1913 2172 personae
1938 2127 1967 2160 in

1229 2181 1439 2215 ecclesiastica
1455 2181 1604 2224 dignitate
1621 2181 1806 2215 constitutae
1829 2180 1968 2222 munitis,

1230 2235 1337 2267 eadem
1360 2245 1489 2278 prorsus
1509 2235 1585 2267 sides
1603 2235 1719 2278 ubique
1744 2235 1886 2268 locorum
1906 2238 1967 2268 tarn

1232 2289 1261 2320 in
1287 2288 1402 2321 iudicio
1427 2298 1520 2331 quam
1547 2292 1633 2321 extra
1661 2287 1737 2320 illud
1766 2287 1968 2330 adhibeatur,

1231 2352 1309 2385 quae
1335 2342 1476 2385 ipsismet
1506 2341 1724 2385 praesentibus
1753 2341 1969 2381 adhiberetur,

1232 2395 1256 2427 si
1282 2395 1385 2428 forent
1410 2394 1565 2427 exhibitae
1591 2395 1637 2427 vel
1663 2401 1812 2428 ostensae.

1276 2449 1385 2481 Datum
1413 2449 1442 2480 in
1471 2449 1548 2481 Arce
1574 2448 1761 2492 Gandulphi,
1786 2447 1969 2482 Albanensis

1232 2502 1394 2540 dioecesis,
1415 2502 1472 2533 sub
1489 2502 1604 2534 annulo
1624 2502 1799 2542 piscatoris,
1822 2502 1872 2535 die
1893 2510 1969 2535 xvm

1233 2555 1304 2588 maii
1332 2565 1469 2594 arcemn,
1488 2555 1685 2599 pontificatus
1702 2555 1799 2588 nostri
1819 2564 1901 2588 anno
1925 2563 1968 2588 ιιι.

1270 2618 1326 2644 bat.
1345 2618 1385 2644 dii·
1408 2618 1435 2644 18
1453 2617 1512 2644 maii
1532 2618 1614 2651 1637,
1637 2617 1733 2653 pontis.
1756 2626 1825 2645 anno
1841 2625 1879 2646 ιιι,

1967 213 2017 240 An.
2037 213 2066 241 c.
2083 201 2146 244 ¹65³!

1978 1099 1990 1102 ..
2003 1071 2109 1119 ¹qunti-aria
2123 1077 2153 1094 ¹¹0-
2196 1083 2198 1090 ι
2211 1080 2217 1087 ·

1978 1104 2012 1119 nci
2025 1115 2029 1119 .

2016 2029 2159 2056 Tiar-sumpto-

1983 2062 2027 2078 rum
2041 2056 2099 2078 tutes.

2214 1923 2215 1926 Ὺ
2237 1935 2252 2028 l

2231 2021 2253 2115 ‘t
