2263 3215
287 198 338 224 An.
358 197 384 224 c,
412 197 477 225 1050
523 188 586 220 ⁶232

304 1059 445 1084 Suppli-nitzo.

527 244 612 289 quod
636 244 779 287 officium
803 245 1007 288 superiorum
1034 255 1098 278 uon
1121 247 1221 289 possit

524 298 685 342 protendi,
713 299 780 331 nisi
803 299 845 331 cut
869 298 964 331 aliud
991 300 1168 332 (timonium
1184 299 1202 332 ⁴.

677 387 839 415 Alexander
858 388 939 422 Papa
958 389 1021 420 VII,

623 432 659 458 ad
679 432 812 459 futuram
832 432 877 459 rei
897 433 1077 460 memoriam.

524 512 557 543 In
590 511 715 543 sublimi
750 511 837 544 Sedis
870 512 1066 556 Apostolicae
1097 513 1221 556 fastigio

482 564 600 597 meritis
625 564 695 598 licct
724 565 897 608 imparibus
923 565 1072 598 ineffabili
1098 565 1238 608 divinae,

478 617 694 660 providentiae
718 618 849 650 consilio
877 618 1030 659 collocati,
1056 619 1219 662 religioso-

479 680 548 702 rum
563 670 703 703 virorum
719 670 777 703 sub
794 671 880 702 suari
898 671 1043 704 arctioris
1059 672 1220 714 religionis

477 722 551 765 iugo
579 728 646 756 vota
672 734 727 755 sua
752 723 911 756 Altissinio
937 724 1067 756 reddere
1085 724 1220 756 laudabi-

476 775 548 809 liter
566 777 772 819 satagentium
792 776 1066 810 commoditatibus
1086 777 1220 810 libenter

477 829 677 872 intendimus,
704 830 827 873 illisque
852 835 997 873 paternae
1019 830 1219 873 benignitatis

476 888 600 915 nostrae
616 883 736 916 favores
752 883 960 926 impertimur,
976 888 1080 927 prout,
1096 885 1218 916 matura

476 937 725 970 consideratione
759 937 919 979 adbibita⁷
950 938 1162 982 conspicimus
1187 939 1217 970 in

476 990 608 1023 Domino
633 990 800 1023 salubriter
824 991 981 1034 expedire.

520 1044 534 1087 ἓ
560 1044 587 1075 ’1.
614 1043 734 1087 Exponi
762 1043 915 1087 siquidem
938 1044 1028 1077 nobis
1053 1055 1153 1088 nuper
1178 1046 1216 1078 se-

476 1096 514 1128 cit
542 1097 674 1129 dilectus
698 1096 781 1129 tilius
796 1097 947 1130 Antonius
964 1109 980 1130 a
999 1098 1130 1139 Christo,
1149 1109 1218 1142 pro-

475 1156 602 1183 curator
627 1150 782 1193 generalis
803 1151 1059 1193 congregationis
1084 1152 1215 1184 fratrum

475 1204 738 1236 Itiscalceatorum
748 1210 999 1247 nuncupatorum
1011 1203 1135 1237 Ordinis
1146 1205 1216 1238 San-

475 1263 541 1289 ctae
560 1258 671 1290 Mariae
684 1257 721 1289 de
735 1258 876 1290 Mercede
896 1257 1129 1301 t'tvdontptionis
1145 1259 1217 1303 Cap-

476 1310 721 1355 tiv01‘um‚quod
747 1311 832 1351 alias,
854 1317 1019 1355 postquam
1046 1311 1143 1345 felicis
1167 1323 1216 1345 re-

475 1365 664 1398 cordationis
696 1366 868 1407 Gregorius
898 1366 978 1409 I’apa
1012 1366 1060 1398 XV
1089 1367 1217 1409 praede-

475 1428 580 1451 cessor
599 1424 707 1450 noster
723 1429 780 1461 per
804 1418 953 1461 quasdam
975 1429 1046 1451 suas
1071 1419 1100 1451 in
1122 1419 1216 1452 simili

475 1472 575 1504 torma
599 1471 705 1504 Brevis
729 1471 779 1503 die
804 1481 847 1504 xx
872 1471 996 1513 augusti
1022 1482 1151 1505 uocxxn
1169 1482 1217 1505 ex-

475 1523 594 1567 peditas
619 1523 738 1556 litteras
763 1524 844 1556 inter
863 1524 921 1556 alia
944 1529 1092 1557 statuerat
1117 1530 1146 1557 et
1170 1535 1217 1557 or-

474 1577 645 1618 dinaverat,
662 1579 735 1611 utin
750 1572 896 1611 omnibus
914 1584 943 1611 et
956 1579 1088 1621 singulis
1106 1579 1216 1612 officiis

474 1631 658 1674 aequalibus
691 1632 737 1664 vel
771 1632 973 1665 inferioribus
1008 1632 1108 1665 dictae
1143 1643 1217 1665 con-

474 1685 665 1727 gregationis
683 1685 866 1717 alternativa
882 1686 976 1718 trium
995 1696 1151 1718 annorum
1163 1686 1216 1718 ob-

474 1738 590 1770 servari
613 1737 751 1777 deberet,
769 1738 954 1772 recolendae
976 1740 1147 1772 memoriae
1162 1739 1216 1771 Ur-

474 1790 572 1823 banus
596 1791 678 1834 Papa
704 1791 767 1823 VIII
792 1791 885 1823 etiam
911 1792 1138 1836 praedecessor
1162 1802 1216 1825 no-

473 1849 537 1876 ster
561 1854 617 1887 per
641 1855 712 1877 suas
728 1844 847 1888 pariter
865 1845 894 1877 in
916 1846 1018 1878 forma
1040 1846 1145 1878 Brevis
1165 1845 1214 1877 die

475 1906 519 1929 xu
545 1897 609 1930 iulii
636 1907 787 1931 uocxxvn
813 1898 972 1942 expeditas
998 1899 1117 1932 litteras
1138 1901 1215 1934 cius-

473 1950 543 1983 dem
556 1951 811 1994 congregationis
825 1952 1013 1993 definitor-io,
1024 1953 1107 1996 quod
1117 1954 1214 1998 ipsius

474 2004 727 2047 congregationis
762 2005 907 2048 illiusque
931 2005 1099 2039 domorum
1124 2018 1214 2051 prae-

474 2058 552 2090 latos
566 2057 742 2090 ordinarios
750 2064 776 2090 et
789 2058 867 2091 alios
879 2069 1079 2103 quocumque
1088 2061 1214 2094 nomine

472 2117 670 2155 nuncupatos
696 2112 877 2156 superiores
902 2113 976 2155 (non
1007 2117 1108 2147 tamen
1134 2125 1210 2158 pro-

473 2164 633 2208 vinciales)
661 2165 689 2197 in
716 2176 826 2197 eorum
859 2166 991 2206 officiis,
1017 2171 1110 2209 prout
1135 2178 1151 2199 e
1181 2179 1214 2200 re

473 2217 573 2250 dictae
598 2218 852 2261 congregationis
882 2219 1027 2263 illiusque
1045 2219 1212 2253 domorum

473 2272 571 2313 magis
595 2272 742 2315 expedire
769 2273 797 2303 in
824 2273 955 2305 Domino
982 2273 1159 2315 iudicasset,
1176 2274 1214 2306 ad

471 2325 554 2357 aliud
574 2325 741 2358 triennium
759 2327 957 2368 confirmare7
974 2327 1037 2359 siro
1050 2327 1088 2359 ad
1106 2327 1213 2360 eadem

471 2379 573 2410 officia
597 2379 635 2411 de
659 2389 761 2419 novo,
787 2380 878 2411 ctiam
909 2380 1092 2413 alternativa
1118 2381 1212 2413 trium

471 2441 625 2464 annorum
661 2432 840 2466 huiusmodi
871 2433 1000 2466 minime
1025 2434 1212 2476 observata,

508 2515 516 2537 1
543 2511 578 2537 Ne
598 2512 650 2538 iam
673 2512 789 2539 indicata
809 2513 894 2540 otiose
915 2517 1047 2548 repetam,
1066 2517 1090 2541 te
1106 2514 1212 2541 remitto

472 2556 504 2582 ad
531 2564 578 2587 ea,
608 2564 676 2591 quae
702 2557 791 2583 notavi
819 2557 851 2583 ad
887 2557 984 2584 Urbani
1012 2557 1071 2584 VIII
1100 2558 1211 2585 Constit.

470 2607 579 2634 cccxiii,
600 2605 664 2628 toni.
687 2608 741 2636 xm,
762 2610 825 2636 pag.
847 2602 890 2637 21,
912 2602 959 2629 Ex
978 2603 1120 2631 clementi.

1067 197 1244 222 nunttttnlt'tt
1269 197 1423 221 noitttNmt

1256 245 1373 288 eliget-c
1393 245 1517 284 valeret,
1535 244 1713 278 facultatem
1734 245 1897 278 concessit.
1921 245 1996 279 Cum

1255 303 1357 332 autem
1377 298 1457 330 sicut.
1482 297 1588 330 cadem
1607 297 1760 341 expositio
1778 298 1996 341 subiungebat,

1254 351 1465 384 delinitorium
1488 351 1681 394 praedictum
1706 351 1837 383 subinde
1862 352 1996 395 (attento

1255 405 1337 448 quod
1359 404 1390 436 in
1411 404 1526 437 eisdem
1549 403 1664 437 Urbani
1683 404 1935 448 praedecessoris
1952 404 1998 437 lit-

1255 458 1330 489 teris
1348 467 1495 500 expresse
1515 457 1706 490 declaratum
1728 467 1789 490 non
1816 457 1995 501 reperieba-

1255 516 1305 542 tur
1337 510 1494 553 praelatos
1519 510 1697 543 ordinarios
1723 516 1752 542 et
1784 510 1861 543 alios
1894 521 1993 554 supe-

1256 564 1354 596 riores
1370 563 1548 596 huiusmodi
1564 564 1600 595 ad
1618 574 1714 596 unum
1727 563 1894 598 triennium
1908 564 1997 597 dum-

1255 622 1337 649 taxat
1362 617 1567 658 confirmari,
1593 617 1657 649 sive
1688 617 1726 650 ad
1759 616 1867 650 eadem
1893 617 1996 651 officia

1254 670 1291 702 dc
1312 680 1403 711 novo,
1421 670 1504 703 dicta
1529 670 1712 702 alternativa
1734 680 1796 703 non
1817 670 1995 713 observata,

1254 723 1325 766 eligi
1353 724 1457 767 posse)
1476 724 1603 767 triginta
1623 725 1687 757 scre
1705 734 1858 758 annorum
1884 724 1995 769 spatio,

1254 782 1346 820 prout
1371 777 1489 810 interea
1515 777 1661 821 expedire
1687 778 1787 810 visum
1813 783 1879 819 est,
1904 788 1995 822 prae-

1254 830 1332 863 latos
1358 830 1535 863 ordinarios
1561 836 1589 863 et
1609 831 1686 863 alios
1711 830 1891 874 superiores
1908 841 1996 875 prae-

1252 883 1351 917 dictos
1382 884 1411 915 ln
1446 894 1555 917 corum
1587 883 1697 916 officiis
1731 894 1792 917 non
1830 884 1931 917 solum
1956 884 1994 917 ad

1253 946 1347 969 unum
1374 937 1427 969 sed
1453 937 1600 970 etiamad
1626 937 1717 980 plura
1742 937 1920 971 immediate
1947 948 1995 971 se-

1252 990 1378 1033 quentia
1395 990 1528 1023 triennia
1546 990 1788 1033 confirmaverit,
1807 991 1870 1024 sive
1887 990 1925 1023 ad
1943 990 1994 1024 illa

1250 1043 1287 1076 de
1313 1054 1410 1084 novo,
1437 1044 1544 1077 eadem
1578 1044 1758 1077 alternativa
1787 1044 1914 1078 minime
1938 1044 1994 1078 ob-

1250 1100 1382 1139 serrata,
1404 1098 1551 1140 elegeritg
1570 1108 1652 1131 nunc
1671 1108 1744 1131 vero
1768 1098 1806 1131 de
1831 1097 1994 1132 confirma-

1251 1151 1370 1183 tionum
1393 1156 1422 1184 et
1441 1161 1593 1184 novarum
1609 1151 1798 1184 electionum
1812 1151 1993 1185 huiusmodi

1250 1208 1279 1236 ct
1304 1203 1374 1236 inde
1395 1209 1574 1236 secutorum
1603 1203 1758 1237 validitate
1775 1209 1805 1237 et
1825 1204 1994 1238 subsisten-

1251 1257 1290 1288 tia
1306 1257 1478 1300 plurimum
1493 1257 1666 1297 dubitcttu·;
1681 1263 1708 1290 et
1727 1263 1895 1301 propterea
1910 1258 1990 1291 idern

1249 1310 1401 1343 Antonius
1426 1316 1615 1354 procurator
1636 1311 1792 1353 generalis
1814 1317 1993 1355 opportune

1249 1375 1267 1396 a
1291 1365 1382 1397 nobis
1408 1365 1437 1396 in
1462 1363 1642 1407 praemissis
1666 1364 1823 1408 provideri
1845 1375 1989 1399 summo-

1249 1428 1323 1461 pere
1349 1418 1525 1450 desideret:

1294 1472 1308 1515 g
1334 1472 1363 1504 2.
1389 1472 1462 1512 Nos,
1489 1472 1588 1515 ipsum
1608 1472 1776 1505 Antonium
1803 1472 1992 1516 specialibus

1250 1525 1409 1558 favoribus
1442 1531 1472 1558 et
1507 1525 1616 1568 gratiis
1650 1525 1798 1569 prosequi
1832 1526 1970 1560 volentes
1984 1554 1992 1568 ‚

1250 1588 1372 1611 necnon
1386 1578 1570 1611 eorumdem
1590 1578 1714 1611 Antonii
1730 1584 1759 1611 et
1776 1579 1990 1623 praelatorum

1250 1632 1486 1665 ordinariorum
1507 1632 1706 1675 aliorumque
1725 1632 1925 1676 superiorum
1956 1643 1992 1666 ac

1250 1685 1418 1718 definitorii
1444 1685 1596 1729 praedicti
1616 1685 1793 1727 singulares
1809 1696 1961 1729 personas
1974 1697 1992 1719 a

1249 1738 1991 1784 quibusvisexcommanicationis,suspensionis

1249 1797 1275 1825 ct
1297 1791 1463 1831 interdicti,
1485 1791 1616 1835 aliisque
1635 1792 1855 1826 ecclesiasticis
1872 1798 1992 1826 sentcn-

1249 1846 1308 1888 tiis,
1337 1845 1477 1878 censuris
1498 1851 1524 1877 et
1545 1845 1664 1889 poenis,
1682 1856 1698 1878 a
1714 1845 1781 1878 iure
1798 1846 1844 1878 vel
1870 1846 1909 1879 ab
1934 1846 1991 1881 ho-

1250 1899 1342 1938 mine,
1361 1899 1478 1942 quavis,
1494 1904 1714 1943 praeterquam
1730 1899 1989 1942 praemissorum,

1248 1954 1412 1986 occasione
1438 1953 1484 1985 vel
1511 1955 1604 1985 causa
1629 1953 1709 1993 latis,
1734 1953 1892 1997 siquibus
1916 1964 1991 1997 quo-

1248 2006 1421 2040 modolibet
1438 2006 1601 2039 innodatae
1616 2006 1761 2048 existunt,
1779 2007 1816 2039 ad
1843 2006 1988 2040 effectum

1248 2060 1458 2103 praesentium
1474 2060 1632 2094 dumtaxat
1652 2061 1920 2104 consequendum,
1936 2060 1990 2094 ha-

1249 2123 1317 2144 rum
1348 2112 1429 2145 serie
1455 2112 1653 2145 absolventes
1678 2118 1707 2145 et
1737 2113 1897 2147 absolutas
1922 2114 1988 2147 sore

1248 2170 1424 2206 censentes,
1450 2165 1732 2210 supplicationibus
1760 2166 1832 2200 dicti
1862 2167 1988 2200 Antonii

1248 2219 1465 2263 procuratoris
1481 2219 1636 2262 generalis
1651 2219 1777 2253 nomine
1793 2220 1883 2253 nobis
1892 2231 1988 2265 super

1248 2273 1307 2306 hoc
1325 2272 1489 2305 humiliter
1513 2273 1666 2316 porrectis
1692 2273 1839 2316 inclinati⁷
1865 2273 1985 2307 confir-

1248 2326 1399 2359 mationes
1413 2332 1443 2359 et
1452 2337 1547 2359 novas
1558 2326 1726 2360 electiones
1737 2332 1986 2361 memoratorum

1248 2380 1460 2423 praelatorum
1476 2379 1710 2413 ordinariorum
1723 2385 1752 2412 ct
1766 2380 1899 2413 aliorum
1913 2391 1988 2424 quo-

1247 2442 1382 2476 cumque
1407 2432 1534 2465 nominc
1559 2438 1813 2476 nuncupatorum
1843 2433 1986 2477 superio-

1247 2497 1327 2527 rum,
1341 2496 1403 2520 non
1417 2490 1520 2520 tamen
1535 2487 1788 2530 provincialium,
1802 2487 1902 2521 dictae
1915 2498 1987 2521 con-

1245 2540 1439 2583 gregationis
1453 2540 1599 2584 illiusque
1609 2541 1777 2574 domorum
1791 2541 1871 2573 ultra
1886 2551 1985 2575 unum

1245 2592 1327 2625 aliud
1360 2593 1527 2626 triennium
1559 2594 1732 2637 respective
1761 2604 1777 2625 a
1805 2593 1984 2628 definitorio

2013 196 2062 225 An.
2078 198 2107 226 c.
2128 188 2190 230 isse

2035 1480 2152 1503 concessio.
