2185 3188
35 205 84 233 An.
99 203 126 231 C.
147 202 213 231 1657

63 740 76 752 ⁹
86 739 127 761 Sit.

821 199 1007 223 ALEXANDEH
1031 199 1075 222 vn
1100 200 1147 223 1³12.

228 248 443 293 expulsionem
463 254 493 281 et
516 248 723 281 remotionem
750 247 964 291 expostulave-

226 301 298 341 rint,
323 311 385 345 quo
406 311 477 334 sane
504 300 644 334 remedio
669 300 818 333 utendum
844 299 913 339 erit,
938 299 963 331 si

226 354 296 397 quis
318 353 494 397 praefracte
518 359 548 387 et
573 354 727 387 obstinate
753 354 807 386 bas
838 351 963 395 collegii

225 407 311 450 leges
335 406 502 440 observare
527 407 728 440 recusaverit.

270 469 335 492 vnt.
353 460 420 493 Non
435 460 535 493 solum
551 470 625 493 vero
639 459 756 492 alumni
771 459 828 492 sub
842 458 964 491 abbatis

227 512 393 546 canonicae
418 518 450 545 et
473 513 540 546 eius
561 513 667 546 vicarii
690 512 878 552 obedientia,
896 511 964 544 reli-

226 565 315 608 giosa
339 565 515 598 humilitate
546 566 704 610 animique
734 564 964 606 submissione,

227 618 362 661 degant,
398 618 452 651 sed
483 619 577 652 etiam
613 619 762 652 lectorem
799 618 966 651 observent

228 670 334 714 illique
357 676 498 715 pareant,
522 672 639 705 nedum
665 671 696 704 in
720 671 768 713 iis,
794 681 874 715 quae
905 676 966 704 stu-

226 723 352 757 diorum
385 729 414 757 et
444 724 655 758 obedientiam
681 731 802 769 spectat
815 727 836 766 “,
863 725 916 758 sed
941 725 965 757 si

227 776 302 820 quid
327 777 462 810 maxime
487 778 518 810 in
542 778 649 811 schola
674 778 883 822 peccaverint.

275 840 315 864 tx.
338 831 461 874 Verum,
492 832 564 875 quia
589 833 655 866 sine
679 832 820 877 praemio
846 838 875 865 et
906 843 964 864 au-

229 883 382 917 ctionibus
406 884 449 917 nil
473 885 608 918 arduum
622 891 652 918 et
668 885 867 930 praeclarum
885 885 968 918 iners

228 937 364 970 humana
388 937 540 981 fragilitas
565 943 594 971 et
618 939 802 982 impotentia
827 949 969 982 asseque-

229 996 326 1032 retur,

274 1044 306 1077 1⁰
318 1045 460 1078 Alumnis
474 1045 708 1078 concedendum
722 1050 911 1089 putaverunt
920 1055 970 1089 pa-

230 1102 292 1130 tres
317 1097 548 1141 exemptionem
572 1108 590 1130 a
615 1097 746 1131 duahus¹
767 1098 864 1140 horis,
890 1108 969 1141 quae

231 1151 262 1184 in
286 1151 385 1184 choro
409 1151 576 1193 habentur,
593 1161 708 1195 nempe
725 1151 829 1195 prima
843 1157 873 1184 et
888 1161 969 1184 com—

229 1204 373 1248 pletorio,
395 1205 530 1248 exceptis
556 1205 665 1239 diebus
689 1205 774 1238 sestis
794 1210 824 1238 et
845 1205 969 1248 vigitiis,

229 1257 366 1301 itemque
391 1258 649 1301 quadragesimae
676 1264 835 1302 tempore:

272 1312 305 1345 2⁰
331 1311 391 1345 Pro
415 1312 555 1345 emendis
580 1312 638 1345 sibi
664 1312 849 1346 necessariis
870 1313 970 1354 libris,

231 1366 362 1409 singulis
385 1366 564 1410 quibusque
588 1367 723 1400 alumnis
749 1377 844 1410 supra
869 1372 969 1399 taxam

231 1419 352 1454 solitam
378 1420 515 1452 vestiarii
541 1425 628 1453 scuta
653 1420 714 1453 duo
743 1426 886 1454 monetae
913 1431 967 1454 ro-

232 1483 342 1507 manae
366 1473 586 1507 conferantur:

274 1526 307 1560 3ο
332 1527 369 1559 ili
396 1527 508 1560 ceteris
530 1528 749 1571 praeferantur
768 1528 798 1560 in
827 1528 971 1572 capitulis

231 1580 429 1624 generalibus
451 1580 691 1624 minoribusque
705 1582 840 1614 comitiis
854 1581 890 1614 ad
906 1581 972 1614 thc-

231 1645 279 1668 ses
303 1634 445 1678 publicas
469 1635 686 1668 sustinendas:

275 1688 308 1721 4⁰
332 1689 447 1722 Exacto
479 1689 715 1732 quinquennio,
744 1695 773 1722 et
806 1690 972 1722 licentiatis

233 1746 297 1775 tum
323 1742 458 1775 alumnis
483 1742 580 1786 (quod
606 1753 662 1786 per
687 1742 806 1775 litteras
831 1748 972 1786 patentes

232 1805 288 1840 per
312 1795 456 1828 abbatem
478 1796 658 1838 generalem
676 1800 706 1830 et
724 1796 899 1829 visitatores
914 1796 972 1828 erit

233 1848 474 1892 exequendum),
498 1848 637 1881 lecturae
662 1848 884 1882 canonicarum
903 1859 973 1881 con-

234 1901 405 1943 cedantur,
438 1901 575 1945 itemque
599 1902 638 1934 ad
662 1901 838 1935 animarum
864 1913 972 1935 curam

233 1959 482 1998 praesententur,
503 1954 641 1988 necnon²
659 1965 848 1988 concursum
869 1956 914 1988 vel
935 1955 973 1987 ab

235 2007 302 2051 ipso
322 2007 432 2040 abbate
457 2008 596 2050 generali
615 2009 763 2052 suspendi
779 2015 808 2041 et
827 2009 973 2053 impediri

235 2070 361 2104 quoquo
387 2061 480 2094 modo
506 2062 620 2102 valcat,
651 2062 709 2095 nisi
736 2062 766 2095 in
792 2073 886 2103 casu,
911 2074 973 2106 quo

236 2125 359 2147 morum
385 2114 573 2147 dissonantia
591 2120 620 2148 et
638 2115 785 2149 indecens
805 2117 884 2149 vitae
905 2127 975 2150 con-

237 2168 371 2200 versatio
396 2167 568 2201 obstiterit:

281 2220 312 2253 5⁰
338 2220 512 2262 privilegiis
537 2220 685 2254 omnibus
710 2222 874 2263 lectorum,
896 2233 974 2265 quos

237 2280 406 2318 perpetuos
419 2284 454 2305 ex
470 2275 622 2317 rescripto
648 2276 904 2309 constitutionum
924 2286 975 2308 no-

238 2331 373 2359 strarum
400 2330 519 2365 vocant,
534 2327 576 2359 uti
597 2327 725 2367 valeant,
743 2334 772 2360 et
793 2329 817 2360 si
835 2328 973 2361 eiusdem

239 2380 368 2424 patriae,
383 2380 471 2413 cuius
497 2387 565 2413 sunt
592 2382 707 2414 alumni
734 2382 916 2424 nationales,
935 2382 977 2414 di-

239 2435 340 2477 guttas
364 2434 526 2466 abbatialis
558 2435 734 2474 vacaverit,
767 2435 804 2467 ad
834 2435 975 2468 camdem

240 2487 354 2520 assumi
380 2487 515 2530 eligique
549 2487 699 2527 debeant,
732 2489 755 2520 si
787 2489 815 2520 in
848 2489 976 2532 reliquis

277 2558 290 2584 1
313 2556 381 2583 Edit.
404 2556 481 2583 Main.
503 2557 567 2592 legit
587 2557 695 2584 dnobus
715 2564 752 2592 tn.
773 2563 819 2591 T.).

275 2602 292 2629 2
311 2600 422 2628 Videtur
442 2600 584 2637 legendum
604 2611 653 2630 urs
676 2611 723 2636 iro
742 2610 851 2630 necnon
871 2605 908 2638 (u.
927 2611 974 2637 iu).

997 247 1155 290 requisitis
1180 258 1270 291 pares
1295 249 1407 282 ceteris
1431 255 1538 290 erunt,
1562 249 1618 283 etsi
1644 248 1738 283 modo

997 299 1267 342 quadrigesimum
1293 303 1402 334 aetatis
1427 313 1541 335 annum
1565 302 1737 346 attigerint,

997 358 1027 385 et
1044 363 1168 385 morum
1183 354 1411 398 religiosaeque
1430 356 1596 398 probitatis
1610 366 1737 399 semper

997 406 1141 448 exempla
1165 405 1317 447 dederint,
1343 408 1385 439 uti
1416 408 1485 440 felix
1509 409 1661 441 memoria
1686 409 1740 441 Ur-

997 458 1069 490 bani
1105 459 1169 491 VIII
1203 459 1286 492 circa
1321 460 1454 494 lectores
1486 467 1515 494 et
1547 461 1738 495 novitiorum

999 512 1165 555 magistros
1190 524 1247 557 per
1268 524 1359 546 suum
1383 515 1479 547 Breve
1505 515 1643 548 sancivit.

1042 565 1074 599 6⁶
1100 566 1274 608 Postremo,
1293 573 1400 600 exacto
1418 568 1645 612 quinquennio,
1666 574 1740 601 tem-

998 629 1075 662 pore
1099 624 1280 663 opportuno
1312 620 1428 652 indicet
1459 620 1556 653 abbas
1584 621 1739 663 generalis

999 671 1224 705 substituendis
1244 673 1379 706 alumnis
1406 683 1604 713 concursum,
1630 678 1660 706 et
1686 684 1740 706 eos

1000 726 1124 759 tandem
1142 726 1246 769 eligat,
1268 727 1320 770 qui
1346 727 1517 760 habiliores
1542 727 1572 759 in
1598 727 1740 759 examine

1000 777 1124 811 suerunt
1149 779 1275 822 reperti,
1301 778 1416 822 quibus
1441 777 1566 822 publica
1597 777 1737 820 Congre-

1001 831 1134 874 gationis
1167 843 1239 876 spes
1264 833 1418 866 committi
1447 833 1565 872 valeat,
1594 831 1740 864 omnibus

1001 885 1157 918 humanae
1174 886 1328 929 passionis
1347 886 1491 919 sensibus
1508 885 1637 919 omnino
1655 895 1741 918 com-

1002 939 1127 982 pressis.

1047 993 1061 1035 §
1085 992 1113 1025 2.
1139 993 1215 1026 Cum
1237 998 1351 1033 autem,
1370 992 1450 1025 sicut
1463 991 1571 1025 eadem
1589 991 1742 1035 expositio

1003 1046 1221 1089 subiungebat,
1239 1046 1339 1080 dictus
1354 1046 1542 1078 Prudentius
1560 1045 1741 1089 praemissa,

1003 1110 1062 1143 pro
1086 1099 1220 1133 firmiori
1246 1110 1355 1133 eorum
1382 1099 1582 1132 subsistentia
1607 1104 1636 1131 et
1660 1099 1739 1131 vali-

1003 1152 1108 1193 ditate,
1133 1153 1323 1197 apostolicae
1348 1152 1597 1186 confirmationis
1616 1157 1743 1185 nostrae

1004 1205 1162 1248 praesidio
1187 1205 1404 1239 communire¹
1431 1215 1633 1249 summopere
1660 1204 1743 1237 desi-

1003 1259 1106 1292 deret:
1124 1270 1191 1300 nos,
1210 1259 1312 1303 ipsum
1334 1259 1540 1292 Prudentium
1558 1258 1744 1302 specialibus

1004 1313 1163 1346 favoribus
1188 1317 1217 1347 et
1241 1313 1349 1355 gratiis
1374 1312 1523 1356 prosequi
1549 1312 1697 1354 volenteS,
1716 1315 1745 1345 et

1004 1378 1020 1399 a
1043 1366 1206 1410 quibusvis
1230 1365 1585 1405 excommunicationis,
1615 1375 1745 1409 suspen-

1004 1420 1100 1453 sionis
1126 1425 1155 1454 et
1180 1420 1346 1460 interdicti,
1367 1419 1500 1463 aliisque
1525 1418 1744 1452 ecclesiasticis

1005 1474 1176 1514 sententiis,
1202 1473 1342 1507 censuris
1366 1478 1396 1506 et
1420 1472 1538 1516 poenis,
1564 1483 1580 1504 a
1604 1472 1673 1505 iure
1699 1473 1744 1505 vel

1005 1527 1043 1559 ab
1070 1527 1217 1567 homine,
1242 1527 1350 1570 quavis
1377 1526 1541 1559 occasione
1572 1526 1618 1558 vel
1651 1527 1744 1558 causa

1005 1581 1095 1621 latis,
1127 1581 1151 1613 si
1176 1581 1290 1625 quibus
1315 1579 1554 1624 quomodolibet
1579 1579 1746 1612 innodatus

1006 1634 1117 1673 existit⁷
1138 1634 1174 1667 ad
1190 1634 1335 1667 effectum
1351 1633 1564 1677 praesentium
1586 1632 1745 1666 dumtaxat

1006 1687 1283 1731 consequendum,
1309 1687 1419 1719 liarum
1446 1686 1525 1719 serie
1550 1685 1747 1719 absolventes

1006 1747 1035 1774 et
1055 1741 1232 1774 absolutum
1260 1741 1325 1774 sore
1349 1746 1521 1781 censentes,
1548 1739 1747 1784 supplicatio-

1005 1795 1097 1828 nibus
1122 1795 1188 1828 eius
1214 1795 1341 1828 nomine
1371 1794 1460 1827 nobis
1485 1804 1581 1837 super
1605 1793 1665 1826 hoc
1689 1793 1748 1825 bu-

1007 1848 1123 1881 militer
1160 1848 1315 1892 porrectis
1353 1847 1490 1880 inclinati
1513 1875 1519 1888 ‚
1557 1847 1747 1879 erectionem

1006 1902 1131 1945 collegii
1154 1902 1323 1946 praedicti,
1348 1902 1428 1934 sicut
1447 1900 1677 1945 praemittitur,
1703 1900 1746 1933 sa-

1006 1962 1106 1997 etam,
1148 1956 1277 1999 eiusque
1319 1956 1404 1998 leges
1440 1965 1494 1987 seu
1534 1953 1748 1987 ordinationes

1007 2009 1227 2053 praeinsertas‚
1242 2009 1414 2052 apostolica
1430 2009 1625 2048 auctoritate,
1640 2013 1749 2041 tenore

1006 2063 1230 2107 praesentium,
1241 2063 1467 2095 confirmamus
1481 2067 1510 2094 et
1524 2061 1748 2105 approbamus,

1008 2117 1131 2160 illisque
1158 2116 1344 2149 inviolabilis
1374 2115 1565 2159 apostolicae
1591 2115 1748 2147 firmitatis

1009 2171 1106 2203 robur
1138 2169 1324 2209 atliicimus,
1349 2180 1385 2201 ac
1410 2179 1519 2202 omncs
1550 2175 1580 2201 et
1608 2168 1749 2211 singulos

1009 2223 1084 2255 iuris
1098 2228 1127 2255 et
1142 2222 1212 2255 sacti
1234 2222 1382 2262 defectus,
1400 2222 1424 2254 si
1442 2222 1494 2265 qui
1512 2221 1749 2265 quomodolibet

1009 2275 1232 2309 intervenerint
1258 2275 1288 2307 in
1313 2275 1441 2315 eisdem,
1467 2275 1658 2318 supplemus.

1054 2329 1068 2371 ξ
1084 2328 1114 2360 3.
1140 2328 1349 2361 Decernentes
1363 2328 1487 2361 casdem
1508 2332 1686 2371 praesentes
1704 2328 1748 2361 lit-

1010 2387 1090 2414 teras
1116 2391 1240 2423 semper
1266 2382 1389 2421 firmas,
1416 2381 1530 2413 validas
1555 2386 1585 2412 et
1609 2381 1750 2413 efficaces

1010 2434 1144 2467 existere
1162 2439 1192 2465 ct
1213 2434 1288 2473 sore,
1315 2434 1448 2477 illisque,
1467 2434 1503 2465 ad
1529 2444 1608 2477 quos
1633 2438 1749 2477 spectat

1010 2492 1040 2521 ct
1064 2498 1120 2531 pro
1148 2492 1286 2530 tempore
1312 2487 1476 2529 spectabit,
1492 2486 1671 2529 plenissime
1688 2488 1751 2520 suf-

1050 2606 1055 2630 1
1083 2604 1191 2631 videtui·
1212 2603 1355 2639 legendum
1377 2604 1557 2632 communiri
1576 2612 1614 2639 tu.
1633 2607 1677 2639 Γ).

1639 191 1703 225 ⁶255
1748 202 1799 227 An.
1821 201 1848 226 t:-
1868 200 1934 227 1057

1806 1005 1940 1026 Confirmatio

1757 1033 1870 1054 erectionis
1881 1035 1901 1053 et
1911 1033 1939 1053 Ιε·

1757 1065 1804 1084 gum
1820 1059 1939 1086 praedicta·

1757 1092 1808 1108 retu.

1793 2337 1903 2357 Daci-etum
1922 2342 1947 2356 ir·

1765 2365 1838 2385 rudus.
