2185 3188
21 167 116 203 42,st
138 167 206 195 1656
821 164 1005 191 ALEXANDER
1030 165 1074 190 vn
1094 166 1141 190 pr.
1639 158 1703 191 0243
1750 167 1801 195 An.
1817 167 1845 194 c.
1869 168 1936 197 1656

220 222 443 266 prosequimur
456 222 652 266 opportunis,
668 222 788 266 Exponj
806 222 960 265 siquidem
977 223 979 276 t
995 224 1074 258 pena
1099 218 1266 248 contenuta
1289 215 1363 248 nelli
1390 215 1524 249 suddetti
1550 216 1678 257 decreti,
1699 216 1737 248 ed

219 275 310 309 nobis
334 285 435 319 nuper
460 275 601 308 fecerunt
625 275 729 309 dilecti
747 275 803 308 filii
828 275 960 308 manda--
978 279 980 300 ³·
996 267 1025 300 al
1050 268 1187 311 capitolo
1213 278 1253 309 11⁷
1279 269 1316 301 ed
1342 269 1420 302 altre
1452 269 1490 302 ad
1516 269 1647 303 arbitrio
1671 270 1737 302 del-

221 328 291 361 tal-ii
317 328 423 361 curiae
446 328 591 372 Capitolii
612 329 712 361 almae
731 328 823 362 Urbis
842 329 964 372 praedi-
979 329 980 361 i
997 321 1236 355 l'illustrissimo
1262 322 1369 364 signor
1394 329 1559 363 senatore,
1593 323 1737 356 illustris-

221 385 298 424 ctae,
312 381 421 425 quod
414 382 483 425 ipsi,
500 392 558 425 pro
572 383 658 416 totali
676 382 850 415 litteiaiuni
867 382 981 423 felicis
998 374 1066 407 Siffli
1093 374 1212 418 signori
1239 377 1452 410 conservatori
1478 388 1494 409 e
1520 377 1634 421 priore.

222 434 449 468 recordationis
473 435 559 468 Pauli
578 435 678 479 Papae
700 436 721 468 V
741 434 982 479 praedecesso
1043 428 1119 462 Cum
1137 434 1252 469 autem,
1271 429 1351 463 sicut
1368 431 1475 463 eadem
1495 431 1647 475 expositio
1665 431 1738 463 sub-

222 489 982 533 risnosuisuper10s01m3t10n0uibunalij
979 476 1164 525 iungebat,
1198 483 1383 515 mandataiii
1420 484 1570 527 praedicti
1604 484 1740 528 capitula

221 542 360 575 eiusdem
379 542 470 575 Ulbis,
495 548 710 575 emanaiarum
729 546 758 576 ei
774 542 891 575 dudum
908 553 983 591 pu-
980 535 1062 569 sive
1079 541 1193 569 statuta
1210 536 1391 570 huiusmodi
1417 548 1433 569 a
1455 537 1598 580 pluiibus
1616 543 1739 571 senato-

221 595 408 629 blicatfflum
430 595 624 636 executione
652 595 804 628 nonnulla
829 595 982 640 capitula
980 579 1085 623 ribus
1118 597 1147 623 et
1175 591 1450 625 conselvatoiibus
1475 602 1619 624 camerae
1644 592 1740 635 ipsius

221 649 284 683 sive
309 655 424 682 statuta
457 649 598 683 fecerunt
629 649 744 684 ten01is
769 648 982 692 subsequen-
999 643 1090 676 Uibis
1107 644 1276 687 approbari
1295 650 1324 677 et
1340 644 1739 686 consiiinaiiobtinueiint,

221 703 268 744 tis,
295 703 437 736 videlicet
453 714 458 734 :
980 701 1038 737 {,et
1054 708 1112 740 plo
1127 698 1237 731 maiori
1253 698 1324 731 11101
1328 709 1380 731 11111
1394 698 1582 732 invaliditatc
1597 704 1626 732 et
1643 699 1742 732 subsi-

980 769 981 790 t
999 751 1121 791 stentit,
1135 752 1326 795 apostolicae
1340 751 1590 786 consumationis
1610 753 1743 796 patroci-

186 1988 190 1991 *
223 1996 278 2030 per
302 1986 491 2020 ciaschedun
513 1991 686 2031 sequestro,
709 1987 889 2027 monitorio,
911 1988 965 2020 ini-

223 792 368 837 Capitolo
393 792 430 826 ed
454 792 568 825 mdine
593 792 634 826 da
657 793 832 826 osser'tvarsz
860 793 963 825 invio-

266 845 452 879 labilmente
476 845 562 880 dalla.
585 846 792 878 mandatam
813 845 848 878 ch·
874 846 964 880 Cam-
979 863 981 879 i

263 898 407 942 pidoqlio
433 909 469 931 m
494 909 598 931 esecuz
603 909 674 931 ione
706 898 794 931 della
824 899 964 941 risorma

264 952 300 985 da·
323 951 438 986 Nostro
455 952 592 995 Siynore
608 952 704 996 Papa
720 952 822 985 Pnolo
846 952 871 985 V
888 952 964 984 ulti·
979 971 981 998 ἒ

265 1009 426 1038 momente
453 1008 563 1038 ἕνεκα.

267 1076 325 1109 Per
349 1075 476 1109 ovxiaie
500 1075 520 1108 li
546 1076 634 1109 abusi
657 1076 715 1109 clie
733 1075 963 1119 gwimnaluienie

221 1129 397 1163 sortiscono
423 1135 470 1162 tra
494 1129 514 1162 li
540 1129 726 1162 mandatarii
748 1130 779 1162 di
796 1129 981 1174 Campido-.¹

221 1183 285 1225 glio
310 1193 369 1216 con
393 1183 435 1226 gli
460 1184 575 1227 appalti
612 1184 670 1217 elie
702 1194 844 1226 vengono
877 1184 940 1216 fatti
956 1210 963 1224 ,

220 1246 285 1270 non
317 1236 546 1270 considerando
582 1237 641 1270 alle
678 1237 785 1280 parole
821 1248 963 1281 esprcsse

222 1289 303 1323 nella
319 1289 463 1323 suddetta
479 1290 627 1329 risorma3
645 1295 789 1334 pertanto
810 1290 834 1323 si
854 1290 964 1323 ordina
980 1297 981 1304 ¹

222 1354 238 1375 e
256 1343 409 1377 comanda
426 1354 443 1376 a
461 1344 668 1387 qualsiroglia
688 1344 759 1377 delli
779 1343 852 1377 detti
876 1354 962 1376 man·
979 1364 982 1396 3

221 1397 333 1432 datarii
350 1425 357 1438 ,
382 1398 440 1431 che
470 1397 567 1431 niuno
600 1398 630 1430 di
662 1398 730 1431 loro
756 1397 891 1430 ardisclii
926 1398 982 1430 net

223 1450 362 1495 presumi
398 1452 616 1485 contravenire
646 1462 662 1484 a
695 1451 778 1484 detta
811 1451 939 1484 risorina

222 1505 260 1537 ne
285 1505 349 1537 sare
367 1505 491 1549 appalto
509 1505 539 1537 in
557 1504 767 1548 qualsivoglia
788 1505 893 1545 inodo,
915 1516 963 1537 ma

221 1557 439 1590 dell'esazione
464 1557 521 1591 elie
546 1557 572 1591 si
597 1557 663 1590 sara
687 1556 726 1589 da
751 1557 964 1590 ciascheduno

221 1610 314 1644 d'essi
340 1621 397 1654 per
420 1610 591 1643 l'avvenite
616 1610 696 1643 delle
722 1610 876 1652 citazioni‚
899 1611 965 1644 inti-

223 1664 374 1705 mazioni,
408 1664 579 1704 monitorii,
609 1665 773 1708 sequestri,
804 1664 963 1698 inibizioni

222 1717 259 1751 ed
285 1717 366 1751 altro
390 1722 544 1761 spettante
569 1718 598 1750 al
623 1718 691 1751 loro
716 1718 877 1759 esercizio‚
902 1728 964 1752 non

223 1770 450 1815 trasgredendo
483 1771 559 1815 pero
592 1770 651 1803 alla
678 1770 823 1804 mercede
848 1772 963 1805 consti-

223 1825 321 1860 tuitali
347 1825 377 1857 in
402 1823 484 1859 detta
510 1824 649 1865 risorma,
667 1824 810 1858 debbano
832 1829 963 1859 mettere

223 1879 253 1912 in
279 1889 381 1912 massa
407 1889 511 1913 mezzo
536 1878 665 1912 baiocco
682 1890 739 1923 per
757 1877 981 1913 ciascliedunal

223 1933 373 1967 citazione
398 1933 435 1966 ed
461 1933 682 1974 intimazioue,
708 1933 745 1967 ed
771 1944 811 1966 un
836 1933 965 1967 baiocco

223 2039 353 2080 bizione,
365 2039 562 2082 ostendatur,
578 2039 723 2074 mandato
737 2039 775 2073 cle
789 2040 962 2084 parc-emlo¹

223 2093 411 2135 sententiae,
436 2093 576 2127 adizione
601 2094 762 2136 d'ercdita,
788 2094 921 2128 disdetta
946 2105 964 2127 ο

224 2145 304 2180 altro
328 2151 482 2190 spcttante
500 2147 527 2179 al
546 2147 614 2180 loro
628 2147 742 2188 officio,
768 2148 839 2191 qual
861 2158 963 2180 massa

224 2200 249 2232 si
272 2199 375 2232 debba
407 2199 589 2233 distribuite
615 2204 661 2234 tra
690 2201 774 2242 essi,
800 2212 884 2234 mese
909 2212 965 2244 pcr

225 2263 319 2293 mese,
344 2253 506 2286 conforme
532 2253 559 2285 al
585 2253 711 2286 decreto
738 2254 811 2288 t'atto
835 2253 964 2296 dagl'il·

225 2307 404 2341 lustrissirni
430 2307 549 2349 signori
574 2308 672 2341 nostri
698 2307 889 2341 antecessori
915 2307 963 2340 dcl

224 2370 309 2394 mese
335 2360 365 2393 di
390 2361 561 2394 novembre
587 2361 667 2394 1611
697 2361 734 2393 ed
759 2360 848 2394 alli
832 2373 851 2393 .)
876 2361 905 2393 di
923 2361 965 2394 di-

979 1182 1162 1233 goccasione
1188 1181 1236 1214 vel
1261 1184 1353 1216 causa
1379 1182 1448 1214 latis

980 1249 981 1258 ¹
999 1234 1172 1268 modolibet
1208 1235 1373 1269 innodatae
1398 1235 1554 1276 existunt,

225 2413 351 2447 cembre
367 2413 462 2454 1617,
476 2424 492 2446 e
509 2414 547 2446 da
564 2414 616 2447 noi
632 2413 742 2448 adesso
760 2414 899 2447 conserui
903 2419 981 2455 εἰῑο,
980 2431 981 2451 i

226 2477 241 2500 e
266 2467 349 2502 detto
375 2468 509 2512 capitolo
535 2468 634 2502 debba
655 2479 758 2502 essexe
775 2468 812 2502 da
831 2469 898 2502 loro
920 2480 965 2502 05-

226 2525 347 2555 servato
365 2521 632 2556 inviolabitmente
647 2526 728 2556 sotto
746 2523 774 2555 la
793 2522 981 2556 inedesiina

261 2584 273 2610 1
297 2583 395 2611 Forsan
412 2585 543 2619 parendo
565 2590 603 2619 με.
621 2592 657 2619 T

980 804 1050 837 nio
1064 806 1253 838 communiri
1269 806 1443 849 plurimum
1460 806 1656 846 (lesiderent;
1675 816 1742 847 nos

999 857 1209 892 mandatarios
1227 859 1407 903 praedictos
1425 860 1612 903 specialibus
1634 861 1743 893 favori-

979 933 981 955 ⁴,
998 910 1056 943 bus
1071 917 1100 943 et
1121 912 1231 953 gratiis
1253 913 1400 956 prosequi
1417 913 1565 954 volentes,
1588 918 1742 946 eteorum

998 965 1173 1008 singulares
1206 976 1357 1009 personas
1382 977 1398 998 a
1423 966 1584 1010 quibusvis
1617 977 1743 1000 excom-

980 1020 1235 1067 jmunicationis,
1268 1021 1482 1064 suspensionis
1507 1026 1537 1053 et
1562 1020 1742 1060 interdicti,

997 1074 1130 1117 aliisque
1155 1074 1372 1109 ecclesiasticis
1393 1074 1571 1116 sententiis,
1598 1075 1740 1108 censuris

997 1133 1025 1159 et
1051 1127 1171 1171 poenis,
1196 1137 1212 1159 a
1239 1127 1306 1160 iure
1332 1128 1378 1160 vel
1404 1127 1443 1160 ab
1468 1127 1607 1170 homine,
1633 1127 1742 1171 quavis

1460 1209 1465 1224 ,
1488 1182 1512 1213 si
1538 1181 1652 1224 quibus
1668 1192 1743 1225 quo-

1588 1234 1626 1267 ad
1659 1234 1738 1268 effe-

998 1293 1081 1321 ctum
1108 1288 1319 1332 praesentium
1353 1289 1514 1321 dumtaxat
1546 1298 1742 1332 consequen-

998 1341 1084 1381 dum,
1102 1342 1215 1376 harum
1245 1342 1325 1375 serie
1350 1342 1545 1375 absolventes
1566 1347 1595 1374 et
1620 1341 1742 1374 absolu-

1000 1401 1044 1428 tas
1072 1396 1138 1430 fore
1164 1402 1347 1437 censentes,
1380 1396 1662 1441 supplicationibus
1691 1406 1741 1429 eo-

957 1454 1068 1493 ‚'1·um
1093 1450 1220 1484 nornine
1245 1450 1336 1484 nobis
1368 1461 1463 1495 super
1489 1451 1548 1484 lioc
1580 1450 1743 1483 humiliter

998 1505 1152 1547 porrectis
1178 1504 1336 1547 inclinati,
1369 1510 1484 1538 statuta
1518 1505 1582 1538 sive
1608 1504 1742 1548 capitula

998 1557 1177 1601 praedicta,
1203 1558 1377 1602 apostolica
1401 1558 1608 1598 auctoritate,
1636 1564 1742 1591 tenore

1000 1612 1231 1655 praesentium,
1261 1612 1480 1656 approbamus
1512 1617 1542 1645 et
1572 1611 1742 1645 confirma-

1000 1676 1079 1706 mus,
1105 1665 1228 1709 illisquc
1253 1665 1442 1698 inviolabilis
1468 1666 1659 1709 apostolicae
1687 1665 1741 1698 fir—

1000 1719 1115 1752 initatis
1132 1719 1229 1752 robur
1255 1718 1430 1759 adiicimus,
1452 1730 1487 1753 ac
1505 1730 1615 1753 omnes
1637 1725 1667 1752 et
1684 1719 1742 1752 sin-

998 1773 1089 1815 gulos
1115 1778 1176 1806 tam
1203 1773 1280 1806 iuris
1308 1783 1402 1818 quain
1435 1773 1506 1806 sacti
1532 1773 1692 1814 defectus,
1718 1773 1743 1805 si

998 1827 1051 1870 qui
1079 1826 1318 1871 quomodolibet
1343 1826 1586 1868 intervenerint,
1613 1827 1742 1871 supple-

1000 1891 1078 1913 mus.
1115 1881 1326 1914 Decernentes
1359 1886 1473 1914 statuta
1508 1881 1571 1913 sive
1609 1880 1744 1924 capitula

1000 1934 1159 1978 praedicta
1184 1934 1345 1968 modernis
1370 1939 1399 1967 et
1425 1945 1482 1978 pro
1509 1940 1652 1978 tempore
1677 1934 1742 1967 exi-

999 1988 1151 2021 stentibus
1176 1987 1276 2022 dictae
1302 1987 1408 2021 curiae
1435 1987 1647 2028 mandatariis,
1666 1993 1743 2020 cete-

1000 2041 1105 2085 risque
1121 2041 1159 2074 ad
1183 2052 1263 2085 quos
1279 2046 1407 2086 spectat,
1429 2041 1487 2074 sub
1510 2041 1620 2085 poenis
1646 2041 1675 2073 in
1698 2041 1743 2074 eis

999 2095 1152 2128 contentis
1178 2095 1401 2128 inviolabiliter
1422 2095 1582 2128 observari
1610 2094 1741 2133 debcre;

998 2148 1104 2192 sicque
1122 2159 1179 2192 per
1197 2159 1414 2192 quoscumque
1430 2148 1547 2181 iudices
1565 2148 1742 2181 ordinarios

998 2206 1027 2233 ct
1044 2202 1215 2244 delegatos,
1233 2202 1325 2234 etiam
1343 2212 1508 2235 causarum
1535 2202 1640 2246 palatii
1666 2212 1743 2245 apo-

998 2254 1099 2288 stolici
1124 2255 1283 2290 auditores
1309 2256 1427 2300 ubique
1453 2256 1583 2289 iudicari
1612 2261 1642 2288 ct
1666 2255 1742 2288 desi-

998 2308 1058 2340 niri
1083 2308 1208 2349 debere,
1222 2319 1258 2342 ac
1280 2309 1405 2342 irritum
1434 2315 1464 2342 et
1488 2309 1589 2349 inane,
1608 2309 1631 2341 si
1654 2319 1743 2342 secus

980 2365 981 2391 ἱ
999 2372 1092 2405 supet
1113 2362 1159 2395 liis
1180 2373 1197 2394 a
1217 2373 1386 2406 quoquam,
1407 2363 1545 2406 quavis
1536 2362 1741 2402 auctotitatc‚

999 2416 1131 2449 sciente!
1157 2416 1203 2448 vel
1229 2416 1429 2458 i‹¹1101··antei,
1455 2415 1621 2459 contis-etit
1646 2420 1742 2449 a-ittcn

980 2469 1067 2509 Jatui3
1093 2469 1124 2501 in
1152 2469 1344 2502 contrarium
1379 2469 1562 2503 sicientibus
1594 2480 1655 2503 non
1685 2469 1740 2502 ob-

998 2522 1152 2556 stantibus
1181 2522 1441 2566 quilmscumquc.
1469 2523 1578 2555 Datum
1613 2524 1740 2564 Romte,

998 2576 1080 2619 apud
1106 2576 1134 2608 S
1162 2576 1287 2608 Maiiam
1325 2576 1499 2616 Maior‚em
1533 2577 1588 2609 sub
1621 2578 1738 2610 annulo
