2243 3205
259 240 306 265 An.
324 240 353 266 C.
376 240 440 267 1661
489 232 552 264 650
1043 242 1220 266 BULLAmun
1248 241 1400 266 ROMANUM

457 287 515 320 sub
548 287 664 320 annulo
698 287 886 328 Piscatoris,
911 288 961 321 die
993 298 1034 322 xv
1064 289 1195 322 ianuarii
1231 299 1286 323 seu
1310 289 1489 332 precarium
1515 289 1653 331 concedi,
1678 289 1849 333 apostolica
1882 291 1969 334 prius

458 349 585 379 tiochl,
603 340 803 383 pontificatus
823 340 924 373 nostri
945 351 1026 375 anno
1045 352 1085 374 vt.
1232 352 1293 374 non
1319 341 1484 385 impetrata
1508 342 1671 382 facultate,
1696 342 1753 375 sub
1776 344 1877 386 poena
1900 344 1970 376 nul-

495 401 553 428 Dat.
570 401 613 428 die
631 401 661 428 15
673 401 789 429 ianuarii
806 402 885 436 1661,
901 403 996 437 pontif.
1013 412 1056 430 an.
1073 410 1108 430 vt.
1233 395 1327 427 litatis
1340 400 1569 435 contractuum,
1584 395 1781 438 aliorumque
1794 400 1970 438 gestorum

1234 448 1354 491 excepit
1375 453 1478 481 tamen
1497 448 1535 480 ab
1555 448 1735 481 huiusmodi
1761 448 1972 492 prohibitoria

1235 500 1457 533 constitutione
1489 511 1620 543 census,
1647 501 1765 542 officia,
1789 502 1858 534 loca
1881 511 1973 535 mon-

1237 553 1325 595 tium,
1351 553 1519 586 mulierum
1544 554 1650 595 dotes,
1675 564 1711 587 ac
1735 554 1834 597 ipsam
1859 554 1973 586 almam

1238 605 1352 638 Urbem
1371 608 1433 638 una
1450 617 1520 639 cum
1536 607 1602 639 eius
1619 607 1768 646 circuitu;
1783 607 1875 639 simul
1893 606 1975 640 filios

1239 658 1284 690 vel
1305 658 1457 691 haeredes
1477 659 1709 702 praedictarum
1731 659 1911 699 mulierum,
1931 669 1978 693 so-

1239 711 1304 744 luto
1323 712 1536 752 matrimonio,
1553 712 1723 745 dummodo
1741 712 1837 745 exteri
1851 712 1978 753 fuerint,

1241 763 1338 796 teneri
1365 764 1411 796 vel
1436 764 1515 796 infra
1540 765 1708 797 triennium
1733 765 1792 798 sibi
1817 765 1848 797 in
1869 764 1978 798 eodem

1241 821 1320 848 statu
1345 815 1540 849 domicilium
1566 817 1692 859 eligere,
1717 817 1765 850 vel
1793 816 1875 850 dicta
1898 816 1980 849 bona

1242 868 1272 900 in
1299 868 1377 901 alios
1402 869 1543 911 praefato
1568 869 1667 902 Statui
1693 870 1852 903 subiectos
1877 874 1980 902 trans-

1242 920 1341 960 ferre,
1367 920 1580 962 civilitatibus,
1605 922 1630 954 si
1655 932 1736 965 quae
1769 921 1902 964 fuerint,
1926 921 1980 954 de-

1243 973 1396 1016 rogando,
1423 973 1562 1007 sancivit.

1288 1026 1303 1068 §
1319 1025 1348 1058 Ξ).
1367 1026 1436 1068 Sed,
1454 1037 1492 1059 ne
1505 1027 1669 1060 hominum
1684 1027 1848 1068 calliditas,
1860 1026 1900 1060 ad
1913 1025 1983 1060 suh-
2012 1042 2173 1074 nocfetqmm..

1244 1078 1379 1121 tersugia
1402 1078 1535 1112 nimium
1557 1080 1694 1113 studiose
1718 1079 1875 1124 proclivis,
1893 1072 2071 1123 prae-”¹⁰¹¹¹¹⁸
2086 1069 2129 1091 ⁸¹¹¹

1245 1131 1346 1164 dictae
1371 1131 1446 1164 Sixti
1471 1132 1702 1166 constitutionis
1727 1133 1823 1175 leges,
1847 1141 1904 1165 nee
1920 1132 1986 1175 qui-

1246 1184 1316 1217 dem
1342 1184 1503 1226 indirecte,
1524 1191 1631 1229 posset
1655 1186 1793 1226 eludere,
1818 1185 1915 1218 selicis
1939 1195 1986 1219 re-

1247 1238 1436 1271 cordationis
1449 1239 1590 1272 Clemens
1600 1240 1685 1283 Papa
1702 1239 1776 1281 Vlll,
1791 1239 1886 1272 dubia
1905 1249 1987 1282 quae

1247 1292 1455 1335 imposterum
1492 1293 1576 1325 eirca
1607 1293 1708 1336 ipsam
1746 1293 1823 1326 oriri
1859 1297 1988 1336 possent

1248 1345 1478 1388 explanaturus,
1499 1345 1640 1378 camdem
1661 1345 1914 1379 constitutionem
1939 1345 1988 1378 in-

1249 1399 1383 1439 novavit,
1401 1410 1436 1432 ae
1456 1399 1594 1432 decrevit
1617 1399 1694 1432 nulli
1719 1399 1824 1440 licere,
1847 1404 1988 1443 praeter-

1250 1463 1344 1495 quam
1369 1453 1587 1486 ecclesiasticis
1613 1453 1753 1496 collegiis
1778 1458 1866 1486 extra
1882 1453 1988 1486 Eccle-

1251 1506 1408 1539 siasticum
1430 1506 1549 1539 Statum
1566 1506 1686 1550 positis,
1705 1516 1762 1539 nec
1775 1505 1902 1550 quidem
1924 1506 1990 1539 uni-

1253 1559 1463 1599 versitatibus,
1477 1559 1762 1601 communitatibus,
1776 1570 1812 1593 ac
1828 1559 1989 1604 quibusvis

1253 1612 1367 1645 exteris
1392 1612 1597 1656 principibus,
1620 1613 1742 1645 stabilia
1766 1613 1887 1656 aliaque
1907 1613 1991 1646 hona

1254 1672 1283 1698 et
1308 1666 1376 1698 iura
1400 1677 1479 1710 quae
1503 1677 1561 1710 pro
1581 1667 1745 1700 stabilibus
1766 1667 1921 1700 hahentur
1933 1666 1991 1710 (ci-

1255 1725 1300 1752 tra
1326 1724 1430 1752 tamen
1454 1720 1522 1752 loca
1547 1720 1699 1753 montium
1716 1726 1745 1753 et
1761 1720 1863 1753 officia
1882 1721 1993 1753 Roma-

1254 1784 1311 1806 nae
1336 1773 1465 1816 curiae),
1483 1773 1597 1806 nedum
1615 1773 1646 1806 in
1667 1773 1821 1806 eiusmodi
1843 1774 1992 1807 Ecclesia-

1255 1827 1322 1859 stici
1337 1826 1439 1859 Status
1453 1826 1600 1866 confinio,
1615 1836 1725 1859 verum
1743 1837 1801 1860 nec
1818 1827 1848 1859 in
1859 1827 1992 1870 ipsamet

1255 1880 1338 1913 Urbe
1352 1880 1525 1919 existentia,
1542 1880 1712 1924 possidere,
1731 1880 1823 1913 etiam
1841 1880 1898 1913 sub
1915 1891 1993 1924 quo-

1255 1934 1299 1966 vis
1324 1934 1414 1967 titulo
1446 1939 1475 1966 et
1499 1939 1677 1974 contractu,
1702 1939 1923 1978 praeterquam
1955 1943 1993 1966 ex

1255 1988 1348 2019 causa
1372 1986 1463 2027 dotis,
1487 1996 1608 2019 necnon
1634 1997 1670 2019 ex
1696 1986 1835 2029 qualibet
1863 1986 1993 2030 disposi-

1256 2040 1339 2072 tione
1359 2044 1420 2071 tam
1439 2039 1519 2071 inter
1532 2039 1617 2072 vivos
1631 2050 1725 2082 quam
1743 2050 1778 2072 ex
1793 2039 1993 2081 testamentis,

1256 2092 1418 2133 codicillis,
1433 2092 1552 2135 legatis,
1567 2093 1789 2126 donationibus
1807 2094 1900 2126 causa
1914 2102 1995 2126 mor-

1257 2146 1305 2186 tis,
1317 2149 1346 2179 et
1362 2145 1430 2178 aliis
1441 2145 1633 2189 quibuslibet
1645 2145 1763 2178 ultimis
1774 2145 1994 2186 voluntatibus,

1257 2199 1313 2231 sub
1337 2200 1437 2242 poena
1461 2199 1638 2232 amissionis
1663 2199 1829 2241 bonorum,
1845 2209 1925 2242 quae
1949 2209 1996 2232 ca-

1258 2262 1344 2285 mera
1367 2252 1539 2295 apostolica
1562 2252 1662 2295 possit
1685 2252 1754 2295 ipso
1774 2251 1843 2285 iure
1867 2262 1903 2285 ac
1926 2261 1996 2296 pro-

1258 2305 1327 2349 pria
1352 2305 1536 2338 auctoritate
1560 2305 1736 2345 vindicare,
1761 2315 1796 2337 ae
1825 2315 1919 2348 penes
1943 2315 1996 2345 se,

1258 2357 1359 2391 donec
1384 2357 1443 2391 vita
1473 2357 1575 2389 taliter
1606 2357 1836 2400 disponentium
1862 2357 1995 2390 durave-

1259 2411 1308 2450 rit,
1333 2410 1486 2450 retinere,
1511 2420 1546 2442 ac
1570 2409 1698 2453 insuper
1720 2409 1904 2453 privationis
1927 2409 1995 2443 offi-

1984 245 2033 271 An.
2049 245 2079 273 C.
2096 246 2158 275 ¹661

746 542 914 576 CCCXXIX.

465 620 676 663 Confirmatio
692 625 720 653 et
734 621 912 655 declaratio
937 623 1203 655 constitutionum

509 673 764 716 apostolicarum
783 674 822 707 de
845 685 910 708 non
934 675 1151 708 contrahendo
1169 676 1204 708 in

509 727 650 768 favorem
663 727 842 769 forensium
855 738 952 771 super
964 727 1051 760 bonis
1061 728 1097 761 in
1110 728 1205 762 Statu

510 779 733 813 Ecclesiastico
753 781 1010 814 consistentibus.

661 859 827 886 Alexander
848 859 1015 893 episcopus,

663 910 769 930 servus
785 910 939 930 servorum
954 903 1016 938 Dei,

593 946 630 973 ad
649 949 824 980 perpetuam
844 947 889 974 rei
909 947 1087 975 memoriam.

297 1039 438 1062 prooemium.
515 1015 553 1048 Ut
577 1017 614 1048 ea
637 1017 719 1060 qua}
730 1027 786 1060 par
819 1017 1103 1060 estgsollicitudine
1128 1029 1210 1051 com-

471 1068 567 1101 misso
592 1069 682 1101 nobis
706 1079 723 1101 a
747 1069 851 1102 divina
876 1070 1036 1103 maiestate
1063 1071 1206 1104 subdito-

471 1132 543 1154 rum
566 1122 697 1155 Sanctae
725 1122 812 1155 Sedis
837 1123 984 1166 regimini
1009 1124 1209 1168 respondere,

471 1185 507 1207 ac
532 1174 618 1217 vigili
637 1175 836 1219 providentia
857 1187 967 1210 eorum
992 1178 1116 1210 utilitati
1138 1189 1211 1222 pro-

472 1227 593 1271 spicere
628 1228 809 1270 valeamus,
832 1240 888 1272 ea,
914 1241 993 1273 quae
1026 1241 1043 1263 a
1075 1232 1212 1264 Summis

473 1283 677 1317 Pontificibus
708 1283 1004 1327 praedecessoribus
1032 1286 1148 1319 nostris
1175 1286 1212 1319 de

473 1346 536 1369 non
549 1336 720 1370 alienandis
735 1337 766 1369 in
779 1338 920 1371 forenses
929 1338 1020 1372 bonis
1037 1340 1212 1381 stabilibus,

475 1395 539 1423 tam
560 1390 871 1433 iurisdictionalibus‚
886 1403 978 1437 quam
996 1393 1213 1427 iurisdictione

476 1445 664 1486 carentibus,
683 1445 714 1477 in
733 1448 841 1479 nostra
857 1446 979 1480 Ditione
996 1447 1213 1481 Ecclesiastica

476 1499 549 1531 satis
574 1498 705 1542 provide
725 1500 843 1532 sancita
866 1500 963 1541 suere,
978 1501 1046 1545 pari
1071 1502 1216 1534 constitu-

476 1552 560 1585 tione
585 1553 732 1586 duximus
756 1553 940 1587 innovanda.

327 1623 461 1653 *Decretum
521 1607 536 1650 ξ,
568 1606 596 1639 t.
632 1606 791 1650 Siquidem
826 1608 1011 1641 recolendae
1047 1609 1218 1642 memoriae

279 1650 332 1671 ⁵³¹⁰
347 1650 372 1671 ν’
477 1659 581 1693 Sixtus
611 1660 693 1703 Papa
711 1661 733 1693 V
757 1661 980 1704 praedecessor
1004 1668 1130 1703 noster,
1156 1673 1218 1706 quo

478 1713 620 1747 crebrius
634 1714 829 1747 subditorum
841 1715 1002 1748 facultates
1016 1722 1218 1758 augerentur,

478 1777 514 1799 ac
538 1776 578 1799 ne
602 1767 783 1810 importuno
797 1768 828 1800 in
853 1774 975 1801 exteros
1000 1769 1133 1802 transitu
1151 1780 1219 1803 suo-

479 1830 550 1852 rum
569 1819 740 1853 diminutae
757 1821 946 1855 substantiae
960 1822 990 1854 in
1007 1822 1125 1855 alienae
1143 1833 1220 1855 mes-

480 1873 522 1906 sis
540 1873 687 1906 cederent
707 1874 937 1916 secunditatem,
959 1876 1122 1920 prohibuit
1138 1877 1220 1910 bona

481 1937 698 1970 quaecumque
723 1928 844 1960 stabilia
879 1939 934 1962 seu
965 1930 1139 1963 immobilia
1163 1930 1221 1963 sita

482 1979 513 2012 in
538 1980 624 2013 Statu
649 1981 877 2023 Ecclesiastico,
900 1983 993 2015 etiam
1019 1984 1148 2027 oppida,
1174 1984 1220 2017 iu-

483 2032 690 2074 risdictiones,
716 2035 806 2067 feuda
831 2040 860 2068 et
884 2036 1006 2078 similia,
1033 2047 1050 2068 a
1074 2047 1223 2080 quacum-

483 2097 544 2130 que
568 2089 711 2130 persona,
730 2089 760 2120 in
781 2089 891 2132 quovis
914 2090 1001 2123 Statu
1021 2091 1143 2123 etiamsi
1169 2092 1222 2124 im-

482 2141 616 2184 periali,
642 2141 738 2184 regali
772 2153 808 2175 ae
839 2143 941 2176 ducali
973 2145 1161 2185 constituta,
1187 2155 1222 2178 ao

483 2194 576 2226 etiam
609 2195 819 2229 ecclesiastica
851 2196 1001 2239 dignitate
1033 2203 1063 2230 et
1094 2199 1221 2241 speciali

484 2247 642 2281 mentione
666 2249 801 2281 notanda
826 2249 982 2293 insignita,
1001 2250 1031 2282 in
1052 2251 1223 2294 quamlibet

484 2310 651 2343 personam
670 2306 859 2342 extraneam,
877 2303 1145 2345 communitatem,
1164 2304 1224 2337 eol—

485 2353 601 2395 legium
626 2364 662 2387 ac
687 2354 931 2397 universitatem,
953 2366 1032 2399 quae
1058 2357 1223 2400 temporali

486 2405 572 2439 Sedis
596 2408 793 2451 Apostolicae
817 2409 957 2443 dominio
992 2409 1132 2443 subiecta
1162 2420 1224 2443 non

487 2466 576 2500 esset,
594 2462 748 2495 ullatenus
773 2463 944 2504 transferri,
963 2469 1024 2496 tam
1050 2463 1139 2497 titulo
1157 2475 1225 2496 ven·
1259 2464 1380 2497 ciorum
1405 2469 1515 2496 contra
1546 2463 1630 2506 ipsos
1655 2463 1854 2505 tabelliones,
1880 2463 1932 2506 qui
1957 2462 1996 2495 de

488 2513 624 2554 ditionis,
649 2526 741 2558 quam
766 2517 1023 2559 permutationis,
1050 2517 1225 2551 donationis
1259 2516 1411 2550 eiusmodi
1437 2516 1647 2550 contractibus
1671 2526 1738 2549 sese
1761 2516 1950 2559 rogaverint.

490 2576 526 2598 ac
547 2565 708 2599 locationis
732 2578 827 2611 supra
852 2569 1031 2612 triennium,
1055 2580 1177 2603 necnon
1194 2571 1224 2603 in
1303 2571 1317 2613 ξ
1341 2569 1371 2602 3.
1392 2570 1530 2603 Accessit
1546 2569 1652 2602 itidem
1670 2569 1851 2602 constitutio
1872 2573 1995 2601 sanctae
2010 2570 2124 2621 nimy-V
2139 2575 2185 2592 0⁰¹²·

492 2618 731 2662 emphyteusim,
756 2620 893 2665 l'eudum,
918 2622 1077 2665 livelluin,
1100 2623 1223 2667 pignus,
1259 2623 1430 2656 memoriae
1454 2623 1539 2656 Pauli
1572 2622 1673 2665 Papae
1700 2623 1719 2655 V
1745 2620 1994 2665 praedecessoris
