2243 3205
31 221 77 247 An.
93 219 121 246 C.
141 218 208 246 1660

35 916 140 940 contraria
150 915 212 938 tollit.

820 216 1003 241 ALExANDER
1030 216 1071 239 vlt
1098 216 1144 240 PP.

222 265 327 298 uarios
352 269 381 298 et
405 264 575 309 delegatos,
601 265 692 299 etiam
719 275 884 299 causarum
909 275 962 309 pa-

222 317 286 351 latii
311 318 475 362 apostolici
500 319 670 360 auditores,
695 325 725 352 et
750 324 873 352 sanctae
900 319 962 351 Ro-

224 381 334 404 manae
348 371 504 405 Ecclesiae
518 372 691 405 cardinales
705 373 797 406 etiam
815 372 853 405 de
867 372 963 405 latere

222 424 360 467 legatos,
385 429 415 458 et
439 425 516 458 alios
541 425 696 469 quoslibet
721 426 832 469 quavis
856 430 962 458 aucto-

223 477 315 510 ritate
339 483 368 511 et
391 483 545 522 potestate
568 479 733 522 fungentes
763 485 793 512 et
824 478 963 523 quando-

224 529 403 575 documque
426 531 599 573 suncturos,
613 531 734 564 sublata
749 532 793 565 eis
810 536 839 566 et
854 542 963 565 eorum

225 583 353 617 cuilibet
377 583 486 628 quavis
510 584 599 617 aliter
624 584 782 618 iudicandi
815 590 844 618 et
869 585 965 618 inter-

224 635 368 680 pretandi
390 636 537 669 facultate
561 641 591 669 et
615 637 808 678 auctoritate,
834 637 965 670 iudicari

225 693 256 722 et
275 689 399 722 definiri
416 689 541 731 debere,
566 700 602 723 ac
626 690 751 724 irritum
773 695 802 724 et
820 690 923 732 inane,
941 691 965 724 si

226 752 317 776 secus
340 752 435 787 super
458 743 507 776 his
531 753 548 776 a
573 754 752 787 quoquam,
780 744 888 788 quavis
913 754 967 776 au-

226 795 378 838 ctoritate,
403 796 538 831 scienter
566 798 614 830 vel
639 797 822 841 ignoranter
837 825 844 838 ,
870 797 967 831 conti-

227 849 309 892 gerit
333 850 488 883 attentari.

272 902 287 945 ἓ,
312 901 340 935 5.
372 903 440 936 Non
470 903 665 936 obstantibus
690 903 883 947 praemissis,
909 913 966 943 ac,

227 959 380 1000 quatenus
405 967 485 1000 opus
510 957 558 997 sit,
581 957 690 989 nostra
715 962 744 989 et
762 956 969 989 cancellariae

227 1009 420 1053 apostolieae
444 1010 554 1053 regula
579 1009 617 1042 de
642 1020 704 1043 non
734 1009 871 1043 tollendo
902 1010 970 1042 iure

228 1061 380 1106 quaesito,
404 1062 534 1106 aliisque
552 1062 827 1096 constitutionibus
845 1067 873 1095 et
891 1062 971 1096 ordi-

227 1115 407 1149 nationibus
428 1116 617 1160 apostolicis‚
641 1126 763 1149 necnon
780 1115 880 1148 dictae
898 1116 971 1149 civi-

229 1168 300 1201 tatis
320 1172 350 1203 et
368 1169 436 1202 aliis
461 1169 639 1214 quibusvis,
664 1169 756 1202 etiam
783 1169 970 1210 iuramento,

230 1222 471 1256 confirmatione
490 1223 663 1267 apostolica
682 1223 728 1256 vel
746 1222 855 1266 quavis
872 1222 971 1255 tirmi-

230 1279 292 1308 tate
316 1275 375 1308 alia
392 1275 559 1316 roboratis,
585 1275 706 1310 statutis
723 1280 753 1308 et
773 1275 972 1308 consuetudi-

229 1327 332 1369 nibus,
360 1329 458 1373 stylis,
479 1328 587 1362 usibus
612 1329 706 1362 etiam
733 1328 971 1362 immemorabi-

229 1381 322 1423 libus,
336 1382 509 1428 privilegiis
524 1393 659 1426 quoque,
675 1382 802 1416 indultis
816 1386 845 1416 et
861 1382 972 1415 litteris

231 1435 411 1480 apostolicis
436 1435 536 1469 eidem
571 1435 704 1476 civitati,
737 1435 866 1479 eiusque
891 1445 973 1468 com-

231 1488 375 1524 munitati
402 1492 431 1523 et
454 1488 646 1531 hominibus,
671 1499 706 1522 ac
731 1489 891 1533 prioribus
906 1516 913 1530 ,
938 1499 973 1521 ac

231 1542 476 1586 regulatoribus,
490 1542 596 1575 aliisve
614 1542 818 1586 quibuslibet,
836 1541 894 1575 sub
908 1542 974 1586 qui-

231 1595 339 1629 busvis
363 1596 531 1629 verborum
557 1596 720 1629 tenoribus
746 1601 775 1628 et
800 1595 918 1638 formis,
939 1606 974 1628 ac

234 1660 305 1683 cum
319 1649 480 1694 quibusvis
494 1650 585 1683 etiam
600 1650 872 1693 derogatoriarum
887 1649 976 1683 dero-

233 1703 381 1747 gatoriis,
405 1704 538 1748 aliisque
563 1704 803 1744 efficacioribus,
830 1703 975 1736 efficacis-

234 1757 321 1790 simis
337 1762 366 1791 et
383 1757 515 1791 insolitis
537 1758 693 1799 clausulis,
714 1757 975 1801 irritantibusque

234 1816 264 1845 et
281 1811 349 1845 aliis
373 1811 518 1853 decretis,
544 1812 574 1844 in
598 1822 715 1855 genere
732 1812 778 1844 vel
804 1812 835 1844 in
861 1812 975 1855 specie,

234 1866 326 1898 etiam
354 1871 440 1899 motu
478 1866 571 1899 simili
602 1877 637 1900 ac
662 1866 922 1900 consistorialiter
947 1871 976 1899 et

234 1919 310 1952 alias
339 1919 577 1963 quomodolibet
594 1920 760 1962 concessis,
782 1919 976 1953 confirmatis

236 1977 266 2005 et
289 1972 408 2016 pluries
433 1973 604 2013 innovatis,
630 1973 744 2017 quihus
773 1973 921 2006 omnibus
947 1979 977 2006 et

236 2025 390 2069 singulis,
423 2026 544 2059 etiamsi
579 2037 638 2070 pro
669 2027 835 2060 sufficienti
867 2038 976 2060 eorum

236 2078 442 2122 derogatione
468 2079 505 2112 de
531 2079 591 2112 illis
623 2090 798 2124 eorumque
824 2080 896 2113 totis
932 2086 977 2113 te-

235 2132 368 2166 noribus
392 2133 559 2177 specialis,
585 2133 746 2177 specifica,
777 2144 925 2178 expressa
950 2138 979 2168 et

237 2186 407 2227 individua,
432 2197 467 2219 ac
492 2187 530 2219 de
556 2187 651 2220 verbo
676 2187 712 2220 ad
739 2187 890 2228 verbum,
916 2198 978 2221 non

237 2242 341 2272 autem
367 2249 423 2283 per
448 2240 602 2272 clausulas
630 2240 792 2282 generales
817 2240 898 2273 idem
926 2241 979 2272 im-

236 2296 409 2337 portantes,
421 2293 537 2326 mentio
548 2303 601 2325 seu
612 2293 740 2336 quaevis
754 2293 813 2326 alia
827 2294 979 2337 exquisita

237 2345 339 2379 forma
363 2345 401 2378 ad
426 2346 486 2379 hoc
511 2346 663 2379 servanda
684 2347 772 2387 soret,
794 2347 919 2379 illorum
941 2352 980 2380 te-

238 2410 341 2443 nores,
367 2400 483 2433 sormas
509 2405 538 2432 et
563 2400 743 2433 occasiones
760 2401 978 2444 praesentibus

238 2463 298 2498 pro
324 2453 415 2497 plene
432 2458 461 2487 et
478 2453 668 2486 sufficienter
691 2454 825 2494 insertis,
849 2454 980 2486 servatis

239 2513 270 2541 et
286 2507 443 2552 expressis
461 2508 634 2551 respective
652 2507 810 2548 babentes,
829 2507 889 2540 illis
907 2508 980 2540 alias

239 2561 271 2594 in
295 2571 352 2594 suo
375 2560 490 2594 robore
515 2560 739 2604 permansuris,
768 2560 804 2593 ad
833 2561 982 2604 praemis-

241 2624 346 2647 sorum
373 2613 528 2657 effectum,
554 2614 611 2647 liae
636 2613 701 2646 vice
726 2613 886 2647 dumtaxat
911 2625 980 2658 spc-

997 264 1118 297 cialiter
1143 269 1172 298 et
1204 275 1350 308 expresse
1382 266 1590 308 derogamus,
1615 265 1738 298 ceteris-

997 329 1056 362 que
1075 319 1240 352 contrariis
1257 319 1516 363 quibuscumque.

1041 372 1151 404 Datum
1178 373 1293 405 Romae
1322 373 1405 416 apud
1430 374 1459 407 S.
1489 373 1616 406 Mariam
1642 372 1738 406 Maio-

998 434 1065 457 rem
1102 424 1160 457 sub
1191 425 1306 457 annulo
1337 426 1524 466 Piscatoris,
1556 426 1604 458 die
1634 436 1651 458 v
1682 436 1740 459 no-

998 478 1137 512 vembris
1172 489 1297 522 MDCLX,
1330 479 1530 523 pontificatus
1554 479 1652 512 nostri
1678 489 1735 512 an-

998 543 1038 566 no
1056 543 1097 566 Vl.

1035 595 1093 622 Dat.
1110 595 1153 623 die
1168 595 1185 622 5
1206 595 1361 623 novembris
1384 596 1461 630 1660,
1482 596 1576 631 pontif.
1598 604 1668 623 anno
1683 603 1720 623 v1.

1303 737 1446 772 CCCXIX.

1004 816 1211 859 Confirmatio
1236 815 1460 859 dispositionis
1488 817 1670 849 testamenti
1695 817 1742 850 Io-

1047 869 1144 902 annis
1165 869 1312 903 Pizzulli
1330 869 1367 902 de
1383 870 1509 913 Regina
1533 869 1744 903 Bisinianen-

1048 923 1104 963 sis,
1125 933 1246 956 necnon
1263 924 1497 967 motusproprii
1530 922 1654 956 Urbani
1681 923 1745 955 Pa-

1046 986 1108 1019 pae
1137 975 1221 1009 VIII
1250 987 1310 1019 pro
1346 976 1478 1019 colteyio
1502 977 1644 1019 fratrum
1677 979 1744 1007 stn-

1049 1029 1199 1061 dentium
1230 1029 1263 1062 S.
1296 1029 1468 1062 Francisci
1499 1029 1537 1061 de
1567 1028 1679 1062 Paula
1709 1028 1746 1061 in

1053 1081 1166 1116 Urbe¹.

1199 1162 1368 1189 Alexander
1387 1162 1466 1196 Papa
1485 1163 1547 1195 vll,

1148 1208 1183 1232 ad
1203 1206 1336 1234 futuram
1356 1208 1401 1233 rei
1421 1207 1600 1234 memoriam.

1050 1276 1169 1321 Exponi
1185 1276 1276 1310 nobis
1289 1287 1389 1320 nuper
1407 1277 1547 1310 fecerunt
1565 1276 1668 1309 dilecti
1690 1276 1746 1310 filii

1007 1335 1167 1364 corrector
1196 1335 1225 1363 et
1249 1330 1361 1362 fratres
1386 1330 1510 1373 collegii
1536 1330 1634 1363 sancti
1654 1330 1748 1363 Fran-

1007 1383 1081 1417 cisci
1106 1383 1144 1416 de
1170 1383 1264 1416 Paula
1288 1383 1326 1416 de
1351 1383 1443 1423 Urbe,
1467 1383 1591 1416 Ordinis
1616 1383 1747 1416 fratrum

1008 1437 1147 1470 eiusdem
1163 1437 1260 1470 sancti
1278 1436 1436 1470 Francisci
1454 1436 1655 1470 Minimorum
1673 1446 1749 1469 nun-

1008 1495 1206 1534 cupatorum,
1226 1490 1310 1533 quod
1333 1490 1452 1523 dudum
1477 1490 1635 1534 quondam
1660 1490 1750 1523 loan-

1008 1554 1063 1577 nes
1080 1543 1233 1577 Pizzullus
1252 1543 1281 1575 in
1299 1554 1355 1576 suo
1373 1544 1494 1584 ultimo,
1512 1544 1569 1576 sub
1585 1543 1674 1576 cuius
1688 1543 1750 1577 dis-

1009 1597 1165 1642 positione
1179 1597 1216 1630 ab
1234 1597 1380 1630 humanis
1399 1597 1541 1638 decessit,
1563 1602 1749 1631 testamento

1011 1651 1168 1683 mandavit
1198 1661 1233 1683 ex
1267 1651 1330 1683 suis
1363 1651 1453 1684 bonis
1488 1650 1656 1693 collegium
1682 1651 1746 1683 sra-

1011 1710 1093 1737 trum
1112 1704 1302 1737 studentium
1321 1704 1394 1738 dicti
1409 1704 1544 1744 Ordinis,
1561 1704 1614 1747 qui
1635 1704 1665 1736 in
1680 1714 1751 1748 pro-

1011 1758 1113 1791 vincia
1138 1757 1297 1791 Calabriae
1321 1758 1481 1791 Citerioris
1506 1758 1566 1790 orti
1587 1763 1699 1798 essent,
1720 1758 1750 1792 in

1011 1812 1094 1845 Urbe
1118 1811 1277 1855 praedicta
1303 1811 1403 1854 erigi,
1421 1811 1451 1844 in
1477 1822 1539 1855 quo
1564 1811 1752 1854 consangui-

1011 1866 1060 1898 nei
1086 1864 1221 1897 familiae
1248 1870 1406 1898 maternae
1425 1865 1522 1909 ipsius
1540 1865 1697 1899 testatoris
1714 1865 1752 1898 de

1012 1918 1118 1951 Grillis
1142 1923 1361 1962 nuncupatae,
1394 1929 1494 1962 usque
1529 1917 1566 1950 ad
1604 1923 1751 1962 quartum

1012 1971 1144 2014 gradum
1164 1972 1324 2012 inclusive,
1341 1977 1369 2004 et
1384 1978 1454 2016 post
1467 1972 1525 2005 hos
1539 1972 1599 2005 orti
1621 1972 1651 2004 in
1669 1973 1752 2005 terra

1012 2026 1159 2069 Reginae,
1184 2026 1405 2058 Bisinianensis
1426 2026 1588 2066 dioecesis,
1613 2025 1751 2058 eiusdem

1013 2079 1170 2112 testatoris
1187 2079 1297 2123 patria,
1314 2079 1425 2112 ceteris
1447 2079 1610 2123 praeferri,
1631 2089 1666 2112 ac
1687 2090 1754 2112 suc-

1014 2132 1131 2165 cessive
1155 2132 1217 2164 nati
1245 2133 1273 2165 in
1300 2133 1381 2166 dicta
1407 2132 1571 2176 provincia
1593 2132 1753 2167 Calabriae

1014 2186 1173 2219 Citerioris
1198 2186 1318 2218 admitti
1337 2186 1495 2226 deberent,
1518 2186 1574 2218 sub
1592 2188 1690 2229 poena
1709 2197 1755 2219 ca-

1014 2239 1169 2281 ducitatis,
1194 2246 1221 2272 et
1247 2240 1322 2272 alias
1347 2245 1441 2284 prout
1465 2240 1494 2272 in
1521 2241 1630 2274 eodem
1662 2244 1753 2274 testa-

1015 2298 1119 2326 mento
1145 2293 1273 2326 uberius
1298 2293 1412 2326 dicitur
1437 2293 1599 2326 contineri.

1059 2347 1074 2391 ἓ
1098 2347 1126 2379 l.
1154 2347 1189 2379 Et
1214 2347 1345 2379 subinde
1375 2352 1514 2379 erectum
1542 2347 1598 2379 suit
1623 2347 1753 2390 praedi-

1016 2405 1098 2433 ctum
1125 2400 1292 2444 collegium
1319 2400 1346 2433 S.
1372 2400 1530 2433 Francisci
1556 2400 1593 2433 de
1615 2401 1707 2433 Paula
1725 2400 1755 2433 in

1016 2453 1230 2487 executionem
1267 2459 1489 2498 praenarratae
1524 2454 1755 2498 dispositionis,

1015 2517 1108 2551 quam
1135 2507 1182 2550 (ut
1206 2506 1279 2540 dicti
1305 2513 1496 2552 exponentes
1521 2508 1688 2551 asserunt)
1718 2508 1756 2541 sc-

1788 1289 1875 1310 motiva.

1052 2580 1060 2604 1
1076 2578 1175 2606 Deliae
1188 2587 1215 2605 re
1229 2578 1286 2606 vide
1304 2583 1366 2606 tom.
1380 2585 1435 2613 xm,
1450 2587 1510 2614 pag.
1524 2579 1573 2612 533
1591 2583 1617 2606 et
1631 2582 1696 2606 tom.
1710 2586 1755 2614 xv,

1015 2632 1074 2659 pag.
1092 2624 1121 2649 01
1145 2624 1184 2657 (u.
1205 2624 1252 2657 r.).

1646 207 1705 241 631
1757 216 1844 242 Aac.
1869 216 1934 242 iseo
