2243 3205
295 265 343 291 An.
364 265 389 291 Γ..
416 265 478 292 1657

330 331 342 348 „t
362 336 401 349 m.
414 330 478 349 mm
495 313 601 346 altaris
617 313 790 347 ministerio
805 313 982 348 ministrare
997 315 1126 359 valeant,
1143 316 1234 350 licen-

294 357 477 402 issilJQ¹JQ⁸¹ssl'jfisl
495 366 565 398 tiam
584 371 613 398 et
638 366 813 400 facultatem
832 367 1019 408 concedere3

293 415 310 428 ιιι
330 415 382 429 Γὶιην,

525 256 588 289 308
1069 267 1247 291 numanum

537 419 551 461 g
567 419 593 451 7.
610 419 735 459 Deinde,
748 421 863 452 attenta
876 421 1007 463 penuria
1023 421 1230 462 sacerdotum,
1249 440 1250 450 κ

491 477 622 515 propter
650 483 744 515 quam
774 473 975 506 ecclesiarum
1001 475 1228 518 parochialium

491 525 579 568 regni
594 535 627 557 ae
641 525 770 558 ducatus
785 531 813 558 et
831 527 1063 570 provinciarum
1083 539 1136 561 seu
1150 529 1230 572 pala-

490 578 642 611 tinatuum
665 580 843 613 huiusmodi
875 582 1111 615 necessitatibus
1140 583 1230 615 aliter

490 633 713 674 congruentius
742 633 878 676 prospici
910 645 970 667 non
998 635 1110 678 possit,
1136 640 1167 669 ut
1192 635 1229 668 ad

489 684 683 726 praeffictum
706 685 883 726 triennium,
908 692 937 719 et
954 687 1078 719 interim
1097 688 1228 720 durante

489 738 541 768 tua
567 737 731 780 legatione,
759 739 1011 783 quibuscumque
1035 741 1227 785 presbyteris

488 788 608 822 idoneis
629 796 657 822 et
676 790 712 823 ad
737 792 921 824 exercitium
939 803 1032 825 curae
1051 794 1226 826 animarum

488 843 636 876 canonice
647 845 795 888 approbat
804 846 838 885 is,
848 846 931 888 quod
943 846 1019 878 duas
1032 847 1227 890 parochiales

488 897 644 937 ecclesias,
670 898 782 941 quibus
803 910 858 942 per
896 910 991 931 unum
1018 900 1226 945 eumdemque

485 950 705 995 presbyterum
731 952 796 984 sine
821 962 915 985 curae
940 953 1114 986 animarum
1140 965 1227 998 prae-

486 1002 602 1036 iudicio
634 1003 784 1036 deserviri
814 1006 922 1048 possit,
954 1017 1048 1039 unam
1083 1007 1226 1041 videlicet

486 1055 516 1087 in
538 1056 684 1097 titulum,
710 1063 739 1089 et
764 1058 892 1091 alteram
919 1059 949 1090 in
974 1060 1221 1095 administratio-

484 1119 567 1152 nem,
586 1110 660 1142 alias
681 1111 840 1153 canonice,
859 1111 1010 1153 obtinere,
1024 1118 1054 1145 et
1071 1114 1109 1146 ad
1135 1115 1225 1148 trien-

484 1162 570 1194 nium
587 1169 615 1195 et
634 1163 757 1196 interim
783 1164 915 1198 durante
939 1167 1122 1200 necessitate
1137 1168 1224 1201 dum-

484 1220 566 1247 taxat
579 1216 727 1256 retinere;
742 1227 862 1250 necnon
877 1218 961 1261 quod
975 1219 1164 1263 quicumque
1178 1232 1224 1255 ca-

485 1268 632 1301 thedralis
659 1270 704 1301 vel
731 1270 913 1313 collegiatae
931 1272 1079 1304 ecclesiae
1098 1273 1220 1307 illarum

483 1323 620 1365 partium
646 1324 830 1365 canonieus,
858 1325 903 1357 vel
929 1325 1007 1358 alius
1033 1326 1220 1360 beneficium

482 1376 725 1410 ecclesiasticum
741 1379 937 1421 personalem
958 1380 1158 1413 residentiam
1178 1392 1222 1413 re-

482 1429 611 1471 quirens
637 1432 712 1473 (uon
744 1437 847 1464 tamen
876 1434 1032 1476 curatum)
1065 1434 1220 1476 obtinens,

481 1483 533 1525 qui
555 1483 593 1517 sit
610 1484 750 1524 idoneus,
765 1490 803 1525 et,
821 1490 850 1517 ut
870 1486 1075 1529 praemissum
1094 1493 1150 1529 est,
1170 1498 1221 1531 ap-

481 1536 641 1578 probatus,
655 1537 683 1569 iu
698 1537 984 1572 administratorem
1000 1551 1093 1573 curae
1106 1542 1221 1574 anima-

481 1600 550 1622 rum
562 1590 653 1622 unius
670 1592 859 1634 parochialis
873 1593 1022 1626 ecclesiae
1037 1595 1219 1628 earumdem

480 1643 618 1685 partium
644 1644 681 1675 ad
704 1643 871 1677 triennium
898 1651 927 1678 et.
944 1646 1069 1680 interim
1087 1647 1219 1681 durante

480 1697 662 1730 necessitate
688 1698 831 1742 deputari
856 1700 963 1742 possit,
990 1701 1030 1733 ita
1057 1707 1159 1735 tamen
1187 1708 1220 1735 ut

479 1750 562 1793 apud
594 1751 804 1794 parochialem
844 1753 1005 1786 ecelesiam
1039 1755 1219 1788 huiusmodi

479 1804 618 1837 residere
637 1809 788 1845 teneatur,
803 1809 831 1838 et
857 1806 980 1839 interim
995 1808 1099 1840 onmia
1113 1813 1143 1841 et
1160 1808 1220 1841 sin-

479 1858 551 1900 gula
576 1869 705 1891 suorum
731 1860 931 1894 canonicatus
957 1865 986 1895 et
1020 1862 1218 1905 praebendae

478 1921 532 1944 seu
558 1912 702 1945 beneficii
728 1913 857 1954 fructus,
875 1914 1014 1947 redditus
1034 1920 1064 1947 et
1083 1925 1214 1959 proven-

479 1970 538 2004 tus,
556 1965 624 1998 iura
642 1971 671 1999 et
688 1967 908 2007 emolumenta,
928 1978 964 2000 ac
981 1968 1218 2002 distributiones

478 2018 652 2053 ordinarias
677 2025 705 2052 et
730 2021 1003 2063 extraordinarias,
1026 2022 1117 2055 etiam
1144 2034 1217 2066 quo-

478 2072 620 2113 tidianas,
638 2079 668 2106 et
687 2074 826 2117 quotidie
853 2074 1039 2109 manualiter
1057 2075 1123 2107 dari
1149 2076 1217 2108 soli-

478 2130 533 2166 tas,
544 2136 614 2158 cum
630 2129 665 2159 eat
680 2127 857 2169 integritate
871 2128 1034 2171 percipere
1049 2134 1078 2160 et
1091 2128 1216 2171 exigere

476 2180 584 2222 possit,
606 2190 675 2213 cum
702 2191 761 2223 qua
787 2181 838 2213 illa
862 2181 1039 2224 perciperet
1063 2187 1092 2214 et
1117 2182 1217 2225 exige-

476 2239 544 2273 ret,
569 2233 594 2266 si
619 2243 714 2276 penes
739 2234 924 2276 eeclesiam,
952 2234 982 2266 in
1007 2246 1067 2277 qua
1093 2236 1215 2268 canoni-

476 2291 578 2319 catum
597 2291 626 2319 et
650 2287 861 2330 praebendam
881 2288 927 2320 vel
947 2287 1134 2321 beneficium
1164 2289 1215 2322 ob-

475 2339 562 2380 tinet,
587 2340 758 2381 resideret,
784 2351 819 2373 ac
844 2341 874 2372 in
907 2341 943 2373 ea
968 2340 1079 2374 divinis
1104 2342 1215 2375 officiis

475 2393 636 2426 nocturnis
656 2398 686 2426 et
707 2385 832 2426 ‘diurnis
849 2394 978 2437 aliisque
1003 2394 1213 2428 functionibus

475 2446 598 2479 assidue
629 2446 812 2489 interesset,
842 2447 969 2490 proviso
995 2452 1097 2480 tamen
1130 2448 1212 2492 quod

474 2505 603 2542 propter
641 2500 707 2532 eius
742 2500 913 2533 absentiam
951 2501 1150 2534 canonicatus
1185 2505 1214 2533 et

473 2552 650 2595 praebenda
664 2553 710 2585 vel
731 2552 917 2587 beneficium
935 2554 1114 2588 huiusmodi
1132 2553 1213 2587 debi-

474 2606 512 2639 tis
534 2616 596 2639 non
615 2607 797 2641 fraudentur
815 2607 982 2652 obsequiis,
1001 2609 1053 2642 sed
1074 2609 1210 2651 illorum,

474 2666 622 2703 quantum
650 2661 716 2692 lieri
737 2662 861 2704 poterit,
877 2671 1016 2704 congrue
1033 2672 1208 2705 supponen-

1270 267 1423 291 nonarum

1268 321 1318 348 tur
1351 326 1447 349 onera
1478 320 1641 356 consueta;
1667 315 1705 348 ad
1740 316 1816 349 haee
1844 316 2003 361 praedicto

1267 368 1411 408 triennio,
1429 374 1454 401 et
1476 369 1598 401 interim
1617 370 1669 401 tua
1689 369 1844 411 legatione
1861 369 2002 411 durante,

1265 422 1347 465 quod
1373 421 1508 454 cuiusvis
1534 421 1627 454 etiam
1653 421 1892 455 Mendicantium
1918 422 2005 455 Ordi-

1263 475 1311 507 nis
1345 475 1505 518 regulares
1530 475 1642 516 idonei,
1668 478 1697 509 et
1726 481 1757 508 ut
1792 475 2004 518 praemittitur

1264 528 1447 571 approbati,
1479 528 1516 561 de
1545 527 1718 561 Ordinarii¹
1744 528 1803 561 loci
1833 539 1868 561 ac
1893 539 2001 562 eorum

1263 582 1462 625 superiorum
1480 582 1672 625 regularium
1692 592 1844 616 consensu
1861 585 1890 616 et
1906 581 2004 615 licen-

1264 634 1320 675 tia,
1345 646 1403 678 pro
1427 635 1696 668 administratione
1720 635 1923 668 ecclesiarum
1948 645 2003 679 pa·

1262 688 1447 721 rochialium
1462 689 1597 732 partium
1615 688 1847 732 praedictarum
1866 692 1895 722 et
1908 699 2002 722 curae

1262 741 1436 774 animarum
1462 741 1523 774 illis
1548 742 1811 785 incumbentium,
1838 742 1875 775 ad
1900 743 1998 775 trien-

1261 794 1347 827 nium
1370 800 1399 827 et
1419 795 1543 828 iuterim
1562 795 1694 828 durante
1713 796 1897 829 necessitate
1913 795 2001 828 dum-

1262 852 1353 888 taxat,
1379 848 1520 892 deputari
1547 849 1677 891 valeant,
1703 851 1739 882 ea
1762 849 1831 892 lege
1856 849 1950 892 quod,
1975 849 2000 881 si

1260 900 1327 933 fieri
1353 902 1487 944 poterit,
1514 901 1570 935 soli
1596 912 1657 934 non
1683 907 1888 945 permaneant
1914 907 1999 934 extra

1260 954 1395 987 claustra
1419 965 1547 988 suorum
1574 955 1848 995 monasteriorum,
1866 956 1930 987 sive
1948 955 2000 988 do-

1260 1018 1384 1041 morum
1411 1009 1619 1051 regularium,
1645 1009 1699 1041 sed
1723 1009 1831 1042 saltem
1857 1019 1929 1041 cum
1955 1009 1999 1041 al-

1261 1066 1325 1095 tero
1351 1062 1436 1095 socio
1458 1062 1596 1095 eiusdem
1623 1062 1748 1095 Ordinis
1774 1067 1803 1094 et
1828 1066 1998 1095 conventus

1258 1115 1296 1147 ab
1314 1115 1423 1148 iisdem
1442 1115 1609 1148 Ordinario
1627 1120 1656 1148 et
1678 1115 1839 1159 superiore
1860 1115 1998 1158 regulari

1257 1169 1471 1212 approbando,
1485 1169 1657 1202 concedere
1675 1175 1705 1201 et
1723 1168 1884 1212 indulgere
1901 1168 2000 1212 possit

1258 1222 1363 1254 itidem
1382 1228 1411 1254 et
1436 1223 1555 1262 valeas3

1301 1276 1315 1318 ξ
1340 1274 1367 1307 8.
1395 1276 1569 1317 Praeterea,
1594 1282 1627 1309 ut
1652 1276 1689 1309 ad
1715 1275 1796 1309 idem
1815 1275 1996 1318 triennium,

2012 269 2060 295 An.
2081 269 2110 297 C.
2132 267 2194 302 ¹65³]
2234 257 2239 289 i

2040 1284 2141 1307 Moniates
2158 1291 2190 1308 οι·
2217 1301 2219 1306 .

2013 1313 2044 1332 tra
2055 1313 2138 1338 propria
2148 1318 2189 1335 no-
2216 1323 2218 1333 v
2228 1325 2243 1343 μ

1256 1333 1285 1360 et
1300 1328 1422 1361 interim
1440 1329 1570 1361 durante
1589 1331 1641 1362 tua
1658 1329 1823 1371 legatione,
1835 1339 1998 1372 quascum-
2012 1338 2104 1359 nasteria
2118 1339 2156 1366 dog
2181 1350 2188 1356 -
2215 1341 2243 1379 tt.

1256 1392 1315 1424 que
1335 1382 1484 1414 moniales
1505 1388 1592 1414 extra
1610 1382 1739 1426 propria
1760 1382 1947 1415 monasteria
1968 1386 1998 1415 et

1256 1434 1390 1466 claustra
1416 1434 1565 1477 degentes
1591 1445 1644 1468 seu
1665 1440 1812 1478 vagantes
1836 1435 1995 1477 colligere,

1255 1497 1368 1531 easque
1399 1494 1427 1519 et
1461 1488 1571 1521 invitas
1603 1494 1631 1521 et
1661 1489 1848 1521 reluctantes
1873 1498 1992 1532 oppor-

1256 1540 1337 1573 tunis
1363 1541 1439 1572 iuris
1471 1546 1501 1573 et
1534 1541 1602 1573 sacti
1627 1541 1797 1581 remediis,
1823 1541 1914 1574 etiam
1939 1551 1996 1585 per

1255 1604 1402 1626 censuras
1421 1594 1656 1635 ecclesiasticas,
1672 1604 1707 1627 ac
1727 1595 1880 1637 invocato,
1898 1594 1922 1627 si
1934 1594 1995 1627 fue-

1254 1646 1295 1678 rit
1318 1657 1454 1687 necesse,
1480 1647 1594 1680 auxilio
1619 1647 1738 1680 brachii
1768 1647 1935 1688 secularis,
1956 1647 1994 1679 ad

1254 1699 1452 1733 clausuram‘2
1469 1711 1486 1732 a
1503 1706 1531 1733 te
1548 1701 1597 1733 vel
1615 1700 1653 1733 ab
1674 1700 1741 1733 aliis
1765 1711 1821 1745 per
1846 1706 1874 1734 te
1896 1700 1993 1744 depu-

1254 1753 1354 1787 tandis
1375 1754 1594 1797 assignandam
1615 1764 1764 1787 revocare
1781 1759 1811 1788 et
1827 1754 1992 1796 deducere,

1254 1811 1305 1840 aut
1330 1807 1358 1839 iu
1384 1808 1444 1840 alio
1469 1808 1650 1841 monialium
1677 1807 1814 1841 eiusdem
1844 1818 1898 1841 seu
1923 1808 1994 1841 alte-

1255 1861 1318 1893 rius
1350 1860 1474 1894 Ordinis
1508 1865 1537 1895 et
1570 1861 1703 1895 instituti
1729 1862 1930 1903 monasterio,
1955 1861 1992 1894 de

1253 1924 1407 1947 consensu
1433 1920 1536 1948 tamen
1562 1915 1775 1959 professarum
1801 1915 1832 1947 in
1857 1915 1910 1948 illo
1938 1925 1994 1948 seu

1253 1967 1381 2000 maioris
1407 1968 1505 2011 partis
1530 1978 1637 2001 earum
1664 1967 1877 2011 capitulariter
1901 1978 1991 2011 prae—

1252 2020 1371 2060 stando,
1396 2021 1444 2053 vel
1471 2020 1501 2053 in
1526 2020 1586 2053 alia
1612 2020 1716 2060 domo,
1739 2026 1791 2053 aut
1821 2021 1890 2054 loeo
1921 2030 1993 2054 con-

1251 2083 1331 2116 gruo
1350 2079 1378 2106 et
1400 2074 1544 2115 honesto,
1559 2085 1616 2118 per
1630 2078 1658 2108 te
1676 2084 1730 2107 seu
1755 2074 1832 2107 alios
1856 2084 1872 2106 a
1897 2079 1926 2106 te
1943 2074 1992 2107 de-

1250 2127 1403 2170 putandos
1418 2127 1573 2169 eligendo,
1589 2128 1744 2161 collocare
1758 2127 1869 2168 valeas,
1885 2127 1914 2159 in
1928 2137 1991 2171 quo

1250 2180 1375 2223 quidem
1402 2181 1602 2221 monasterio,
1629 2192 1682 2213 seu
1708 2181 1801 2213 domo
1817 2207 1824 2221 ,
1849 2181 1897 2213 vel
1921 2181 1991 2213 loco

1251 2233 1401 2266 moniales
1426 2234 1617 2274 huiusmodi,
1639 2234 1758 2266 etiamsi
1785 2234 1859 2267 inibi
1883 2234 1991 2277 plures

1249 2286 1445 2320 diversorum
1465 2288 1615 2320 Ordimuu
1642 2292 1670 2322 et
1694 2288 1906 2321 institutorum
1928 2298 1991 2322 mo-

1248 2339 1345 2372 niales
1370 2340 1461 2372 simul
1488 2341 1677 2374 commorari
1704 2351 1830 2374 necesse
1855 2341 1904 2382 sit,
1920 2351 1990 2386 per-

1249 2402 1385 2434 manere,
1412 2398 1441 2426 et
1465 2394 1642 2426 clausuram
1664 2394 1785 2437 aliaque
1811 2405 1827 2427 a
1853 2399 1881 2428 te
1901 2404 1990 2438 prae-

1247 2446 1411 2479 scribenda
1436 2457 1561 2480 servare
1588 2453 1761 2488 teneantur,
1780 2447 1877 2481 donec
1898 2446 1989 2480 aliter

1247 2500 1406 2542 provisum
1432 2501 1546 2541 suerit3

2013 1367 2042 1386 tes
2059 1365 2176 1392 colligendi.
2238 1376 2243 1394 q

1290 2555 1304 2597 ἓ
1329 2554 1357 2587 9.
1384 2554 1523 2598 Insuper,
1549 2559 1581 2587 ut
1605 2554 1642 2587 ad
1667 2554 1862 2598 praedictum
1888 2554 1984 2588 trien·
2000 2558 2186 2610 00]ῒῇξὲωῶξὲ-

1284 2630 1292 2653 1
1316 2625 1381 2652 Male
1401 2626 1464 2652 edit.
1487 2626 1564 2653 illaiu.
1586 2625 1648 2660 legit
1670 2625 1841 2653 ordinariis
1860 2627 1897 2659 (fl.
1919 2629 1965 2659 's.).

1280 2669 1295 2696 Ξ
1312 2669 1376 2696 Male
1393 2669 1457 2697 edit.
1473 2670 1551 2696 Maiu.
1569 2670 1632 2704 legit
1648 2671 1783 2697 clausura
1802 2670 1840 2704 (n.
1857 2670 1905 2703 r).
