2243 3205
33 145 81 172 An.
103 143 131 170 tt.
155 142 220 169 1659

98 1585 215 1607 Alexander

33 1618 87 1634 nunc
108 1613 216 1643 'providet

34 1645 161 1666 praemissis,

818 123 1001 160 Atizxmmzn
1027 134 1069 157 vn
1095 134 1142 157 rr.

226 189 345 222 buisvis
380 187 522 232 personis
546 186 702 220 conficere
728 185 878 219 auderent
911 194 965 216 seu

226 247 481 286 praesumerent,
507 240 560 273 sed
596 240 777 273 bononenos
807 249 842 271 ex
876 236 984 269 dictis*

227 295 426 329 citationibus
451 300 480 326 et
505 293 754 338 expeditionibus
781 291 966 336 provenien-

228 357 272 383 tes
290 350 320 382 in
341 360 438 382 unum
464 359 521 392 pro
546 348 628 381 dicta
651 348 752 380 massa
771 344 966 378 conficienda

227 413 399 446 congerere
420 402 458 435 ad
476 402 621 434 effectum
640 400 778 434 solvendi
810 396 843 432 ut
872 409 967 442 supra

227 461 426 495 tenerentur;
443 466 539 499 super
564 465 625 498 qna
644 455 746 486 massa
768 457 797 487 et
814 453 896 485 illius
918 463 968 485 au-

228 515 332 542 mento
358 514 431 541 tune
456 508 612 551 assignato
641 517 787 551 expresse
818 507 915 539 voluit
939 511 968 539 et

227 563 403 602 ordinavit,
433 573 471 595 ne
496 562 534 594 de
566 567 670 595 cetero
694 561 853 605 perpetuis
879 560 964 593 sutu-

227 616 270 648 ris
306 615 500 658 temporibus
537 620 665 658 possent
702 614 819 647 domini
856 614 964 647 titulo-

227 679 297 701 rum
316 668 456 712 ipsorum
482 668 657 700 officiorum
679 672 899 700 cursoratuum
918 666 969 699 ali-

227 732 320 765 quam
357 727 456 754 ratam
485 721 696 765 participare,
727 732 784 754 nec
815 721 852 753 ad
888 720 964 753 effe-

227 781 311 808 ctum
340 775 580 818 quomodolibet
610 775 816 818 participandi
842 774 968 818 aliquod

227 832 354 872 pactum
388 829 433 860 vel
466 828 708 871 promissionem
746 838 816 860 cum
851 828 966 860 eisdem

227 882 410 915 cursoribus
443 882 544 914 facere
571 881 616 914 vel
643 881 740 921 inire3
763 881 807 923 ,ad
833 893 966 925 quorum

227 935 368 968 omnium
387 935 636 968 observationem
656 934 752 967 voluit
766 940 798 967 ut
817 940 889 968 tune
906 945 969 968 om-

227 1000 282 1034 nes
307 990 472 1023 existentes
497 1000 643 1022 cursores
668 1000 735 1022 sese
761 989 790 1021 in
821 989 967 1033 ampliori

228 1053 371 1076 camerae
403 1043 594 1087 apostolicae
625 1046 655 1076 et
686 1053 883 1086 quacumque
908 1043 967 1075 alia

228 1096 305 1129 iuris
331 1096 431 1129 valida
464 1097 582 1135 forma,
607 1095 798 1139 quicumque
831 1106 906 1128 vero
931 1095 969 1128 dc

228 1149 345 1181 eisdem
364 1159 529 1182 cursorum
547 1149 658 1182 officiis
676 1148 704 1180 in
723 1154 883 1192 posterum
899 1159 969 1192 pro-

227 1203 387 1235 videretur
421 1202 650 1246 anteqnamad
676 1202 758 1235 illius
783 1202 967 1235 exercitium

228 1255 447 1290 admitteretur
472 1261 500 1288 et
526 1256 738 1300 reciperetur,
771 1266 803 1288 se
828 1255 968 1298 obligare

228 1303 420 1349 tenerentur,
438 1314 467 1342 et
484 1309 559 1342 alias
584 1314 678 1352 prout
703 1309 732 1341 in
759 1309 855 1352 ipsius
880 1319 968 1352 prae-

228 1363 403 1397 decessoris
427 1363 539 1396 litteris
569 1363 599 1395 in
631 1363 731 1396 forma
756 1363 883 1403 Brevis,
912 1363 969 1395 sub

228 1417 334 1450 datum
349 1426 359 1450 1
376 1417 515 1450 octobris
532 1426 661 1457 nncxn',
676 1416 874 1460 pontificatus
892 1416 970 1449 eius-

229 1470 301 1503 dem
327 1470 581 1514 praedecessoris
598 1480 680 1503 anno
698 1480 727 1510 x,
748 1470 870 1514 plenius
896 1480 970 1503 con-

230 1523 353 1557 tinetur.

275 1577 290 1619 §
313 1576 342 1608 2.
368 1576 444 1610 Cum
470 1581 585 1616 autem,
603 1576 683 1608 sicut
703 1576 793 1609 nobis
818 1586 879 1609 non
905 1576 971 1609 sine

230 1629 326 1662 animi
340 1629 438 1662 nostri
456 1629 598 1662 molestia
614 1639 715 1672 nuper
730 1629 873 1669 innotuit,
886 1639 972 1673 prae-

231 1682 306 1715 dicti
323 1682 472 1724 redditus,
487 1693 543 1726 per
560 1682 677 1715 dictum
695 1682 971 1726 praedecessorem

231 1736 411 1770 huiusmodi
437 1747 557 1769 massae
581 1736 625 1769 sic
650 1736 808 1779 assignati,
835 1747 897 1769 non
923 1747 972 1769 so—

231 1789 295 1822 lum
320 1789 456 1822 fideliter
480 1800 543 1822 non
570 1790 799 1833 persolvantur,
818 1789 871 1822 sed
901 1790 971 1833 plu-

231 1854 282 1876 res
301 1843 426 1876 fraudes
443 1844 474 1876 in
499 1854 608 1876 eorum
632 1843 841 1876 solutionibus
855 1843 894 1875 ab
912 1843 971 1875 eis-

231 1896 301 1930 dem
327 1897 508 1930 cursoribus
526 1897 762 1930 committantur
780 1897 811 1929 in
831 1897 971 1929 eiusdem

231 1961 362 1993 massae,
376 1961 519 1984 camerae
537 1955 662 1985 nostrae
676 1951 877 1994 apostolicae,
892 1960 972 1994 quae

231 2005 372 2038 solvendi
393 2005 624 2047 assignamenta
638 2004 728 2037 dictis
743 2005 893 2037 militibus
911 2004 973 2037 Piis

230 2068 351 2092 necnon
369 2058 580 2102 depositariae
598 2058 736 2091 eiusdem
758 2068 900 2091 camerae
914 2068 972 2102 pro

232 2112 322 2146 dictis
347 2113 423 2145 locis
450 2113 602 2146 montium
624 2112 711 2145 Pacis
736 2112 913 2156 suppressis
943 2116 973 2145 et

232 2167 300 2200 aliis
318 2167 442 2200 illorum
458 2167 527 2200 loco
541 2166 652 2200 erectis
669 2177 747 2199 onus
763 2166 791 2198 in
806 2177 838 2199 se
856 2177 974 2199 assum-

233 2221 305 2264 psit,
330 2226 360 2253 ct
384 2221 529 2261 aliorum,
554 2220 606 2263 qui
641 2220 778 2253 officium
804 2230 971 2252 cursorum

232 2273 412 2307 huiusmodi
439 2273 476 2306 dc
503 2273 566 2306 suis
591 2272 727 2316 propriis
754 2273 894 2316 pecuniis
915 2273 973 2305 sub

233 2327 360 2360 illorum
380 2327 457 2360 vitae
483 2326 623 2370 periculo
648 2331 802 2365 emerunt,
823 2326 971 2358 damnum

233 2387 263 2414 et
287 2380 526 2425 praeiudicium,
551 2380 664 2424 quibus
690 2384 719 2413 et
742 2379 810 2412 aliis
836 2380 972 2412 nonnul-

233 2434 271 2468 lis
296 2435 390 2467 etiam
417 2435 445 2467 in
470 2434 561 2467 dictis
587 2434 696 2466 litteris
721 2433 972 2477 praedecessoris

233 2489 332 2522 nostri
357 2488 521 2528 contentis,
539 2498 629 2532 quae,
646 2493 680 2520 nt
704 2487 896 2531 experientia
916 2487 972 2520 do—

235 2544 307 2587 cuit,
325 2548 378 2576 aut
402 2543 487 2576 nullo
513 2542 606 2575 modo
627 2546 678 2574 aut
707 2541 888 2575 difficillime
910 2553 972 2575 scr-

1636 120 1693 153 501

999 182 1063 214 vari
1088 186 1238 226 possunt,
1266 180 1433 224 providere
1463 180 1599 213 volentes
1614 206 1621 219 ,
1642 187 1738 221 nego-

1000 235 1078 268 tium
1103 234 1285 268 huiusmodi
1310 233 1467 267 nonnullis
1488 233 1516 266 S.
1534 233 1568 266 R.
1587 232 1618 265 Ε.
1638 230 1739 265 cardi-

1000 289 1133 331 nalibus,
1163 299 1197 322 ac
1223 289 1380 321 Romanae
1406 288 1511 320 curiae
1535 285 1693 331 praelatiS,
1711 289 1741 317 et

1000 343 1068 376 aliis
1087 342 1197 386 probis
1212 341 1286 373 viris
1304 341 1533 380 commisimus,
1547 340 1600 384 qui
1615 338 1739 382 saepius

1001 396 1194 439 congregati,
1211 406 1246 428 ac
1270 394 1412 438 partibus
1436 393 1558 434 auditis,
1576 392 1740 435 negotium

1001 450 1181 484 huiusmodi
1208 455 1331 482 mature
1351 448 1560 481 examinatum
1580 451 1608 481 et
1624 446 1741 479 discus-

1001 515 1070 537 sum
1095 503 1185 537 nobis
1211 503 1395 542 retulerunt,
1411 500 1607 545 proindeque
1627 498 1742 532 securi-

1002 558 1053 591 tati
1073 563 1135 590 tam
1155 567 1275 589 massae
1294 565 1458 588 cursorum
1480 564 1572 597 quam
1599 562 1743 586 camerae

1001 617 1126 644 nostrae
1154 610 1352 652 aliorumque
1384 608 1535 640 interesse
1560 606 1742 639 habentium

1003 663 1196 697 indemnitati
1214 673 1250 696 ae
1270 662 1437 695 curialium
1456 659 1671 693 commoditati
1690 670 1743 703 op-

1002 724 1137 762 portune
1162 716 1388 751 consulendum
1410 714 1631 747 decernimus:

1047 773 1061 816 g
1085 772 1115 805 3.
1143 772 1227 804 Motu
1255 770 1351 813 igitur
1376 768 1519 813 proprio,
1537 777 1599 800 non
1626 766 1664 799 ad
1691 765 1744 798 ali-

1003 825 1090 858 cuius
1112 825 1201 858 nobis
1219 824 1353 867 desuper
1370 822 1492 856 oblatae
1517 820 1676 865 petitionis
1701 819 1744 852 In—

1003 879 1169 919 stantiam,
1194 878 1247 911 sed
1273 877 1310 910 de
1339 882 1465 910 nostrae
1498 880 1527 909 et
1551 874 1743 919 apostolicae

1002 932 1165 976 potestatis
1186 930 1390 975 plenitudine,
1417 928 1592 974 praedictas
1617 927 1744 971 praede-

1003 985 1136 1019 cessoris
1160 985 1279 1018 litteras
1308 993 1481 1026 earumque
1506 980 1743 1025 dispositionem

1003 1050 1098 1083 super
1123 1037 1223 1071 forma
1249 1036 1392 1080 exigendi
1412 1036 1551 1069 redditus
1571 1046 1627 1079 per
1651 1044 1742 1078 prae-

1003 1093 1102 1126 dictos
1120 1102 1266 1125 cursores
1284 1090 1406 1124 debitos
1420 1095 1448 1122 et
1466 1089 1588 1122 notulas
1607 1092 1638 1122 ut
1656 1098 1744 1132 prae-

1004 1147 1101 1180 fertur
1118 1145 1303 1189 prohibitas,
1324 1143 1428 1187 quoad
1453 1153 1601 1175 censuras
1620 1146 1649 1174 et
1673 1151 1744 1184 poe-

1004 1211 1058 1232 nas
1082 1199 1262 1243 spirituales
1287 1203 1317 1230 et
1340 1197 1416 1229 alias
1442 1196 1472 1229 in
1498 1195 1667 1240 praedictis
1699 1194 1745 1227 lit-

1005 1253 1078 1287 teris
1102 1252 1308 1286 comminatas
1342 1256 1371 1283 et
1402 1249 1580 1282 fulminatas
1606 1247 1744 1292 (easdem

1005 1313 1107 1340 tamen
1133 1305 1235 1350 quoad
1262 1304 1382 1348 reliqua
1403 1304 1432 1336 in
1458 1303 1519 1336 illis
1544 1302 1689 1346 deposita
1713 1301 1745 1334 in

1004 1372 1060 1395 suo
1079 1360 1194 1394 robore
1212 1364 1241 1392 et
1258 1358 1457 1393 observantia
1477 1367 1699 1401 permansuras
1709 1355 1745 1399 ¹),

1005 1415 1185 1454 limitamus,
1204 1413 1384 1446 reducimus
1400 1417 1430 1444 et
1450 1411 1667 1449 moderamur3
1686 1413 1747 1443 sta-

1006 1474 1125 1501 tuentes
1150 1479 1185 1500 ex
1211 1477 1293 1500 nunc
1318 1466 1355 1499 de
1381 1470 1504 1505 cetero,
1525 1463 1609 1508 quod
1634 1473 1746 1507 perpe-

1006 1523 1066 1555 tuis
1090 1521 1202 1556 suturis
1227 1519 1424 1564 temporibus
1441 1518 1572 1563 quilibet
1597 1528 1633 1550 ex
1657 1516 1747 1550 dictis

1005 1575 1189 1609 cursoribus
1214 1574 1499 1607 emolumentorum
1518 1577 1652 1616 partem,
1668 1580 1747 1614 quae

1006 1640 1041 1662 ex
1063 1628 1270 1668 citationibus,
1289 1626 1540 1665 inhibitionibus,
1559 1623 1746 1666 monitoriis,

1007 1682 1271 1724 renovationibus,
1289 1681 1419 1724 aliisque
1444 1678 1635 1724 quibuslibet
1651 1688 1747 1721 expe-

1006 1736 1193 1776 ditionibus,
1220 1741 1281 1768 tam
1308 1733 1556 1778 reproducendis
1581 1742 1675 1776 quam
1702 1741 1748 1764 re-

1006 1789 1137 1833 produci
1162 1799 1223 1822 non
1242 1788 1351 1828 solitis,
1369 1786 1547 1831 praedictae
1566 1795 1686 1818 massae
1702 1795 1749 1817 as-

1006 1843 1158 1885 signatam
1185 1841 1222 1874 ad
1251 1840 1392 1874 eiusdem
1428 1839 1582 1872 creditum
1612 1838 1748 1870 fideliter

1007 1901 1036 1929 et
1061 1895 1255 1938 integraliter
1280 1894 1414 1927 describi
1448 1894 1549 1926 facere
1582 1892 1693 1925 debeat
1718 1896 1748 1924 et

1008 1955 1157 1985 teneatur.
1183 1949 1270 1988 Quod
1307 1948 1331 1981 si
1364 1947 1481 1991 aliquid
1514 1958 1549 1980 ex
1578 1946 1747 1990 praedictis

1007 2003 1228 2037 emolumentis
1245 2012 1365 2034 massae
1386 2000 1550 2043 assignatis
1568 1999 1746 2032 fraudatum

1006 2068 1134 2101 quoquo
1160 2055 1254 2089 modo
1286 2055 1401 2094 fuerit,
1431 2059 1484 2086 aut
1517 2054 1663 2086 cursores
1689 2051 1747 2084 sibi

1007 2110 1211 2152 retinuerint,
1238 2113 1379 2143 tencatur
1405 2108 1435 2140 in
1459 2117 1592 2151 poenam
1618 2105 1749 2150 quilibet

1007 2175 1128 2205 cursor,
1140 2170 1169 2196 et
1182 2164 1274 2196 etiam
1291 2163 1416 2196 illorum
1433 2161 1591 2204 magister,
1603 2170 1661 2204 pro
1675 2169 1750 2203 quo*

1008 2218 1081 2251 libet
1105 2217 1273 2250 bononeno
1299 2216 1342 2248 sic
1368 2215 1509 2248 fraudato
1535 2214 1581 2246 vel
1608 2218 1747 2255 retento,

1007 2271 1090 2305 omni
1117 2270 1316 2303 excusatione
1335 2269 1428 2302 etiam
1451 2267 1638 2300 invincibilis
1664 2267 1750 2309 igno-

1008 2325 1126 2357 rantiae
1152 2326 1288 2366 remota,
1313 2323 1351 2356 ad
1377 2322 1564 2356 solutionem
1598 2321 1748 2354 iuliorum

1006 2379 1113 2412 decem
1141 2382 1283 2411 monetae
1314 2387 1461 2410 romanae
1492 2386 1549 2420 per
1581 2385 1747 2408 causarum

1007 2432 1112 2464 curiae
1130 2442 1274 2464 camerae
1292 2430 1482 2474 apostolicae
1500 2429 1679 2472 generalem
1698 2438 1749 2460 au-

1006 2485 1139 2519 ditorem
1165 2496 1201 2518 eo
1228 2485 1306 2528 ipso,
1325 2484 1411 2517 nulla
1429 2482 1534 2516 iudicii
1561 2482 1662 2515 forma
1680 2492 1746 2515 ser-

1043 2550 1050 2575 1
1076 2549 1168 2584 Aptius
1189 2548 1246 2583 lege
1266 2548 1371 2575 eisdem
1390 2546 1630 2582 ...permansuris
1646 2546 1682 2580 (a.
1698 2545 1746 2579 T.)-

1747 129 1795 154 Au.
1818 128 1846 154 C.
1867 128 1937 155 165¹.)

1778 777 1942 798 Canu-aventem

1758 807 1789 825 tes
1803 805 1872 830 punit.
