2243 3205
271 191 317 216 An.
336 192 363 217 C.
389 191 449 217 tssssi

292 518 433 536 Prooemium.

318 1255 446 1275 Facutiatcm

264 1282 361 1301 concedit.
385 1283 447 1306 prout

265 1310 284 1328 in
301 1308 392 1328 rubrica.

501 182 563 214 602

486 239 641 266 carissimo
658 239 688 265 in
705 239 821 265 Christo
837 239 898 266 filio
914 242 1015 266 nostro
1031 240 1184 273 Philippo,

600 283 808 316 Hispaniarum
828 284 890 317 reqi
911 284 1071 317 catholico,

654 336 817 363 Alexander
848 337 927 369 Papa
956 337 1017 364 VII.

563 397 721 424 carissime
740 398 771 423 in
791 397 907 428 Christo
927 398 969 425 fili
994 401 1106 431 noster,

501 443 630 469 salutem
651 445 682 469 et
702 443 897 476 apostolicam
918 443 1166 471 benedictionem.

509 504 673 536 Maiestatis
699 509 767 536 tuac
792 504 918 537 nomine
935 505 1025 537 nobis
1042 515 1202 548 nuperex-

464 556 600 599 positum
627 557 702 597 fuit,
727 557 810 600 quod
837 563 890 597 tu,
922 558 974 600 qui
1006 557 1134 589 militiae
1165 557 1202 589 de

463 609 639 646 Calan—ava,
663 610 875 642 Cistcrciensis
909 620 962 642 seu
992 610 1120 642 alterius
1146 609 1201 641 Or-

463 661 553 702 dinis,
572 661 806 695 administrator
827 670 997 706 perpetuus
1018 662 1202 694 auctoritate

463 715 633 758 apostolica
659 715 826 759 deputatus
847 716 964 754 existis,
980 726 1133 747 summam
1153 715 1201 747 dc-

463 777 529 799 cem
556 767 688 800 millium
714 768 899 801 ducatorum
926 773 1069 800 monetae
1096 768 1201 812 Hispa>

462 819 585 852 niarum
611 831 646 852 ex
673 821 825 853 fructibus
846 826 874 852 et
892 821 1096 864 proventibus
1116 832 1201 864 prae-

463 874 675 916 ceptoriarum
703 884 755 906 seu
783 875 1040 907 commendat-um
1062 874 1199 906 eiusdem

462 927 591 959 militiae
616 927 646 958 in
664 927 812 959 fabricam
833 927 982 960 ecclesiae
999 933 1029 959 et
1047 933 1201 961 monaste-

462 979 499 1011 rii
527 979 603 1022 regii
631 979 812 1012 monialium
843 980 1061 1023 Conceptionis
1091 981 1201 1014 Beatae

462 1033 576 1064 Mariae
601 1033 736 1074 Virginis
762 1033 982 1065 immaculatae
1007 1034 1113 1077 oppidi
1140 1035 1200 1067 Ma-

462 1085 658 1118 dritidictac
684 1086 812 1118 militiae
837 1097 891 1119 seu
917 1086 1041 1119 Ordinis
1065 1087 1103 1120 de
1120 1088 1200 1121 Cala-

462 1144 548 1170 trava
572 1139 739 1171 Toletanae
763 1139 914 1172 dioecesis
934 1140 1092 1183 applicare
1109 1151 1201 1184 posse

461 1192 632 1236 plurimum
659 1192 835 1233 desideras;

507 1246 521 1288 g
552 1246 580 1278 l.
605 1246 706 1284 Quare
731 1246 821 1278 nobis
844 1246 1006 1280 humiliter
1031 1247 1218 1294 supplicari¹

463 1298 560 1331 fecisti
594 1304 627 1331 ut
659 1299 714 1331 tibi
748 1299 778 1331 in
815 1299 996 1342 praemissis
1025 1306 1200 1343 opportune

462 1351 629 1395 providere
661 1351 698 1383 de
729 1351 921 1394 benignitate
950 1353 1120 1395 apostolica
1153 1353 1217 1385 di-t

462 1414 643 1446 gnaremur.
664 1405 725 1436 Nos
743 1404 847 1447 igitur,
866 1404 924 1447 piis
944 1405 1111 1437 maiestatis
1129 1411 1199 1437 tuac

463 1458 541 1490 votis
559 1458 588 1489 in
603 1457 792 1500 praemissis,
810 1464 961 1500 quantum
979 1468 1049 1490 cum
1066 1458 1199 1491 Domino

462 1521 647 1553 possumus,
674 1510 885 1543 favorabiliter
909 1521 1046 1543 annuere
1070 1512 1198 1555 cupien-

463 1569 517 1605 tes,
542 1563 721 1597 huiusmodi
747 1563 1029 1607 supplicationibus
1050 1565 1198 1605 inclinati,

463 1617 562 1649 eidem
578 1617 730 1650 maiestati
752 1623 822 1649 tuae
834 1628 988 1650 summam
1011 1618 1117 1650 decem
1134 1619 1200 1651 mil-

461 1669 537 1701 lium
559 1669 743 1702 ducatorum
758 1674 899 1703 monetae
911 1670 1090 1702 imiusmodi
1103 1672 1197 1704 semel

461 1728 580 1755 tantum
606 1733 640 1755 cx
668 1723 836 1765 fructibus,
868 1723 1041 1756 redditibus
1066 1730 1095 1756 et
1119 1735 1195 1767 pro-

462 1776 606 1807 ventibus
630 1776 918 1819 praeceptoriarum
951 1786 1004 1808 seu
1038 1787 1217 1809 commen-¹

462 1828 572 1860 darum
595 1829 695 1861 dictae
721 1829 849 1861 militiae
873 1839 956 1861 nunc
977 1830 1151 1862 vacantium
1171 1835 1199 1862 et

462 1882 591 1924 posthac
608 1887 836 1921 vacaturarum,
851 1882 992 1914 deductis
1009 1886 1109 1915 tamen
1129 1883 1199 1915 inde

463 1935 550 1977 prius
575 1935 698 1967 illarum
724 1934 893 1974 oneribus,
920 1934 951 1966 in
975 1935 1123 1967 fabricam
1150 1946 1198 1968 ec-

464 1988 575 2020 clesiae
599 1994 629 2020 et
654 1988 832 2020 monasterii
865 1988 1075 2031 praefatorum
1098 1994 1200 2022 aucto-

463 2040 553 2072 ritate
567 2042 673 2073 nostra
691 2040 861 2083 apostolica
880 2041 1055 2083 applicandi
1073 2042 1199 2084 plenam

464 2098 493 2125 et
517 2094 651 2136 amplam
672 2094 860 2134 facultatem,
878 2094 985 2125 eadem
1004 2094 1199 2135 auctoritate,

464 2152 571 2179 tenore
598 2146 819 2189 praesentium,
838 2146 1006 2179 tribuimus
1030 2152 1059 2178 ct
1085 2147 1200 2190 imper·

464 2199 570 2239 timur,
585 2201 619 2231 eft
634 2205 738 2232 tamen
763 2199 831 2241 lege
858 2204 892 2232 ut
911 2199 1032 2233 nonnisi
1052 2200 1200 2234 medietas

463 2253 632 2293 fructuum,
643 2253 820 2285 reddituum
836 2257 865 2285 et
879 2258 1087 2295 proventuum
1099 2253 1202 2285 unius-

465 2306 616 2349 cuiusque
647 2317 682 2337 ex
716 2306 862 2349 praefatis
896 2306 1122 2349 praeceptoriis
1147 2317 1200 2338 seu

465 2359 657 2391 commendis
682 2364 844 2398 sumatur,
873 2365 900 2391 et
927 2360 1048 2402 integra
1079 2370 1201 2392 summa

465 2412 570 2444 decem
596 2413 728 2445 millium
754 2413 939 2445 ducatorum
966 2413 1143 2446 huiusmodi
1171 2413 1200 2445 in

465 2475 559 2508 supra
578 2477 742 2509 expressos
768 2472 796 2499 et
816 2477 879 2499 non
903 2466 980 2499 alios
997 2476 1072 2498 usus
1090 2477 1202 2510 expen-

464 2517 575 2560 datur,
607 2530 642 2551 ac
677 2520 778 2553 statim
811 2525 903 2563 atque
936 2519 989 2551 illa
1013 2530 1049 2552 ex
1083 2520 1200 2552 eisdem

464 2573 625 2611 fructibus,
650 2573 821 2606 redditibus
845 2578 875 2605 et
899 2573 1103 2616 proventibus
1127 2584 1198 2607 con-

1056 192 1149 214 urim
1156 191 1231 214 ntttxt
1257 189 1409 213 nomnen

1238 238 1308 270 ssata
1342 237 1455 278 fuerit,
1484 247 1632 280 praesens
1664 236 1762 279 gratia
1793 237 1911 280 expiret
1943 242 1972 270 et

1238 291 1396 334 expirasse
1420 295 1583 323 censeatur
1607 300 1643 322 eo
1668 289 1744 333 ipso.

1282 343 1336 386 §3
1356 344 1421 376 Non
1441 342 1635 376 obstantibus
1649 342 1838 386 praemissis,
1855 352 1890 375 ac
1904 353 1973 375 con-
2015 355 2105 382 omega
2121 362 2168 378 eon.

1988 382 2064 403 imit-⁷.

1237 397 1451 430 stitutionibus
1469 402 1494 429 ct
1515 396 1764 429 ordinationibus
1783 395 1972 439 apostolicis,

1237 461 1358 483 necnon
1384 450 1484 483 dictae
1509 450 1647 489 militiae,
1673 450 1764 482 etiam
1786 449 1972 490 iuramento,

1237 504 1477 538 confirmatione
1502 503 1692 548 apostolica,
1719 503 1765 535 vel
1790 503 1898 546 quavis
1923 502 1973 535 fn·-

1239 556 1344 588 mitate
1361 557 1420 588 alia
1440 557 1606 596 roboratis,
1636 556 1757 589 statutis
1789 560 1818 588 et
1843 566 1973 588 consue-

1238 609 1406 651 tudinibus,
1429 609 1656 649 stabilimentis,
1670 608 1778 641 usibus
1796 613 1826 640 et
1843 608 1972 648 naturis,

1236 663 1407 705 privilegiis
1424 674 1559 707 quoque,
1578 663 1705 695 indultis
1723 667 1752 694 et
1768 662 1880 695 litteris
1899 671 1974 705 apo-

1236 715 1353 747 stolicis
1371 716 1400 747 in
1426 716 1618 748 contrarium
1636 714 1882 758 praemissorum
1899 724 1974 757 quo-

1237 769 1408 803 modolibet
1437 770 1602 811 concessiS,
1631 768 1823 802 confirmatis
1839 773 1868 800 et
1885 768 1974 801 inno-

1238 822 1329 861 vatis,
1349 822 1461 866 quibus
1479 822 1624 855 omnibus
1641 827 1670 854 et
1687 821 1828 863 singulis,
1847 821 1972 853 illorum

1236 878 1360 907 tenores
1377 875 1593 918 praesentibus
1621 885 1683 917 pro
1711 874 1802 917 plene
1831 879 1861 906 et
1889 873 1973 906 suffi-

1235 927 1354 959 cienter
1371 928 1526 971 expressis
1547 938 1582 960 ac
1606 927 1644 959 de
1661 927 1755 959 verbo
1780 926 1816 959 ad
1842 926 1972 959 verbum

1237 980 1360 1012 insertis
1384 981 1545 1022 habentes,
1566 981 1626 1013 illis
1642 981 1717 1012 alias
1734 980 1763 1012 in
1785 990 1842 1012 suo
1857 980 1974 1012 robore

1236 1034 1460 1075 permansuris,
1482 1034 1518 1066 ad
1545 1033 1791 1077 praemissorum
1817 1032 1973 1074 effectum,

1237 1086 1293 1119 bac
1311 1087 1376 1119 vice
1393 1087 1563 1127 dumtaxat,
1581 1086 1760 1131 specialiter
1777 1092 1806 1119 et
1826 1096 1973 1130 expresse

1235 1138 1439 1181 derogamus,
1462 1140 1637 1183 ceterisque
1658 1139 1823 1172 contrariis
1843 1139 1973 1182 quibus-

1235 1202 1379 1235 cumque.

1279 1246 1388 1277 Datum
1409 1246 1549 1287 Romae,
1575 1245 1656 1289 apud
1681 1246 1709 1279 S.
1736 1245 1866 1278 Mariam
1883 1245 1975 1278 Maio-

1235 1308 1311 1337 rem,
1329 1299 1386 1331 sub
1412 1299 1527 1332 annulo
1553 1299 1729 1339 piscatoris,
1747 1299 1797 1331 dic
1821 1309 1899 1331 xvui
1928 1299 1973 1331 iu-

1234 1352 1275 1383 nii
1303 1362 1429 1391 unchi,
1455 1352 1654 1395 pontificatus
1671 1352 1770 1385 nostri
1792 1363 1872 1385 anno
1897 1362 1950 1385 vn.

1271 1413 1327 1440 flat.
1346 1413 1388 1440 die
1407 1413 1437 1440 18
1453 1414 1519 1440 iunii
1539 1414 1613 1449 1061,
1632 1414 1727 1449 pontif·
1744 1423 1813 1441 anno
1830 1421 1873 1445 vti.

1520 1555 1687 1589 CCCXLlV.

1236 1636 1444 1678 Confirmatio
1470 1636 1657 1669 litterarum
1682 1636 1809 1668 abbatis
1833 1639 1862 1669 et
1885 1636 1974 1682 capi-

1280 1689 1344 1721 tuli*
1377 1689 1539 1732 qeneralz's
1571 1688 1706 1723 Ordinis
1744 1689 1972 1731 cisterciensis,

1278 1752 1363 1774 anno
1388 1752 1522 1775 mccxmv
1547 1746 1786 1783 manaim-um,
1811 1753 1869 1785 per
1892 1739 1973 1786 quas

1278 1796 1510 1828 monasterium
1525 1795 1563 1828 B.
1582 1795 1708 1828 Mariae
1732 1795 1874 1838 Regalis,
1894 1795 1974 1828 dicti

1278 1848 1314 1881 cle
1324 1848 1542 1886 lllaubuz'sson,
1557 1847 1637 1880 dicti
1648 1847 1792 1889 Ordinis,
1807 1847 1974 1880 immedia-

1280 1905 1306 1932 le
1329 1900 1504 1933 subiicitur
1517 1896 1740 1932 iurisclictz'oni
1759 1904 1787 1932 ει
1801 1901 1974 1943 superiori-

1280 1954 1341 1986 tali
1359 1952 1483 1986 abbatis
1510 1953 1685 1987 Cistercz'i¹.

1428 2033 1593 2060 Alexander
1616 2033 1694 2066 Papa
1714 2033 1777 2067 vu,

1375 2077 1559 2106 adfuturam
1579 2078 1622 2105 rei
1642 2077 1823 2106 memoriam.

1279 2149 1293 2191 ἓ
1317 2149 1346 2181 l.
1374 2149 1493 2191 Exponi
1519 2148 1609 2180 nobis
1632 2158 1736 2191 nuper
1760 2148 1831 2181 fecit
1860 2147 1972 2180 dilecta

1235 2202 1265 2234 in
1290 2202 1411 2235 Christo
1437 2201 1499 2233 filia
1525 2201 1688 2234 Catharina
1713 2201 1858 2244 Angelica
1884 2200 1973 2234 d’Or-

1236 2255 1339 2294 leans,
1375 2254 1530 2286 abbatissa
1567 2254 1746 2287 monasterii
1789 2253 1971 2287 monialium

1236 2308 1266 2339 B.
1292 2307 1404 2339 Mariae
1433 2307 1573 2349 Regalis,
1599 2306 1671 2339 dicti
1697 2307 1735 2338 de
1764 2306 1972 2345 Maubui-sson,

1236 2361 1320 2393 iuxta
1334 2360 1525 2393 Pontisaram
1549 2360 1760 2394 Cisterciensis
1774 2359 1908 2399 Ordinis,
1922 2359 1974 2391 Pa-

1236 2414 1374 2446 risiensis
1388 2413 1549 2455 dioecesis,
1565 2412 1648 2456 quod
1668 2413 1798 2453 dudum,
1810 2412 1848 2445 ad
1862 2412 1973 2445 instan-

1236 2467 1308 2499 tiam
1335 2467 1437 2500 clarae
1464 2466 1634 2499 memoriae
1654 2466 1816 2508 Blanchae,
1835 2465 1971 2498 dumvvi-

1271 2583 1279 2608 1
1305 2581 1340 2608 Ex
1361 2581 1471 2616 Regest.
1494 2580 1520 2607 iu
1541 2581 1643 2608 Secret.
1665 2580 1741 2608 Brev.

1988 188 2038 214 Αη.
2057 188 2083 215 c.
2102 189 2162 218 ieci
2239 198 2243 209 =

2014 2150 2125 2178 Expositio.
