2243 3205
280 217 315 241 Λιι
347 218 374 243 (ἶ.
396 216 460 243 ¹658

298 1177 390 1197 triu-rae
405 1177 454 1197 Gre-

272 1210 321 1223 ›ztuu
339 1204 363 1223 Xt
381 1210 406 1223 ex
424 1210 452 1223 tn-

271 1232 327 1253 tvgm
345 1236 453 1251 revensen·

271 1258 309 1276 tur.

506 206 569 240 :372

479 268 554 297 tates
579 269 605 296 et
632 264 845 307 exemptiones
870 264 1057 297 secularium
1084 265 1214 297 exactio-

478 329 573 357 num,
599 329 615 350 a
641 318 768 360 regibus
792 324 822 350 et
846 318 1041 362 principibus
1067 320 1111 352 rel
1144 319 1230 367 aliis¹

477 370 621 402 tidelilius
659 371 885 404 rationabiliter
921 372 1036 404 eisdem
1064 372 1211 405 fratribus

477 423 628 462 indultas,
654 423 861 457 confirmarit.
887 424 1096 466 Decernens¹,
1128 425 1229 468 quod,

475 475 550 507 nulli
577 476 706 509 omnino
731 476 893 509 hominum
922 478 1028 511 liceret
1059 478 1211 522 praefatas

474 528 583 560 domos
603 534 719 561 temere
734 530 929 573 perturbare,
948 536 999 563 aut
1017 541 1123 563 earum
1144 541 1211 574 pos·
1227 546 1228 554 ¹

474 582 630 614 sessiones
655 584 799 623 auferre,
827 584 871 615 vel
905 584 1022 617 ablatas
1054 584 1209 623 retinere,

475 635 625 674 minuere,
647 646 699 668 seu
726 636 914 679 quibuslibet
935 637 1149 669 vexationibus
1166 637 1209 668 fa-

474 687 589 729 tigarc3
616 688 668 720 sed
694 699 727 721 ea
754 690 856 722 onmia
893 690 1013 732 integra
1038 700 1207 722 conserva-

474 746 582 773 rentur
607 741 676 784 illis,
697 753 752 785 pro
779 754 912 786 [piorum
940 743 1166 786 gubernatione
1180 748 1210 776 et

472 795 695 828 sustentatione
720 806 866 829 concessa
892 802 989 835 erant,
1016 796 1122 829 usibus
1143 807 1208 829 om-

472 846 606 879 nimodis
621 848 795 890 liu-ot'utura,
810 849 891 880 salva
911 849 998 881 Sedis
1012 849 1208 892 Apostolicae

471 900 654 932 auctoritate
669 906 695 932 et
711 901 969 934 dioecesanorum
987 903 1206 945 episcoporum

471 953 619 985 canonica
640 953 765 996 iustitia,
781 960 809 986 et
828 954 856 986 in
875 954 1061 998 supradietis
1078 954 1207 987 decimis

472 1005 686 1039 moderati0ne
711 1008 833 1040 concilii
860 1008 1032 1050 generalis,
1058 1014 1151 1052 prout
1177 1009 1206 1041 in

472 1058 580 1091 litteris
606 1059 702 1102 ipsius
727 1061 871 1103 Gregorii
903 1061 1152 1104 praedecessoris
1178 1063 1225 1094 in1

470 1111 552 1144 hunc
577 1114 628 1155 qui
654 1114 795 1156 sequitur
821 1114 970 1154 modum,

514 1165 527 1207 ξ
558 1165 603 1197 tii.
631 1165 804 1208 Greyorz‘us
829 1167 1002 1211 episcopus
1022 1179 1131 1201 servus
1148 1179 1225 1201 ser-t

468 1228 580 1250 ‘vorum
597 1219 668 1259 Dei,
691 1219 817 1253 dilectis
838 1220 918 1262 filiis
936 1222 1044 1264 priori
1062 1222 1224 1265 yenerule*

468 1276 495 1303 et
515 1272 673 1314 fratribus
691 1272 722 1305 S.
743 1273 846 1305 Paule·
860 1273 965 1317 primi
984 1275 1145 1316 eremitae,
1172 1277 1204 1308 in
1222 1305 1224 1312 ,

467 1324 641 1368 Hunqaria
660 1329 687 1358 et
706 1325 784 1357 aliis
798 1327 915 1359 viminali
931 1327 1080 1370 partibus
1094 1329 1206 1361 eonsti-

468 1379 545 1410 tntis
563 1378 618 1410 suh
638 1379 751 1422 repuli?
770 1380 801 1412 S.
820 1380 1011 1422 Augjuslt'm',
1034 1385 1099 1413 tam
1114 1392 1206 1424 prae-

466 1432 606 1464 sentibus
631 1442 730 1475 qnam
754 1433 877 1475 futuris
903 1434 1083 1476 reputarem
1104 1435 1203 1467 vitam

463 1485 625 1527 professis.
648 1486 678 1517 In
704 1492 890 1529 perpetuum
916 1487 1093 1529 religiosam
1112 1488 1203 1520 vitam

467 1537 655 1579 eligentibus
680 1539 903 1582 apostolicanff
928 1541 1072 1573 convenit
1097 1540 1204 1573 adesse

466 1590 732 1633 praesidium,‚ne
757 1592 836 1625 forte
861 1593 1027 1626 cuiuslibet
1053 1594 1205 1627 temerita—

467 1643 503 1675 tis
528 1643 672 1677 incursus
695 1651 745 1677 aut
765 1656 817 1678 eos
834 1656 850 1678 a
876 1647 1042 1690 proposito
1068 1652 1222 1689 revocetf

465 1702 517 1729 aut
542 1698 650 1739 robur,
675 1698 758 1741 quod
779 1699 867 1739 absit,
894 1706 1017 1732 sanctae
1042 1700 1203 1743 religionis

465 1749 621 1793 infringat.
655 1752 851 1795 Eapropter,
877 1752 980 1785 dilecti
1016 1753 1045 1785 in
1071 1753 1203 1787 Domino

465 1802 530 1845 filii,
546 1803 655 1836 vestris
683 1805 769 1837 iustis
786 1805 1049 1848 postulationibus
1066 1806 1202 1839 elemen-

467 1861 511 1888 ter
524 1857 700 1897 annuimus,
714 1863 744 1890 et
761 1858 871 1891 domos
890 1865 1016 1901 vestras,
1038 1859 1067 1891 in
1089 1860 1201 1902 quibus

464 1909 569 1943 divino
595 1911 709 1943 vacatis
734 1911 894 1954 obsequio,
914 1912 971 1944 snb
990 1912 1051 1944 divi
1070 1912 1151 1945 Petri
1173 1918 1202 1945 et

465 1965 571 1994 nostra
597 1964 790 2006 protectione
820 1964 1034 2008 suscepimus³
1058 1970 1087 1997 et
1111 1975 1201 2008 prac-

465 2015 558 2047 sentis
583 2015 692 2059 scripti
718 2016 885 2059 privilegio
911 2017 1154 2050 communimus.

507 2068 522 2110 ξ
552 2067 597 2099 17.
635 2069 666 2100 In
692 2068 804 2112 primis
829 2069 983 2112 siquidem
1009 2075 1199 2111 statuentes,

464 2124 496 2153 ut
517 2120 600 2153 Ordo
625 2123 802 2164 canonicus,
827 2123 878 2165 qui
905 2123 1075 2156 secundum
1101 2124 1197 2156 Deum

464 2178 493 2204 et
528 2173 590 2205 diri
620 2174 784 2216 Augustini
821 2175 960 2218 regulam
994 2176 1023 2207 in
1054 2176 1199 2209 domibus

464 2226 559 2269 ipsius
574 2227 757 2259 auctoritate
770 2227 940 2271 apostolica
955 2228 1113 2261 institutus
1130 2239 1199 2262 esse

462 2279 666 2322 dignoscitur,
691 2280 849 2323 perpetuis
868 2280 982 2313 ibidem
1003 2281 1199 2325 temporibus

462 2332 682 2366 inviolabiliter
706 2333 902 2366 observetur.
920 2334 1086 2366 Praeterea
1106 2344 1198 2378 quas-

461 2396 595 2429 cumque
610 2385 821 2429 possessiones
831 2391 860 2418 et
872 2396 1089 2429 quaecumque
1102 2387 1196 2428 bona,

460 2448 539 2481 quae
564 2439 742 2482 praedictae
765 2438 877 2472 domus
903 2439 1195 2484 impraesentiarum

497 2522 506 2544 t
530 2518 595 2545 Mate
614 2519 677 2546 edit.
699 2519 777 2546 Maia.
798 2520 861 2555 legit
880 2520 1062 2548 decernentes
1080 2521 1118 2554 (n.
1134 2521 1181 2553 Τ.).

495 2561 512 2585 2
530 2562 640 2590 Videtur
655 2564 797 2598 legendum
811 2565 997 2599 apostolicum
1014 2566 1053 2599 (n.
1071 2566 1106 2598 Τ).

494 2608 509 2633 :3
531 2607 639 2634 Videtur
659 2608 800 2643 legendum
821 2610 993 2644 suscipimus
1013 2615 1051 2642 (n.
1069 2609 1116 2643 T.).

1054 217 1230 240 ntstmntmt
1253 216 1404 240 Romnum

1229 263 1324 296 tiuste
1344 268 1374 296 et
1398 263 1546 296 canonice
1575 262 1749 306 possident,
1774 268 1827 296 aut
1850 263 1880 296 in
1900 263 1982 296 futu-

1228 304 1314 349 irum
1341 316 1541 350 concessione
1576 316 1783 357 Pontificum,
1815 316 1981 359 largitione

1228 379 1354 412 'regum
1378 370 1423 401 vel
1452 369 1642 412 principum,
1656 369 1814 402 oblatione
1830 369 1980 409 fidelium,

1228 414 1297 454 *seu
1323 423 1390 455 aliis
1418 422 1505 455 iustis
1532 422 1632 455 modis
1648 427 1824 466 praestante
1847 422 1980 455 Domino

1227 467 1392 518 {poterunt
1418 474 1559 519 adipisci,
1578 475 1668 507 firma
1695 474 1782 508 vobis
1807 474 1980 518 vestrisque

1227 528 1480 561 'successoribus
1505 534 1533 562 et
1560 528 1678 561 illibata
1702 533 1915 572 permaneant,
1948 528 1980 560 in

1243 581 1356 625 quibus
1373 581 1450 614 haec
1466 582 1602 625 propriis
1619 582 1762 615 duximus
1777 582 1980 626 exprimenda

1244 634 1412 675 vocabulis,
1429 634 1497 667 loca
1521 634 1597 678 ipsa,
1623 634 1653 667 in
1671 634 1783 677 quibus
1803 634 1979 678 praedictae

1226 687 1354 720 ÷d0mus
1380 688 1454 720 sitae
1480 693 1559 728 sunt,
1574 698 1644 720 cuni
1663 687 1808 720 omnibus
1823 687 1979 731 pertinen-

1225 740 1292 773 itiis
1316 741 1389 781 suis,
1415 740 1558 773 videlicet
1583 752 1653 773 eum
1672 740 1822 782 ecclesiis,
1839 740 1978 782 decimis,

1242 792 1352 833 hortis,
1378 793 1484 833 vineis,
1510 793 1640 835 olivetis,
1666 793 1772 838 pratis,
1794 793 1897 834 terris,
1925 803 1978 826 ne—

1242 846 1392 889 moribus,
1411 847 1517 887 wadis,
1532 847 1656 890 pascuis
1671 847 1700 879 in
1718 846 1815 880 bosco
1830 851 1859 879 et
1875 846 1978 891 plano,

1243 899 1271 931 in
1297 899 1385 943 aquis
1410 905 1439 932 et
1465 900 1661 941 molendinis,
1682 900 1711 932 in
1729 900 1786 932 viis
1804 906 1832 933 et
1850 900 1978 942 semitis,

1241 957 1270 984 et
1296 953 1325 984 in
1351 953 1497 986 omnibus
1522 953 1590 986 aliis
1607 953 1804 986 libertatibus
1822 958 1851 986 et
1870 953 1979 986 immu-

1241 1005 1398 1048 nitatibus,
1423 1016 1477 1039 seu
1502 1006 1660 1039 novalium
1686 1011 1874 1047 vestrorum,
1899 1016 1978 1050 quae

1240 1058 1376 1102 propriis
1402 1059 1545 1091 manibus
1570 1064 1622 1091 aut
1657 1059 1832 1104 sumptibus
1857 1059 1976 1101 colitis,

1240 1110 1276 1142 de
1302 1110 1414 1154 quibus
1440 1111 1552 1155 aliquis
1577 1112 1726 1145 hactenus
1755 1111 1892 1144 decimas
1916 1122 1977 1145 non

1240 1165 1397 1208 percepit,
1422 1165 1485 1198 sive
1510 1164 1564 1197 ad¹
1592 1170 1765 1199 vestrorum
1797 1165 1976 1198 animalium

1240 1217 1447 1258 nutrimentis,
1473 1219 1576 1252 nullus
1601 1229 1618 1251 a
1643 1218 1730 1252 vobis
1756 1218 1891 1251 decimas
1918 1219 1979 1251 exi-

1223 1281 1313 1313 ³gere
1340 1272 1385 1303 vel
1410 1278 1597 1316 extorquere
1624 1278 1813 1315 praesumat.

1283 1325 1297 1366 ᾗ
1333 1323 1386 1356 18.
1425 1324 1526 1357 Liceat
1564 1335 1689 1368 (pemque
1723 1325 1809 1358 vobis
1846 1325 1976 1358 clericos

1240 1377 1285 1408 vel
1311 1377 1406 1409 laicos
1436 1377 1551 1409 liberos
1585 1383 1612 1409 et
1646 1377 1805 1410 absolutos
1830 1387 1846 1409 e
1871 1378 1976 1411 seculo

1222 1430 1392 1472 *fugientes
1425 1430 1461 1461 ad
1487 1430 1722 1462 conversionem
1761 1431 1921 1473 recipere,
1947 1436 1977 1463 et

1238 1492 1291 1514 eos
1308 1482 1425 1525 absque
1443 1483 1689 1515 contradictione
1708 1483 1812 1525 aliqua
1830 1483 1974 1516 retinere.

1240 1535 1447 1568 Probibemus
1473 1536 1601 1579 insuper
1623 1542 1653 1568 ut
1670 1536 1747 1568 nulli
1776 1537 1908 1569 fratrum
1930 1547 1976 1569 ve-

1238 1594 1375 1621 strorum
1401 1595 1470 1632 post
1502 1590 1613 1622 factam
1639 1589 1669 1621 in
1694 1589 1839 1622 domibus
1865 1591 1975 1623 vestris

1236 1643 1462 1686 professionem
1489 1644 1531 1675 fas
1557 1643 1617 1682 sit,
1643 1643 1700 1675 nisi
1733 1643 1877 1676 arctioris
1902 1644 1974 1676 reli-

1237 1696 1338 1739 gionis
1363 1697 1488 1729 obtenta
1514 1697 1648 1737 lieentia,
1674 1697 1711 1729 de
1735 1697 1845 1729 iisdem
1870 1697 1972 1730 domi-

1237 1749 1294 1781 bus
1319 1749 1495 1790 discedere,
1520 1749 1730 1782 discedentem
1756 1760 1829 1783 vero
1854 1749 1973 1794 absque

1236 1803 1394 1835 communi
1419 1802 1594 1835 litterarum
1620 1809 1798 1836 nostrarum
1830 1803 1973 1837 cautione

1236 1855 1338 1887 nullus
1362 1855 1474 1887 audeat
1492 1855 1635 1888 retinere.
1663 1856 1793 1899 Insuper
1810 1856 1904 1889 etiam
1923 1867 1974 1890 au-

1235 1908 1377 1940 ctoritate
1410 1908 1579 1951 apostoliea
1614 1908 1790 1941 inhibemus
1822 1919 1860 1942 ne
1892 1910 1973 1944 ullus

1235 1961 1399 2005 episcopus
1426 1962 1470 1993 vel
1503 1962 1659 2005 quaelibet.
1683 1962 1743 1994 alia
1768 1973 1902 2006 persona
1934 1963 1971 2008 ad

1234 2015 1368 2058 synodos
1395 2015 1439 2047 vel
1464 2015 1501 2047 ad
1527 2015 1603 2048 alios
1629 2021 1800 2049 conventus
1832 2016 1971 2050 forenses

1234 2078 1287 2101 vos
1313 2069 1378 2109 ire,
1404 2068 1450 2101 vel
1477 2068 1592 2102 iudicio
1616 2070 1749 2102 seculari
1774 2069 1812 2102 de
1841 2071 1970 2114 propria

1233 2121 1406 2154 substantia
1435 2122 1480 2154 vel
1506 2122 1754 2165 possessioniluls
1774 2123 1885 2155 vestris
1901 2123 1970 2156 sub-

1233 2175 1334 2208 iacere
1360 2175 1545 2218 compellat,
1571 2186 1628 2208 nec
1652 2175 1689 2207 ad
1715 2175 1825 2209 domos
1851 2181 1969 2209 vestras

1233 2230 1326 2261 causa
1343 2228 1468 2261 ordines
1481 2228 1668 2269 celebrandi,
1683 2239 1791 2262 causas
1806 2229 1968 2270 tractandi,

1233 2281 1278 2312 vel
1296 2281 1417 2324 aliquos
1431 2286 1602 2314 conventus
1619 2281 1761 2325 publicos
1775 2282 1967 2316 convocandi

1232 2333 1337 2367 venire
1361 2339 1550 2377 praesumat,
1575 2344 1631 2368 nec
1656 2335 1833 2378 regularem
1852 2335 1967 2379 prioris

1232 2387 1323 2421 vestri
1349 2387 1532 2420 electionem
1558 2387 1715 2431 impediat,
1740 2393 1793 2421 aut
1817 2388 1854 2421 de
1879 2388 1966 2422 insti-

1231 2439 1344 2474 tuendo
1370 2440 1416 2473 vel
1441 2440 1632 2474 removendo
1657 2451 1693 2473 eo
1718 2441 1770 2484 qui
1806 2451 1865 2485 pro
1894 2446 1966 2474 tem-

1230 2502 1307 2536 pore
1332 2493 1425 2526 fuerit
1449 2498 1556 2526 contra
1581 2498 1693 2526 statuta
1718 2493 1842 2526 Ordinis
1871 2493 1964 2528 vestri

1229 2556 1261 2578 se
1286 2546 1481 2589 aliquatenus
1506 2546 1708 2587 intromittat3
1728 2546 1804 2580 illud
1821 2546 1965 2589 adiicien-

1267 2610 1274 2633 1
1295 2609 1378 2643 Supra
1394 2609 1419 2635 in
1436 2609 1485 2637 loc.
1502 2609 1595 2644 pai-att.
1609 2609 1706 2644 legitur
1717 2610 1748 2636 de
1763 2617 1811 2644 pro
1822 2609 1861 2636 ad
1877 2609 1963 2644 (nm).

1998 215 2045 240 An.
2064 215 2090 241 C.
2112 215 2175 245 ¹658
