2202 3190
429 174 494 208 808
976 186 1149 209 mittamini
1176 186 1324 209 nouantur

471 237 748 276 Excalceatorum‚
774 237 860 281 quod
885 237 906 270 ii
932 239 986 282 qui
1013 239 1182 272 mittuntur
1206 248 1242 271 cx
1267 238 1394 283 Europa
1419 239 1458 273 ad
1483 239 1603 292 insulas
1628 241 1824 286 Philippinas
1848 255 1913 278 non

471 288 606 322 debeant
630 289 711 321 ultra
744 290 966 324 necessitatem
995 302 1117 324 moram
1146 292 1266 324 trahere
1294 292 1326 324 in
1359 293 1484 326 civitate
1516 294 1624 327 Mexici
1651 295 1787 339 aliisque
1819 296 1910 338 locis,

471 341 533 374 595
549 352 587 381 α;
614 341 814 376 confirmatio
839 343 954 377 decreti
979 344 1121 377 eiusdem
1146 345 1406 388 congregationis
1432 347 1516 380 circa
1540 347 1792 382 iurisdictionem
1818 349 1914 382 archi-

470 393 610 437 episcopi
635 394 832 428 Sardicensis
859 402 889 429 et
917 397 1057 441 episcopi
1085 397 1256 431 Bosnensis
1281 399 1312 431 in
1337 400 1514 443 regulares,
1543 400 1606 434 535
1631 401 1658 433 b.

382 447 565 490 Prorogatio
589 447 805 481 concessionis
829 449 990 483 fructuum
1015 451 1108 483 unius
1134 449 1250 483 mensis
1275 451 1481 485 ecclesiarum
1504 459 1533 486 et
1553 452 1781 487 beneficiorum
1803 454 1914 498 Hispa-

469 500 592 533 niarum
617 507 647 534 et
672 501 838 535 Sardiniae
864 514 921 546 pro
946 515 1020 547 rege
1046 504 1212 545 catholico,
1240 503 1303 537 555
1329 505 1356 537 b.

383 553 595 587 Protonotarii
627 555 792 597 apostolici
817 556 855 588 de
880 567 1015 590 numero
1042 556 1266 600 participantes
1296 557 1361 591 suis
1392 559 1549 602 gaudeant
1583 558 1777 604 privilegiis,
1804 559 1913 594 addito

469 617 551 641 novo
575 607 699 642 indulto
724 608 763 642 ab
787 608 965 642 Alexandro
991 609 1059 649 Vll,
1086 608 1149 643 2⁶28
1174 620 1204 644 α.

1136 768 1162 802 R

379 873 639 908 Recollectorum
673 879 931 918 nuncupatorum
958 874 1083 908 Ordinis
1107 875 1137 909 S.
1163 875 1323 910 Francisci
1348 877 1379 910 in
1405 877 1505 911 Gallia
1528 878 1694 923 privilegia
1727 890 1824 924 super
1853 881 1916 914 sra-

467 927 568 961 tribus
593 927 696 961 dictos
722 928 761 961 de
785 927 994 961 Observantia
1019 929 1161 962 eiusdem
1187 930 1326 971 Ordinis,
1355 930 1412 964 701
1442 942 1462 964 α
1486 937 1516 964 et
1541 931 1566 965 b.

378 982 529 1016 Rectores
555 987 585 1015 et
616 981 891 1015 administratores
924 982 1191 1016 monasteriorum
1224 983 1504 1017 Carmelitanarum
1535 985 1791 1020 Excalceatarum
1825 986 1914 1030 regni

465 1034 620 1068 Franciae
644 1034 769 1067 nullum
794 1034 843 1067 ius
864 1033 1001 1067 habeant
1022 1034 1168 1068 visitandi
1194 1035 1306 1069 eadem
1333 1038 1536 1078 monasteria,
1561 1038 1624 1072 646
1649 1039 1676 1072 b.

378 1087 620 1131 Redemptionis
644 1086 846 1130 captivorum
871 1087 968 1127 Ordo,
994 1088 1064 1121 ride
1087 1089 1120 1122 B.
1146 1089 1259 1122 Mariae
1283 1091 1321 1124 de
1346 1091 1489 1124 Mercede
1514 1096 1541 1124 el
1566 1091 1619 1125 SS.
1645 1092 1819 1126 Trinitatis.

377 1140 584 1185 Regularium
610 1140 759 1174 ecclesias
785 1147 918 1185 possunt
935 1141 1056 1183 ingredi
1075 1153 1147 1176 cum
1166 1153 1259 1178 cruce
1278 1144 1436 1187 parochus
1455 1150 1485 1177 et
1506 1146 1606 1178 clerus
1631 1146 1783 1179 secularis
1807 1145 1840 1178 in
1865 1157 1915 1180 as-

464 1194 639 1229 sociatione
663 1195 898 1235 defunctorum,
927 1196 981 1239 qui
1007 1194 1049 1229 ibi
1075 1197 1225 1238 tumulari
1253 1196 1440 1237 del›eant‚1
1472 1198 1506 1238 b;
1533 1198 1735 1232 declarantur
1759 1199 1913 1232 nonnulla

465 1259 561 1293 super
593 1248 792 1283 subiectione
821 1249 1003 1292 aliquorum
1035 1255 1249 1283 conventuum
1281 1250 1493 1285 iurisdictioni
1527 1251 1684 1285 Ordinarii
1713 1253 1795 1293 loci,
1825 1252 1866 1287 36
1891 1265 1912 1287 a

465 1308 495 1336 et
518 1313 593 1347 seq.;
621 1302 783 1335 decretum
812 1312 926 1337 sacrae.
953 1303 1204 1346 congregationis
1230 1304 1349 1337 rituum
1383 1315 1479 1348 super
1509 1306 1699 1339 deductione
1724 1307 1913 1341 cadaverum

464 1355 503 1388 ad
527 1356 640 1389 horum
660 1355 809 1389 ecclesias
832 1365 849 1388 a
874 1356 1018 1399 parochis
1041 1356 1240 1389 secularibus
1264 1357 1404 1390 facienda
1428 1358 1645 1399 confirmatur,
1665 1358 1727 1392 18⁶2
1748 1370 1768 1392 α
1789 1365 1820 1393 et
1836 1370 1912 1404 δεμ

466 1409 627 1452 regulares
652 1408 736 1442 circa
765 1419 815 1442 res
840 1419 949 1442 curam
970 1409 1149 1442 animarum
1166 1416 1395 1443 concernentes
1412 1411 1535 1444 subsint
1557 1411 1767 1446 iurisdictioni
1792 1413 1914 1457 episco-

464 1473 592 1506 porum,
619 1461 682 1495 635
706 1462 722 1494 b
747 1468 777 1495 ct
801 1473 862 1506 seq.

375 1516 514 1550 Renatus
540 1515 682 1548 Almeras
707 1514 853 1559 superior
872 1513 1028 1558 generalis
1049 1514 1307 1559 Congregationis
1325 1516 1584 1560 presbyterorum
1603 1517 1762 1551 Missionis
1783 1518 1814 1551 in
1832 1518 1907 1552 Gal-

462 1570 516 1609 tia,
542 1567 605 1603 683
628 1569 662 1609 b;
686 1569 859 1612 deputatur
884 1579 900 1601 a
925 1569 1055 1602 Summo
1086 1568 1237 1602 Pontifice
1269 1568 1301 1601 in
1332 1569 1460 1603 tertium
1495 1576 1649 1604 rectorem
1675 1571 1911 1605 administrato-

463 1633 530 1655 rem
555 1621 822 1656 monasteriorum
848 1621 1133 1656 Carmelitanarum
1163 1622 1421 1655 Excalceatarum
1453 1623 1486 1656 in
1517 1634 1614 1667 regno
1640 1624 1804 1665 Franciae,
1832 1624 1909 1659 ibid.

463 1681 492 1710 et
517 1675 581 1709 615
606 1674 640 1716 b;
664 1675 730 1708 eius
755 1674 919 1718 deputatio
943 1675 1128 1708 huiusmodi
1152 1681 1330 1716 revocatur,
1353 1675 1416 1709 617
1441 1687 1461 1709 α
1485 1682 1515 1709 et
1538 1688 1600 1720 seq.

374 1728 614 1772 Redemptionis
630 1727 830 1772 captivorum
844 1728 929 1762 Ordo
942 1728 975 1761 Β.
993 1729 1108 1762 Mariae
1126 1728 1164 1761 de
1181 1728 1334 1769 Mercede,
1346 1729 1417 1763 vide
1430 1728 1512 1762 Ordo
1525 1729 1558 1762 B.
1573 1730 1686 1764 Mariae
1703 1731 1742 1764 de
1757 1730 1909 1764 Mercede.

374 1781 613 1826 Redemptionis
638 1781 837 1825 captivorum
864 1781 948 1815 Ordo
973 1781 1026 1815 SS.
1056 1781 1230 1822 Trinitatis,
1253 1782 1324 1815 vide
1348 1781 1434 1816 Ordo
1459 1782 1511 1815 SS.
1542 1783 1714 1816 Trinitatis.

374 1835 543 1870 Revocatio
568 1839 599 1868 et
630 1834 793 1869 destitutio
816 1840 977 1868 rectorum
1003 1835 1192 1869 monialium
1229 1835 1512 1869 Carmelitanarum
1547 1837 1809 1870 Excalceatarum
1834 1847 1906 1871 cum

462 1889 612 1923 facultate
635 1888 769 1932 singulis
793 1889 995 1922 monasteriis
1020 1888 1166 1932 eligendo
1186 1888 1246 1922 sihi
1264 1899 1359 1923 suum
1377 1894 1533 1923 rectorem
1557 1900 1615 1924 seu
1639 1890 1835 1935 superiorem
1860 1901 1910 1925 01·-

463 1943 626 1976 dinarium
651 1942 887 1983 immediatum,
914 1941 977 1975 609
1002 1942 1018 1973 b
1043 1948 1071 1976 et
1089 1952 1158 1985 aeq.

374 1995 475 2030 Rocca
499 1996 533 2029 di
556 1996 650 2039 Papa
673 2001 757 2029 terra
782 1996 979 2029 Tusculanae
1004 1995 1170 2035 dioecesis,
1197 1994 1261 2029 626
1285 2006 1321 2037 α;
1347 2002 1520 2030 conventus
1545 1996 1579 2030 B.
1603 1996 1687 2030 Petri
1712 1996 1751 2030 de
1775 1997 1909 2031 Nolasco

463 2049 548 2082 illius
560 2049 620 2082 loci
635 2048 821 2082 conceditur
833 2048 1077 2092 Congregationi
1094 2049 1227 2083 fratrum
1245 2049 1514 2084 Discalceatorum
1531 2050 1777 2084 reformatorum
1792 2050 1826 2084 B.
1847 2051 1909 2084 Ma-

464 2102 529 2136 riae
554 2102 593 2135 de
616 2101 759 2136 Mercede
784 2102 1014 2146 redemptionis
1039 2103 1252 2144 captivorum,
1280 2103 1358 2136 ibid.

376 2157 536 2191 Romanus
567 2167 584 2188 a
616 2155 801 2190 Constantia
832 2162 1022 2200 procurator
1046 2156 1180 2189 fratrum
1204 2156 1462 2190 Reformatorum
1486 2156 1570 2190 tertii
1594 2155 1720 2190 Ordinis
1745 2156 1778 2189 S.
1803 2156 1905 2190 Fran-

464 2210 538 2244 cisci
562 2210 650 2252 regni
675 2210 837 2250 Franciae‚
864 2209 907 2242 29
931 2220 960 2242 a.

1137 2316 1156 2348 S

375 2421 553 2455 Sabaudiae
585 2422 648 2456 dux
679 2422 808 2457 Carolus
833 2423 988 2457 Emanuel
1012 2422 1179 2457 decretum
1204 2421 1314 2457 condit
1342 2431 1436 2465 supra
1466 2421 1621 2465 quaedam
1651 2427 1755 2455 castra
1786 2421 1907 2465 episco-

465 2481 555 2517 patus
580 2475 719 2509 Astensis
745 2476 776 2509 in
806 2476 1043 2520 praeiudicium
1069 2475 1158 2510 Sedis
1183 2475 1403 2520 Apostolicae,
1430 2486 1448 2508 a
1472 2485 1535 2518 qua
1559 2474 1679 2508 idcirco
1703 2474 1828 2508 irritum
1854 2475 1908 2508 de—

464 2527 615 2567 claratur,
642 2528 706 2561 264
730 2528 746 2560 b
772 2533 802 2561 et
826 2539 887 2573 seq.

375 2578 552 2613 sabaudiae
574 2580 691 2614 nuncio
716 2581 927 2615 committitur
951 2581 1116 2625 impositio
1137 2581 1273 2615 subsidii
1299 2592 1394 2626 super
1418 2580 1576 2617 fructibus
1600 2579 1823 2617 ecclesiasticis
1847 2589 1905 2623 pro

2151 1043 2176 1209 ·¹⁴·”o³⁶-·2.'
2142 962 2147 1009 ’
