2243 3205
40 206 88 232 An.
103 203 130 230 C.
153 202 220 230 1660

831 201 1015 227 ALEXANDER
1038 200 1084 224 vn
1107 201 1156 225 PP.

232 250 529 293 congregationibus
555 250 646 283 etiam
666 261 700 283 ex
721 251 814 283 causa
836 256 864 283 et
881 250 972 282 titulo

231 313 366 337 oneroso
381 314 538 345 concessa,
553 304 610 337 hac
627 304 694 337 vice
708 303 878 343 dumtaxat,
894 307 922 336 et
936 313 972 335 ex

232 357 334 390 causis
358 357 557 401 supradictis,
582 358 815 401 suspendimus,
836 367 872 390 ac
897 356 972 400 ipsis

233 411 548 454 congregationibus,
574 410 677 454 quoad
697 421 809 444 novem
836 410 972 443 decimas

232 464 418 508 praedictas,
437 465 494 497 hac
512 464 588 504 vice,
607 469 640 497 ut
659 464 847 507 praefertur,
865 463 973 496 suffra-

232 517 299 560 gari
313 518 471 557 nolumus;
489 518 540 550 illa
558 528 631 551 vero
646 516 724 550 alio¹
740 518 771 550 in
785 528 842 550 suo
856 516 972 551 robore

233 580 419 614 permanere
443 570 653 610 decernimus,
679 571 824 614 ipsasque
845 580 973 613 congre-

232 623 374 666 gationes
399 634 434 656 ex
460 623 654 666 gravissimis
679 623 781 656 causis
805 623 972 667 praedictis

231 686 343 709 novem
369 676 500 710 decimis
525 676 706 709 huiusmodi
729 687 914 718 oneramus,
933 681 972 717 et,

233 740 330 773 quum
361 730 473 764 ceteris
498 730 695 762 secularibus
720 734 749 762 et
773 729 973 772 regularibus

233 782 355 816 clericis
381 783 525 826 personis
550 783 689 815 eiusdem
716 782 847 816 dominii
879 783 974 815 Vene-

233 841 342 875 torum,
364 837 520 869 sexdecim
536 865 543 879 ,
568 842 602 869 ut
626 837 819 880 praefertur,
846 836 973 869 indixe-

233 889 343 930 rimus,
354 890 406 922 tali
416 895 542 923 nostrae
554 890 747 933 impositioni
762 889 973 933 acquiescere,

233 952 269 976 ac
286 943 394 976 tacitas
412 946 441 976 et
460 947 622 977 contentas
647 953 714 975 esse
732 943 887 975 volumus.
906 942 974 975 Uni-

233 1006 338 1029 versas
364 1007 438 1030 vero
463 1002 493 1029 et
517 997 656 1039 singulas
687 1007 838 1039 personas
867 995 974 1039 quavis

233 1049 384 1092 dignitate
407 1050 454 1082 vel
483 1049 668 1082 auctoritate
699 1050 863 1092 fungentes
879 1076 886 1089 ,
912 1054 972 1080 tam

235 1102 429 1146 supradictas
447 1103 604 1142 ecclesias,
625 1102 814 1135 monasteria
837 1107 866 1134 et
884 1102 976 1134 bene-

234 1156 305 1189 ficia
329 1156 568 1200 quomodolibet
593 1156 778 1196 obtinentes,
799 1166 835 1189 ac
855 1156 976 1198 pensio-

233 1220 289 1242 nes
313 1219 367 1243 seu
393 1210 524 1251 fructus,
550 1214 602 1242 aut
628 1219 737 1242 eorum
762 1214 882 1252 partem
905 1209 974 1251 sibi,

234 1267 268 1296 ut
300 1263 499 1306 praefertur,
535 1268 713 1295 reservatos
743 1261 975 1306 percipientes,

235 1326 328 1360 quam
354 1315 566 1348 ultimodictas
584 1316 854 1358 congregationes,
874 1320 904 1347 et
928 1325 977 1347 eo-

235 1380 305 1402 rum
320 1379 588 1413 unumquemque,
599 1374 660 1401 tam
675 1369 866 1402 coniunctim
881 1379 975 1412 quam

236 1423 370 1464 divisim,
405 1423 442 1455 ad
467 1423 647 1456 huiusmodi
674 1423 811 1456 decimas
843 1423 874 1455 in
906 1427 976 1456 octo

236 1477 344 1517 annis,
368 1477 458 1509 binas
482 1477 626 1509 videlicet
654 1477 791 1509 decimas
816 1476 976 1509 dumtaxat

237 1529 378 1573 quolibet
402 1539 493 1571 anno,
509 1535 538 1562 et
554 1530 656 1573 quoad
683 1529 893 1562 ultimodictas
908 1539 977 1562 con-

236 1583 437 1626 gregationes
450 1582 589 1625 singulas
611 1586 729 1616 tantum
750 1582 887 1615 decimas
905 1593 975 1615 cum

235 1637 299 1668 una
325 1637 433 1669 octava
453 1640 542 1679 parte
560 1636 688 1668 alterius
705 1635 855 1675 decimae,
875 1635 976 1679 quoad

237 1689 336 1723 dictos
360 1694 463 1722 autem
496 1689 608 1722 fratres
632 1689 840 1722 Mendicantes
865 1690 974 1732 singu-

237 1742 282 1775 las
307 1742 453 1775 similiter
477 1742 614 1775 decimas
639 1743 820 1786 quotannis,
846 1743 977 1775 durante

237 1796 397 1837 octennio,
422 1806 439 1828 a
463 1795 523 1835 die,
541 1806 603 1839 quo
628 1796 737 1828 ultima
762 1796 873 1829 similis
898 1806 976 1829 con-

238 1849 337 1883 cessio
359 1860 375 1882 a
401 1841 562 1893 praedicto
586 1849 766 1883 Innocentio
788 1849 975 1893 praedeces—

238 1913 309 1936 sore
333 1903 414 1936 sacta
439 1903 637 1946 expiraverit,
664 1903 855 1943 inchoando,
888 1909 918 1936 ct
946 1907 980 1936 ut

239 1956 382 2000 sequitur
396 1955 554 1989 finiendo²
568 1956 597 1988 in
612 1956 705 1989 certis
717 1956 859 1989 terminis
877 1966 933 2000 per
950 1961 978 1989 te

238 2009 451 2053 praefigendis
476 2009 597 2052 integre
622 2009 845 2053 persolvendas
877 2010 979 2042 effica-

240 2063 319 2096 citer
344 2063 453 2105 teneri,
480 2069 509 2095 et
533 2074 606 2096 vere
631 2063 787 2106 obligatos
813 2074 894 2103 esse,
921 2063 975 2095 iis-

239 2116 374 2160 demque
406 2116 633 2160 pensionariis,
659 2122 712 2149 aut
736 2127 845 2150 eorum
876 2116 979 2156 alicui,

238 2170 406 2214 pensiones
420 2180 537 2202 annuas
550 2169 725 2213 praedictas
739 2170 980 2213 (quantumlibet

240 2229 413 2267 exemptas,
428 2229 457 2256 ct
471 2223 528 2256 sub
545 2223 706 2266 quibusvis
725 2222 979 2265 obligationibus,

241 2278 333 2310 etiam
360 2277 389 2310 in
415 2277 515 2310 forma
540 2287 701 2318 camerae,
739 2282 768 2309 et
804 2276 980 2308 iuramento

241 2331 333 2364 etiam
359 2331 397 2364 de
411 2341 471 2363 non
486 2330 749 2364 contraveniendo
775 2336 804 2363 et
825 2331 928 2362 forsan
943 2330 980 2362 de

240 2394 304 2418 non
314 2384 513 2428 impetrando
528 2384 644 2426 gratias
658 2389 780 2416 nostras
796 2389 903 2416 contra
917 2394 980 2423 eos,

241 2443 272 2471 et
295 2438 333 2471 de
356 2448 419 2471 non
440 2437 563 2470 utendis
581 2437 748 2477 concessis,
771 2437 909 2469 firmatas
930 2442 982 2469 aut

279 2519 289 2545 1
313 2517 422 2544 Videtur
437 2517 579 2552 legendum
595 2517 671 2544 alids
687 2525 734 2552 pro
751 2517 809 2544 alio
825 2518 862 2550 (a.
879 2517 927 2550 T.).

277 2562 294 2589 2
314 2562 457 2598 perperam
470 2562 512 2588 ed.
525 2561 602 2588 Main.
617 2561 778 2595 legitfinem
792 2570 839 2596 pro
855 2561 982 2596 finiendo

241 2609 281 2641 (a.
298 2610 346 2635 τ.).

1007 249 1081 281 alias
1108 248 1254 287 vallatas,
1281 253 1310 281 et
1341 249 1445 281 forsan
1471 249 1538 281 aliis
1564 249 1692 281 cautelis
1717 252 1747 282 et

1006 302 1140 335 decretis
1166 302 1314 346 munitas)
1332 313 1459 335 causam
1485 301 1663 335 donationis
1688 312 1742 334 su-

1006 366 1062 399 per
1083 355 1192 388 iisdem
1213 356 1366 389 fructibus
1385 362 1414 389 et
1431 356 1636 401 pensionibus
1654 356 1747 388 etiam

1006 409 1109 442 medio
1142 409 1325 442 cedularum
1357 409 1471 443 banchi
1505 421 1559 443 seu
1590 410 1620 442 in
1645 410 1748 442 forma

1006 462 1138 505 depositi
1164 462 1369 504 habentibus,
1395 468 1425 495 et
1450 463 1530 495 intra
1556 468 1626 496 octo
1651 472 1748 495 annos

1007 515 1184 559 praedictos
1198 515 1352 547 habituris
1367 515 1500 558 (etiamsi
1520 516 1588 558 ipsi,
1603 526 1619 547 a
1633 514 1748 559 quibus

1006 569 1172 612 pensiones
1197 569 1377 601 huiusmodi
1404 569 1570 602 solvendae
1589 575 1668 611 sunt,
1686 568 1748 602 iuri

1006 628 1035 655 et
1059 622 1172 655 actioni
1199 622 1351 666 petendae
1384 623 1430 655 vel
1463 623 1644 656 retinendae
1674 633 1749 667 por-

1007 676 1099 709 tionis
1124 680 1176 710 aut
1200 681 1284 708 ratae
1313 676 1411 719 partis
1442 677 1657 720 pensionarios
1683 681 1748 711 tan-

1007 729 1107 772 gentis
1144 729 1347 762 iureiurando
1384 730 1650 773 renunciaverint)
1686 730 1749 763 ulla

1007 782 1173 826 privilegia
1187 788 1239 814 aut
1254 782 1462 825 indulgentias
1476 783 1534 815 sub
1551 793 1750 826 quacumque

1007 836 1177 869 verborum
1197 837 1297 869 forma
1312 841 1365 868 aut
1379 837 1579 880 expressione
1598 840 1750 880 concepta

1007 890 1110 933 quoad
1125 890 1184 922 hoc
1201 890 1380 922 nullatenus
1405 889 1572 932 suffragari
1596 891 1750 930 volumus;

1008 944 1114 987 sieque
1137 950 1166 976 et
1188 954 1251 976 non
1277 943 1367 976 aliter
1388 943 1418 975 in
1435 943 1604 987 praedictis
1629 944 1751 976 univer-

1008 997 1049 1029 sis
1070 1002 1099 1029 et
1124 997 1255 1039 singulis
1268 1007 1325 1040 per
1345 1007 1563 1040 quoscumque
1585 996 1703 1030 iudices
1721 1002 1750 1029 et

1008 1050 1251 1091 commissarios,
1273 1056 1302 1082 et
1319 1060 1484 1083 causarum
1502 1050 1607 1093 palatii
1627 1055 1751 1093 aposto-

1008 1104 1059 1137 lici
1086 1104 1256 1143 auditores,
1282 1104 1374 1136 etiam
1399 1103 1427 1137 S.
1447 1104 1480 1136 R.
1508 1104 1540 1136 E.
1567 1103 1750 1143 cardinales,

1009 1157 1038 1189 in
1064 1157 1173 1200 quavis
1198 1160 1291 1190 causa
1322 1162 1352 1189 et
1377 1157 1540 1196 instantia,
1561 1157 1680 1189 sublata
1707 1157 1751 1188 eis

1010 1215 1039 1243 et
1063 1221 1172 1243 eorum
1200 1210 1329 1243 cuilibet
1353 1211 1461 1254 quavis
1479 1210 1568 1242 aliter
1593 1209 1750 1242 iudicandi

1009 1269 1039 1296 et
1065 1264 1290 1307 interpretandi
1321 1264 1466 1296 facultate
1491 1268 1520 1295 et
1545 1263 1750 1304 auctoritate,

1011 1316 1141 1349 iudicari
1168 1322 1196 1349 et
1221 1316 1344 1349 definiri
1370 1316 1495 1356 debere,
1521 1326 1556 1348 ac
1577 1316 1701 1348 irritum
1722 1322 1751 1348 et

1011 1370 1100 1403 inane
1115 1370 1138 1402 si
1154 1381 1243 1403 secus
1268 1381 1363 1413 super
1391 1370 1438 1402 liis
1453 1380 1469 1402 a
1486 1380 1655 1413 quoquam,
1680 1379 1753 1412 qua-

1010 1424 1055 1456 vis
1080 1423 1287 1463 auctoritate,
1312 1423 1447 1456 scienter
1476 1424 1522 1455 vel
1547 1423 1751 1465 ignoranter,

1011 1476 1178 1519 contigerit
1197 1476 1351 1515 attentari,
1366 1476 1575 1509 decernimus.
1594 1476 1632 1508 Ut
1649 1481 1752 1508 autem

1011 1529 1190 1562 huiusmodi
1228 1529 1368 1562 decimae
1406 1530 1526 1561 facilius
1566 1529 1752 1571 exigantur,

1011 1583 1236 1615 fraternitatem
1263 1588 1359 1623 tuam,
1385 1593 1420 1614 ac
1446 1582 1656 1615 venerabilem
1683 1582 1754 1614 sra—

1012 1640 1089 1669 trem
1126 1635 1337 1678 patriarcham
1372 1635 1594 1676 venetiarum,
1631 1645 1753 1668 necnon

1013 1688 1223 1721 venerabilem
1249 1688 1341 1721 etiam
1368 1688 1495 1720 fratrem
1518 1688 1676 1720 Danielem
1694 1688 1753 1731 epi-

1013 1752 1143 1786 scopum
1169 1742 1389 1785 Tagastensem
1423 1741 1460 1773 ad
1490 1741 1588 1774 dictas
1616 1741 1753 1774 decimas

1013 1795 1192 1838 exigendas,
1213 1796 1348 1839 ducique
1373 1801 1402 1828 et
1427 1795 1566 1828 dominio
1580 1795 1752 1839 praedicto,

1013 1849 1076 1881 sive
1097 1850 1164 1881 eius
1182 1849 1334 1882 ministris
1351 1849 1388 1881 ad
1410 1849 1440 1881 id
1460 1849 1636 1892 specialiter
1654 1848 1752 1892 depu-

1014 1902 1103 1943 tatis,
1129 1903 1257 1941 statim,
1290 1902 1376 1934 nulla
1402 1902 1585 1945 interposita
1611 1904 1700 1935 mora
1725 1906 1754 1934 et

1013 1956 1079 1988 sine
1104 1955 1208 1999 aliqua
1234 1966 1365 1999 prorsus
1390 1955 1616 1995 diminutione,
1649 1959 1752 1988 reten-

1013 2010 1097 2043 tione
1122 2015 1174 2042 aut
1198 2009 1400 2051 detractione,
1419 2009 1510 2041 etiam
1529 2019 1591 2042 non
1608 2008 1754 2041 detractis

1013 2063 1151 2106 quinque
1176 2074 1233 2106 pro
1259 2062 1438 2096 centenario
1460 2072 1603 2095 camerae
1627 2067 1752 2094 nostrae

1014 2116 1189 2159 praedictae
1204 2116 1234 2148 in
1251 2116 1411 2149 exactione
1428 2115 1534 2147 talium
1560 2115 1754 2147 decimarum

1014 2169 1165 2213 applicari
1191 2170 1358 2209 consuetis,
1381 2169 1500 2211 integre
1516 2167 1753 2210 consignandas,

1015 2222 1197 2255 earumdem
1224 2222 1418 2255 decimarum
1438 2222 1623 2254 collectores
1642 2226 1671 2253 et
1688 2231 1755 2253 exa-

1015 2281 1117 2308 ctores
1135 2275 1354 2309 constituimus
1373 2280 1402 2307 ct
1419 2275 1614 2318 deputamus.
1632 2274 1675 2306 Ac
1690 2273 1753 2315 tibi,

1015 2334 1044 2361 et
1080 2329 1275 2372 patriarchae
1312 2328 1534 2367 Venetiarum,
1571 2338 1606 2360 ac
1637 2327 1755 2360 Danieli

1015 2383 1162 2425 episcopo
1196 2381 1387 2425 praedictis,
1412 2392 1470 2424 pro
1495 2391 1590 2413 onere
1615 2380 1697 2424 quod
1725 2381 1754 2413 in

1016 2435 1176 2468 exactione
1202 2434 1395 2467 decimarum
1421 2434 1600 2466 huiusmodi
1627 2435 1755 2466 sustinc-

1016 2489 1097 2530 bitis,
1118 2492 1253 2531 quatuor
1272 2488 1367 2520 millia
1385 2493 1472 2520 scuta
1490 2488 1557 2520 auri
1576 2488 1606 2519 in
1623 2498 1701 2520 auro
1719 2498 1755 2520 cx

1016 2542 1132 2574 eisdem
1159 2541 1289 2573 decimis
1319 2540 1533 2581 detrahenda,
1566 2546 1595 2573 ct
1629 2541 1754 2574 illorum

1018 2595 1213 2627 medictatem
1240 2595 1320 2627 inter
1333 2604 1386 2627 vos
1401 2604 1459 2638 pro
1474 2594 1595 2637 aequali
1612 2594 1755 2637 portione

1650 190 1713 224 603
1760 200 1812 226 An.
1833 199 1860 226 c.
1881 200 1947 227 ¹660
