2263 3215
316 214 364 240 Au.
383 217 410 240 (2,
432 217 496 243 111511
544 207 606 239 2:24

515 263 658 296 bentibus
684 270 713 296 et
738 265 914 296 tenentibus
935 275 988 297 seu
1010 265 1250 309 possidentibus,

516 316 719 360 omniumque
745 317 997 360 supradictorum
1024 319 1143 352 colonis
1163 324 1192 351 et
1212 319 1251 351 la-

515 369 732 410 boratoribus,
758 370 851 402 etiam
879 371 908 403 in
934 381 1169 416 recompensam
1201 373 1247 404 la-

515 422 649 464 borum,
676 423 863 456 damnorum
889 434 1070 467 passorum,
1095 435 1247 469 expensa-

514 486 583 507 rum
610 475 655 507 vel
682 476 880 517 meritorum,
906 487 960 509 seu
986 477 1112 510 illorum
1138 477 1249 510 intuitu

513 534 542 560 et
567 529 840 573 contemplatione,
861 540 897 562 ac
914 540 950 563 ex
966 530 1026 562 alia
1051 541 1251 574 quacumque

511 581 712 624 quantumvis
738 582 960 625 urgentissima
992 589 1022 615 et
1052 583 1090 615 de
1114 584 1249 616 necessi-

511 637 573 667 tate
597 633 775 677 specialiter
806 635 1008 679 exprimenda
1045 637 1159 676 causa,
1192 636 1249 668 sub

511 686 761 732 quibuscumque
794 689 962 721 verborum
998 689 1105 722 formis
1130 695 1159 722 et
1191 700 1246 722 ex-

513 740 740 783 pressionibus,
758 742 878 774 etiamsi
903 743 934 774 in
959 743 1189 786 appaliuumffet
1210 743 1249 775 lo-

511 792 667 825 cationum
694 794 896 827 cameralium
929 794 1144 827 instrumentis
1169 805 1245 838 pro—

511 845 640 878 missum
667 851 698 878 et
721 853 845 880 cautum
871 847 909 880 sit
934 858 985 880 eas
1014 847 1175 880 observari
1200 848 1249 881 de-

510 898 595 941 bere,
621 910 656 932 ae
681 910 751 932 cum
776 900 937 943 quibusvis
963 901 1110 933 clausulis
1135 907 1164 933 et
1188 901 1245 934 de-

509 951 613 993 cretis,
639 952 732 985 etiam
751 959 848 993 motu,
866 953 1005 995 scientia,
1023 953 1248 988 deliberatione

509 1010 539 1037 et
562 1005 723 1048 potestatis
756 1006 949 1049 plenitudine
980 1007 1246 1050 paribus,‘etiam

509 1058 777 1098 consistorialiter,
798 1063 827 1092 ct
852 1059 926 1091 alias
951 1060 1247 1104 quomodocumque

508 1117 538 1143 et
551 1112 824 1156 qualitercumque
837 1113 866 1145 in
882 1123 997 1155 genere
1017 1114 1062 1145 vel
1081 1113 1112 1146 in
1133 1114 1247 1157 specie,

508 1164 545 1196 ad
569 1164 661 1197 vitam
688 1165 734 1197 rel
758 1165 796 1197 ad
822 1171 956 1210 tempus,
983 1166 1047 1199 sive
1073 1167 1102 1199 in
1128 1178 1243 1211 perpe-

509 1224 596 1251 tuum
621 1229 785 1252 concessas
810 1225 839 1252 et
858 1219 954 1263 datas,
980 1230 1014 1253 ac
1040 1222 1160 1264 pluries
1196 1223 1247 1255 ite-

508 1273 583 1305 ratis
597 1273 716 1306 vicibus
730 1274 940 1317 confirmatas,
953 1275 1152 1318 approbatas,
1165 1286 1247 1308 rera-

508 1326 616 1360 lidatas
639 1332 669 1360 et
687 1327 857 1369 innovatas,
875 1333 905 1360 et
925 1328 1005 1369 inde,
1023 1329 1115 1361 etiam
1136 1329 1245 1363 iudicis

506 1381 706 1421 auctoritate,
731 1386 835 1414 secuta
861 1392 1098 1426 quaecumque,
1124 1393 1245 1415 necnon

506 1437 629 1479 quasvis
666 1436 784 1470 litteras
824 1437 918 1469 etiam
961 1437 1150 1481 apostolicas
1185 1438 1242 1470 sub

507 1489 636 1533 plumbo
652 1490 697 1522 vel
720 1490 750 1522 in
767 1490 860 1523 simili
878 1491 980 1523 forma
996 1491 1110 1531 Brevis,
1126 1496 1244 1524 motus-

507 1544 628 1587 proprii
655 1543 790 1586 cedulas,
804 1544 1016 1588 chirographa
1030 1550 1059 1577 et
1072 1545 1245 1588 scripturas

506 1597 684 1630 huiusmodi
710 1609 745 1630 ex
771 1608 853 1631 nunc
872 1604 1025 1642 perpetuo
1049 1609 1243 1640 revocamus,

506 1662 674 1691 cassamus,
696 1653 844 1692 tollimus,
858 1653 1058 1696 abrogamus,
1073 1653 1243 1694 irritamus,

506 1704 668 1738 abolemus
700 1711 727 1738 ct
761 1707 979 1748 annullamus,
1011 1707 1189 1750 viribusque
1216 1712 1243 1739 ct

505 1759 616 1792 effectu
642 1759 766 1802 penitus
791 1770 1000 1801 cvacuamuS,
1029 1771 1064 1793 ac
1089 1766 1243 1802 revocata,

505 1818 634 1853 cassata,
654 1813 784 1854 sublata,
805 1813 965 1856 abrogata,
981 1813 1111 1853 irritata,
1129 1813 1243 1846 abolita

505 1871 536 1898 et
558 1866 726 1906 annullata,
753 1866 932 1910 viribus-que
957 1872 987 1899 et
1012 1867 1123 1899 effectu
1148 1868 1240 1911 peni-

505 1925 554 1951 tus
580 1930 675 1951 vacua
701 1929 777 1960 esse,
803 1930 860 1952 nee
885 1920 939 1952 11111
960 1919 990 1952 111
1018 1919 1166 1964 petitorio
1191 1926 1243 1952 aut

503 1973 698 2016 possessorio
723 1973 816 2005 etiam
841 1973 1104 2005 summariissimo
1136 1977 1243 2006 contra

506 2026 717 2070 praesentium
752 2025 926 2058 litterarum
960 2032 1099 2059 tenorem
1126 2032 1155 2058 et
1180 2026 1242 2059 dis-

505 2079 692 2122 positionem
719 2079 885 2122 suffragari
910 2089 1011 2122 posse,
1037 2079 1089 2112 sed
1118 2079 1243 2123 praedi-

505 2138 571 2165 ctos
595 2143 704 2166 omnes
729 2138 756 2165 et
782 2133 922 2175 singulos
949 2137 1109 2176 exemptos
1126 2133 1164 2165 ad
1181 2144 1243 2166 om-

504 2186 591 2218 nium
625 2197 759 2219 onerum
794 2185 1027 2229 praedictorum
1053 2186 1242 2218 solutionem

505 2244 534 2271 et
558 2239 825 2284 supportationem
851 2250 908 2283 pro
929 2241 994 2272 rata
1020 2249 1073 2272 eos
1098 2244 1243 2282 tangente

504 2293 535 2325 in
564 2298 724 2337 posterum
759 2293 886 2326 realiter
910 2299 940 2326 et
964 2304 1034 2326 cum
1060 2293 1172 2326 effectu
1199 2299 1243 2327 te-

504 2347 570 2379 neri
597 2347 627 2380 in
652 2347 798 2381 omnibus
823 2353 853 2380 et
877 2357 932 2391 per
962 2348 1086 2390 omnia,
1111 2347 1243 2392 perinde

505 2411 540 2432 ac
565 2400 589 2432 si
610 2400 711 2433 dictae
736 2401 951 2445 exemptiones
977 2407 1006 2433 et
1031 2401 1243 2434 immunitates

505 2454 549 2485 eis
570 2463 736 2486 concessae
760 2464 822 2486 non
847 2454 993 2493 fuissent,
1019 2465 1075 2487 nec
1101 2454 1241 2495 litterae,

505 2518 541 2540 ac
565 2507 693 2540 cedulae
718 2508 957 2552 motusproprii,
982 2508 1193 2552 chirographa
1213 2513 1243 2540 et

506 2560 680 2603 scripturae
704 2561 883 2594 huiusmodi
911 2567 1119 2603 emanassent,
1143 2566 1241 2601 motu,

507 2613 648 2654 scientia,
660 2614 884 2649 deliberatione
909 2620 939 2648 et
963 2615 1123 2660 potestatis
1146 2616 1242 2660 pleni-

1091 219 1267 242 BULLAltlUM
1294 220 1444 242 ROMAAEUM

1286 266 1391 299 tudine
1416 266 1582 310 praedictis
1616 265 1834 307 decernimus,
1859 267 2024 300 statuimus

1285 323 1314 351 ct
1328 319 1533 351 declaramus.

1329 372 1343 415 ξ
1367 372 1396 403 3.
1424 372 1586 404 Praeterea
1612 372 1716 404 omnia
1746 378 1775 404 et
1808 383 2023 416 quaecumque
2062 391 2213 416 DUM-qim,

1285 424 1447 467 privilegia
1480 429 1509 455 et
1542 424 1660 456 indulta
1693 426 1835 468 personis
1870 425 2021 458 ecclesia-
2038 421 2214 470 {3''.'„.-.¹;’ilr³ffiffi

1285 476 1380 516 sticis,
1404 482 1434 508 et
1458 481 1520 509 tam
1546 477 1749 519 secularibus,
1768 488 1861 522 quam
1886 478 2023 512 cuiusvis
2038 472 2125 493 ‘⁹¹³“‘¹²·

1284 529 1418 569 Ordinis,
1436 530 1689 573 congregationis
1705 536 1736 563 61
1752 530 1894 571 instituti,
1913 542 1948 564 ac
1969 531 2023 565 So-

1284 583 1403 616 cietatis
1427 583 1520 616 etiam
1540 584 1618 624 lesu,
1639 583 1847 627 regularibus,
1864 595 1959 628 super
1983 584 2024 617 si-

1284 635 1410 667 milibus
1435 634 1684 670 immunitatibus
1708 641 1738 669 et
1762 636 2023 680 exemptionibus,

1283 698 1339 732 per
1355 698 1571 732 quoscumque
1584 689 1741 722 Romanos
1758 689 1923 723 Pontifices
1937 700 2024 734 prac-

1283 741 1465 773 decessores
1498 746 1622 774 nostros
1647 751 1805 782 concessa,
1838 742 1875 774 ad
1908 742 2022 775 limites

1283 794 1360 826 iuris
1385 795 1576 837 eommunis,
1603 800 1710 837 motu,
1733 795 1879 836 scientia,
1910 795 2023 828 delibe-

1284 847 1414 887 ratione,
1442 848 1604 890 potestatis
1636 849 1831 892 plenitudine
1859 854 1889 881 et
1914 855 2021 883 tenore

1282 899 1460 943 praedictis,
1478 900 1668 934 reducimus.
1686 901 1739 934 Illa
1758 912 1840 943 vero,
1855 912 1934 945 quae
1947 912 2022 935 non-

1282 952 1376 984 nullis
1402 952 1543 995 collegiis
1568 953 1599 985 in
1624 954 1706 986 alma
1731 954 1814 986 Urbe
1831 956 1939 987 nostra
1959 955 2021 987 exi-

1282 1005 1450 1046 stentibuS,
1476 1016 1532 1049 per
1556 1006 1685 1040 dilectos
1709 1007 1791 1040 filios
1815 1006 1947 1040 clericos
1971 1018 2021 1039 re-

1282 1058 1407 1100 gulares
1432 1058 1531 1091 dictae
1564 1059 1727 1092 Societatis
1759 1060 1827 1092 lesu
1852 1060 1916 1093 sive
1943 1060 2020 1093 alios

1281 1122 1497 1155 quoscumque
1520 1111 1732 1145 administrari
1754 1113 1920 1155 consuetis,
1935 1113 2021 1146 simi-

1283 1165 1352 1198 liter
1376 1177 1393 1198 a
1418 1165 1566 1199 Romanis
1598 1166 1800 1199 Pontificibus
1838 1166 2022 1210 praedeces-

1280 1219 1406 1252 soribus
1435 1219 1549 1252 nostris
1574 1230 1722 1253 concessa
1747 1220 1892 1261 suerunt,
1917 1220 2020 1264 quoad

1282 1273 1396 1306 victum
1423 1279 1452 1306 ct
1473 1273 1618 1306 restitum
1639 1273 1806 1315 dumtaxat,
1824 1283 1885 1307 non
1904 1278 2019 1317 autem,

1280 1332 1313 1359 ut
1331 1328 1424 1370 vulgo
1450 1327 1574 1368 dicitur,
1590 1338 1607 1360 a
1624 1327 1758 1371 fomlczco
1775 1333 1804 1360 et
1824 1338 2019 1371 mayazzeno,

1280 1387 1374 1426 prout
1399 1382 1547 1414 hactenus
1572 1381 1771 1415 observatum
1804 1381 1880 1423 suit,
1907 1381 2020 1414 suffra-

1279 1436 1347 1478 gari
1374 1436 1518 1468 volumus
1538 1441 1567 1467 et
1584 1435 1794 1468 decernimus.

1324 1490 1338 1532 ἓ
1363 1489 1391 1521 4.
1417 1490 1459 1522 Ac
1491 1489 1617 1521 demum
1653 1488 1766 1521 similia
1801 1488 1965 1532 privilegia
1989 1494 2019 1521 61

1280 1541 1398 1576 indulta
1434 1542 1599 1586 nepotibus
1624 1546 1653 1575 et
1685 1542 1753 1574 aliis
1777 1542 2019 1585 consanguineis
2033 1557 2155 1580 poni-neum
2181 1565 2210 1582 ro.

1280 1595 1326 1628 vel
1344 1595 1489 1628 affinibus
1514 1606 1788 1639 quorumcumque
1806 1596 2019 1629 Romanorum
2034 1587 2100 1606 '⁰⁰³¹'

1279 1648 1465 1681 Pontificum
1515 1649 1792 1692 praedeeessorum
1836 1654 2017 1682 nostrorum

1278 1713 1336 1746 pro
1358 1708 1498 1746 tempore
1525 1703 1692 1736 viventium
1711 1703 1750 1735 ab
1769 1703 1828 1735 illis
1847 1703 2020 1746 respective

1279 1766 1426 1789 concessa
1451 1756 1556 1789 itidem
1583 1767 1788 1797 revocamuS,
1813 1767 1848 1789 ac
1874 1761 2019 1790 revocata

1278 1820 1345 1842 esse
1371 1815 1400 1842 et
1425 1809 1544 1842 censeri
1576 1810 1692 1842 debere
1727 1810 1887 1849 volumus,
1916 1809 2020 1843 decla-

1279 1869 1381 1896 rantes
1407 1864 1458 1896 illa
1483 1864 1599 1896 nemini
1630 1864 1812 1897 eorumdem
1845 1869 1994 1907 nepotum
2010 1891 2017 1904 ,
2033 1908 2041 1911 χ

1278 1918 1342 1949 sive
1367 1917 1686 1960 consanguineorum,
1710 1918 1755 1950 vel
1774 1917 1914 1950 affinium
1935 1928 1953 1949 a
1968 1917 2019 1950 die

1277 1976 1403 2003 nostrae
1438 1971 1475 2003 ad
1516 1971 1629 2003 summi
1666 1971 1860 2014 apostolatus
1896 1970 2016 2014 apicem

1277 2024 1483 2067 asuniptionis
1512 2023 1679 2067 suffragari
1709 2023 1842 2066 debere,
1871 2034 1925 2056 seu
1957 2023 2014 2056 de-

1278 2076 1391 2109 buisse.

1323 2131 1337 2174 §
1361 2131 1389 2163 5.
1416 2131 1474 2163 Per
1498 2131 1669 2175 praemissa
1694 2135 1796 2163 autem
1822 2140 1885 2164 non
1910 2130 2013 2163 interi·
2067 2143 2207 2174 exemptam·

1277 2184 1379 2217 dimus
1405 2195 1552 2218 revocare
1577 2185 1791 2228 exemptiones
1815 2190 1845 2217 et
1869 2170 2204 2217 111111111111-ἀε’ΜΝισΙμΙι

1277 2243 1353 2271 tates
1367 2238 1617 2283 quibuscumque
1628 2239 1773 2282 personis
1787 2237 2015 2277 ecclesiasticis,

1278 2298 1339 2324 tam
1364 2292 1579 2333 secularibus,
1611 2303 1705 2337 quam
1731 2291 1953 2336 regularibus,
1977 2291 2016 2324 de

1277 2346 1344 2379 iure
1369 2350 1594 2390 competentes,
1611 2356 1712 2390 neque
1732 2345 1946 2386 thesaurariis,
1966 2356 2017 2389 ap-

1275 2400 1480 2443 paltatoribus
1505 2405 1533 2432 et
1558 2399 1803 2433 conductoribus
1838 2399 2015 2439 bonorum,

1276 2454 1460 2487 introituum
1486 2459 1516 2487 et
1540 2453 1655 2486 iurium
1680 2453 1781 2486 dietae
1805 2463 1948 2486 camerae
1963 2463 2016 2486 no-

1275 2512 1366 2548 strae,
1391 2508 1429 2540 ab
1455 2508 1521 2551 ipsa
1546 2509 1681 2548 camera,
1695 2518 1750 2540 seu
1767 2507 1834 2540 aliis
1856 2507 1938 2540 illius
1957 2517 2014 2540 no-

1275 2561 1369 2601 mine,
1389 2561 1419 2593 in
1437 2562 1619 2605 appaltuum
1638 2567 1668 2594 et
1693 2561 1881 2594 locationum
1903 2561 2014 2594 instru-

1275 2616 1387 2649 mentis
1411 2618 1440 2648 et
1464 2615 1589 2648 illorum
1615 2616 1734 2649 ratione
1759 2626 1932 2650 concessas.

2060 1505 2140 1526 lmtulta
2163 1511 2210 1527 con-

2044 1532 2203 1558 sanguineorum
2239 1543 2241 1548 ·

2041 221 2087 246 An.
2105 221 2131 247 c.
2154 222 2215 250 1656
2256 218 2259 226 “
