2243 3205
37 223 88 251 An.
107 220 135 249 C.
152 219 219 248 {657

229 275 375 310 expresse
387 265 594 309 derogamus,
613 265 788 310 ceterisque
802 265 970 299 contrariis

229 319 490 363 quibuscumque.
745 354 749 356 ,

68 389 213 414 Transumpto-
273 372 287 415 ἓ
320 372 349 405 7.
379 373 529 405 Volumus
559 378 663 406 autem
692 377 725 405 ut
756 371 970 416 praesentium

36 423 80 438 '⁰¹¹'
93 416 152 437 ⁶⁶²⁵*
229 425 443 469 transumptis,
466 425 558 458 etiam
586 425 770 469 impressis,
796 435 891 458 manu
914 434 972 457 no-

228 478 298 510 tarii
316 478 434 522 publici
453 479 649 522 subscriptis,
670 484 700 511 et
719 478 822 521 sigillo
840 478 972 511 alicuius

229 541 382 575 personae
403 532 433 564 in
454 532 663 566 ecclesiastica
681 531 833 574 dignitate
857 531 973 565 consti-

229 589 312 618 tutae
338 585 475 627 munitis,
494 586 601 618 eadem
617 585 746 619 omnino
760 585 837 618 fides
856 585 974 629 ubique

229 637 372 670 locorum
400 644 460 671 tam
485 639 515 671 in
542 639 657 672 iudicio
675 649 767 683 quam
787 643 873 673 extra
898 638 973 671 illud

229 690 396 734 habeatur,
422 702 502 736 quae
528 692 604 735 ipsis
630 692 851 736 praesentibus
877 691 973 725 liabe-

228 749 334 784 retur,
359 744 384 777 si
410 745 511 777 forent
529 744 686 778 exhibitae
703 745 749 777 vel
776 750 928 778 ostensae.

274 797 385 830 Datum
399 798 526 839 Romae,
537 797 620 841 apud
632 798 660 830 S.
672 797 799 830 Mariam
813 798 974 838 Maiorem,

231 849 289 882 sub
314 851 429 885 annulo
461 851 620 893 picatoris,
649 851 699 884 die
725 861 769 884 xu
794 851 975 885 novembris

232 913 370 945 iunccvu,
389 905 590 949 pontificatus
606 906 705 939 nostri
723 915 805 939 anno
819 916 862 939 ui.

267 966 324 994 Dat.
343 967 386 994 die
404 968 434 994 12
452 968 607 996 novembris
627 968 702 1002 1657,
720 969 818 1004 pontif.
836 977 882 995 an.
899 975 937 995 111.

523 1112 673 1146 CLXXXI.

277 1248 367 1279 iussu
384 1246 488 1290 felicis
504 1247 738 1280 recordationis
751 1247 876 1280 Urbani
896 1248 978 1281 VIII

275 1305 304 1333 el
329 1300 513 1334 Innocentc'i
539 1301 569 1334 X
592 1312 649 1344 pro
669 1301 878 1334 subventione
895 1312 976 1345 pau-

274 1364 391 1397 perum
411 1358 616 1397 aemulorum
640 1354 744 1388 Urbis.

427 1434 597 1462 Alexander
616 1435 696 1469 Papa
714 1435 777 1467 vn,

0 1191 5 1434 ι
233 1192 446 1233 Constantio,
480 1204 547 1237 qua
585 1193 786 1226 innovantur
820 1193 976 1227 ordinata

1 1439 7 1531 Ι
362 1479 399 1505 ad
414 1482 590 1512 perpetuam
605 1479 651 1505 rei
666 1479 847 1506 memoriam.

64 1558 203 1580 Prooemium.
279 1550 315 1583 Ut
337 1550 366 1582 in
385 1550 442 1583 liae
456 1550 537 1583 alma
551 1550 634 1584 Urbe
654 1551 762 1584 nostra
781 1551 975 1595 pauperibus

233 1603 370 1647 aegrotis
395 1609 573 1647 opportuna
598 1604 759 1637 charitatis
788 1605 902 1637 auxilia
927 1615 975 1638 se-

233 1657 309 1689 dulo
333 1657 549 1699 exhibeantur,
575 1668 690 1702 operae
710 1658 845 1702 pretium
865 1659 977 1692 facturi

232 1710 323 1743 nobis
341 1710 493 1752 videmur,
513 1711 536 1743 si
557 1711 619 1751 illa,
640 1721 720 1754 quae
741 1711 859 1744 dtulum
880 1711 977 1745 felicis

235 1764 465 1797 recordationis
491 1764 608 1798 Urbani
634 1765 699 1797 VIII
718 1770 747 1798 et
764 1765 935 1799 Innocentii
953 1767 977 1799 X

234 1817 450 1851 Romanorum
477 1817 662 1851 Pontificum
694 1819 976 1862 praedecessorum

234 1874 417 1905 nostrorum
445 1871 530 1905 iussu
550 1873 584 1904 ea
607 1882 705 1916 super
722 1883 755 1905 re
773 1873 905 1917 provide
922 1876 978 1907 sta-

8 1909 13 1977 }
235 1929 300 1958 tuta
314 1925 450 1966 fuerunt,
469 1925 664 1969 innovemus,
682 1931 721 1967 et,
736 1937 799 1970 quo
812 1932 978 1960 serventur

235 1979 266 2011 in
290 1982 451 2023 posterum
477 1979 633 2020 exactius,
659 1980 841 2023 graviorum
867 1991 979 2024 poena-

9 1981 14 2071 i
235 2043 305 2065 rum
327 2032 501 2066 adiectione
522 2034 710 2067 muniamus.

11 2071 16 2144 1
45 2118 98 2140 ΝΜ
121 2092 222 2146 03ῑὶτῖῗὶἒῇ
281 2086 296 2129 ξ,
320 2086 349 2119 l.
375 2087 491 2130 Itaque,
512 2087 550 2119 de
572 2087 827 2131 congregationis
853 2098 979 2122 venera-

12 2147 17 2172 !
45 2139 347 2194 jgssgrgfflffigjbilium
374 2140 505 2173 fratrum
531 2146 713 2174 nostrorum
738 2141 767 2174 S.
793 2142 827 2175 R.
853 2142 886 2174 Ε.
912 2152 980 2176 car-

12 2176 21 2491 }
237 2193 388 2227 dinalium
413 2199 442 2227 et
459 2194 646 2228 dilectorum
667 2195 806 2229 filiorum
820 2196 979 2229 Romanae

47 2198 137 2220 rituber

237 2246 347 2280 Curiae
373 2247 588 2291 praelatorum
614 2259 709 2292 super
740 2249 875 2292 negotiis
900 2249 977 2282 visi-

237 2299 361 2334 tationis
385 2300 574 2344 apostolicac
599 2312 617 2334 a
641 2302 731 2335 nobis
757 2302 917 2335 institutae
931 2302 980 2335 dc-

235 2358 418 2397 putatorum
444 2354 592 2396 consilio,
622 2355 769 2388 omnibus
795 2361 823 2388 et
848 2355 980 2398 singulis

236 2407 504 2450 praeceptoribus,
530 2407 807 2451 gubernatoribus,
832 2408 980 2451 guardia·

236 2460 293 2501 nis,
317 2460 513 2501 officialibus,
539 2461 716 2494 rectoribus
733 2465 763 2494 et
779 2461 979 2495 administra·

237 2513 357 2546 toribus
375 2513 626 2557 quibuscumque
650 2514 730 2547 infra
755 2524 979 2558 expressorum

237 2565 337 2599 dictae
358 2567 449 2600 Urbis
469 2567 683 2611 hospitalium,
702 2568 760 2600 sub
780 2567 981 2612 vigintiquin-

238 2631 298 2664 que
323 2626 484 2654 scutorum
510 2622 577 2655 auri
593 2632 609 2654 a
627 2627 903 2657 contraventorum
919 2623 981 2658 sin-

830 216 1017 241 ALEXANDER
1041 216 1086 240 vn
1110 216 1157 240 Pr.

1007 264 1089 307 gulis
1114 264 1151 297 de
1176 264 1314 307 propriis
1336 273 1447 297 eorum
1469 262 1558 295 bonis
1576 261 1749 305 exigenda⁴,

1007 327 1129 351 necnon
1154 316 1339 361 privationis
1368 316 1544 350 officiorum
1570 321 1600 349 et
1623 315 1749 359 incapa-

1006 371 1110 405 citatis
1135 370 1172 403 ad
1199 370 1258 402 alia
1283 370 1397 402 similia
1422 369 1591 403 obtinenda
1620 379 1658 402 co
1682 369 1750 413 ipso

1007 423 1216 465 incurrendis,
1242 423 1374 466 aliisque
1398 429 1506 456 nostro
1529 428 1557 456 et
1582 434 1640 467 pro
1665 427 1747 455 teni-

1007 489 1086 522 pore
1112 477 1271 511 existentis
1291 477 1422 510 Romani
1440 476 1599 510 Pontificis
1627 476 1748 509 arbitrii

1008 532 1118 576 poenis
1133 532 1246 565 barum
1261 531 1352 571 serie,
1366 531 1551 564 auctoritate
1565 530 1749 574 apostolica,

1009 585 1150 619 districte
1166 584 1390 629 praecipimus,
1408 589 1441 617 ut
1459 584 1538 617 infra
1553 584 1685 627 scriptas
1703 595 1750 616 or-

1008 639 1185 672 dinationes
1206 638 1373 682 diligenter
1391 638 1569 678 observent,
1588 637 1748 671 videlicet:

1053 692 1067 735 ἓ
1091 691 1120 724 ⁶2.
1155 691 1188 724 In
1213 691 1354 735 quolibet
1382 690 1566 724 corumdem
1603 691 1745 734 hospita-

1009 745 1086 778 lium
1111 743 1244 777 seorsim
1265 744 1451 778 costituatur
1472 744 1568 785 locus,
1586 754 1642 776 seu
1666 754 1751 776 man-

1009 799 1055 832 sio
1090 803 1176 831 certo
1213 798 1368 831 lectorum
1403 808 1537 831 numero
1574 798 1750 837 instructa,

1010 852 1040 884 in
1073 851 1187 896 quibus
1223 852 1417 896 recipiantur
1447 852 1499 895 qui
1536 850 1640 884 scabie
1671 851 1752 883 ultra

1010 905 1087 938 alias
1112 905 1313 938 infirmitates
1338 905 1367 938 in
1394 905 1461 949 ipso
1478 905 1626 949 hospitali
1647 904 1751 938 curari

1009 960 1118 994 solitas
1142 959 1375 999 lab01·averint;
1395 959 1537 1003 parochi,
1559 957 1685 1002 quando
1703 969 1752 991 ac-

1009 1019 1136 1058 grotum
1154 1014 1185 1047 in
1203 1014 1260 1047 viis
1278 1019 1308 1047 et
1328 1013 1440 1058 plateis
1458 1013 1603 1057 publicis,
1621 1012 1752 1046 stabulis

1009 1067 1116 1100 aliisve
1141 1067 1218 1101 locis
1242 1067 1324 1100 intra
1350 1066 1502 1100 terminos
1527 1066 1752 1111 parochiarum

1009 1130 1138 1153 suarum
1164 1120 1358 1164 receperint,
1383 1120 1498 1154 lectum
1523 1120 1730 1163 gestatorium
1745 1147 1752 1159 ,

1010 1184 1045 1206 ex
1070 1174 1141 1207 loco
1167 1174 1198 1206 in
1222 1184 1285 1219 quo
1310 1173 1415 1207 dilecti
1439 1173 1495 1206 filii
1513 1173 1751 1218 eleemosynarii

1010 1227 1108 1260 nostri
1144 1228 1229 1260 iussu
1263 1227 1434 1260 collocatus
1467 1227 1581 1267 fuerit,
1615 1227 1753 1264 adferri,

1009 1285 1248 1324 aegrotumque,
1274 1281 1298 1313 si
1324 1293 1361 1313 ex
1386 1281 1512 1314 natione
1538 1280 1649 1320 fuerit,
1675 1290 1754 1324 quae

1010 1334 1163 1378 hospitale
1189 1334 1221 1366 in
1246 1334 1355 1367 eadem
1380 1334 1462 1367 Urbe
1491 1334 1613 1375 habeat,
1637 1333 1675 1366 ad
1701 1334 1755 1367 lio-

1010 1389 1121 1432 spitale
1146 1388 1281 1422 nationis
1306 1388 1498 1429 huiusmodi,
1524 1388 1571 1421 siu
1592 1388 1696 1421 minus
1716 1388 1755 1420 ad

1011 1441 1163 1485 hospitale
1190 1452 1368 1483 commune,
1394 1442 1478 1485 quod
1500 1442 1599 1486 magis
1623 1447 1754 1485 aegroto

1010 1495 1186 1538 placuerit,
1220 1495 1394 1529 dummodo
1427 1501 1531 1528 tamen
1564 1495 1694 1528 morbus
1718 1506 1754 1527 cx

1011 1548 1071 1581 illis
1096 1549 1145 1588 sit,
1170 1549 1224 1592 qui
1250 1549 1280 1581 in
1299 1549 1409 1582 eodem
1428 1548 1575 1593 hospitali
1594 1549 1754 1582 communi

1011 1607 1182 1645 curantur,
1217 1602 1331 1635 deferri
1366 1608 1485 1635 curent,
1517 1602 1576 1635 Pro
1601 1601 1756 1635 mercedis

1010 1655 1214 1695 baiulorum,
1240 1656 1294 1700 qui
1320 1662 1482 1699 aegrotum
1509 1656 1547 1688 ad
1579 1655 1755 1700 hospitale,

1012 1715 1044 1742 ut
1059 1710 1282 1754 praemittitur,
1299 1710 1479 1752 detulerint,
1499 1710 1664 1749 solutione,
1679 1710 1755 1743 elec-

1012 1765 1209 1809 mosynarius
1234 1770 1341 1798 noster
1366 1764 1548 1808 praedictus
1576 1764 1753 1806 adhibetur,

1011 1818 1060 1851 cui
1075 1818 1252 1852 mercedem
1264 1824 1410 1862 prompte
1422 1818 1562 1852 solvendi
1575 1817 1754 1852 mandalum

1012 1871 1173 1905 decamus.
1207 1872 1327 1906 Licebit
1352 1872 1501 1912 cuilibet,
1530 1872 1581 1915 qui
1609 1877 1756 1915 aegrotos

1012 1924 1042 1957 in
1068 1925 1125 1958 viis
1150 1929 1178 1959 el
1214 1925 1325 1969 plateis
1349 1925 1483 1969 publicis
1516 1925 1648 1969 aliisque
1679 1925 1756 1958 locis

1013 1979 1135 2019 viderit,
1147 1979 1213 2013 eius
1224 1980 1269 2012 rei
1280 1980 1448 2013 certiorem
1459 1979 1560 2013 facere
1570 1979 1755 2023 parochum,

1013 2037 1046 2066 ut
1067 2033 1117 2065 ille
1136 2033 1250 2066 lectum
1278 2033 1484 2076 gestatorium
1511 2032 1639 2073 adferri,
1660 2033 1756 2076 ipsos-

1012 2096 1073 2130 que
1097 2092 1245 2130 aegrotos
1270 2086 1308 2119 ad
1329 2086 1484 2130 hospitale
1508 2086 1623 2119 deferri
1649 2092 1754 2123 curet;

1012 2139 1103 2173 nobis
1139 2145 1243 2173 autem
1284 2145 1469 2184 pergratum
1507 2140 1566 2174 erit
1601 2140 1756 2173 eiusmodi

1013 2193 1211 2237 obsequium.
1245 2194 1366 2237 AEgroti
1393 2205 1429 2226 ex
1460 2193 1670 2238 hospitalibus
1694 2204 1756 2226 non

1013 2245 1209 2280 dimittantur
1227 2246 1409 2290 priusquam
1431 2247 1510 2280 bene
1531 2246 1627 2279 sanati
1652 2257 1687 2280 ac
1705 2258 1756 2279 cx-

1014 2303 1060 2333 tra
1085 2299 1260 2343 periculum
1288 2300 1443 2334 recidivae
1464 2300 1494 2332 in
1515 2300 1660 2333 morbum
1684 2311 1752 2343 pro·

1014 2353 1164 2397 lapsiouis
1190 2354 1349 2387 constituti
1371 2354 1441 2388 sint.

1059 2407 1073 2450 ἓ
1097 2407 1126 2439 3.
1153 2407 1252 2440 Porro
1277 2407 1445 2451 hospitalia
1470 2414 1571 2441 certas
1588 2413 1671 2441 artes
1693 2419 1756 2439 uie-

1014 2461 1160 2494 clianicas
1188 2461 1406 2494 exercentibus
1431 2461 1581 2494 destinata
1607 2467 1677 2493 sunt
1703 2461 1752 2493 in-

1014 2513 1197 2558 frascripta,
1224 2514 1383 2547 videlicet:

1054 2633 1060 2657 l
1086 2631 1179 2658 Potius
1199 2632 1258 2667 lege
1279 2632 1486 2667 ‹aviqemlorum
1506 2636 1539 2668 [R.
1557 2632 1603 2667 Τ.).

1647 204 1711 238 317
1759 212 1807 238 An.
1828 212 1856 239 c.
1878 212 1946 240 ⁴6⁵7

1767 729 1794 747 lul
1801 733 1878 747 lunum.
