2243 3205
819 203 914 228 INDEX
940 202 1138 227 ammomum

296 256 348 290 tali
370 256 496 291 Ordinis
512 257 646 290 fratrum
664 256 822 289 Minorum
844 257 944 290 sancti

296 310 455 343 Francisei
482 310 520 343 de
546 309 750 343 Observantia
777 320 946 353 nuncupa-

297 369 415 404 torum,
444 362 518 395 465.

207 415 356 449 CCXLIII.
390 416 596 450 Confirmatio
633 416 824 449 concordiae
856 426 952 460 super

296 470 511 503 controversia
547 469 724 504 confinium
761 471 843 503 inter
879 480 951 512 pro-

296 523 432 557 vinciam
465 523 496 557 S.
511 523 620 558 Didaei
642 523 672 556 in
690 523 795 556 Betica
825 523 952 556 Ordinis

297 578 396 610 sancti
426 577 587 611 Francisei
619 577 657 611 de
690 577 896 611 observantia
922 583 952 610 et

299 631 496 674 provinciam
512 631 542 664 S.
560 631 688 664 Ioannis
701 631 860 675 Baptistae
875 631 954 664 eius-

298 685 370 718 dem
392 685 518 718 Ordinis
536 687 656 725 exorta,
677 696 750 717 cum
771 691 952 728 praecepio,

300 745 335 773 ut
359 739 486 773 termini
512 744 540 772 et
567 738 706 772 confinia
723 740 806 772 inter
826 739 953 771 easdem

299 794 479 837 provincias
503 785 589 826 iuxta
614 792 820 826 concordiam
844 791 955 825 huius-

301 847 386 880 modi
408 853 585 887 serventur,
608 846 683 879 467.

211 900 360 934 CCXLIV.
389 900 517 941 Statuit,
545 901 631 944 quod
664 899 878 933 commissarii
903 926 920 943 s

301 954 425 988 nerales
462 953 587 987 Ordinis
627 954 762 987 fratrum
795 953 954 986 Minorum

301 1008 402 1041 sancti
429 1007 589 1041 Francisci
607 1006 644 1040 de
665 1007 871 1041 Observantia
890 1017 954 1041 non

301 1063 424 1106 possint
439 1061 602 1095 retardare
616 1061 756 1105 capitula
773 1061 955 1106 provinciae

301 1115 332 1149 S.
362 1116 501 1149 Tliomae
526 1115 666 1159 Apostoli
684 1116 714 1148 in
733 1115 831 1148 Indiis
848 1114 957 1148 Orien-

302 1169 419 1202 talibus
434 1168 508 1202 dicti
527 1168 666 1209 Ordinis,
680 1168 747 1209 sed,
761 1169 866 1201 statim
881 1179 956 1202 con-

302 1222 440 1265 gregatis
459 1222 488 1255 in
506 1222 570 1256 Goa
588 1222 762 1261 vocalibus,
780 1222 863 1255 intra
879 1232 956 1265 qua-

301 1275 445 1309 triduum
480 1276 517 1309 ad
544 1276 718 1320 capitulum
756 1275 952 1319 procedere,

302 1328 447 1372 illudque
472 1329 554 1362 intra
588 1329 693 1362 simile
726 1329 867 1373 spatium
894 1329 957 1362 ab—

301 1382 423 1415 solvere
449 1382 582 1423 debere,
608 1383 683 1416 licet
707 1383 807 1426 aliqui
833 1383 956 1417 vocales

303 1434 407 1468 absint
431 1436 575 1479 impediti
596 1436 644 1470 vel
671 1436 780 1470 adesse
812 1447 957 1469 recusan-

303 1494 360 1531 tes,
389 1501 461 1523 curn
487 1490 622 1523 diversis
647 1490 791 1530 indultis,
818 1489 892 1523 469.

214 1542 349 1577 CCXLV.
389 1542 597 1576 Confirmatio
632 1544 842 1587 quarumdam
874 1553 957 1576 con-

304 1597 507 1630 stitutionum
526 1597 556 1629 in
575 1596 714 1641 capitulo
734 1596 875 1639 generali
895 1597 957 1629 edi-

306 1655 410 1682 tarum
425 1660 483 1693 pro
499 1650 582 1683 felis-i
598 1651 730 1683 fratrum
746 1649 846 1683 sancti
861 1649 957 1682 Fran-

306 1702 381 1736 cisei
409 1709 472 1735 tam
499 1703 538 1736 de
557 1703 760 1736 Observantia
779 1713 875 1747 quam
898 1703 957 1735 Re-

305 1755 515 1788 formatorum
541 1756 699 1789 dictorum
727 1762 822 1795 statu,
849 1756 923 1788 471.

215 1807 365 1842 CCXLVI.
380 1808 550 1842 Concessio
565 1809 782 1852 indulgentiae
797 1809 956 1853 plenariae

305 1862 456 1895 fratribus
474 1862 626 1906 regularis
650 1863 870 1896 observantiae
887 1873 958 1895 san-

306 1915 347 1948 cti
373 1916 535 1950 Francisci
566 1927 601 1949 ae
621 1917 801 1950 reformatis
819 1917 957 1951 cismon-

308 1974 400 2002 tanae
425 1969 576 2010 familiae,
602 1971 759 2004 exercitiis
784 1971 958 2014 spirituali-

305 2023 365 2056 bus
391 2034 447 2066 per
472 2023 636 2057 octiduum
662 2025 860 2066 vacantibus,
879 2024 954 2057 47⁶2.

216 2076 378 2110 CCXLVII.
395 2076 587 2111 Constitutio
605 2088 701 2121 super
724 2078 881 2112 erectione
899 2079 958 2112 col-

307 2130 381 2173 legii
408 2142 443 2163 cx
470 2131 691 2165 referendariis
723 2132 891 2176 utriusque
916 2133 957 2166 si-

307 2189 461 2228 gnaturac
486 2192 516 2219 et
540 2196 635 2231 super
667 2187 874 2230 ‹pialitatibus
898 2187 961 2220 ad-

306 2239 538 2273 mittendorum
564 2240 712 2284 deinceps
731 2241 761 2273 in
780 2240 960 2274 referenda-

309 2292 385 2333 rios,
414 2291 488 2325 472.

217 2344 395 2379 CCXLVIII.
409 2345 616 2380 Confirmatio
630 2346 747 2381 decreti
762 2346 883 2380 domini
896 2358 961 2381 car-

308 2398 424 2431 dinalis
457 2398 620 2432 Barberini
651 2400 840 2443 protectoris
864 2402 961 2434 totius

308 2450 436 2484 Ordinis
460 2452 559 2486 sancti
586 2453 744 2486 Francisci
779 2454 816 2486 de
846 2453 961 2487 Obser—

309 2505 414 2538 vantia
441 2515 536 2549 super
556 2506 779 2550 praecedentia
794 2506 876 2540 inter
892 2518 963 2551 pro-

310 2563 473 2590 curatores
498 2564 528 2592 et
556 2559 790 2592 commissarios
823 2571 959 2603 genera-

309 2610 354 2642 les
373 2610 515 2644 eiusdem
533 2611 670 2654 Ordinis,
694 2612 768 2645 474.

904 911 954 933 (Τρ-

1635 191 1698 226 835

1002 256 1152 289 CCXLIX.
1180 255 1354 290 Confirmat
1379 255 1565 297 decretum,
1596 267 1661 301 quo
1686 268 1746 290 nu-

1094 321 1200 343 merus
1233 310 1389 344 vocalium
1424 310 1553 353 capituli
1588 311 1746 353 generalis

1092 364 1348 408 congregationis
1372 364 1480 397 ltaliae
1506 365 1640 398 fratrum
1673 364 1744 397 Dis-

1091 417 1306 450 calceatorum
1317 416 1444 451 Ordinis
1454 417 1665 451 Eremitarum
1680 427 1748 450 san-

1093 470 1132 503 eti
1157 470 1325 513 Augustini
1351 470 1518 504 reducitur
1541 471 1579 503 ad
1599 477 1662 505 tres
1688 483 1746 515 pro

1093 524 1234 567 qualibet
1255 525 1426 568 provincia,
1447 524 1521 558 476.

1005 576 1087 611 CCL.
1126 577 1186 611 Pro
1222 578 1381 613 erectione
1417 578 1597 622 provinciae
1631 579 1663 612 B.
1689 579 1746 612 Pe-

1094 632 1133 665 tri
1159 632 1195 664 de
1220 632 1387 666 Alcantara
1412 633 1546 667 fratrum
1571 633 1745 667 Discalcea-

1095 692 1199 719 torum
1223 687 1324 720 saneti
1350 687 1524 728 Francisci,
1548 693 1578 721 et
1602 699 1748 722 commu-

1094 739 1251 772 nicatione
1288 750 1399 773 eorum
1441 752 1523 784 quac
1564 742 1746 785 provinciae

1096 793 1127 826 S.
1141 793 1271 827 Ioannis
1286 794 1444 837 Baptistae
1463 801 1493 827 et
1511 795 1660 828 omnibus
1678 796 1747 829 aliis

1095 847 1268 889 provinciis
1293 848 1479 881 eorumdem
1512 848 1645 882 fratrum
1671 849 1743 882 Dis-

1095 899 1308 933 calceatorum
1335 911 1392 944 pro
1416 900 1501 935 bono
1526 902 1666 944 ipsarum
1700 913 1749 936 re-

1096 953 1214 996 gimine
1239 960 1312 987 sunt
1334 965 1495 996 concessa,
1515 954 1590 988 479.

1007 1004 1102 1039 CCLI.
1142 1006 1382 1049 Reintegratio,
1421 1018 1477 1040 seu
1513 1018 1594 1041 nova
1630 1008 1748 1041 erectio

1097 1067 1273 1094 conventus
1297 1060 1328 1094 S.
1352 1061 1510 1094 Laurentii
1538 1062 1569 1094 in
1593 1063 1677 1095 terra
1694 1062 1751 1095 Bo-

1096 1114 1179 1151 nitii,
1204 1114 1377 1157 vulgariter
1401 1114 1611 1157 Poyffl'bonzi,
1639 1115 1678 1147 ad
1706 1115 1749 1148 fa-

1097 1178 1204 1200 vorem
1222 1167 1479 1211 congregationis
1497 1168 1665 1201 llicetanae
1694 1168 1749 1201 Or-

1096 1220 1178 1254 dinis
1210 1220 1425 1254 Eremitarum
1462 1222 1561 1255 sancti
1593 1222 1747 1266 Augusti-

1096 1275 1140 1314 ni⁷
1160 1273 1236 1308 48⁵2.

1007 1326 1113 1360 CCLII.
1134 1328 1290 1372 Indulget,
1309 1335 1343 1361 ut
1360 1327 1465 1362 clerici
1488 1327 1751 1371 Congregationis

1097 1382 1285 1416 clericorum
1334 1381 1529 1415 secularium
1580 1382 1751 1416 Doctrinae

1097 1435 1293 1469 Christianae
1338 1436 1370 1469 in
1413 1435 1542 1476 Gallia,
1585 1436 1624 1469 ab
1668 1446 1752 1469 anno

1099 1498 1249 1522 itinevan
1265 1489 1341 1522 eitra
1356 1489 1499 1529 admissi,
1511 1496 1583 1522 vota
1596 1489 1752 1532 simplicia

1098 1544 1243 1575 emittere
1268 1542 1401 1586 possint,
1421 1553 1485 1575 non
1503 1548 1655 1576 renovato
1680 1553 1752 1586 pro-

1099 1595 1237 1629 bationis
1255 1605 1350 1635 anno,
1366 1601 1461 1638 atque
1480 1605 1590 1628 omnes
1607 1595 1754 1638 supradi-

1099 1649 1138 1681 cti
1158 1649 1221 1682 sive
1243 1648 1303 1681 iam
1325 1648 1455 1682 admissi
1474 1648 1537 1682 sive
1558 1648 1588 1681 in
1607 1649 1751 1682 futurum

1100 1701 1289 1735 admittendi
1318 1702 1348 1735 in
1370 1702 1453 1735 dict-a
1483 1701 1750 1744 Congregatione,

1099 1755 1153 1798 qui
1191 1762 1262 1800 post
1295 1755 1409 1788 emissa
1448 1760 1519 1788 vota
1555 1766 1591 1788 ex
1627 1755 1754 1788 licentia

1099 1810 1270 1854 praepositi
1295 1810 1454 1854 generalis
1478 1811 1525 1843 vel
1551 1809 1754 1853 provincialis

1100 1863 1267 1897 mittentur
1291 1864 1331 1897 ad
1356 1875 1464 1897 saeros
1489 1864 1619 1897 ordines
1653 1862 1754 1896 susci-

1100 1917 1246 1960 piendOS,
1266 1917 1406 1950 ordinari
1425 1917 1546 1961 possint
1564 1928 1580 1949 a
1598 1927 1753 1960 quocum-

1100 1982 1163 2015 que
1188 1970 1345 2005 catholico
1371 1971 1511 2004 antistite
1536 1970 1585 2004 vel
1609 1970 1754 2003 dimisso-

1102 2024 1156 2057 riis
1181 2024 1265 2057 illius
1283 2024 1435 2068 episcopi,
1452 2024 1483 2056 in
1508 2024 1598 2057 cuius
1619 2023 1753 2057 dioecesi

1100 2079 1238 2112 existunt
1282 2078 1416 2123 collegia
1461 2089 1516 2112 seu
1565 2078 1679 2111 domus
1722 2078 1753 2109 in

1101 2132 1217 2175 quibus
1242 2133 1363 2175 degunt
1394 2132 1434 2165 de
1466 2131 1587 2165 familia
1627 2131 1681 2174 qui
1715 2131 1753 2162 ad

1102 2197 1210 2219 sat-ros
1245 2185 1373 2219 ordines
1408 2184 1589 2229 promoveri
1624 2183 1754 2217 deside-

1102 2245 1184 2275 rant,
1210 2239 1284 2271 487.

1012 2293 1138 2327 CCLIII.
1151 2292 1357 2327 Confirmatio
1369 2293 1479 2326 statuti
1491 2291 1753 2335 Congregationis

1103 2346 1261 2379 Missionis
1294 2347 1325 2379 in
1355 2345 1476 2385 Gallia,
1511 2355 1575 2388 quo
1601 2350 1750 2385 cavetur,

1103 2399 1188 2443 quod
1216 2410 1326 2433 omnes
1347 2404 1376 2431 et
1401 2399 1519 2442 singuli
1540 2399 1571 2430 in
1588 2398 1654 2441 ipsa
1675 2398 1755 2431 Con-

1105 2454 1289 2497 gregatione
1324 2459 1463 2496 quatuor
1498 2452 1577 2486 votis
1606 2452 1758 2495 simplici-

1105 2507 1185 2548 bus,
1213 2517 1329 2551 nempe
1358 2506 1510 2539 eastitatis
1527 2533 1534 2545 ‚
1561 2506 1757 2549 paupertatis

1104 2566 1135 2593 ct
1160 2560 1372 2601 obedientiae,
1401 2569 1436 2593 ac
1462 2559 1645 2593 stabilitatis
1667 2559 1758 2592 emis-

1107 2614 1162 2653 sis,
1178 2614 1309 2658 recepti,
1327 2613 1381 2658 qui
1398 2613 1481 2647 bona
1508 2612 1684 2646 immobilia
1711 2611 1758 2644 vel
