2243 3205
284 209 331 234 An.
352 209 379 234 c.
403 210 467 236 ioco
513 200 576 233 640

310 851 459 878 Tmusuwplo-

277 883 320 897 ruiu
336 878 347 897 li
357 878 394 898 les.

296 2173 409 2200 Expmsitm.

479 257 562 289 sulas
586 257 748 299 generales
766 256 848 290 idem
865 257 1082 300 imponantes,
1099 257 1214 290 mentio

479 320 533 341 seu
557 309 684 352 quaevis
714 309 773 342 alia
806 310 966 353 expressio
997 310 1140 343 habenda
1164 314 1215 343 aut

478 361 581 404 aliqua
604 362 665 394 alia
689 362 843 405 exquisita
866 363 968 396 forma
995 363 1034 396 ad
1064 363 1124 396 hoc
1149 374 1214 395 scr-

480 414 577 446 vanda
600 415 690 457 soret,
716 420 840 448 tenores
865 415 1056 457 huiusmodi,
1081 426 1116 449 ac
1133 415 1159 448 si
1177 415 1214 448 de

479 467 575 500 verbo
600 467 638 500 ad
664 468 804 510 verbum,
830 468 907 501 nihil
932 469 1055 512 penitus
1077 468 1213 509 omisso,

478 525 507 552 et
530 520 630 552 forma
653 521 685 553 in
702 520 763 553 illis
783 521 896 554 tradita
916 521 1091 563 observata,
1107 521 1213 554 inserti

477 573 599 613 forent,
632 574 847 617 praesentibus
872 584 930 617 pro
960 574 1051 618 plene
1074 579 1103 607 et
1127 573 1212 606 suffi-

476 625 593 658 cienter
618 626 773 670 expressis
791 633 820 659 et
835 626 960 660 insertis
977 627 1138 668 habentes,
1152 627 1213 659 illis

475 678 550 711 alias
563 678 595 711 in
609 689 665 712 sno
690 679 805 713 robore
828 680 1053 723 permansuris,
1071 680 1129 713 hac
1147 680 1213 712 vice

475 731 636 764 dumtaxat
660 732 836 776 specialiter
860 737 890 767 et
913 743 1060 777 expresse
1084 733 1214 775 deroga-

474 795 558 825 mus;
581 786 755 830 ceterisque
769 787 935 821 contrariis
952 786 1210 830 quibuscumque.

517 839 574 882 §5-
594 839 742 872 Volumus
758 845 860 873 autem
876 845 909 872 ut
924 840 1103 873 earumdem
1125 850 1212 883 prae-

474 890 607 924 sentium
648 891 823 925 litterarum
860 892 1085 936 transumptis,
1117 902 1211 924 manu

473 944 633 978 secretarii
660 945 760 978 dictae
791 945 1045 988 congregationis
1070 955 1125 978 seu
1156 945 1211 978 ali-

474 996 562 1029 cuius
579 997 693 1030 notarii
717 997 834 1041 publici
851 998 1045 1041 subscriptis,
1062 1003 1092 1030 et
1108 997 1210 1040 sigillo

473 1048 612 1082 eiusdem
638 1050 889 1093 congregationis
914 1061 969 1083 seu
988 1050 1119 1083 alieuius
1139 1061 1209 1094 per-

473 1110 568 1133 sonae
580 1101 610 1133 in
627 1102 836 1135 ecclesiastica
856 1102 1006 1145 dignitate
1023 1102 1209 1136 constitutae

473 1154 611 1195 munitis,
638 1155 745 1188 eadem
768 1166 899 1199 prorsus
925 1155 1003 1188 sides
1028 1155 1144 1199 ubique
1164 1155 1209 1188 lo-

472 1217 581 1240 corum
608 1213 638 1240 et
661 1208 802 1251 gentium
828 1214 889 1241 tam
915 1209 947 1241 in
975 1208 1090 1242 iudicio
1114 1218 1207 1252 quam

472 1265 559 1294 extra
582 1262 776 1303 adhibeatur,
793 1273 872 1306 quae
891 1262 967 1306 ipsis
992 1262 1208 1305 praesentibus

471 1314 688 1356 adhiberetur,
719 1316 744 1349 si
777 1316 881 1349 forent
912 1315 1067 1348 exhibitae
1096 1316 1143 1348 vel
1173 1326 1207 1349 o-

471 1373 601 1402 stensae.

514 1422 625 1455 Datum
640 1423 766 1463 Romae,
790 1423 873 1467 apud
905 1423 934 1456 S.
959 1423 1087 1456 Mariam
1116 1422 1207 1456 Maio-

470 1487 548 1518 rem,
560 1476 618 1508 sub
631 1477 746 1510 annulo
761 1477 938 1517 piscatoris,
952 1477 1002 1510 die
1018 1487 1072 1510 v111
1086 1476 1206 1510 decem-

469 1528 535 1561 bris
562 1538 666 1563 MDch
681 1556 689 1569 ,
716 1530 915 1573 pontificatus
939 1530 1039 1563 nostri
1063 1540 1145 1563 anno
1166 1540 1204 1563 v1.

504 1591 560 1619 Dat.
578 1592 622 1618 die
637 1591 672 1619 8¹
692 1592 843 1619 decembris
861 1592 938 1626 1660,
955 1593 1052 1628 pontif.
1069 1601 1140 1621 anno
1157 1600 1191 1621 vt.

749 1734 918 1769 CCCXXIV.

468 1814 678 1856 Confirmatio
713 1814 899 1847 concordiae
936 1825 1032 1858 super
1066 1814 1204 1847 dissolu-

512 1868 595 1900 tione
624 1868 757 1900 unionis
792 1868 1046 1901 universitatum
1076 1878 1200 1901 merca-

512 1925 616 1953 torum
640 1920 870 1964 fundacalium
894 1925 923 1953 et
947 1920 984 1953 de
1006 1920 1145 1963 sundaco
1165 1920 1203 1954 de

513 1973 593 2006 Urbe
605 1972 626 2005 ².

659 2053 822 2080 Alexander
841 2053 921 2087 Papa
939 2053 1007 2084 vu,

607 2097 643 2124 ad
663 2097 795 2124 futuram
814 2097 857 2125 rei
878 2097 1056 2124 memoriam.

509 2169 524 2212 ἓ
549 2169 577 2201 1.
602 2168 723 2211 Exponi
746 2167 836 2201 nobis
859 2178 960 2211 nuper
984 2168 1124 2201 fecerunt
1148 2167 1198 2201 di-

465 2221 536 2255 lecti
559 2221 615 2254 filii
640 2221 783 2254 homines
808 2221 1046 2254 universitatum
1080 2231 1200 2255 merca-

466 2281 569 2309 torum
600 2275 638 2308 de
673 2274 807 2308 sundaco
843 2280 872 2308 et
902 2274 1113 2308 sundacalium
1145 2285 1199 2309 seu

466 2328 706 2362 merciariorum
732 2328 839 2372 eisque
871 2328 1045 2371 respective
1068 2338 1200 2362 annexo·

463 2392 534 2415 rum
559 2381 597 2414 de
621 2381 714 2422 Urbe,
738 2381 821 2425 quod
841 2381 1026 2414 universitas
1047 2387 1199 2415 mercato·

465 2445 536 2467 rum
566 2434 604 2467 de
634 2434 768 2468 sundaco
793 2445 829 2468 ex
861 2437 922 2467 una
952 2440 982 2467 et
1013 2435 1199 2468 universitas

466 2487 676 2520 sundacalium
723 2498 777 2520 seu
819 2488 1057 2521 merciariorum
1094 2488 1200 2532 eisque

503 2559 514 2583 1
532 2557 570 2583 Ad
585 2565 667 2590 marg.
684 2558 750 2585 edit.
765 2559 845 2584 Main.
864 2558 944 2584 babet
958 2559 974 2583 6
990 2560 1028 2593 (n.
1043 2560 1093 2593 T.).

501 2601 517 2627 2
533 2601 569 2627 Ex
586 2601 690 2636 llegest.
708 2602 733 2627 in
748 2602 849 2628 Secret.
868 2602 944 2629 Brev.

1050 209 1228 234 BULLAlllUM
1255 208 1409 233 ltOlllANUM

1249 266 1444 290 annexorum
1468 256 1648 290 huiusmodi
1666 267 1701 290 ex
1719 257 1816 291 altera
1832 257 1984 301 partibus,

1249 309 1313 342 sive
1334 309 1457 342 illarum
1475 309 1646 353 respective
1667 309 1816 353 deputati,
1835 310 1985 343 unanimi-

1250 368 1295 395 ter
1321 362 1402 395 inter
1420 373 1451 395 se
1469 368 1681 396 convenerunt
1702 368 1731 395 et
1744 363 1984 406 concordarunt,

1250 421 1282 448 ut
1307 416 1381 449 unio
1406 415 1486 449 inter
1511 416 1635 449 easdem
1661 415 1878 449 universitates
1909 415 1985 449 alias

1248 469 1395 510 stabilita,
1420 474 1450 504 et
1473 480 1530 513 per
1549 470 1699 514 quasdam
1717 470 1815 503 felicis
1840 469 1984 503 recorda-

1249 522 1340 556 tionis
1364 523 1535 556 Innocentii
1560 524 1661 567 Papae
1685 524 1709 557 X
1734 522 1984 567 praedecessoris

1247 577 1345 609 nostri
1370 576 1488 609 litteras
1514 577 1544 609 in
1569 577 1662 610 simili
1686 577 1789 610 forma
1810 576 1915 609 Brevis
1933 576 1984 609 die

1248 639 1301 662 x1v
1326 628 1474 662 februarii
1499 640 1593 664 MDCL1
1613 629 1770 673 expeditas
1787 628 1982 669 confirmata,

1246 691 1302 724 per
1326 692 1419 724 quam
1444 681 1544 715 dictae
1576 682 1792 715 universitates
1824 681 1855 714 in
1888 691 1982 713 unam

1247 733 1389 767 redactae
1405 734 1539 777 suerunt,
1553 735 1749 775 dissolvatur,
1768 733 1982 777 revocatisque

1246 786 1357 820 litteris
1380 787 1557 830 praedictis,
1572 798 1621 820 res
1635 787 1665 820 in
1682 787 1849 831 pristinum
1866 790 1981 820 statum

1246 848 1316 871 cum
1341 839 1461 872 iuribus
1486 840 1621 883 antiquis
1644 839 1833 872 reducantur
1857 839 1887 871 in
1912 849 1980 872 om-

1245 891 1336 925 nibus
1361 898 1390 925 et
1413 903 1469 936 per
1494 893 1599 926 omnia
1633 892 1763 937 perinde
1793 903 1829 926 ac
1856 892 1882 926 si
1906 892 1981 926 unio

1246 944 1425 978 huiusmodi
1449 955 1610 989 nunquam
1642 945 1722 978 saeta
1752 945 1878 986 suisset,
1907 955 1981 978 cum

1245 997 1375 1031 diversis
1399 999 1515 1042 pactis,
1541 998 1713 1042 capitibus,
1747 997 1980 1031 conditionibus

1244 1053 1273 1083 et
1286 1050 1353 1082 aliis
1367 1051 1519 1084 contentis
1532 1051 1563 1084 in
1577 1051 1731 1094 scriptura
1752 1050 1886 1094 desuper
1903 1061 1978 1084 con-

1244 1102 1321 1135 fecta
1347 1103 1463 1135 tenoris
1487 1103 1538 1146 qui
1565 1103 1722 1148 seqnitur,
1749 1102 1908 1135 videlicet:

1286 1155 1320 1187 Li
1345 1156 1496 1189 mercanti
1521 1156 1551 1189 di
1565 1156 1697 1190 sondaeo
1715 1167 1732 1189 e
1751 1156 1772 1189 li
1789 1155 1943 1189 fondacali
1959 1167 1978 1190 o

1244 1208 1387 1241 merciari
1419 1219 1435 1242 e
1470 1209 1538 1243 loro
1563 1210 1687 1242 annessi
1711 1219 1787 1242 sono
1811 1209 1978 1244 d'accordo

1243 1261 1300 1294 che
1313 1261 1337 1294 si
1352 1262 1435 1304 tolga
1455 1262 1604 1303 l'unione,
1621 1273 1636 1295 e
1656 1262 1681 1295 si
1702 1262 1828 1295 revoelii
1845 1262 1865 1294 il
1881 1262 1977 1296 Breve

1242 1313 1322 1346 della
1345 1314 1434 1347 selice
1458 1315 1612 1348 memoria
1635 1315 1841 1348 d'lnnocenzo
1862 1315 1886 1348 X
1920 1315 1978 1348 che

1242 1366 1270 1398 la
1294 1366 1454 1399 consermo
1490 1372 1571 1400 sotto
1606 1367 1636 1399 la
1671 1367 1742 1399 data
1771 1377 1823 1400 xlv
1852 1367 1978 1401 sebraro

1241 1429 1355 1462 noem,
1381 1420 1582 1454 ridueendosi
1606 1421 1634 1454 lc
1659 1431 1729 1454 cose
1757 1421 1916 1454 all'essere
1946 1420 1977 1454 di

1241 1472 1344 1516 prima
1368 1483 1425 1506 con
1451 1474 1478 1507 le
1504 1474 1625 1517 ragioni
1650 1474 1773 1507 antiche
1798 1474 1828 1507 in
1853 1479 1932 1508 tutto
1959 1485 1976 1508 e

1240 1536 1297 1570 per
1323 1531 1400 1559 tutto
1432 1537 1520 1560 come
1551 1538 1584 1560 se
1615 1538 1678 1561 non
1707 1528 1768 1561 mai
1792 1528 1873 1562 fosse
1897 1533 1976 1562 stata

1239 1580 1321 1622 satta,
1347 1580 1385 1613 ne
1409 1591 1502 1625 possa
1518 1581 1628 1614 alcuna
1644 1581 1725 1615 delle
1740 1582 1821 1625 parti
1839 1582 1975 1625 allegare

1239 1644 1297 1677 pro
1311 1634 1349 1666 ne
1364 1639 1472 1667 contra
1485 1645 1558 1667 cosa
1577 1635 1687 1668 alcuna
1704 1635 1761 1669 che
1778 1635 1802 1668 si
1822 1640 1975 1679 contenga

1238 1687 1320 1720 nella
1344 1687 1515 1721 medesima
1539 1687 1653 1722 unione
1678 1699 1694 1722 e
1719 1688 1845 1732 capitoli
1876 1689 1974 1724 allora

1239 1741 1429 1781 concertati,
1454 1752 1470 1773 e
1494 1741 1523 1773 la
1547 1741 1652 1774 chiesa
1682 1741 1712 1774 di
1737 1742 1767 1775 S.
1792 1742 1973 1776 Sebastiano

1239 1793 1380 1837 rimanga
1404 1793 1455 1826 alli
1480 1793 1631 1827 sondacali
1666 1804 1684 1827 o
1714 1795 1859 1828 merciari
1884 1806 1972 1830 come

1238 1847 1349 1891 prima.

1280 1900 1363 1934 Resti
1402 1900 1477 1944 pero
1513 1901 1611 1934 ferma
1640 1901 1668 1934 la
1698 1907 1778 1935 tassa
1801 1901 1971 1936 dell'estin-

1236 1953 1323 1986 zione
1348 1952 1397 1985 del
1422 1954 1523 1986 Monte
1548 1953 1598 1986 del
1627 1954 1803 1997 quattrino,
1828 1955 1857 1988 la
1880 1956 1970 1999 quale

1237 2007 1266 2039 in
1291 2007 1435 2040 avvenire
1460 2007 1485 2040 si
1509 2007 1605 2040 dovrz'i
1625 2008 1807 2041 continuare
1831 2019 1848 2040 a
1872 2019 1970 2052 pagar

1236 2060 1498 2101 continuamente,
1526 2071 1614 2093 come
1643 2060 1667 2092 si
1699 2071 1825 2094 osserva
1848 2061 1876 2093 al
1900 2072 1970 2105 pre-

1235 2119 1322 2146 sente
1346 2124 1404 2157 per
1427 2114 1456 2146 13
1481 2124 1601 2146 somma
1625 2113 1655 2146 di
1680 2113 1767 2146 scudi
1788 2113 1862 2154 451,
1880 2124 1969 2147 come

1235 2177 1267 2200 se
1292 2166 1481 2201 unitamente
1514 2167 1595 2200 fosse
1630 2172 1707 2200 stata
1740 2167 1778 2200 da
1813 2167 1968 2211 principio

1235 2220 1368 2264 imposta
1391 2220 1429 2253 ad
1453 2220 1606 2253 ambedue
1626 2220 1820 2253 l’universita
1839 2220 1968 2254 de'mer-

1234 2274 1316 2306 canti
1339 2273 1369 2306 di
1395 2273 1527 2307 sondaeo
1551 2284 1567 2307 e
1591 2273 1743 2307 sondacali
1768 2284 1787 2307 o
1811 2274 1966 2315 merciari,

1233 2338 1249 2361 e
1273 2328 1372 2361 l'altre
1398 2327 1564 2360 universita
1589 2337 1718 2360 annesse
1742 2327 1793 2360 alli
1819 2327 1965 2361 merciari

1232 2381 1369 2425 paghino
1393 2381 1421 2414 le
1445 2381 1513 2414 loro
1537 2380 1717 2424 particolari
1735 2385 1825 2422 tasse,
1843 2390 1931 2414 come
1948 2379 1965 2413 ἐ

1233 2434 1334 2467 solito.

1277 2486 1355 2530 Ogni
1380 2497 1460 2520 anno
1493 2487 1520 2519 al
1552 2486 1654 2530 primo
1686 2485 1716 2518 di
1747 2485 1916 2519 novembre
1940 2485 1965 2519 si

1233 2540 1396 2574 dovranno
1420 2540 1565 2582 eleggere
1588 2539 1648 2571 dne
1666 2538 1806 2572 lassatori
1826 2549 1841 2572 e
1861 2548 1902 2571 un
1919 2549 1965 2571 ca-

1236 2594 1395 2636 merlengo
1410 2605 1427 2626 0
1448 2597 1580 2627 esattore
1604 2593 1703 2625 d'essa
1723 2598 1811 2635 lassa,
1827 2593 1856 2625 la
1873 2592 1962 2636 quale

1991 210 2042 237 An.
2063 211 2092 237 c.
2112 212 2179 240 iseo
2217 229 2221 244 .

2032 1165 2100 1188 'senor
2121 1172 2168 1189 con·

1992 1192 2087 1214 cordiae.
