2185 3188
17 179 64 207 An.
79 176 108 205 C.
129 175 194 203 1657

50 1563 185 1590 Supplicatum

799 171 986 196 ALEXANDER
1010 171 1055 196 VII
1078 171 1126 195 PP.

208 222 257 255 die
281 231 335 255 Xiv
360 221 484 265 augusti
509 230 679 264 iinchwi,
713 232 775 264 quo
805 226 946 264 tempore

208 275 366 319 quondam
398 274 528 309 Ioannes
561 275 599 309 de
629 275 758 319 Neapoli
790 274 865 307 dicti
895 273 948 306 Or-

207 328 287 362 dinis
309 329 452 362 minister
477 329 632 372 gencralis
650 333 727 369 erat,
744 328 783 360 ad
808 327 947 361 eiusdem

207 381 331 415 Ioannis
362 381 540 415 instantiam
574 381 715 415 custodia
748 380 907 424 praedicta
931 390 949 412 a

208 435 371 479 provincia
400 435 429 468 S.
462 435 587 468 Antonii
618 434 707 478 regni
738 434 948 477 Portugalliae

209 488 347 521 eiusdem
373 487 509 527 Ordinis,
534 488 710 531 longissimi
733 487 882 520 maritimi
903 487 950 519 iti-

208 542 313 584 neris,
345 552 408 585 quo
440 541 581 574 custodia
604 541 784 574 huiusmodi
809 551 826 573 a
851 550 949 584 regno

209 595 352 639 praefato
376 594 480 635 distat,
505 594 636 638 aliisque
661 594 870 627 incommodis
896 604 950 627 oc-

210 648 357 682 currendi
375 658 462 691 ergo,
482 658 539 691 per
563 647 714 691 quasdam
734 648 854 680 litteras
874 657 950 691 apo-

209 701 334 734 stolicas
358 701 389 733 in
414 701 508 734 simili
534 701 635 734 forma
659 700 766 733 Brevis
791 700 951 744 expeditas

210 761 364 800 separata,
388 760 418 788 et
442 754 575 788 subinde
601 754 683 787 intra
706 754 802 787 breve
827 758 951 798 tempus

210 808 329 852 aliquot
353 807 558 842 conventibus
582 813 672 841 aucta
704 808 818 850 suerat)
846 806 875 839 in
900 817 949 840 ca-

210 862 309 905 pitulo
333 861 473 905 generali
490 861 658 894 memorati
679 860 804 894 Ordinis
819 860 856 892 de
869 870 951 893 anno

211 925 305 949 MDCLI
335 915 367 948 in
398 915 457 948 hac
489 915 571 948 alma
596 914 681 948 Urbe
709 914 867 947 celebrato
892 919 953 946 sta-

210 969 333 1002 bilitum
358 969 433 1009 fuit,
458 974 492 1001 ut
516 968 658 1001 custodia
678 967 876 1009 huiusmodi,
903 977 951 999 re-

211 1027 334 1055 servato
359 1025 462 1056 tamen
478 1021 572 1054 huius
593 1021 622 1054 S.
640 1020 728 1054 Sedis
745 1020 952 1063 beneplacito,

211 1075 243 1108 in
266 1085 378 1109 novam
403 1074 598 1119 provinciam
623 1074 697 1107 dicti
725 1074 850 1107 Ordinis
885 1073 949 1106 eri>-

213 1134 360 1172 geretur,
385 1128 440 1162 sed
464 1128 494 1161 id
519 1133 650 1172 propter
664 1127 830 1160 nonnullas
847 1137 950 1171 oppo-

211 1182 340 1215 sitiones
364 1192 419 1215 seu
444 1181 636 1215 obiectiones
661 1181 699 1213 ad
725 1180 871 1214 effectum
898 1180 951 1213 de-

211 1235 283 1269 duci
318 1236 469 1269 hactenus
504 1244 567 1268 non
603 1234 726 1278 potuit,
757 1233 901 1277 quinimo
936 1244 953 1266 a

211 1288 346 1332 quadam
369 1288 490 1332 privata
513 1290 648 1332 persona
673 1287 752 1320 aliae
777 1287 898 1320 litterae
923 1286 953 1319 in

213 1343 315 1376 forma
347 1341 452 1375 Brevis
485 1341 629 1374 similiter
659 1340 823 1384 expeditae
858 1350 954 1384 super

212 1395 363 1429 reunione
388 1394 527 1428 eiusdem
553 1393 713 1427 custodiae
733 1403 805 1426 cum
830 1393 954 1436 provin-

213 1449 261 1482 cia
285 1448 445 1494 praedicta
470 1448 510 1481 ab
536 1448 647 1481 eadem
665 1447 743 1480 Sede
769 1447 954 1490 impetratae

213 1503 352 1536 suerunt.

258 1557 273 1600 ἓ
296 1556 326 1589 2.
351 1556 425 1590 Cum
444 1561 560 1596 autem,
577 1555 658 1588 sicut
672 1555 780 1588 eadem
802 1554 955 1598 expositio

213 1609 434 1652 subiungebat,
455 1609 672 1653 oppositiones
690 1618 745 1641 seu
762 1607 954 1641 obiectiones

214 1662 392 1707 praedictae
417 1662 478 1695 iam
503 1667 638 1702 cessent,
664 1665 694 1695 et
716 1661 829 1694 fratres
855 1661 955 1694 dictae

213 1716 394 1760 provinciae
407 1716 437 1749 S.
450 1715 574 1750 Antonii
595 1714 811 1759 capitulariter
827 1724 956 1757 congre-

214 1769 276 1812 gati
302 1769 373 1809 iuri,
398 1769 482 1813 quod
506 1779 601 1813 super
625 1768 766 1802 custodia
795 1768 955 1811 praedicta

214 1822 420 1866 praetendere
456 1827 604 1866 poterunt
617 1822 642 1862 ¹,
679 1821 934 1854 renunciaverint
948 1849 954 1862 ,

215 1878 386 1907 conventus
404 1873 546 1906 eiusdem
566 1872 735 1913 custodiae,
753 1872 806 1916 qui
822 1877 893 1916 post
910 1872 955 1904 in-

216 1938 358 1970 gressum
379 1927 612 1960 haereticorum
635 1927 665 1958 in
683 1926 845 1959 Brasiliam
860 1926 956 1959 extin-

216 1982 256 2013 cti
274 1981 368 2014 suisse
383 1980 681 2025 praetendebantur,
693 1979 754 2012 illis
768 1979 839 2012 inde
849 1989 955 2022 egres-

216 2034 270 2075 sis⁷
293 2033 516 2078 septemdecim
542 2043 686 2072 numero,
710 2032 763 2076 qui
788 2042 955 2065 numerum

217 2092 425 2121 conventuum
460 2086 683 2120 nonnullarum
719 2086 955 2129 provinciarum

218 2140 341 2174 Ordinis
364 2140 495 2184 praefati
520 2139 650 2179 excedit,
675 2138 809 2172 restituti
830 2139 956 2178 suerint,

219 2203 362 2237 cumque,
381 2194 405 2226 si
426 2193 508 2227 dicta
534 2193 675 2226 custodia
701 2193 731 2225 in
753 2203 865 2226 novam
884 2203 956 2236 pro-

219 2247 351 2279 vinciam
370 2246 453 2279 iuxta
471 2256 659 2279 consensum
677 2246 704 2279 ei
722 2246 768 2278 rei
786 2256 803 2277 a
816 2246 956 2290 praefato

220 2300 354 2344 capitulo
379 2299 529 2343 generali,
554 2305 587 2332 ut
610 2299 842 2343 praemittitur,
868 2309 957 2342 prae-

219 2353 325 2386 stitum
346 2352 496 2396 erigatur,
521 2352 551 2384 id
576 2352 693 2385 nemini
717 2351 957 2396 praeiudicium,

221 2405 273 2438 sed
287 2406 453 2439 maximam
467 2415 622 2449 prospero
636 2410 845 2438 conventuum
861 2405 958 2448 ipsius

222 2458 379 2492 custodiae
403 2458 558 2502 gubernio
587 2458 753 2491 utilitatem
783 2458 821 2492 sit
846 2458 958 2491 allatu·

223 2521 309 2543 rum:
339 2511 429 2545 nobis
461 2517 628 2555 propterea
662 2511 734 2544 dicti
770 2515 959 2554 exponentes

262 2575 268 2599 1
290 2573 387 2600 Forsan
403 2573 545 2609 legendum
561 2577 695 2607 poterant
712 2579 746 2598 w.
765 2580 811 2605 r.)⁴

981 220 1142 253 humiliter
1167 219 1337 263 supplicari
1364 219 1521 261 fecerunt,
1547 224 1581 251 ut
1605 219 1664 251 sibi
1691 219 1721 251 in

980 272 1162 316 praemissis
1187 278 1365 316 opportune
1386 273 1554 317 providere
1572 278 1601 305 et
1622 277 1654 305 ut
1679 272 1724 304 in-

981 326 1028 358 fra
1061 325 1225 369 indulgere
1257 325 1294 358 de
1326 326 1518 369 benignitate
1551 325 1723 370 apostolica

982 379 1197 422 dignaremur.

1026 434 1041 476 ξ
1064 432 1093 466 3.
1120 433 1182 467 Nos
1206 433 1313 476 igitur,
1334 433 1501 476 specialem
1527 433 1644 465 eisdem
1670 443 1723 465 ex-

1755 478 1786 491 lvtt
1802 486 1806 490 i

1740 498 1816 517 -ttuliat

1627 161 1686 195 2921
1737 170 1787 197 An.
1803 170 1831 197 c.
1854 170 1920 198 1657

1793 445 1883 464 instituit
1904 451 1922 462 ti.

1802 477 1825 485 v*
1851 477 1854 489 ι
1889 477 1913 489 vu

982 486 1171 530 ponentibus
1203 486 1335 529 gratiam
1371 487 1473 518 facere
1503 487 1662 526 volentes,
1695 478 1761 517 et*
1794 477 1868 490 '¹¹³³‘

983 550 1094 572 eorum
1129 540 1304 582 singulares
1338 549 1488 582 personas
1517 550 1534 572 a
1564 538 1724 583 quibusvis

984 593 1317 627 excommunicationis
1342 598 1371 625 et
1392 593 1617 636 suspensionis,
1643 593 1726 625 aliis-

984 657 1044 690 que
1069 646 1289 679 ecclesiasticis
1314 646 1497 681 sententiis,
1530 646 1671 678 censuris
1697 650 1726 679 et

983 700 1103 744 poenis,
1120 710 1136 732 a
1158 700 1225 733 iure
1251 700 1298 732 vel
1323 699 1361 731 ab
1387 699 1524 739 homine,
1544 699 1653 742 quavis
1679 710 1727 732 oc-

985 754 1110 786 casione
1135 753 1183 786 vel
1209 754 1301 786 causa
1319 753 1399 793 latis,
1417 753 1442 785 si
1459 753 1574 796 quibus
1594 763 1728 796 quomo-

985 807 1103 840 dolibet
1113 806 1253 840 innodati
1266 806 1411 848 existunt,
1425 806 1462 838 ad
1480 806 1625 838 effectum
1641 816 1728 849 prae-

985 860 1120 894 sentium
1146 860 1308 894 dumtaxat
1327 859 1595 903 consequendum,
1613 859 1727 891 harum

986 913 1066 946 serie
1091 913 1287 947 absolventes
1312 917 1342 947 et
1365 911 1541 946 absolutos*
1565 913 1630 945 sore
1655 923 1729 945 een‹

986 972 1098 1007 sentes,
1122 967 1302 1000 huiusmodi
1329 966 1614 1010 supplicationibus
1641 965 1728 998 ineli-

986 1020 1058 1062 nati‚
1077 1020 1250 1054 custodiam
1280 1020 1428 1053 Brasiliae
1453 1019 1632 1052 huiusmodi
1652 1019 1728 1051 cius—

986 1084 1047 1117 que
1061 1078 1231 1107 conventus
1248 1084 1265 1105 a
1279 1073 1361 1106 dicta
1381 1073 1543 1116 provincia
1559 1073 1587 1104 S.
1603 1073 1727 1106 Antonii

987 1126 1075 1169 regni
1101 1125 1264 1170 praedicti,
1284 1126 1469 1160 auctoritate
1486 1125 1670 1169 apostolica,
1689 1131 1729 1157 te-

986 1189 1064 1213 nore
1084 1179 1310 1223 praesentium,
1328 1184 1481 1223 perpetuo
1498 1188 1682 1223 separamus
1700 1183 1729 1210 et

986 1233 1252 1266 dismembramus
1268 1260 1275 1274 ,
1312 1243 1347 1265 ac
1380 1232 1479 1276 ipsam
1501 1231 1674 1266 custodiam
1701 1237 1729 1263 et

987 1286 1053 1320 eius
1078 1293 1249 1320 conventus
1274 1287 1439 1331 praefatos7
1457 1286 1501 1319 sic
1519 1292 1682 1330 separatos
1701 1290 1729 1319 et

987 1340 1239 1380 dismembrat0s‚
1257 1341 1289 1372 in
1308 1350 1422 1373 novam
1450 1340 1645 1383 provinciam
1671 1341 1730 1372 Or-

987 1393 1068 1426 dinis
1092 1393 1245 1437 praedicti
1271 1404 1343 1426 cum
1368 1393 1515 1426 omnibus
1544 1398 1574 1425 et
1598 1392 1730 1435 singulis

988 1446 1254 1490 praeeminentiis,
1267 1446 1507 1490 praerogativis,
1519 1445 1656 1485 indultis,
1671 1446 1731 1488 pri-

988 1500 1110 1543 vilegiis
1134 1505 1164 1532 et
1188 1499 1316 1542 gratiis,
1349 1499 1464 1543 quibus
1487 1499 1565 1531 aliae
1591 1498 1730 1531 ciusdem

989 1552 1113 1585 Ordinis
1137 1552 1319 1596 provinciae
1340 1553 1400 1585 frui
1426 1556 1455 1585 et
1479 1552 1616 1595 gaudere
1632 1552 1732 1584 solent

989 1611 1019 1639 et
1042 1611 1174 1650 possunt
1198 1616 1233 1638 ac
1257 1605 1392 1646 debent,
1420 1605 1607 1638 auctoritate
1633 1610 1659 1637 et
1687 1610 1731 1637 te-

989 1669 1067 1692 nore
1088 1658 1257 1702 praedictis
1283 1658 1388 1691 itidem
1406 1664 1561 1702 perpetuo
1579 1657 1731 1700 erigimus

989 1719 1020 1746 et
1044 1713 1248 1746 instituimus.

1034 1768 1048 1811 g
1065 1768 1094 1800 4.
1120 1768 1330 1801 Decernentes
1346 1768 1470 1800 easdem
1490 1772 1671 1811 praesentes
1688 1767 1733 1801 lit-

990 1827 1072 1854 teras
1097 1832 1224 1865 semper
1250 1822 1367 1861 firmas,
1393 1822 1509 1854 validas
1537 1825 1565 1855 et
1590 1822 1731 1854 efficaces

990 1875 1123 1908 existere
1158 1880 1185 1907 et
1223 1875 1313 1915 sore,
1348 1885 1483 1918 suosque
1512 1874 1671 1918 plenarios
1703 1880 1731 1906 et

991 1929 1130 1971 integros
1156 1928 1285 1961 effectus
1311 1928 1417 1961 sortiri
1443 1934 1470 1961 et
1496 1928 1662 1965 obtinere,
1697 1938 1731 1959 ac

991 1981 1115 2014 irritum
1134 1986 1163 2014 et
1180 1981 1281 2021 inane,
1296 1981 1321 2013 si
1339 1991 1429 2014 secus
1447 1991 1543 2024 super
1559 1981 1607 2013 liis
1624 1992 1641 2012 a
1658 1991 1732 2023 quo-

990 2044 1095 2077 quam,
1105 2034 1214 2077 quavis
1227 2034 1422 2073 auctoritate,
1437 2034 1572 2067 scienter
1585 2033 1631 2065 vel
1648 2036 1732 2076 igno-

990 2093 1106 2127 ranter,
1131 2087 1300 2130 eontigerit
1324 2087 1479 2119 attentari.

1034 2140 1102 2183 gli.
1128 2140 1195 2173 Non
1231 2139 1428 2172 obstantibus
1461 2139 1664 2183 praemissis,
1696 2150 1730 2171 ar

990 2193 1266 2226 constitutionibus
1284 2198 1313 2225 et
1337 2193 1588 2226 ordinationibus
1608 2197 1732 2236 aposto-

990 2246 1073 2285 licis,
1099 2255 1232 2286 necnon,
1257 2251 1411 2289 quatenus
1432 2256 1511 2289 opus
1528 2246 1575 2286 sit,
1597 2245 1731 2283 Ordinis,

991 2299 1182 2343 provinciae,
1203 2299 1363 2332 custodiae
1388 2303 1416 2333 et
1440 2303 1649 2332 conventuum
1672 2299 1732 2330 liu-

992 2352 1148 2392 iusmodi,
1173 2352 1305 2395 aliisque
1337 2352 1515 2395 quibusvis,
1554 2352 1645 2393 etiam
1680 2352 1730 2383 iu-

993 2410 1156 2445 ramento,
1186 2405 1427 2438 confirmatione
1459 2405 1652 2449 apostoliea⁷
1686 2406 1730 2436 vel

992 2459 1100 2503 quavis
1126 2459 1272 2491 firmitate
1292 2459 1352 2491 atta
1378 2459 1545 2501 roboratis7
1564 2459 1686 2492 statutis
1703 2464 1733 2491 et

993 2512 1292 2553 consuetudinibus,
1318 2512 1492 2555 privilegiis
1516 2522 1652 2555 quoque,
1679 2513 1729 2544 in—

1034 2578 1039 2600 l
1066 2576 1099 2601 tte
1120 2583 1194 2601 more
1215 2575 1293 2601 solito
1314 2575 1371 2609 lege
1392 2574 1535 2602 absolutus
1556 2576 1594 2608 (u.
1612 2575 1660 2600 T).

1740 525 1780 544 lise

1874 503 1887 515 s·
1898 503 1923 514 ς..

1793 526 1842 543 Uimi
1853 530 1876 543 «ις
1890 523 1923 542 lli-

1740 557 1822 571 nurum.

1775 1775 1839 1793 {terre
1853 1781 1878 1794 uu
1913 1782 1916 1794 ι

1765 2150 1855 2166 ,liviana
1869 2152 1879 2166 t·
1891 2147 1927 2166 tlt
