<?xml version="1.0" encoding="UTF-8"?>
<!DOCTYPE html PUBLIC "-//W3C//DTD XHTML 1.0 Transitional//EN"
    "http://www.w3.org/TR/xhtml1/DTD/xhtml1-transitional.dtd">
<html xmlns="http://www.w3.org/1999/xhtml" xml:lang="en" lang="en">
 <head>
  <title>
</title>
<meta http-equiv="Content-Type" content="text/html;charset=utf-8" />
  <meta name='ocr-system' content='tesseract 3.04.00' />
  <meta name='ocr-capabilities' content='ocr_page ocr_carea ocr_par ocr_line ocrx_word'/>
</head>
<body>
  <div class='ocr_page' id='page_1' title='image "./bullarumdiplomat16cath_0671.png"; bbox 0 0 2243 3205; ppageno 0'>
   <div class='ocr_carea' id='block_1_1' title="bbox 65 1941 237 1990">
    <p class='ocr_par' dir='ltr' id='par_1_1' title="bbox 65 1941 237 1990">
     <span class='ocr_line' id='line_1_1' title="bbox 88 1941 237 1965; baseline 0.02 -3"><span class='ocrx_word' id='word_1_1' title='bbox 88 1941 194 1965; x_wconf 62' lang='lat' dir='ltr'>Confirmat</span> <span class='ocrx_word' id='word_1_2' title='bbox 202 1945 237 1965; x_wconf 73' lang='lat' dir='ltr'>ile-</span> 
     </span>
     <span class='ocr_line' id='line_1_2' title="bbox 65 1971 143 1990; baseline 0.026 -2"><span class='ocrx_word' id='word_1_3' title='bbox 65 1971 143 1990; x_wconf 70' lang='lat' dir='ltr'>eretum.</span> 
     </span>
    </p>
   </div>
   <div class='ocr_carea' id='block_1_2' title="bbox 867 182 1192 208">
    <p class='ocr_par' dir='ltr' id='par_1_2' title="bbox 867 182 1192 208">
     <span class='ocr_line' id='line_1_3' title="bbox 867 182 1192 208; baseline -0.006 0"><span class='ocrx_word' id='word_1_4' title='bbox 867 182 1050 208; x_wconf 72' lang='lat' dir='ltr'>ALEXANDER</span> <span class='ocrx_word' id='word_1_5' title='bbox 1075 182 1121 207; x_wconf 80' lang='lat' dir='ltr'>vn</span> <span class='ocrx_word' id='word_1_6' title='bbox 1144 182 1192 207; x_wconf 77' lang='lat' dir='ltr'>Pr.</span> 
     </span>
    </p>
   </div>
   <div class='ocr_carea' id='block_1_3' title="bbox 247 232 1025 2414">
    <p class='ocr_par' dir='ltr' id='par_1_3' title="bbox 265 232 1025 329">
     <span class='ocr_line' id='line_1_4' title="bbox 265 232 1025 287; baseline -0.001 -22"><span class='ocrx_word' id='word_1_7' title='bbox 265 233 339 266; x_wconf 86' lang='lat' dir='ltr'>ralis</span> <span class='ocrx_word' id='word_1_8' title='bbox 364 234 504 266; x_wconf 90' lang='lat' dir='ltr'>muneris</span> <span class='ocrx_word' id='word_1_9' title='bbox 540 239 568 266; x_wconf 90' lang='lat' dir='ltr'>et</span> <span class='ocrx_word' id='word_1_10' title='bbox 595 233 674 266; x_wconf 87' lang='lat' dir='ltr'>tituli</span> <span class='ocrx_word' id='word_1_11' title='bbox 705 232 817 266; x_wconf 89' lang='lat' dir='ltr'>intuitu</span> <span class='ocrx_word' id='word_1_12' title='bbox 851 243 868 265; x_wconf 88' lang='lat' dir='ltr'>a</span> <span class='ocrx_word' id='word_1_13' title='bbox 898 232 1025 287; x_wconf 55' lang='lat' dir='ltr'>Tiircisl</span> 
     </span>
     <span class='ocr_line' id='line_1_5' title="bbox 265 285 1005 329; baseline -0.001 -11"><span class='ocrx_word' id='word_1_14' title='bbox 265 285 378 328; x_wconf 85' lang='lat' dir='ltr'>vexari,</span> <span class='ocrx_word' id='word_1_15' title='bbox 393 286 518 319; x_wconf 86' lang='lat' dir='ltr'>eosdem</span> <span class='ocrx_word' id='word_1_16' title='bbox 544 287 657 320; x_wconf 86' lang='lat' dir='ltr'>fratres</span> <span class='ocrx_word' id='word_1_17' title='bbox 682 297 768 319; x_wconf 88' lang='lat' dir='ltr'>sacra</span> <span class='ocrx_word' id='word_1_18' title='bbox 801 285 1005 329; x_wconf 87' lang='lat' dir='ltr'>congregatio</span> 
     </span>
    </p>

    <p class='ocr_par' dir='ltr' id='par_1_4' title="bbox 259 333 1023 970">
     <span class='ocr_line' id='line_1_6' title="bbox 264 339 1005 383; baseline 0.001 -13"><span class='ocrx_word' id='word_1_19' title='bbox 264 343 393 381; x_wconf 87' lang='lat' dir='ltr'>paterne</span> <span class='ocrx_word' id='word_1_20' title='bbox 409 344 524 379; x_wconf 84' lang='lat' dir='ltr'>monet,</span> <span class='ocrx_word' id='word_1_21' title='bbox 539 345 578 380; x_wconf 81' lang='lat' dir='ltr'>et,</span> <span class='ocrx_word' id='word_1_22' title='bbox 596 345 748 383; x_wconf 88' lang='lat' dir='ltr'>quatenus</span> <span class='ocrx_word' id='word_1_23' title='bbox 762 350 840 383; x_wconf 88' lang='lat' dir='ltr'>opus</span> <span class='ocrx_word' id='word_1_24' title='bbox 858 339 906 379; x_wconf 87' lang='lat' dir='ltr'>sit,</span> <span class='ocrx_word' id='word_1_25' title='bbox 919 348 1005 382; x_wconf 85' lang='lat' dir='ltr'>prae-</span> 
     </span>
     <span class='ocr_line' id='line_1_7' title="bbox 264 391 1023 436; baseline 0.003 -13"><span class='ocrx_word' id='word_1_26' title='bbox 264 391 347 435; x_wconf 83' lang='lat' dir='ltr'>cipit,</span> <span class='ocrx_word' id='word_1_27' title='bbox 373 397 407 424; x_wconf 90' lang='lat' dir='ltr'>ut.</span> <span class='ocrx_word' id='word_1_28' title='bbox 430 393 592 435; x_wconf 89' lang='lat' dir='ltr'>praesules</span> <span class='ocrx_word' id='word_1_29' title='bbox 616 399 646 425; x_wconf 92' lang='lat' dir='ltr'>et</span> <span class='ocrx_word' id='word_1_30' title='bbox 670 391 855 436; x_wconf 86' lang='lat' dir='ltr'>pastorales¹</span> <span class='ocrx_word' id='word_1_31' title='bbox 875 403 948 425; x_wconf 88' lang='lat' dir='ltr'>suos</span> <span class='ocrx_word' id='word_1_32' title='bbox 973 392 1023 424; x_wconf 46' lang='lat' dir='ltr'>fin</span> 
     </span>
     <span class='ocr_line' id='line_1_8' title="bbox 263 444 1022 479; baseline 0.003 -3"><span class='ocrx_word' id='word_1_33' title='bbox 263 444 325 477; x_wconf 91' lang='lat' dir='ltr'>liali</span> <span class='ocrx_word' id='word_1_34' title='bbox 346 455 454 478; x_wconf 87' lang='lat' dir='ltr'>amore</span> <span class='ocrx_word' id='word_1_35' title='bbox 472 451 502 478; x_wconf 89' lang='lat' dir='ltr'>et</span> <span class='ocrx_word' id='word_1_36' title='bbox 519 447 697 479; x_wconf 74' lang='lat' dir='ltr'>reverentia</span> <span class='ocrx_word' id='word_1_37' title='bbox 714 447 744 478; x_wconf 94' lang='lat' dir='ltr'>in</span> <span class='ocrx_word' id='word_1_38' title='bbox 762 446 885 479; x_wconf 80' lang='lat' dir='ltr'>casibus</span> <span class='ocrx_word' id='word_1_39' title='bbox 900 446 1005 478; x_wconf 92' lang='lat' dir='ltr'>huius-</span> <span class='ocrx_word' id='word_1_40' title='bbox 1021 464 1022 469; x_wconf 67' lang='lat'>=</span> 
     </span>
     <span class='ocr_line' id='line_1_9' title="bbox 263 497 1003 543; baseline 0.003 -13"><span class='ocrx_word' id='word_1_41' title='bbox 263 497 347 531; x_wconf 88' lang='lat' dir='ltr'>modi</span> <span class='ocrx_word' id='word_1_42' title='bbox 365 499 619 542; x_wconf 85' lang='lat' dir='ltr'>complectentes,</span> <span class='ocrx_word' id='word_1_43' title='bbox 636 499 720 532; x_wconf 91' lang='lat' dir='ltr'>omni</span> <span class='ocrx_word' id='word_1_44' title='bbox 743 510 873 543; x_wconf 87' lang='lat' dir='ltr'>prorsus</span> <span class='ocrx_word' id='word_1_45' title='bbox 900 499 1003 532; x_wconf 90' lang='lat' dir='ltr'>studio</span> 
     </span>
     <span class='ocr_line' id='line_1_10' title="bbox 262 553 1021 590; baseline 0.004 -6"><span class='ocrx_word' id='word_1_46' title='bbox 262 557 292 584; x_wconf 86' lang='lat' dir='ltr'>et</span> <span class='ocrx_word' id='word_1_47' title='bbox 313 557 426 585; x_wconf 86' lang='lat' dir='ltr'>conatu</span> <span class='ocrx_word' id='word_1_48' title='bbox 441 563 550 586; x_wconf 89' lang='lat' dir='ltr'>eorum</span> <span class='ocrx_word' id='word_1_49' title='bbox 570 553 775 586; x_wconf 72' lang='lat' dir='ltr'>incolumitati</span> <span class='ocrx_word' id='word_1_50' title='bbox 796 558 823 587; x_wconf 83' lang='lat' dir='ltr'>et</span> <span class='ocrx_word' id='word_1_51' title='bbox 844 554 1021 590; x_wconf 68' lang='lat' dir='ltr'>liberatio—2</span> 
     </span>
     <span class='ocr_line' id='line_1_11' title="bbox 260 604 1000 645; baseline 0.003 -9"><span class='ocrx_word' id='word_1_52' title='bbox 260 604 292 636; x_wconf 90' lang='lat' dir='ltr'>ni</span> <span class='ocrx_word' id='word_1_53' title='bbox 318 605 509 645; x_wconf 81' lang='lat' dir='ltr'>incumbant,</span> <span class='ocrx_word' id='word_1_54' title='bbox 531 610 560 638; x_wconf 86' lang='lat' dir='ltr'>et</span> <span class='ocrx_word' id='word_1_55' title='bbox 585 606 805 640; x_wconf 84' lang='lat' dir='ltr'>charitativum</span> <span class='ocrx_word' id='word_1_56' title='bbox 826 606 1000 639; x_wconf 78' lang='lat' dir='ltr'>subsidium</span> 
     </span>
     <span class='ocr_line' id='line_1_12' title="bbox 261 657 1000 703; baseline 0.004 -14"><span class='ocrx_word' id='word_1_57' title='bbox 261 657 292 689; x_wconf 92' lang='lat' dir='ltr'>in</span> <span class='ocrx_word' id='word_1_58' title='bbox 309 668 418 691; x_wconf 89' lang='lat' dir='ltr'>eorum</span> <span class='ocrx_word' id='word_1_59' title='bbox 445 659 683 691; x_wconf 73' lang='lat' dir='ltr'>subventionem</span> <span class='ocrx_word' id='word_1_60' title='bbox 705 665 734 692; x_wconf 91' lang='lat' dir='ltr'>et</span> <span class='ocrx_word' id='word_1_61' title='bbox 752 659 1000 703; x_wconf 75' lang='lat' dir='ltr'>redemptionem</span> 
     </span>
     <span class='ocr_line' id='line_1_13' title="bbox 260 710 1000 753; baseline 0.004 -11"><span class='ocrx_word' id='word_1_62' title='bbox 260 710 409 752; x_wconf 77' lang='lat' dir='ltr'>tribuant,</span> <span class='ocrx_word' id='word_1_63' title='bbox 427 717 459 744; x_wconf 93' lang='lat' dir='ltr'>ut</span> <span class='ocrx_word' id='word_1_64' title='bbox 475 712 614 744; x_wconf 89' lang='lat' dir='ltr'>unanimi</span> <span class='ocrx_word' id='word_1_65' title='bbox 635 712 813 746; x_wconf 86' lang='lat' dir='ltr'>animorum</span> <span class='ocrx_word' id='word_1_66' title='bbox 835 723 1000 753; x_wconf 79' lang='lat' dir='ltr'>consensu,</span> 
     </span>
     <span class='ocr_line' id='line_1_14' title="bbox 260 764 1018 809; baseline 0.005 -14"><span class='ocrx_word' id='word_1_67' title='bbox 260 764 338 796; x_wconf 86' lang='lat' dir='ltr'>alter</span> <span class='ocrx_word' id='word_1_68' title='bbox 354 764 483 797; x_wconf 89' lang='lat' dir='ltr'>alterius</span> <span class='ocrx_word' id='word_1_69' title='bbox 500 769 660 809; x_wconf 87' lang='lat' dir='ltr'>portantes</span> <span class='ocrx_word' id='word_1_70' title='bbox 673 776 780 806; x_wconf 88' lang='lat' dir='ltr'>onera,</span> <span class='ocrx_word' id='word_1_71' title='bbox 794 766 894 799; x_wconf 88' lang='lat' dir='ltr'>dictae</span> <span class='ocrx_word' id='word_1_72' title='bbox 909 767 1001 800; x_wconf 82' lang='lat' dir='ltr'>servi·</span> <span class='ocrx_word' id='word_1_73' title='bbox 1017 785 1018 788; x_wconf 65' lang='lat'><em>=</em></span> 
     </span>
     <span class='ocr_line' id='line_1_15' title="bbox 260 817 1000 863; baseline 0.005 -15"><span class='ocrx_word' id='word_1_74' title='bbox 260 817 334 849; x_wconf 86' lang='lat' dir='ltr'>tntis</span> <span class='ocrx_word' id='word_1_75' title='bbox 351 817 459 860; x_wconf 85' lang='lat' dir='ltr'>iugum</span> <span class='ocrx_word' id='word_1_76' title='bbox 482 818 602 851; x_wconf 77' lang='lat' dir='ltr'>facilius</span> <span class='ocrx_word' id='word_1_77' title='bbox 621 819 785 860; x_wconf 88' lang='lat' dir='ltr'>sustinere,</span> <span class='ocrx_word' id='word_1_78' title='bbox 801 820 1000 863; x_wconf 79' lang='lat' dir='ltr'>nominisque</span> 
     </span>
     <span class='ocr_line' id='line_1_16' title="bbox 259 870 999 915; baseline 0.004 -13"><span class='ocrx_word' id='word_1_79' title='bbox 259 870 421 904; x_wconf 87' lang='lat' dir='ltr'>christiani</span> <span class='ocrx_word' id='word_1_80' title='bbox 457 872 600 905; x_wconf 77' lang='lat' dir='ltr'>hostibus</span> <span class='ocrx_word' id='word_1_81' title='bbox 629 873 826 915; x_wconf 85' lang='lat' dir='ltr'>evangelicae</span> <span class='ocrx_word' id='word_1_82' title='bbox 856 873 999 906; x_wconf 86' lang='lat' dir='ltr'>charitati</span> 
     </span>
     <span class='ocr_line' id='line_1_17' title="bbox 259 925 973 970; baseline 0.003 -13"><span class='ocrx_word' id='word_1_83' title='bbox 259 930 289 957; x_wconf 91' lang='lat' dir='ltr'>et</span> <span class='ocrx_word' id='word_1_84' title='bbox 312 925 480 968; x_wconf 88' lang='lat' dir='ltr'>patientiae</span> <span class='ocrx_word' id='word_1_85' title='bbox 505 927 649 970; x_wconf 84' lang='lat' dir='ltr'>exempla</span> <span class='ocrx_word' id='word_1_86' title='bbox 673 926 825 970; x_wconf 83' lang='lat' dir='ltr'>praebere</span> <span class='ocrx_word' id='word_1_87' title='bbox 849 932 973 970; x_wconf 87' lang='lat' dir='ltr'>queant.</span> 
     </span>
    </p>

    <p class='ocr_par' dir='ltr' id='par_1_5' title="bbox 252 979 999 1880">
     <span class='ocr_line' id='line_1_18' title="bbox 303 979 999 1024; baseline 0.003 -13"><span class='ocrx_word' id='word_1_88' title='bbox 303 979 444 1012; x_wconf 89' lang='lat' dir='ltr'>Declarat</span> <span class='ocrx_word' id='word_1_89' title='bbox 462 980 588 1013; x_wconf 86' lang='lat' dir='ltr'>demum</span> <span class='ocrx_word' id='word_1_90' title='bbox 608 991 695 1013; x_wconf 85' lang='lat' dir='ltr'>sacra</span> <span class='ocrx_word' id='word_1_91' title='bbox 713 981 916 1024; x_wconf 84' lang='lat' dir='ltr'>congregatio</span> <span class='ocrx_word' id='word_1_92' title='bbox 942 991 999 1024; x_wconf 88' lang='lat' dir='ltr'>per</span> 
     </span>
     <span class='ocr_line' id='line_1_19' title="bbox 256 1032 999 1075; baseline 0.003 -11"><span class='ocrx_word' id='word_1_93' title='bbox 256 1032 417 1075; x_wconf 79' lang='lat' dir='ltr'>praedicta</span> <span class='ocrx_word' id='word_1_94' title='bbox 432 1033 508 1065; x_wconf 88' lang='lat' dir='ltr'>nihil</span> <span class='ocrx_word' id='word_1_95' title='bbox 527 1044 594 1066; x_wconf 88' lang='lat' dir='ltr'>esse</span> <span class='ocrx_word' id='word_1_96' title='bbox 618 1034 793 1067; x_wconf 86' lang='lat' dir='ltr'>detractum</span> <span class='ocrx_word' id='word_1_97' title='bbox 823 1039 875 1066; x_wconf 87' lang='lat' dir='ltr'>aut</span> <span class='ocrx_word' id='word_1_98' title='bbox 893 1034 999 1066; x_wconf 87' lang='lat' dir='ltr'>remis-</span> 
     </span>
     <span class='ocr_line' id='line_1_20' title="bbox 257 1085 999 1130; baseline 0.004 -13"><span class='ocrx_word' id='word_1_99' title='bbox 257 1095 325 1117; x_wconf 89' lang='lat' dir='ltr'>sum</span> <span class='ocrx_word' id='word_1_100' title='bbox 344 1085 478 1118; x_wconf 86' lang='lat' dir='ltr'>decretis</span> <span class='ocrx_word' id='word_1_101' title='bbox 498 1086 572 1119; x_wconf 76' lang='lat' dir='ltr'>alias</span> <span class='ocrx_word' id='word_1_102' title='bbox 590 1086 619 1118; x_wconf 91' lang='lat' dir='ltr'>in</span> <span class='ocrx_word' id='word_1_103' title='bbox 638 1087 695 1119; x_wconf 86' lang='lat' dir='ltr'>hac</span> <span class='ocrx_word' id='word_1_104' title='bbox 713 1086 841 1120; x_wconf 80' lang='lat' dir='ltr'>materia</span> <span class='ocrx_word' id='word_1_105' title='bbox 860 1092 920 1119; x_wconf 87' lang='lat' dir='ltr'>tam</span> <span class='ocrx_word' id='word_1_106' title='bbox 942 1098 999 1130; x_wconf 88' lang='lat' dir='ltr'>per</span> 
     </span>
     <span class='ocr_line' id='line_1_21' title="bbox 256 1138 998 1183; baseline 0.004 -13"><span class='ocrx_word' id='word_1_107' title='bbox 256 1138 423 1181; x_wconf 84' lang='lat' dir='ltr'>ipsammet</span> <span class='ocrx_word' id='word_1_108' title='bbox 450 1149 543 1182; x_wconf 87' lang='lat' dir='ltr'>quam</span> <span class='ocrx_word' id='word_1_109' title='bbox 575 1139 651 1172; x_wconf 89' lang='lat' dir='ltr'>alias</span> <span class='ocrx_word' id='word_1_110' title='bbox 682 1140 943 1183; x_wconf 75' lang='lat' dir='ltr'>congregationes</span> <span class='ocrx_word' id='word_1_111' title='bbox 969 1146 998 1173; x_wconf 88' lang='lat' dir='ltr'>et</span> 
     </span>
     <span class='ocr_line' id='line_1_22' title="bbox 256 1191 997 1236; baseline 0.001 -11"><span class='ocrx_word' id='word_1_112' title='bbox 256 1191 368 1225; x_wconf 91' lang='lat' dir='ltr'>Sedem</span> <span class='ocrx_word' id='word_1_113' title='bbox 393 1193 603 1236; x_wconf 87' lang='lat' dir='ltr'>Apostolicam</span> <span class='ocrx_word' id='word_1_114' title='bbox 630 1193 709 1235; x_wconf 91' lang='lat' dir='ltr'>latis,</span> <span class='ocrx_word' id='word_1_115' title='bbox 731 1204 867 1236; x_wconf 85' lang='lat' dir='ltr'>quorum</span> <span class='ocrx_word' id='word_1_116' title='bbox 893 1193 997 1226; x_wconf 90' lang='lat' dir='ltr'>obser-</span> 
     </span>
     <span class='ocr_line' id='line_1_23' title="bbox 255 1245 997 1291; baseline 0.001 -14"><span class='ocrx_word' id='word_1_117' title='bbox 255 1245 390 1278; x_wconf 85' lang='lat' dir='ltr'>vantiam</span> <span class='ocrx_word' id='word_1_118' title='bbox 416 1245 556 1280; x_wconf 87' lang='lat' dir='ltr'>districtc</span> <span class='ocrx_word' id='word_1_119' title='bbox 581 1247 742 1291; x_wconf 78' lang='lat' dir='ltr'>praecipit,</span> <span class='ocrx_word' id='word_1_120' title='bbox 761 1252 791 1280; x_wconf 92' lang='lat' dir='ltr'>et</span> <span class='ocrx_word' id='word_1_121' title='bbox 815 1247 997 1291; x_wconf 76' lang='lat' dir='ltr'>praelibatis</span> 
     </span>
     <span class='ocr_line' id='line_1_24' title="bbox 255 1299 995 1344; baseline 0.001 -13"><span class='ocrx_word' id='word_1_122' title='bbox 255 1299 493 1344; x_wconf 83' lang='lat' dir='ltr'>archiepiscopo</span> <span class='ocrx_word' id='word_1_123' title='bbox 524 1305 554 1333; x_wconf 89' lang='lat' dir='ltr'>et</span> <span class='ocrx_word' id='word_1_124' title='bbox 583 1300 732 1344; x_wconf 89' lang='lat' dir='ltr'>episcopo</span> <span class='ocrx_word' id='word_1_125' title='bbox 765 1300 918 1343; x_wconf 75' lang='lat' dir='ltr'>inmugit,</span> <span class='ocrx_word' id='word_1_126' title='bbox 947 1306 995 1342; x_wconf 91' lang='lat' dir='ltr'>ut,</span> 
     </span>
     <span class='ocr_line' id='line_1_25' title="bbox 255 1354 995 1397; baseline 0.001 -12"><span class='ocrx_word' id='word_1_127' title='bbox 255 1358 382 1396; x_wconf 86' lang='lat' dir='ltr'>praeter</span> <span class='ocrx_word' id='word_1_128' title='bbox 403 1364 520 1397; x_wconf 87' lang='lat' dir='ltr'>poenas</span> <span class='ocrx_word' id='word_1_129' title='bbox 539 1354 568 1386; x_wconf 92' lang='lat' dir='ltr'>in</span> <span class='ocrx_word' id='word_1_130' title='bbox 590 1354 745 1397; x_wconf 79' lang='lat' dir='ltr'>praesenti</span> <span class='ocrx_word' id='word_1_131' title='bbox 770 1354 897 1387; x_wconf 87' lang='lat' dir='ltr'>decreto</span> <span class='ocrx_word' id='word_1_132' title='bbox 918 1359 948 1386; x_wconf 88' lang='lat' dir='ltr'>et</span> <span class='ocrx_word' id='word_1_133' title='bbox 965 1354 995 1386; x_wconf 92' lang='lat' dir='ltr'>in</span> 
     </span>
     <span class='ocr_line' id='line_1_26' title="bbox 254 1406 996 1450; baseline 0.001 -11"><span class='ocrx_word' id='word_1_134' title='bbox 254 1406 423 1450; x_wconf 84' lang='lat' dir='ltr'>praedictis</span> <span class='ocrx_word' id='word_1_135' title='bbox 440 1408 717 1441; x_wconf 86' lang='lat' dir='ltr'>constitutionibus</span> <span class='ocrx_word' id='word_1_136' title='bbox 736 1418 771 1440; x_wconf 86' lang='lat' dir='ltr'>ac</span> <span class='ocrx_word' id='word_1_137' title='bbox 788 1407 922 1440; x_wconf 83' lang='lat' dir='ltr'>decretis</span> <span class='ocrx_word' id='word_1_138' title='bbox 946 1407 996 1440; x_wconf 87' lang='lat' dir='ltr'>ad-</span> 
     </span>
     <span class='ocr_line' id='line_1_27' title="bbox 256 1460 993 1505; baseline 0.003 -13"><span class='ocrx_word' id='word_1_139' title='bbox 256 1470 364 1494; x_wconf 85' lang='lat' dir='ltr'>versus</span> <span class='ocrx_word' id='word_1_140' title='bbox 378 1461 649 1494; x_wconf 80' lang='lat' dir='ltr'>contravenientes</span> <span class='ocrx_word' id='word_1_141' title='bbox 666 1460 758 1500; x_wconf 72' lang='lat' dir='ltr'>latis2,</span> <span class='ocrx_word' id='word_1_142' title='bbox 773 1462 876 1495; x_wconf 88' lang='lat' dir='ltr'>statim</span> <span class='ocrx_word' id='word_1_143' title='bbox 894 1461 993 1505; x_wconf 81' lang='lat' dir='ltr'>ipsam</span> 
     </span>
     <span class='ocr_line' id='line_1_28' title="bbox 253 1515 995 1558; baseline 0.003 -12"><span class='ocrx_word' id='word_1_144' title='bbox 253 1523 375 1547; x_wconf 82' lang='lat' dir='ltr'>sacram</span> <span class='ocrx_word' id='word_1_145' title='bbox 411 1515 689 1558; x_wconf 80' lang='lat' dir='ltr'>congregationem</span> <span class='ocrx_word' id='word_1_146' title='bbox 722 1515 855 1548; x_wconf 87' lang='lat' dir='ltr'>edocere</span> <span class='ocrx_word' id='word_1_147' title='bbox 885 1521 995 1548; x_wconf 86' lang='lat' dir='ltr'>curent</span> 
     </span>
     <span class='ocr_line' id='line_1_29' title="bbox 253 1568 991 1613; baseline 0.001 -13"><span class='ocrx_word' id='word_1_148' title='bbox 253 1576 328 1600; x_wconf 88' lang='lat' dir='ltr'>num</span> <span class='ocrx_word' id='word_1_149' title='bbox 350 1568 463 1601; x_wconf 79' lang='lat' dir='ltr'>frati-es</span> <span class='ocrx_word' id='word_1_150' title='bbox 496 1574 548 1601; x_wconf 86' lang='lat' dir='ltr'>aut</span> <span class='ocrx_word' id='word_1_151' title='bbox 581 1569 659 1602; x_wconf 88' lang='lat' dir='ltr'>alios</span> <span class='ocrx_word' id='word_1_152' title='bbox 684 1569 875 1613; x_wconf 83' lang='lat' dir='ltr'>quicumque</span> <span class='ocrx_word' id='word_1_153' title='bbox 900 1568 991 1613; x_wconf 90' lang='lat' dir='ltr'>quic-</span> 
     </span>
     <span class='ocr_line' id='line_1_30' title="bbox 253 1622 994 1666; baseline 0.001 -12"><span class='ocrx_word' id='word_1_154' title='bbox 253 1631 347 1664; x_wconf 87' lang='lat' dir='ltr'>quam</span> <span class='ocrx_word' id='word_1_155' title='bbox 373 1626 482 1655; x_wconf 89' lang='lat' dir='ltr'>contra</span> <span class='ocrx_word' id='word_1_156' title='bbox 506 1622 646 1666; x_wconf 83' lang='lat' dir='ltr'>praefata</span> <span class='ocrx_word' id='word_1_157' title='bbox 670 1622 775 1656; x_wconf 90' lang='lat' dir='ltr'>moliri</span> <span class='ocrx_word' id='word_1_158' title='bbox 810 1623 876 1656; x_wconf 84' lang='lat' dir='ltr'>sive</span> <span class='ocrx_word' id='word_1_159' title='bbox 900 1628 994 1656; x_wconf 91' lang='lat' dir='ltr'>atten-</span> 
     </span>
     <span class='ocr_line' id='line_1_31' title="bbox 252 1676 994 1719; baseline 0.003 -12"><span class='ocrx_word' id='word_1_160' title='bbox 252 1678 319 1708; x_wconf 82' lang='lat' dir='ltr'>tare</span> <span class='ocrx_word' id='word_1_161' title='bbox 343 1676 626 1719; x_wconf 82' lang='lat' dir='ltr'>praesumpserint,</span> <span class='ocrx_word' id='word_1_162' title='bbox 647 1679 681 1710; x_wconf 87' lang='lat' dir='ltr'>ut</span> <span class='ocrx_word' id='word_1_163' title='bbox 701 1676 931 1709; x_wconf 88' lang='lat' dir='ltr'>efficacioribus</span> <span class='ocrx_word' id='word_1_164' title='bbox 949 1686 994 1709; x_wconf 92' lang='lat' dir='ltr'>re-</span> 
     </span>
     <span class='ocr_line' id='line_1_32' title="bbox 253 1728 994 1773; baseline 0.003 -13"><span class='ocrx_word' id='word_1_165' title='bbox 253 1728 363 1761; x_wconf 89' lang='lat' dir='ltr'>mediis</span> <span class='ocrx_word' id='word_1_166' title='bbox 377 1734 544 1762; x_wconf 84' lang='lat' dir='ltr'>renuentes</span> <span class='ocrx_word' id='word_1_167' title='bbox 562 1740 774 1773; x_wconf 87' lang='lat' dir='ltr'>compescere,</span> <span class='ocrx_word' id='word_1_168' title='bbox 791 1740 914 1762; x_wconf 87' lang='lat' dir='ltr'>necnon</span> <span class='ocrx_word' id='word_1_169' title='bbox 930 1730 994 1762; x_wconf 87' lang='lat' dir='ltr'>ani-</span> 
     </span>
     <span class='ocr_line' id='line_1_33' title="bbox 253 1782 992 1817; baseline 0.003 -4"><span class='ocrx_word' id='word_1_170' title='bbox 253 1791 375 1814; x_wconf 90' lang='lat' dir='ltr'>marum</span> <span class='ocrx_word' id='word_1_171' title='bbox 412 1792 520 1815; x_wconf 89' lang='lat' dir='ltr'>curam</span> <span class='ocrx_word' id='word_1_172' title='bbox 556 1783 690 1816; x_wconf 89' lang='lat' dir='ltr'>aliorum</span> <span class='ocrx_word' id='word_1_173' title='bbox 731 1782 992 1817; x_wconf 82' lang='lat' dir='ltr'>administrationi</span> 
     </span>
     <span class='ocr_line' id='line_1_34' title="bbox 252 1834 616 1880; baseline 0.003 -13"><span class='ocrx_word' id='word_1_174' title='bbox 252 1834 442 1868; x_wconf 82' lang='lat' dir='ltr'>demandare</span> <span class='ocrx_word' id='word_1_175' title='bbox 466 1835 585 1880; x_wconf 90' lang='lat' dir='ltr'>possint</span> <span class='ocrx_word' id='word_1_176' title='bbox 596 1836 616 1869; x_wconf 78' lang='lat'>⁸.</span> 
     </span>
    </p>

    <p class='ocr_par' dir='ltr' id='par_1_6' title="bbox 392 1888 947 1934">
     <span class='ocr_line' id='line_1_35' title="bbox 392 1888 947 1934; baseline 0.004 -13"><span class='ocrx_word' id='word_1_177' title='bbox 392 1888 564 1922; x_wconf 88' lang='lat' dir='ltr'>Cardinalis</span> <span class='ocrx_word' id='word_1_178' title='bbox 588 1890 735 1930; x_wconf 81' lang='grc' dir='ltr'>ΑΝΤΟΝΠ,</span> <span class='ocrx_word' id='word_1_179' title='bbox 761 1890 947 1934; x_wconf 83' lang='lat' dir='ltr'>praefectus.</span> 
     </span>
    </p>

    <p class='ocr_par' dir='ltr' id='par_1_7' title="bbox 247 1941 991 2414">
     <span class='ocr_line' id='line_1_36' title="bbox 296 1941 991 1984; baseline 0.001 -10"><span class='ocrx_word' id='word_1_180' title='bbox 296 1941 310 1984; x_wconf 67' lang='grc' dir='ltr'><strong>ἓ</strong></span> <span class='ocrx_word' id='word_1_181' title='bbox 334 1941 364 1974; x_wconf 66' lang='grc' dir='ltr'>Ξ.</span> <span class='ocrx_word' id='word_1_182' title='bbox 389 1941 464 1975; x_wconf 91' lang='lat' dir='ltr'>Cum</span> <span class='ocrx_word' id='word_1_183' title='bbox 485 1947 588 1975; x_wconf 86' lang='lat' dir='ltr'>autem</span> <span class='ocrx_word' id='word_1_184' title='bbox 609 1943 752 1976; x_wconf 76' lang='lat' dir='ltr'>firmiora</span> <span class='ocrx_word' id='word_1_185' title='bbox 776 1948 806 1976; x_wconf 91' lang='lat' dir='ltr'>et</span> <span class='ocrx_word' id='word_1_186' title='bbox 830 1943 991 1976; x_wconf 85' lang='lat' dir='ltr'>stabiliora</span> 
     </span>
     <span class='ocr_line' id='line_1_37' title="bbox 251 1994 991 2040; baseline 0.004 -13"><span class='ocrx_word' id='word_1_187' title='bbox 251 1994 312 2027; x_wconf 83' lang='lat' dir='ltr'>sint</span> <span class='ocrx_word' id='word_1_188' title='bbox 330 1995 391 2038; x_wconf 85' lang='lat' dir='ltr'>illa,</span> <span class='ocrx_word' id='word_1_189' title='bbox 406 1996 521 2039; x_wconf 87' lang='lat' dir='ltr'>quibus</span> <span class='ocrx_word' id='word_1_190' title='bbox 537 1996 727 2040; x_wconf 83' lang='lat' dir='ltr'>apostolicae</span> <span class='ocrx_word' id='word_1_191' title='bbox 743 1996 991 2030; x_wconf 84' lang='lat' dir='ltr'>confirmationis</span> 
     </span>
     <span class='ocr_line' id='line_1_38' title="bbox 250 2048 990 2094; baseline 0.003 -13"><span class='ocrx_word' id='word_1_192' title='bbox 250 2048 370 2081; x_wconf 88' lang='lat' dir='ltr'>accedit</span> <span class='ocrx_word' id='word_1_193' title='bbox 402 2049 617 2093; x_wconf 87' lang='lat' dir='ltr'>praesidium:</span> <span class='ocrx_word' id='word_1_194' title='bbox 642 2050 716 2083; x_wconf 87' lang='lat' dir='ltr'>hinc</span> <span class='ocrx_word' id='word_1_195' title='bbox 740 2056 786 2083; x_wconf 90' lang='lat' dir='ltr'>est</span> <span class='ocrx_word' id='word_1_196' title='bbox 810 2050 894 2094; x_wconf 91' lang='lat' dir='ltr'>quod</span> <span class='ocrx_word' id='word_1_197' title='bbox 918 2060 990 2090; x_wconf 84' lang='lat' dir='ltr'>nos,</span> 
     </span>
     <span class='ocr_line' id='line_1_39' title="bbox 249 2103 991 2145; baseline 0.003 -11"><span class='ocrx_word' id='word_1_198' title='bbox 249 2103 497 2145; x_wconf 84' lang='lat' dir='ltr'>praemissorum</span> <span class='ocrx_word' id='word_1_199' title='bbox 513 2104 631 2145; x_wconf 89' lang='lat' dir='ltr'>robori,</span> <span class='ocrx_word' id='word_1_200' title='bbox 648 2104 804 2137; x_wconf 85' lang='lat' dir='ltr'>efficaciae</span> <span class='ocrx_word' id='word_1_201' title='bbox 821 2109 851 2137; x_wconf 91' lang='lat' dir='ltr'>et</span> <span class='ocrx_word' id='word_1_202' title='bbox 865 2103 991 2137; x_wconf 85' lang='lat' dir='ltr'>inviola-</span> 
     </span>
     <span class='ocr_line' id='line_1_40' title="bbox 249 2153 991 2201; baseline 0.003 -14"><span class='ocrx_word' id='word_1_203' title='bbox 249 2153 303 2188; x_wconf 92' lang='lat' dir='ltr'>bili</span> <span class='ocrx_word' id='word_1_204' title='bbox 327 2155 544 2189; x_wconf 85' lang='lat' dir='ltr'>observantiae</span> <span class='ocrx_word' id='word_1_205' title='bbox 563 2157 728 2190; x_wconf 90' lang='lat' dir='ltr'>consulere</span> <span class='ocrx_word' id='word_1_206' title='bbox 752 2157 923 2201; x_wconf 85' lang='lat' dir='ltr'>cupientes,</span> <span class='ocrx_word' id='word_1_207' title='bbox 941 2156 991 2190; x_wconf 89' lang='lat' dir='ltr'>de-</span> 
     </span>
     <span class='ocr_line' id='line_1_41' title="bbox 249 2210 990 2254; baseline 0.001 -12"><span class='ocrx_word' id='word_1_208' title='bbox 249 2214 369 2242; x_wconf 88' lang='lat' dir='ltr'>cretum</span> <span class='ocrx_word' id='word_1_209' title='bbox 404 2210 634 2254; x_wconf 76' lang='lat' dir='ltr'>praeinsertum</span> <span class='ocrx_word' id='word_1_210' title='bbox 650 2238 658 2252; x_wconf 88' lang='lat'>,</span> <span class='ocrx_word' id='word_1_211' title='bbox 683 2221 754 2243; x_wconf 92' lang='lat' dir='ltr'>cum</span> <span class='ocrx_word' id='word_1_212' title='bbox 791 2210 936 2244; x_wconf 90' lang='lat' dir='ltr'>omnibus</span> <span class='ocrx_word' id='word_1_213' title='bbox 961 2214 990 2244; x_wconf 89' lang='lat' dir='ltr'>et</span> 
     </span>
     <span class='ocr_line' id='line_1_42' title="bbox 248 2262 989 2308; baseline 0.003 -13"><span class='ocrx_word' id='word_1_214' title='bbox 248 2262 380 2305; x_wconf 89' lang='lat' dir='ltr'>singulis</span> <span class='ocrx_word' id='word_1_215' title='bbox 406 2263 436 2296; x_wconf 88' lang='lat' dir='ltr'>in</span> <span class='ocrx_word' id='word_1_216' title='bbox 461 2274 498 2297; x_wconf 90' lang='lat' dir='ltr'>eo</span> <span class='ocrx_word' id='word_1_217' title='bbox 523 2264 688 2305; x_wconf 88' lang='lat' dir='ltr'>contentis,</span> <span class='ocrx_word' id='word_1_218' title='bbox 706 2265 891 2297; x_wconf 85' lang='lat' dir='ltr'>auctoritate</span> <span class='ocrx_word' id='word_1_219' title='bbox 915 2274 989 2308; x_wconf 88' lang='lat' dir='ltr'>apo-</span> 
     </span>
     <span class='ocr_line' id='line_1_43' title="bbox 247 2316 988 2361; baseline 0.003 -13"><span class='ocrx_word' id='word_1_220' title='bbox 247 2316 366 2359; x_wconf 75' lang='lat' dir='ltr'>stolica,</span> <span class='ocrx_word' id='word_1_221' title='bbox 386 2322 494 2350; x_wconf 86' lang='lat' dir='ltr'>tenore</span> <span class='ocrx_word' id='word_1_222' title='bbox 518 2317 741 2361; x_wconf 86' lang='lat' dir='ltr'>praesentium,</span> <span class='ocrx_word' id='word_1_223' title='bbox 763 2318 988 2351; x_wconf 79' lang='lat' dir='ltr'>confirmamus</span> 
     </span>
     <span class='ocr_line' id='line_1_44' title="bbox 247 2370 987 2414; baseline 0.001 -12"><span class='ocrx_word' id='word_1_224' title='bbox 247 2374 277 2402; x_wconf 90' lang='lat' dir='ltr'>et</span> <span class='ocrx_word' id='word_1_225' title='bbox 300 2370 522 2414; x_wconf 86' lang='lat' dir='ltr'>approbamus,</span> <span class='ocrx_word' id='word_1_226' title='bbox 549 2371 671 2414; x_wconf 88' lang='lat' dir='ltr'>illisque</span> <span class='ocrx_word' id='word_1_227' title='bbox 697 2371 884 2404; x_wconf 88' lang='lat' dir='ltr'>inviolabilis</span> <span class='ocrx_word' id='word_1_228' title='bbox 909 2381 987 2414; x_wconf 92' lang='lat' dir='ltr'>apo-</span> 
     </span>
    </p>
   </div>
   <div class='ocr_carea' id='block_1_4' title="bbox 1007 435 1023 2026">
    <p class='ocr_par' dir='ltr' id='par_1_8' title="bbox 1007 435 1023 2026">
     <span class='ocr_line' id='line_1_45' title="bbox 1007 435 1023 2026; baseline 0 0"><span class='ocrx_word' id='word_1_229' title='bbox 1007 435 1023 2026; x_wconf 95' lang='lat' dir='ltr'> </span> 
     </span>
    </p>
   </div>
   <div class='ocr_carea' id='block_1_5' title="bbox 278 2450 986 2575">
    <p class='ocr_par' dir='ltr' id='par_1_9' title="bbox 278 2450 986 2575">
     <span class='ocr_line' id='line_1_46' title="bbox 282 2450 856 2486; baseline 0.002 -9"><span class='ocrx_word' id='word_1_230' title='bbox 282 2451 290 2477; x_wconf 83' lang='lat'><strong>1</strong></span> <span class='ocrx_word' id='word_1_231' title='bbox 317 2450 427 2477; x_wconf 87' lang='lat' dir='ltr'>Videtur</span> <span class='ocrx_word' id='word_1_232' title='bbox 447 2451 590 2486; x_wconf 83' lang='lat' dir='ltr'>legendum</span> <span class='ocrx_word' id='word_1_233' title='bbox 607 2453 738 2486; x_wconf 75' lang='lat' dir='ltr'>pastores</span> <span class='ocrx_word' id='word_1_234' title='bbox 752 2452 790 2484; x_wconf 81' lang='lat' dir='ltr'>(n.</span> <span class='ocrx_word' id='word_1_235' title='bbox 807 2457 856 2485; x_wconf 82' lang='grc' dir='ltr'><strong><em>Τ.).</em></strong></span> 
     </span>
     <span class='ocr_line' id='line_1_47' title="bbox 279 2493 702 2531; baseline 0.002 -10"><span class='ocrx_word' id='word_1_236' title='bbox 279 2493 295 2521; x_wconf 76' lang='lat'>9.</span> <span class='ocrx_word' id='word_1_237' title='bbox 316 2494 407 2522; x_wconf 85' lang='lat' dir='ltr'>Potius</span> <span class='ocrx_word' id='word_1_238' title='bbox 427 2496 486 2530; x_wconf 82' lang='lat' dir='ltr'>lege</span> <span class='ocrx_word' id='word_1_239' title='bbox 506 2497 580 2523; x_wconf 80' lang='lat' dir='ltr'>latas</span> <span class='ocrx_word' id='word_1_240' title='bbox 599 2497 636 2531; x_wconf 80' lang='lat' dir='ltr'>(n,</span> <span class='ocrx_word' id='word_1_241' title='bbox 654 2496 702 2529; x_wconf 83' lang='grc' dir='ltr'>Τ.).</span> 
     </span>
     <span class='ocr_line' id='line_1_48' title="bbox 278 2539 986 2575; baseline 0.001 -10"><span class='ocrx_word' id='word_1_242' title='bbox 278 2539 294 2566; x_wconf 90' lang='grc'>3</span> <span class='ocrx_word' id='word_1_243' title='bbox 313 2539 427 2566; x_wconf 82' lang='lat' dir='ltr'>Videtur</span> <span class='ocrx_word' id='word_1_244' title='bbox 441 2539 583 2575; x_wconf 83' lang='lat' dir='ltr'>legendum</span> <span class='ocrx_word' id='word_1_245' title='bbox 598 2540 685 2575; x_wconf 77' lang='lat' dir='ltr'>possit</span> <span class='ocrx_word' id='word_1_246' title='bbox 701 2548 797 2575; x_wconf 83' lang='lat' dir='ltr'>nempe</span> <span class='ocrx_word' id='word_1_247' title='bbox 812 2539 842 2567; x_wconf 90' lang='lat' dir='ltr'>S.</span> <span class='ocrx_word' id='word_1_248' title='bbox 862 2540 986 2574; x_wconf 70' lang='lat' dir='ltr'>Conyre-</span> 
     </span>
    </p>
   </div>
   <div class='ocr_carea' id='block_1_6' title="bbox 243 2585 446 2619">
    <p class='ocr_par' dir='ltr' id='par_1_10' title="bbox 243 2585 446 2619">
     <span class='ocr_line' id='line_1_49' title="bbox 243 2585 446 2619; baseline -0.005 -8"><span class='ocrx_word' id='word_1_249' title='bbox 243 2585 321 2619; x_wconf 73' lang='lat' dir='ltr'>yalio</span> <span class='ocrx_word' id='word_1_250' title='bbox 342 2587 382 2618; x_wconf 38' lang='lat' dir='ltr'>(iti</span> <span class='ocrx_word' id='word_1_251' title='bbox 399 2585 446 2618; x_wconf 82' lang='grc' dir='ltr'>τ.).</span> 
     </span>
    </p>
   </div>
   <div class='ocr_carea' id='block_1_7' title="bbox 1038 230 1782 531">
    <p class='ocr_par' dir='ltr' id='par_1_11' title="bbox 1038 230 1782 531">
     <span class='ocr_line' id='line_1_50' title="bbox 1040 230 1782 271; baseline 0 -8"><span class='ocrx_word' id='word_1_252' title='bbox 1040 230 1169 264; x_wconf 86' lang='lat' dir='ltr'>stolicae</span> <span class='ocrx_word' id='word_1_253' title='bbox 1183 231 1339 265; x_wconf 79' lang='lat' dir='ltr'>firmitatis</span> <span class='ocrx_word' id='word_1_254' title='bbox 1353 231 1452 265; x_wconf 89' lang='lat' dir='ltr'>robur</span> <span class='ocrx_word' id='word_1_255' title='bbox 1472 231 1646 271; x_wconf 88' lang='lat' dir='ltr'>adiicimus,</span> <span class='ocrx_word' id='word_1_256' title='bbox 1664 241 1699 264; x_wconf 88' lang='lat' dir='ltr'>ac</span> <span class='ocrx_word' id='word_1_257' title='bbox 1717 241 1782 263; x_wconf 92' lang='lat' dir='ltr'>om-</span> 
     </span>
     <span class='ocr_line' id='line_1_51' title="bbox 1040 284 1780 328; baseline -0.001 -11"><span class='ocrx_word' id='word_1_258' title='bbox 1040 295 1094 318; x_wconf 91' lang='lat' dir='ltr'>nes</span> <span class='ocrx_word' id='word_1_259' title='bbox 1119 290 1149 318; x_wconf 92' lang='lat' dir='ltr'>et</span> <span class='ocrx_word' id='word_1_260' title='bbox 1174 285 1315 328; x_wconf 86' lang='lat' dir='ltr'>singulos</span> <span class='ocrx_word' id='word_1_261' title='bbox 1332 286 1410 318; x_wconf 87' lang='lat' dir='ltr'>iuris</span> <span class='ocrx_word' id='word_1_262' title='bbox 1435 291 1464 318; x_wconf 90' lang='lat' dir='ltr'>et</span> <span class='ocrx_word' id='word_1_263' title='bbox 1489 285 1559 317; x_wconf 86' lang='lat' dir='ltr'>facti</span> <span class='ocrx_word' id='word_1_264' title='bbox 1585 285 1734 326; x_wconf 89' lang='lat' dir='ltr'>defectus,</span> <span class='ocrx_word' id='word_1_265' title='bbox 1755 284 1780 316; x_wconf 89' lang='lat' dir='ltr'>si</span> 
     </span>
     <span class='ocr_line' id='line_1_52' title="bbox 1039 338 1780 382; baseline 0 -12"><span class='ocrx_word' id='word_1_266' title='bbox 1039 338 1092 382; x_wconf 92' lang='lat' dir='ltr'>qui</span> <span class='ocrx_word' id='word_1_267' title='bbox 1117 338 1252 382; x_wconf 86' lang='lat' dir='ltr'>desuper</span> <span class='ocrx_word' id='word_1_268' title='bbox 1276 338 1512 382; x_wconf 86' lang='lat' dir='ltr'>quomodolibet</span> <span class='ocrx_word' id='word_1_269' title='bbox 1536 338 1780 378; x_wconf 85' lang='lat' dir='ltr'>intervenerint,</span> 
     </span>
     <span class='ocr_line' id='line_1_53' title="bbox 1039 392 1782 436; baseline -0.001 -11"><span class='ocrx_word' id='word_1_270' title='bbox 1039 392 1232 436; x_wconf 82' lang='lat' dir='ltr'>supplemus,</span> <span class='ocrx_word' id='word_1_271' title='bbox 1258 393 1341 425; x_wconf 81' lang='lat' dir='ltr'>saiva</span> <span class='ocrx_word' id='word_1_272' title='bbox 1367 398 1469 425; x_wconf 87' lang='lat' dir='ltr'>tamen</span> <span class='ocrx_word' id='word_1_273' title='bbox 1495 402 1621 436; x_wconf 87' lang='lat' dir='ltr'>semper</span> <span class='ocrx_word' id='word_1_274' title='bbox 1642 392 1672 424; x_wconf 94' lang='lat' dir='ltr'>in</span> <span class='ocrx_word' id='word_1_275' title='bbox 1691 401 1782 435; x_wconf 90' lang='lat' dir='ltr'>prae-</span> 
     </span>
     <span class='ocr_line' id='line_1_54' title="bbox 1039 444 1780 489; baseline 0 -12"><span class='ocrx_word' id='word_1_276' title='bbox 1039 444 1141 477; x_wconf 88' lang='lat' dir='ltr'>missis</span> <span class='ocrx_word' id='word_1_277' title='bbox 1176 445 1362 478; x_wconf 87' lang='lat' dir='ltr'>auctoritate</span> <span class='ocrx_word' id='word_1_278' title='bbox 1385 445 1541 489; x_wconf 86' lang='lat' dir='ltr'>praefatae</span> <span class='ocrx_word' id='word_1_279' title='bbox 1565 445 1780 487; x_wconf 79' lang='lat' dir='ltr'>congregatio·</span> 
     </span>
     <span class='ocr_line' id='line_1_55' title="bbox 1038 497 1326 531; baseline 0.003 -1"><span class='ocrx_word' id='word_1_280' title='bbox 1038 498 1085 530; x_wconf 89' lang='lat' dir='ltr'>nis</span> <span class='ocrx_word' id='word_1_281' title='bbox 1109 497 1326 531; x_wconf 82' lang='lat' dir='ltr'>cardinalium.</span> 
     </span>
    </p>
   </div>
   <div class='ocr_carea' id='block_1_8' title="bbox 1082 551 1977 616">
    <p class='ocr_par' dir='ltr' id='par_1_12' title="bbox 1082 551 1977 616">
     <span class='ocr_line' id='line_1_56' title="bbox 1082 551 1977 616; baseline -0.003 -31"><span class='ocrx_word' id='word_1_282' title='bbox 1082 553 1097 596; x_wconf 62' lang='grc' dir='ltr'>ξ</span> <span class='ocrx_word' id='word_1_283' title='bbox 1132 551 1162 585; x_wconf 82' lang='grc'>3.</span> <span class='ocrx_word' id='word_1_284' title='bbox 1188 552 1399 585; x_wconf 79' lang='lat' dir='ltr'>Decernentes</span> <span class='ocrx_word' id='word_1_285' title='bbox 1435 552 1560 585; x_wconf 88' lang='lat' dir='ltr'>easdem</span> <span class='ocrx_word' id='word_1_286' title='bbox 1597 556 1777 595; x_wconf 87' lang='lat' dir='ltr'>praesentes</span> <span class='ocrx_word' id='word_1_287' title='bbox 1793 563 1977 616; x_wconf 41' lang='lat' dir='ltr'>puiiiiufflhssl&#39;</span> 
     </span>
    </p>
   </div>
   <div class='ocr_carea' id='block_1_9' title="bbox 1037 604 1777 703">
    <p class='ocr_par' dir='ltr' id='par_1_13' title="bbox 1037 604 1777 703">
     <span class='ocr_line' id='line_1_57' title="bbox 1037 604 1777 649; baseline -0.001 -11"><span class='ocrx_word' id='word_1_288' title='bbox 1037 606 1156 638; x_wconf 82' lang='lat' dir='ltr'>litteras</span> <span class='ocrx_word' id='word_1_289' title='bbox 1173 616 1299 649; x_wconf 86' lang='lat' dir='ltr'>semper</span> <span class='ocrx_word' id='word_1_290' title='bbox 1315 606 1433 646; x_wconf 84' lang='lat' dir='ltr'>sirmas,</span> <span class='ocrx_word' id='word_1_291' title='bbox 1453 605 1569 637; x_wconf 88' lang='lat' dir='ltr'>validas</span> <span class='ocrx_word' id='word_1_292' title='bbox 1589 610 1618 637; x_wconf 90' lang='lat' dir='ltr'>et</span> <span class='ocrx_word' id='word_1_293' title='bbox 1636 604 1777 637; x_wconf 84' lang='lat' dir='ltr'>efficaces</span> 
     </span>
     <span class='ocr_line' id='line_1_58' title="bbox 1037 658 1777 703; baseline -0.003 -11"><span class='ocrx_word' id='word_1_294' title='bbox 1037 659 1169 692; x_wconf 85' lang='lat' dir='ltr'>existere</span> <span class='ocrx_word' id='word_1_295' title='bbox 1194 664 1224 691; x_wconf 89' lang='lat' dir='ltr'>et</span> <span class='ocrx_word' id='word_1_296' title='bbox 1248 659 1325 699; x_wconf 87' lang='lat' dir='ltr'>fore,</span> <span class='ocrx_word' id='word_1_297' title='bbox 1350 669 1486 703; x_wconf 89' lang='lat' dir='ltr'>suosque</span> <span class='ocrx_word' id='word_1_298' title='bbox 1512 658 1669 702; x_wconf 87' lang='lat' dir='ltr'>plenarios</span> <span class='ocrx_word' id='word_1_299' title='bbox 1687 663 1717 690; x_wconf 88' lang='lat' dir='ltr'>et</span> <span class='ocrx_word' id='word_1_300' title='bbox 1734 658 1777 690; x_wconf 88' lang='lat' dir='ltr'>in-</span> 
     </span>
    </p>
   </div>
   <div class='ocr_carea' id='block_1_10' title="bbox 1017 711 1778 809">
    <p class='ocr_par' dir='ltr' id='par_1_14' title="bbox 1017 711 1778 809">
     <span class='ocr_line' id='line_1_59' title="bbox 1018 711 1776 756; baseline -0.001 -12"><span class='ocrx_word' id='word_1_301' title='bbox 1018 717 1142 756; x_wconf 70' lang='lat' dir='ltr'>&#39;tegros</span> <span class='ocrx_word' id='word_1_302' title='bbox 1166 712 1295 745; x_wconf 86' lang='lat' dir='ltr'>effectus</span> <span class='ocrx_word' id='word_1_303' title='bbox 1320 712 1424 746; x_wconf 81' lang='lat' dir='ltr'>soi-tiri</span> <span class='ocrx_word' id='word_1_304' title='bbox 1451 718 1480 744; x_wconf 93' lang='lat' dir='ltr'>et</span> <span class='ocrx_word' id='word_1_305' title='bbox 1504 711 1657 751; x_wconf 86' lang='lat' dir='ltr'>obtinere,</span> <span class='ocrx_word' id='word_1_306' title='bbox 1682 721 1717 744; x_wconf 89' lang='lat' dir='ltr'>ac</span> <span class='ocrx_word' id='word_1_307' title='bbox 1730 711 1776 743; x_wconf 92' lang='lat' dir='ltr'>di-</span> 
     </span>
     <span class='ocr_line' id='line_1_60' title="bbox 1017 758 1778 809; baseline -0.004 -10"><span class='ocrx_word' id='word_1_308' title='bbox 1017 758 1119 799; x_wconf 69' lang='lat' dir='ltr'>&#39;ctum</span> <span class='ocrx_word' id='word_1_309' title='bbox 1146 766 1319 807; x_wconf 88' lang='lat' dir='ltr'>decretum,</span> <span class='ocrx_word' id='word_1_310' title='bbox 1345 765 1514 809; x_wconf 85' lang='lat' dir='ltr'>omniaque</span> <span class='ocrx_word' id='word_1_311' title='bbox 1545 770 1574 798; x_wconf 89' lang='lat' dir='ltr'>et</span> <span class='ocrx_word' id='word_1_312' title='bbox 1598 765 1721 807; x_wconf 86' lang='lat' dir='ltr'>singula</span> <span class='ocrx_word' id='word_1_313' title='bbox 1745 764 1778 796; x_wconf 90' lang='lat' dir='ltr'>in</span> 
     </span>
    </p>
   </div>
   <div class='ocr_carea' id='block_1_11' title="bbox 1019 816 1777 2618">
    <p class='ocr_par' dir='ltr' id='par_1_15' title="bbox 1031 816 1777 1340">
     <span class='ocr_line' id='line_1_61' title="bbox 1035 816 1776 862; baseline -0.004 -10"><span class='ocrx_word' id='word_1_314' title='bbox 1035 830 1071 852; x_wconf 92' lang='lat' dir='ltr'>eo</span> <span class='ocrx_word' id='word_1_315' title='bbox 1087 824 1243 859; x_wconf 88' lang='lat' dir='ltr'>contenta,</span> <span class='ocrx_word' id='word_1_316' title='bbox 1257 819 1295 852; x_wconf 89' lang='lat' dir='ltr'>ab</span> <span class='ocrx_word' id='word_1_317' title='bbox 1313 819 1384 859; x_wconf 89' lang='lat' dir='ltr'>illis,</span> <span class='ocrx_word' id='word_1_318' title='bbox 1398 818 1435 851; x_wconf 91' lang='lat' dir='ltr'>ad</span> <span class='ocrx_word' id='word_1_319' title='bbox 1449 829 1526 862; x_wconf 88' lang='lat' dir='ltr'>quos</span> <span class='ocrx_word' id='word_1_320' title='bbox 1541 828 1668 861; x_wconf 87' lang='lat' dir='ltr'>quoquo</span> <span class='ocrx_word' id='word_1_321' title='bbox 1683 816 1776 850; x_wconf 92' lang='lat' dir='ltr'>modo</span> 
     </span>
     <span class='ocr_line' id='line_1_62' title="bbox 1035 871 1776 916; baseline -0.004 -12"><span class='ocrx_word' id='word_1_322' title='bbox 1035 876 1151 916; x_wconf 84' lang='lat' dir='ltr'>spectat</span> <span class='ocrx_word' id='word_1_323' title='bbox 1174 877 1203 904; x_wconf 90' lang='lat' dir='ltr'>et</span> <span class='ocrx_word' id='word_1_324' title='bbox 1220 873 1251 904; x_wconf 91' lang='lat' dir='ltr'>in</span> <span class='ocrx_word' id='word_1_325' title='bbox 1269 873 1409 904; x_wconf 86' lang='lat' dir='ltr'>futurum</span> <span class='ocrx_word' id='word_1_326' title='bbox 1428 871 1689 915; x_wconf 88' lang='lat' dir='ltr'>quandocumque</span> <span class='ocrx_word' id='word_1_327' title='bbox 1707 880 1776 913; x_wconf 90' lang='lat' dir='ltr'>spe-</span> 
     </span>
     <span class='ocr_line' id='line_1_63' title="bbox 1034 922 1776 967; baseline -0.004 -10"><span class='ocrx_word' id='word_1_328' title='bbox 1034 925 1141 967; x_wconf 87' lang='lat' dir='ltr'>ctabit,</span> <span class='ocrx_word' id='word_1_329' title='bbox 1167 925 1391 958; x_wconf 89' lang='lat' dir='ltr'>inviolabiliter</span> <span class='ocrx_word' id='word_1_330' title='bbox 1408 929 1438 958; x_wconf 87' lang='lat' dir='ltr'>et</span> <span class='ocrx_word' id='word_1_331' title='bbox 1458 925 1642 957; x_wconf 88' lang='lat' dir='ltr'>inconcusse</span> <span class='ocrx_word' id='word_1_332' title='bbox 1667 922 1776 955; x_wconf 85' lang='lat' dir='ltr'>obser-</span> 
     </span>
     <span class='ocr_line' id='line_1_64' title="bbox 1034 978 1775 1022; baseline -0.003 -12"><span class='ocrx_word' id='word_1_333' title='bbox 1034 979 1112 1020; x_wconf 85' lang='lat' dir='ltr'>vari,</span> <span class='ocrx_word' id='word_1_334' title='bbox 1128 978 1234 1022; x_wconf 87' lang='lat' dir='ltr'>sicque</span> <span class='ocrx_word' id='word_1_335' title='bbox 1248 979 1279 1011; x_wconf 91' lang='lat' dir='ltr'>in</span> <span class='ocrx_word' id='word_1_336' title='bbox 1293 978 1474 1022; x_wconf 84' lang='lat' dir='ltr'>praemissis</span> <span class='ocrx_word' id='word_1_337' title='bbox 1489 988 1545 1021; x_wconf 90' lang='lat' dir='ltr'>per</span> <span class='ocrx_word' id='word_1_338' title='bbox 1559 986 1775 1021; x_wconf 84' lang='lat' dir='ltr'>quoscumque</span> 
     </span>
     <span class='ocr_line' id='line_1_65' title="bbox 1034 1030 1777 1073; baseline -0.004 -9"><span class='ocrx_word' id='word_1_339' title='bbox 1034 1031 1151 1064; x_wconf 90' lang='lat' dir='ltr'>iudices</span> <span class='ocrx_word' id='word_1_340' title='bbox 1166 1032 1343 1064; x_wconf 88' lang='lat' dir='ltr'>ordinarios</span> <span class='ocrx_word' id='word_1_341' title='bbox 1360 1037 1390 1064; x_wconf 88' lang='lat' dir='ltr'>et</span> <span class='ocrx_word' id='word_1_342' title='bbox 1403 1031 1573 1073; x_wconf 85' lang='lat' dir='ltr'>delegatos,</span> <span class='ocrx_word' id='word_1_343' title='bbox 1594 1030 1688 1062; x_wconf 89' lang='lat' dir='ltr'>etiam</span> <span class='ocrx_word' id='word_1_344' title='bbox 1705 1039 1777 1062; x_wconf 91' lang='lat' dir='ltr'>cau-</span> 
     </span>
     <span class='ocr_line' id='line_1_66' title="bbox 1033 1082 1776 1128; baseline -0.004 -11"><span class='ocrx_word' id='word_1_345' title='bbox 1033 1095 1136 1117; x_wconf 87' lang='lat' dir='ltr'>sarum</span> <span class='ocrx_word' id='word_1_346' title='bbox 1163 1084 1266 1128; x_wconf 84' lang='lat' dir='ltr'>palatii</span> <span class='ocrx_word' id='word_1_347' title='bbox 1292 1084 1453 1128; x_wconf 83' lang='lat' dir='ltr'>apostolici</span> <span class='ocrx_word' id='word_1_348' title='bbox 1476 1083 1644 1124; x_wconf 86' lang='lat' dir='ltr'>auditores,</span> <span class='ocrx_word' id='word_1_349' title='bbox 1662 1082 1776 1114; x_wconf 87' lang='lat' dir='ltr'>iudica-</span> 
     </span>
     <span class='ocr_line' id='line_1_67' title="bbox 1033 1136 1775 1179; baseline -0.003 -9"><span class='ocrx_word' id='word_1_350' title='bbox 1033 1138 1058 1170; x_wconf 91' lang='lat' dir='ltr'>ri</span> <span class='ocrx_word' id='word_1_351' title='bbox 1084 1144 1114 1170; x_wconf 90' lang='lat' dir='ltr'>et</span> <span class='ocrx_word' id='word_1_352' title='bbox 1138 1138 1262 1170; x_wconf 89' lang='lat' dir='ltr'>definiri</span> <span class='ocrx_word' id='word_1_353' title='bbox 1288 1137 1425 1179; x_wconf 90' lang='lat' dir='ltr'>debere,</span> <span class='ocrx_word' id='word_1_354' title='bbox 1451 1147 1487 1169; x_wconf 88' lang='lat' dir='ltr'>ac</span> <span class='ocrx_word' id='word_1_355' title='bbox 1512 1137 1635 1169; x_wconf 89' lang='lat' dir='ltr'>irritum</span> <span class='ocrx_word' id='word_1_356' title='bbox 1659 1141 1689 1168; x_wconf 89' lang='lat' dir='ltr'>et</span> <span class='ocrx_word' id='word_1_357' title='bbox 1709 1136 1775 1168; x_wconf 90' lang='lat' dir='ltr'>ina-</span> 
     </span>
     <span class='ocr_line' id='line_1_68' title="bbox 1031 1190 1774 1235; baseline -0.004 -12"><span class='ocrx_word' id='word_1_358' title='bbox 1031 1201 1080 1231; x_wconf 90' lang='lat' dir='ltr'>ne,</span> <span class='ocrx_word' id='word_1_359' title='bbox 1098 1191 1122 1223; x_wconf 92' lang='lat' dir='ltr'>si</span> <span class='ocrx_word' id='word_1_360' title='bbox 1143 1201 1232 1224; x_wconf 79' lang='lat' dir='ltr'>serus</span> <span class='ocrx_word' id='word_1_361' title='bbox 1249 1202 1345 1235; x_wconf 90' lang='lat' dir='ltr'>super</span> <span class='ocrx_word' id='word_1_362' title='bbox 1363 1191 1410 1223; x_wconf 89' lang='lat' dir='ltr'>liis</span> <span class='ocrx_word' id='word_1_363' title='bbox 1435 1201 1452 1222; x_wconf 92' lang='lat' dir='ltr'>a</span> <span class='ocrx_word' id='word_1_364' title='bbox 1477 1200 1647 1234; x_wconf 81' lang='lat' dir='ltr'>quoquam,</span> <span class='ocrx_word' id='word_1_365' title='bbox 1665 1190 1774 1232; x_wconf 85' lang='lat' dir='ltr'>quavis</span> 
     </span>
     <span class='ocr_line' id='line_1_69' title="bbox 1031 1243 1773 1286; baseline -0.004 -9"><span class='ocrx_word' id='word_1_366' title='bbox 1031 1245 1226 1285; x_wconf 85' lang='lat' dir='ltr'>auctoritate,</span> <span class='ocrx_word' id='word_1_367' title='bbox 1253 1244 1387 1277; x_wconf 84' lang='lat' dir='ltr'>scienter</span> <span class='ocrx_word' id='word_1_368' title='bbox 1411 1243 1458 1276; x_wconf 90' lang='lat' dir='ltr'>vel</span> <span class='ocrx_word' id='word_1_369' title='bbox 1485 1243 1677 1286; x_wconf 78' lang='lat' dir='ltr'>ignoranter,</span> <span class='ocrx_word' id='word_1_370' title='bbox 1698 1252 1773 1275; x_wconf 87' lang='lat' dir='ltr'>con-</span> 
     </span>
     <span class='ocr_line' id='line_1_70' title="bbox 1032 1297 1310 1340; baseline 0 -10"><span class='ocrx_word' id='word_1_371' title='bbox 1032 1297 1138 1340; x_wconf 86' lang='lat' dir='ltr'>tigerit</span> <span class='ocrx_word' id='word_1_372' title='bbox 1155 1297 1310 1330; x_wconf 84' lang='lat' dir='ltr'>attentari.</span> 
     </span>
    </p>

    <p class='ocr_par' dir='ltr' id='par_1_16' title="bbox 1019 1349 1773 2618">
     <span class='ocr_line' id='line_1_71' title="bbox 1075 1349 1772 1394; baseline -0.001 -11"><span class='ocrx_word' id='word_1_373' title='bbox 1075 1350 1132 1394; x_wconf 68' lang='lat'>54.</span> <span class='ocrx_word' id='word_1_374' title='bbox 1147 1351 1214 1383; x_wconf 82' lang='lat' dir='ltr'>Non</span> <span class='ocrx_word' id='word_1_375' title='bbox 1228 1350 1423 1384; x_wconf 88' lang='lat' dir='ltr'>obstantibus</span> <span class='ocrx_word' id='word_1_376' title='bbox 1443 1349 1633 1393; x_wconf 86' lang='lat' dir='ltr'>praemissis,</span> <span class='ocrx_word' id='word_1_377' title='bbox 1651 1359 1686 1382; x_wconf 88' lang='lat' dir='ltr'>ac</span> <span class='ocrx_word' id='word_1_378' title='bbox 1699 1359 1772 1382; x_wconf 89' lang='lat' dir='ltr'>eon-</span> 
     </span>
     <span class='ocr_line' id='line_1_72' title="bbox 1031 1402 1773 1446; baseline -0.003 -10"><span class='ocrx_word' id='word_1_379' title='bbox 1031 1404 1246 1437; x_wconf 88' lang='lat' dir='ltr'>stitutionibus</span> <span class='ocrx_word' id='word_1_380' title='bbox 1270 1409 1300 1436; x_wconf 90' lang='lat' dir='ltr'>et</span> <span class='ocrx_word' id='word_1_381' title='bbox 1316 1402 1565 1436; x_wconf 86' lang='lat' dir='ltr'>ordinationibus</span> <span class='ocrx_word' id='word_1_382' title='bbox 1583 1402 1773 1446; x_wconf 84' lang='lat' dir='ltr'>apostolicis,</span> 
     </span>
     <span class='ocr_line' id='line_1_73' title="bbox 1028 1455 1773 1500; baseline -0.004 -10"><span class='ocrx_word' id='word_1_383' title='bbox 1028 1467 1151 1490; x_wconf 90' lang='lat' dir='ltr'>necnon</span> <span class='ocrx_word' id='word_1_384' title='bbox 1171 1456 1355 1500; x_wconf 89' lang='lat' dir='ltr'>quorumvis</span> <span class='ocrx_word' id='word_1_385' title='bbox 1376 1456 1534 1495; x_wconf 90' lang='lat' dir='ltr'>ordinum,</span> <span class='ocrx_word' id='word_1_386' title='bbox 1556 1455 1773 1498; x_wconf 81' lang='lat' dir='ltr'>congregatio-</span> 
     </span>
     <span class='ocr_line' id='line_1_74' title="bbox 1028 1509 1772 1553; baseline -0.004 -9"><span class='ocrx_word' id='word_1_387' title='bbox 1028 1521 1114 1552; x_wconf 89' lang='lat' dir='ltr'>num,</span> <span class='ocrx_word' id='word_1_388' title='bbox 1132 1511 1327 1551; x_wconf 89' lang='lat' dir='ltr'>societatum,</span> <span class='ocrx_word' id='word_1_389' title='bbox 1353 1511 1578 1549; x_wconf 87' lang='lat' dir='ltr'>institutorum,</span> <span class='ocrx_word' id='word_1_390' title='bbox 1598 1509 1772 1553; x_wconf 87' lang='lat' dir='ltr'>provincia-</span> 
     </span>
     <span class='ocr_line' id='line_1_75' title="bbox 1028 1562 1768 1605; baseline -0.004 -8"><span class='ocrx_word' id='word_1_391' title='bbox 1028 1576 1099 1597; x_wconf 91' lang='lat' dir='ltr'>rum</span> <span class='ocrx_word' id='word_1_392' title='bbox 1115 1591 1122 1605; x_wconf 87' lang='lat'>,</span> <span class='ocrx_word' id='word_1_393' title='bbox 1152 1564 1429 1604; x_wconf 88' lang='lat' dir='ltr'>monasteriorum,</span> <span class='ocrx_word' id='word_1_394' title='bbox 1455 1568 1675 1602; x_wconf 87' lang='lat' dir='ltr'>conventuum,</span> <span class='ocrx_word' id='word_1_395' title='bbox 1700 1562 1768 1595; x_wconf 83' lang='lat' dir='ltr'>col-</span> 
     </span>
     <span class='ocr_line' id='line_1_76' title="bbox 1028 1615 1771 1661; baseline -0.005 -11"><span class='ocrx_word' id='word_1_396' title='bbox 1028 1618 1183 1661; x_wconf 82' lang='lat' dir='ltr'>legiorum</span> <span class='ocrx_word' id='word_1_397' title='bbox 1200 1644 1207 1657; x_wconf 91' lang='lat'>,</span> <span class='ocrx_word' id='word_1_398' title='bbox 1232 1617 1469 1660; x_wconf 86' lang='lat' dir='ltr'>hospitiorum,</span> <span class='ocrx_word' id='word_1_399' title='bbox 1499 1615 1704 1648; x_wconf 81' lang='lat' dir='ltr'>ecclesiarum</span> <span class='ocrx_word' id='word_1_400' title='bbox 1740 1620 1771 1647; x_wconf 86' lang='lat' dir='ltr'>et</span> 
     </span>
     <span class='ocr_line' id='line_1_77' title="bbox 1028 1668 1770 1714; baseline -0.005 -10"><span class='ocrx_word' id='word_1_401' title='bbox 1028 1672 1170 1704; x_wconf 89' lang='lat' dir='ltr'>locorum</span> <span class='ocrx_word' id='word_1_402' title='bbox 1205 1670 1423 1714; x_wconf 85' lang='lat' dir='ltr'>regularium,</span> <span class='ocrx_word' id='word_1_403' title='bbox 1453 1669 1560 1701; x_wconf 87' lang='lat' dir='ltr'>aliisve</span> <span class='ocrx_word' id='word_1_404' title='bbox 1591 1668 1770 1712; x_wconf 85' lang='lat' dir='ltr'>quibusvis,</span> 
     </span>
     <span class='ocr_line' id='line_1_78' title="bbox 1027 1722 1769 1766; baseline -0.004 -9"><span class='ocrx_word' id='word_1_405' title='bbox 1027 1725 1120 1758; x_wconf 87' lang='lat' dir='ltr'>etiam</span> <span class='ocrx_word' id='word_1_406' title='bbox 1135 1724 1322 1764; x_wconf 85' lang='lat' dir='ltr'>iuramento,</span> <span class='ocrx_word' id='word_1_407' title='bbox 1337 1723 1575 1757; x_wconf 84' lang='lat' dir='ltr'>confirmatione</span> <span class='ocrx_word' id='word_1_408' title='bbox 1589 1722 1769 1766; x_wconf 76' lang='lat' dir='ltr'>apostolica,</span> 
     </span>
     <span class='ocr_line' id='line_1_79' title="bbox 1028 1776 1770 1822; baseline -0.004 -11"><span class='ocrx_word' id='word_1_409' title='bbox 1028 1779 1075 1812; x_wconf 89' lang='lat' dir='ltr'>vel</span> <span class='ocrx_word' id='word_1_410' title='bbox 1099 1778 1208 1822; x_wconf 87' lang='lat' dir='ltr'>quavis</span> <span class='ocrx_word' id='word_1_411' title='bbox 1240 1777 1387 1810; x_wconf 84' lang='lat' dir='ltr'>firmitate</span> <span class='ocrx_word' id='word_1_412' title='bbox 1415 1777 1474 1809; x_wconf 77' lang='lat' dir='ltr'>alia</span> <span class='ocrx_word' id='word_1_413' title='bbox 1512 1776 1687 1815; x_wconf 86' lang='lat' dir='ltr'>roboratis,</span> <span class='ocrx_word' id='word_1_414' title='bbox 1713 1781 1770 1808; x_wconf 88' lang='lat' dir='ltr'>sta-</span> 
     </span>
     <span class='ocr_line' id='line_1_80' title="bbox 1027 1829 1768 1872; baseline -0.004 -8"><span class='ocrx_word' id='word_1_415' title='bbox 1027 1832 1123 1872; x_wconf 87' lang='lat' dir='ltr'>tutis,</span> <span class='ocrx_word' id='word_1_416' title='bbox 1148 1831 1256 1864; x_wconf 88' lang='lat' dir='ltr'>usibus</span> <span class='ocrx_word' id='word_1_417' title='bbox 1288 1836 1318 1864; x_wconf 88' lang='lat' dir='ltr'>et</span> <span class='ocrx_word' id='word_1_418' title='bbox 1346 1829 1626 1864; x_wconf 87' lang='lat' dir='ltr'>consuetudinibus</span> <span class='ocrx_word' id='word_1_419' title='bbox 1642 1856 1649 1869; x_wconf 92' lang='lat'>,</span> <span class='ocrx_word' id='word_1_420' title='bbox 1675 1829 1768 1863; x_wconf 88' lang='lat' dir='ltr'>etiam</span> 
     </span>
     <span class='ocr_line' id='line_1_81' title="bbox 1027 1882 1769 1927; baseline -0.004 -10"><span class='ocrx_word' id='word_1_421' title='bbox 1027 1885 1343 1925; x_wconf 87' lang='lat' dir='ltr'>immemorabilibus,</span> <span class='ocrx_word' id='word_1_422' title='bbox 1368 1883 1541 1927; x_wconf 86' lang='lat' dir='ltr'>privilegiis</span> <span class='ocrx_word' id='word_1_423' title='bbox 1565 1893 1700 1926; x_wconf 89' lang='lat' dir='ltr'>quoque,</span> <span class='ocrx_word' id='word_1_424' title='bbox 1726 1882 1769 1914; x_wconf 91' lang='lat' dir='ltr'>in-</span> 
     </span>
     <span class='ocr_line' id='line_1_82' title="bbox 1026 1935 1767 1980; baseline -0.004 -10"><span class='ocrx_word' id='word_1_425' title='bbox 1026 1938 1121 1970; x_wconf 89' lang='lat' dir='ltr'>dultis</span> <span class='ocrx_word' id='word_1_426' title='bbox 1138 1943 1167 1970; x_wconf 90' lang='lat' dir='ltr'>et</span> <span class='ocrx_word' id='word_1_427' title='bbox 1185 1937 1295 1970; x_wconf 84' lang='lat' dir='ltr'>litteris</span> <span class='ocrx_word' id='word_1_428' title='bbox 1320 1937 1510 1980; x_wconf 88' lang='lat' dir='ltr'>apostolicis,</span> <span class='ocrx_word' id='word_1_429' title='bbox 1531 1935 1588 1968; x_wconf 89' lang='lat' dir='ltr'>sub</span> <span class='ocrx_word' id='word_1_430' title='bbox 1606 1935 1767 1979; x_wconf 82' lang='lat' dir='ltr'>quibusvis</span> 
     </span>
     <span class='ocr_line' id='line_1_83' title="bbox 1026 1989 1766 2031; baseline -0.005 -7"><span class='ocrx_word' id='word_1_431' title='bbox 1026 1991 1195 2024; x_wconf 88' lang='lat' dir='ltr'>verborum</span> <span class='ocrx_word' id='word_1_432' title='bbox 1222 1990 1384 2023; x_wconf 85' lang='lat' dir='ltr'>tenoribus</span> <span class='ocrx_word' id='word_1_433' title='bbox 1413 1995 1443 2022; x_wconf 90' lang='lat' dir='ltr'>et</span> <span class='ocrx_word' id='word_1_434' title='bbox 1475 1989 1583 2022; x_wconf 88' lang='lat' dir='ltr'>formis</span> <span class='ocrx_word' id='word_1_435' title='bbox 1602 2017 1609 2031; x_wconf 95' lang='lat'>,</span> <span class='ocrx_word' id='word_1_436' title='bbox 1634 1999 1670 2022; x_wconf 88' lang='lat' dir='ltr'>ac</span> <span class='ocrx_word' id='word_1_437' title='bbox 1695 1999 1766 2020; x_wconf 87' lang='lat' dir='ltr'>cuin</span> 
     </span>
     <span class='ocr_line' id='line_1_84' title="bbox 1025 2041 1768 2088; baseline -0.005 -11"><span class='ocrx_word' id='word_1_438' title='bbox 1025 2044 1188 2088; x_wconf 89' lang='lat' dir='ltr'>quibusvis</span> <span class='ocrx_word' id='word_1_439' title='bbox 1212 2044 1304 2077; x_wconf 89' lang='lat' dir='ltr'>etiam</span> <span class='ocrx_word' id='word_1_440' title='bbox 1335 2043 1609 2086; x_wconf 82' lang='lat' dir='ltr'>derogatoriarum</span> <span class='ocrx_word' id='word_1_441' title='bbox 1639 2041 1768 2084; x_wconf 83' lang='lat' dir='ltr'>deroga-</span> 
     </span>
     <span class='ocr_line' id='line_1_85' title="bbox 1025 2095 1766 2141; baseline -0.005 -11"><span class='ocrx_word' id='word_1_442' title='bbox 1025 2098 1124 2137; x_wconf 80' lang='lat' dir='ltr'>toi-iis,</span> <span class='ocrx_word' id='word_1_443' title='bbox 1141 2097 1273 2141; x_wconf 89' lang='lat' dir='ltr'>aliisque</span> <span class='ocrx_word' id='word_1_444' title='bbox 1287 2097 1525 2136; x_wconf 81' lang='lat' dir='ltr'>efficacioribus,</span> <span class='ocrx_word' id='word_1_445' title='bbox 1543 2095 1766 2128; x_wconf 83' lang='lat' dir='ltr'>efficacissimis</span> 
     </span>
     <span class='ocr_line' id='line_1_86' title="bbox 1025 2149 1765 2192; baseline -0.004 -8"><span class='ocrx_word' id='word_1_446' title='bbox 1025 2154 1054 2184; x_wconf 90' lang='lat' dir='ltr'>et</span> <span class='ocrx_word' id='word_1_447' title='bbox 1078 2150 1212 2184; x_wconf 88' lang='lat' dir='ltr'>insolitis</span> <span class='ocrx_word' id='word_1_448' title='bbox 1247 2150 1416 2192; x_wconf 84' lang='lat' dir='ltr'>clausulis,</span> <span class='ocrx_word' id='word_1_449' title='bbox 1452 2160 1488 2183; x_wconf 91' lang='lat' dir='ltr'>ac</span> <span class='ocrx_word' id='word_1_450' title='bbox 1520 2149 1714 2183; x_wconf 86' lang='lat' dir='ltr'>irritantibus</span> <span class='ocrx_word' id='word_1_451' title='bbox 1737 2154 1765 2181; x_wconf 90' lang='lat' dir='ltr'>et</span> 
     </span>
     <span class='ocr_line' id='line_1_87' title="bbox 1023 2202 1764 2246; baseline -0.003 -10"><span class='ocrx_word' id='word_1_452' title='bbox 1023 2204 1091 2236; x_wconf 88' lang='lat' dir='ltr'>aliis</span> <span class='ocrx_word' id='word_1_453' title='bbox 1102 2203 1235 2236; x_wconf 82' lang='lat' dir='ltr'>decretis</span> <span class='ocrx_word' id='word_1_454' title='bbox 1261 2203 1291 2236; x_wconf 91' lang='lat' dir='ltr'>in</span> <span class='ocrx_word' id='word_1_455' title='bbox 1306 2203 1498 2236; x_wconf 88' lang='lat' dir='ltr'>contrarium</span> <span class='ocrx_word' id='word_1_456' title='bbox 1520 2202 1764 2246; x_wconf 87' lang='lat' dir='ltr'>praemissorum</span> 
     </span>
     <span class='ocr_line' id='line_1_88' title="bbox 1023 2255 1765 2300; baseline -0.003 -12"><span class='ocrx_word' id='word_1_457' title='bbox 1023 2256 1259 2300; x_wconf 86' lang='lat' dir='ltr'>quomodolibet</span> <span class='ocrx_word' id='word_1_458' title='bbox 1298 2255 1478 2295; x_wconf 87' lang='lat' dir='ltr'>concessis,</span> <span class='ocrx_word' id='word_1_459' title='bbox 1509 2255 1702 2288; x_wconf 87' lang='lat' dir='ltr'>confirmatis</span> <span class='ocrx_word' id='word_1_460' title='bbox 1736 2260 1765 2287; x_wconf 88' lang='lat' dir='ltr'>et.</span> 
     </span>
     <span class='ocr_line' id='line_1_89' title="bbox 1023 2308 1763 2352; baseline -0.003 -11"><span class='ocrx_word' id='word_1_461' title='bbox 1023 2309 1194 2348; x_wconf 87' lang='lat' dir='ltr'>innovatis·,</span> <span class='ocrx_word' id='word_1_462' title='bbox 1226 2309 1340 2352; x_wconf 87' lang='lat' dir='ltr'>quibus</span> <span class='ocrx_word' id='word_1_463' title='bbox 1371 2309 1515 2342; x_wconf 90' lang='lat' dir='ltr'>omnibus</span> <span class='ocrx_word' id='word_1_464' title='bbox 1550 2313 1580 2340; x_wconf 91' lang='lat' dir='ltr'>et</span> <span class='ocrx_word' id='word_1_465' title='bbox 1612 2308 1763 2350; x_wconf 87' lang='lat' dir='ltr'>singulis,</span> 
     </span>
     <span class='ocr_line' id='line_1_90' title="bbox 1022 2360 1764 2405; baseline 0 -11"><span class='ocrx_word' id='word_1_466' title='bbox 1022 2361 1143 2394; x_wconf 90' lang='lat' dir='ltr'>etiamsi</span> <span class='ocrx_word' id='word_1_467' title='bbox 1170 2371 1228 2405; x_wconf 90' lang='lat' dir='ltr'>pro</span> <span class='ocrx_word' id='word_1_468' title='bbox 1252 2362 1378 2394; x_wconf 89' lang='lat' dir='ltr'>illorum</span> <span class='ocrx_word' id='word_1_469' title='bbox 1400 2361 1564 2394; x_wconf 82' lang='lat' dir='ltr'>sufficienti</span> <span class='ocrx_word' id='word_1_470' title='bbox 1590 2360 1764 2403; x_wconf 87' lang='lat' dir='ltr'>derogatio-</span> 
     </span>
     <span class='ocr_line' id='line_1_91' title="bbox 1020 2414 1762 2458; baseline -0.001 -11"><span class='ocrx_word' id='word_1_471' title='bbox 1020 2425 1058 2447; x_wconf 90' lang='lat' dir='ltr'>ne</span> <span class='ocrx_word' id='word_1_472' title='bbox 1083 2414 1121 2447; x_wconf 90' lang='lat' dir='ltr'>de</span> <span class='ocrx_word' id='word_1_473' title='bbox 1139 2414 1199 2447; x_wconf 87' lang='lat' dir='ltr'>illis</span> <span class='ocrx_word' id='word_1_474' title='bbox 1224 2424 1397 2457; x_wconf 89' lang='lat' dir='ltr'>eorumque</span> <span class='ocrx_word' id='word_1_475' title='bbox 1419 2414 1490 2448; x_wconf 89' lang='lat' dir='ltr'>totis</span> <span class='ocrx_word' id='word_1_476' title='bbox 1515 2414 1678 2447; x_wconf 88' lang='lat' dir='ltr'>tenoribus</span> <span class='ocrx_word' id='word_1_477' title='bbox 1691 2423 1762 2458; x_wconf 89' lang='lat' dir='ltr'>spe-</span> 
     </span>
     <span class='ocr_line' id='line_1_92' title="bbox 1020 2467 1761 2511; baseline 0 -11"><span class='ocrx_word' id='word_1_478' title='bbox 1020 2467 1123 2509; x_wconf 88' lang='lat' dir='ltr'>cialis,</span> <span class='ocrx_word' id='word_1_479' title='bbox 1154 2468 1309 2511; x_wconf 85' lang='lat' dir='ltr'>specifica,</span> <span class='ocrx_word' id='word_1_480' title='bbox 1334 2478 1498 2511; x_wconf 85' lang='lat' dir='ltr'>expressa,</span> <span class='ocrx_word' id='word_1_481' title='bbox 1523 2473 1553 2500; x_wconf 89' lang='lat' dir='ltr'>et</span> <span class='ocrx_word' id='word_1_482' title='bbox 1584 2467 1761 2509; x_wconf 86' lang='lat' dir='ltr'>individua,</span> 
     </span>
     <span class='ocr_line' id='line_1_93' title="bbox 1019 2521 1761 2564; baseline 0 -11"><span class='ocrx_word' id='word_1_483' title='bbox 1019 2531 1055 2554; x_wconf 91' lang='lat' dir='ltr'>ac</span> <span class='ocrx_word' id='word_1_484' title='bbox 1079 2521 1118 2554; x_wconf 88' lang='lat' dir='ltr'>de</span> <span class='ocrx_word' id='word_1_485' title='bbox 1143 2521 1240 2554; x_wconf 86' lang='lat' dir='ltr'>verbo</span> <span class='ocrx_word' id='word_1_486' title='bbox 1263 2521 1301 2553; x_wconf 89' lang='lat' dir='ltr'>ad</span> <span class='ocrx_word' id='word_1_487' title='bbox 1327 2521 1468 2562; x_wconf 88' lang='lat' dir='ltr'>verbum,</span> <span class='ocrx_word' id='word_1_488' title='bbox 1490 2531 1552 2554; x_wconf 90' lang='lat' dir='ltr'>non</span> <span class='ocrx_word' id='word_1_489' title='bbox 1573 2525 1676 2554; x_wconf 86' lang='lat' dir='ltr'>autem</span> <span class='ocrx_word' id='word_1_490' title='bbox 1703 2531 1761 2564; x_wconf 89' lang='lat' dir='ltr'>per</span> 
     </span>
     <span class='ocr_line' id='line_1_94' title="bbox 1020 2574 1760 2618; baseline -0.001 -11"><span class='ocrx_word' id='word_1_491' title='bbox 1020 2575 1175 2608; x_wconf 79' lang='lat' dir='ltr'>clausulas</span> <span class='ocrx_word' id='word_1_492' title='bbox 1185 2575 1346 2617; x_wconf 83' lang='lat' dir='ltr'>generales</span> <span class='ocrx_word' id='word_1_493' title='bbox 1357 2574 1438 2607; x_wconf 84' lang='lat' dir='ltr'>idem</span> <span class='ocrx_word' id='word_1_494' title='bbox 1450 2574 1665 2618; x_wconf 83' lang='lat' dir='ltr'>importantes,</span> <span class='ocrx_word' id='word_1_495' title='bbox 1675 2585 1760 2606; x_wconf 88' lang='lat' dir='ltr'>meii-</span> 
     </span>
    </p>
   </div>
   <div class='ocr_carea' id='block_1_12' title="bbox 1685 173 1981 209">
    <p class='ocr_par' dir='ltr' id='par_1_17' title="bbox 1685 173 1981 209">
     <span class='ocr_line' id='line_1_95' title="bbox 1685 173 1981 209; baseline 0.003 -3"><span class='ocrx_word' id='word_1_496' title='bbox 1685 173 1748 206; x_wconf 72' lang='lat'>637</span> <span class='ocrx_word' id='word_1_497' title='bbox 1797 182 1846 207; x_wconf 72' lang='grc' dir='ltr'>Αη.</span> <span class='ocrx_word' id='word_1_498' title='bbox 1864 181 1891 208; x_wconf 79' lang='lat' dir='ltr'>c.</span> <span class='ocrx_word' id='word_1_499' title='bbox 1911 182 1981 209; x_wconf 72' lang='lat'><strong>1660</strong></span> 
     </span>
    </p>
   </div>
   <div class='ocr_carea' id='block_1_13' title="bbox 1788 1359 1970 1380">
    <p class='ocr_par' dir='ltr' id='par_1_18' title="bbox 1788 1359 1970 1380">
     <span class='ocr_line' id='line_1_96' title="bbox 1788 1359 1970 1380; baseline 0.005 -1"><span class='ocrx_word' id='word_1_500' title='bbox 1788 1359 1899 1380; x_wconf 67' lang='lat' dir='ltr'>contraris</span> <span class='ocrx_word' id='word_1_501' title='bbox 1909 1360 1970 1380; x_wconf 68' lang='lat' dir='ltr'>tottii.</span> 
     </span>
    </p>
   </div>
  </div>
 </body>
</html>
