<?xml version="1.0" encoding="UTF-8"?>
<!DOCTYPE html PUBLIC "-//W3C//DTD XHTML 1.0 Transitional//EN"
    "http://www.w3.org/TR/xhtml1/DTD/xhtml1-transitional.dtd">
<html xmlns="http://www.w3.org/1999/xhtml" xml:lang="en" lang="en">
 <head>
  <title>
</title>
<meta http-equiv="Content-Type" content="text/html;charset=utf-8" />
  <meta name='ocr-system' content='tesseract 3.04.00' />
  <meta name='ocr-capabilities' content='ocr_page ocr_carea ocr_par ocr_line ocrx_word'/>
</head>
<body>
  <div class='ocr_page' id='page_1' title='image "./bullarumdiplomat16cath_0332.png"; bbox 0 0 2263 3215; ppageno 0'>
   <div class='ocr_carea' id='block_1_1' title="bbox 295 216 475 244">
    <p class='ocr_par' dir='ltr' id='par_1_1' title="bbox 295 216 475 244">
     <span class='ocr_line' id='line_1_1' title="bbox 295 216 475 244; baseline -0.006 -1"><span class='ocrx_word' id='word_1_1' title='bbox 295 218 347 244; x_wconf 82' lang='lat' dir='ltr'>An.</span> <span class='ocrx_word' id='word_1_2' title='bbox 365 217 392 243; x_wconf 79' lang='lat' dir='ltr'>U.</span> <span class='ocrx_word' id='word_1_3' title='bbox 411 216 475 243; x_wconf 72' lang='lat'>1657</span> 
     </span>
    </p>
   </div>
   <div class='ocr_carea' id='block_1_2' title="bbox 296 278 480 431">
    <p class='ocr_par' dir='ltr' id='par_1_2' title="bbox 296 278 480 431">
     <span class='ocr_line' id='line_1_2' title="bbox 307 278 480 300; baseline -0.012 -1"><span class='ocrx_word' id='word_1_4' title='bbox 307 279 415 300; x_wconf 78' lang='lat' dir='ltr'>condonat</span> <span class='ocrx_word' id='word_1_5' title='bbox 427 278 480 299; x_wconf 73' lang='lat' dir='ltr'>eloc-</span> 
     </span>
     <span class='ocr_line' id='line_1_3' title="bbox 296 310 480 331; baseline -0.011 -6"><span class='ocrx_word' id='word_1_6' title='bbox 296 311 393 331; x_wconf 76' lang='lat' dir='ltr'>mosynas</span> <span class='ocrx_word' id='word_1_7' title='bbox 408 310 480 330; x_wconf 72' lang='lat' dir='ltr'>perre-</span> 
     </span>
     <span class='ocr_line' id='line_1_4' title="bbox 313 332 480 351; baseline 0.006 -1"><span class='ocrx_word' id='word_1_8' title='bbox 313 334 342 351; x_wconf 61' lang='lat' dir='ltr'>ta&lt;</span> <span class='ocrx_word' id='word_1_9' title='bbox 369 332 480 351; x_wconf 75' lang='lat' dir='ltr'>confratri-</span> 
     </span>
     <span class='ocr_line' id='line_1_5' title="bbox 297 338 479 381; baseline -0.005 -3"><span class='ocrx_word' id='word_1_10' title='bbox 297 338 351 381; x_wconf 69' lang='lat' dir='ltr'>iius,</span> <span class='ocrx_word' id='word_1_11' title='bbox 367 359 479 378; x_wconf 67' lang='lat' dir='ltr'>diii-innodo</span> 
     </span>
     <span class='ocr_line' id='line_1_6' title="bbox 298 384 480 410; baseline 0 -7"><span class='ocrx_word' id='word_1_12' title='bbox 298 390 361 404; x_wconf 70' lang='lat' dir='ltr'>nnrra</span> <span class='ocrx_word' id='word_1_13' title='bbox 379 384 480 410; x_wconf 77' lang='lat' dir='ltr'>impleve-</span> 
     </span>
     <span class='ocr_line' id='line_1_7' title="bbox 298 414 344 431; baseline -0.022 0"><span class='ocrx_word' id='word_1_14' title='bbox 298 414 344 431; x_wconf 83' lang='lat' dir='ltr'>rint.</span> 
     </span>
    </p>
   </div>
   <div class='ocr_carea' id='block_1_3' title="bbox 299 701 480 748">
    <p class='ocr_par' dir='ltr' id='par_1_3' title="bbox 299 701 480 748">
     <span class='ocr_line' id='line_1_8' title="bbox 311 701 480 730; baseline 0 -9"><span class='ocrx_word' id='word_1_15' title='bbox 311 701 437 730; x_wconf 23' lang='lat' dir='ltr'>‘perreium</span> <span class='ocrx_word' id='word_1_16' title='bbox 454 701 480 722; x_wconf 82' lang='lat' dir='ltr'>ir·</span> 
     </span>
     <span class='ocr_line' id='line_1_9' title="bbox 299 731 370 748; baseline 0 -1"><span class='ocrx_word' id='word_1_17' title='bbox 299 731 370 748; x_wconf 69' lang='lat' dir='ltr'>filaus.</span> 
     </span>
    </p>
   </div>
   <div class='ocr_carea' id='block_1_4' title="bbox 345 2240 482 2260">
    <p class='ocr_par' dir='ltr' id='par_1_4' title="bbox 345 2240 482 2260">
     <span class='ocr_line' id='line_1_10' title="bbox 345 2240 482 2260; baseline -0.007 0"><span class='ocrx_word' id='word_1_18' title='bbox 345 2240 482 2260; x_wconf 55' lang='lat' dir='ltr'>rroaeniiuni.</span> 
     </span>
    </p>
   </div>
   <div class='ocr_carea' id='block_1_5' title="bbox 495 206 1246 1680">
    <p class='ocr_par' dir='ltr' id='par_1_5' title="bbox 524 206 586 240">
     <span class='ocr_line' id='line_1_11' title="bbox 524 206 586 240; baseline 0 0"><span class='ocrx_word' id='word_1_19' title='bbox 524 206 586 240; x_wconf 70' lang='lat'>298</span> 
     </span>
    </p>

    <p class='ocr_par' dir='ltr' id='par_1_6' title="bbox 495 263 1234 678">
     <span class='ocr_line' id='line_1_12' title="bbox 539 263 1232 308; baseline 0.001 -11"><span class='ocrx_word' id='word_1_20' title='bbox 539 265 554 308; x_wconf 67' lang='lat' dir='ltr'>g</span> <span class='ocrx_word' id='word_1_21' title='bbox 577 263 606 297; x_wconf 79' lang='lat'>3.</span> <span class='ocrx_word' id='word_1_22' title='bbox 632 264 798 297; x_wconf 82' lang='lat' dir='ltr'>Praeterea</span> <span class='ocrx_word' id='word_1_23' title='bbox 823 265 1034 298; x_wconf 69' lang='lat' dir='ltr'>confratribus</span> <span class='ocrx_word' id='word_1_24' title='bbox 1059 265 1232 298; x_wconf 83' lang='lat' dir='ltr'>confrater-</span> 
     </span>
     <span class='ocr_line' id='line_1_13' title="bbox 495 316 1233 360; baseline 0.004 -11"><span class='ocrx_word' id='word_1_25' title='bbox 495 316 625 349; x_wconf 88' lang='lat' dir='ltr'>nitatum</span> <span class='ocrx_word' id='word_1_26' title='bbox 662 323 905 360; x_wconf 78' lang='lat' dir='ltr'>aggregatarum</span> <span class='ocrx_word' id='word_1_27' title='bbox 941 318 1122 351; x_wconf 89' lang='lat' dir='ltr'>huiusmodi</span> <span class='ocrx_word' id='word_1_28' title='bbox 1156 319 1233 352; x_wconf 88' lang='lat' dir='ltr'>elee-</span> 
     </span>
     <span class='ocr_line' id='line_1_14' title="bbox 496 370 1233 415; baseline 0.003 -13"><span class='ocrx_word' id='word_1_29' title='bbox 496 380 650 414; x_wconf 71' lang='lat' dir='ltr'>mosynas,</span> <span class='ocrx_word' id='word_1_30' title='bbox 676 370 699 402; x_wconf 89' lang='lat' dir='ltr'>si</span> <span class='ocrx_word' id='word_1_31' title='bbox 725 380 804 414; x_wconf 84' lang='lat' dir='ltr'>quac</span> <span class='ocrx_word' id='word_1_32' title='bbox 829 370 867 403; x_wconf 86' lang='lat' dir='ltr'>ab</span> <span class='ocrx_word' id='word_1_33' title='bbox 893 371 951 404; x_wconf 85' lang='lat' dir='ltr'>illis</span> <span class='ocrx_word' id='word_1_34' title='bbox 981 377 1148 415; x_wconf 77' lang='lat' dir='ltr'>perceptae</span> <span class='ocrx_word' id='word_1_35' title='bbox 1173 372 1233 404; x_wconf 86' lang='lat' dir='ltr'>sue-</span> 
     </span>
     <span class='ocr_line' id='line_1_15' title="bbox 495 423 1229 468; baseline 0.001 -13"><span class='ocrx_word' id='word_1_36' title='bbox 495 428 577 463; x_wconf 90' lang='lat' dir='ltr'>runt,</span> <span class='ocrx_word' id='word_1_37' title='bbox 602 433 661 466; x_wconf 92' lang='lat' dir='ltr'>pro</span> <span class='ocrx_word' id='word_1_38' title='bbox 686 423 789 456; x_wconf 89' lang='lat' dir='ltr'>missis</span> <span class='ocrx_word' id='word_1_39' title='bbox 814 424 1009 457; x_wconf 75' lang='lat' dir='ltr'>celebrandis</span> <span class='ocrx_word' id='word_1_40' title='bbox 1034 435 1092 468; x_wconf 89' lang='lat' dir='ltr'>pro</span> <span class='ocrx_word' id='word_1_41' title='bbox 1116 424 1229 458; x_wconf 80' lang='lat' dir='ltr'>desun-</span> 
     </span>
     <span class='ocr_line' id='line_1_16' title="bbox 496 476 1233 522; baseline 0.004 -14"><span class='ocrx_word' id='word_1_42' title='bbox 496 476 562 516; x_wconf 87' lang='lat' dir='ltr'>ctis,</span> <span class='ocrx_word' id='word_1_43' title='bbox 587 476 758 510; x_wconf 92' lang='lat' dir='ltr'>dummodo</span> <span class='ocrx_word' id='word_1_44' title='bbox 784 487 893 510; x_wconf 83' lang='lat' dir='ltr'>revera</span> <span class='ocrx_word' id='word_1_45' title='bbox 910 478 1125 522; x_wconf 59' lang='lat' dir='ltr'>eleemosynae</span> <span class='ocrx_word' id='word_1_46' title='bbox 1145 488 1233 522; x_wconf 85' lang='lat' dir='ltr'>prae-</span> 
     </span>
     <span class='ocr_line' id='line_1_17' title="bbox 495 528 1234 573; baseline 0.001 -12"><span class='ocrx_word' id='word_1_47' title='bbox 495 528 595 561; x_wconf 73' lang='lat' dir='ltr'>dictae</span> <span class='ocrx_word' id='word_1_48' title='bbox 621 534 766 572; x_wconf 78' lang='lat' dir='ltr'>erogatae</span> <span class='ocrx_word' id='word_1_49' title='bbox 803 530 917 564; x_wconf 83' lang='lat' dir='ltr'>suerint</span> <span class='ocrx_word' id='word_1_50' title='bbox 940 541 999 573; x_wconf 89' lang='lat' dir='ltr'>pro</span> <span class='ocrx_word' id='word_1_51' title='bbox 1024 530 1234 563; x_wconf 76' lang='lat' dir='ltr'>celebratione</span> 
     </span>
     <span class='ocr_line' id='line_1_18' title="bbox 499 581 1231 623; baseline 0.003 -10"><span class='ocrx_word' id='word_1_52' title='bbox 499 581 666 614; x_wconf 83' lang='lat' dir='ltr'>missarum</span> <span class='ocrx_word' id='word_1_53' title='bbox 693 582 893 623; x_wconf 85' lang='lat' dir='ltr'>huiusmodi,</span> <span class='ocrx_word' id='word_1_54' title='bbox 923 582 1107 616; x_wconf 86' lang='lat' dir='ltr'>auctoritate</span> <span class='ocrx_word' id='word_1_55' title='bbox 1130 587 1159 615; x_wconf 91' lang='lat' dir='ltr'>et</span> <span class='ocrx_word' id='word_1_56' title='bbox 1184 587 1231 615; x_wconf 91' lang='lat' dir='ltr'>te-</span> 
     </span>
     <span class='ocr_line' id='line_1_19' title="bbox 495 635 1174 678; baseline 0.001 -11"><span class='ocrx_word' id='word_1_57' title='bbox 495 644 572 667; x_wconf 86' lang='lat' dir='ltr'>nore</span> <span class='ocrx_word' id='word_1_58' title='bbox 598 635 765 678; x_wconf 86' lang='lat' dir='ltr'>praedictis</span> <span class='ocrx_word' id='word_1_59' title='bbox 790 635 926 678; x_wconf 79' lang='lat' dir='ltr'>gratiose</span> <span class='ocrx_word' id='word_1_60' title='bbox 951 636 1174 669; x_wconf 78' lang='lat' dir='ltr'>condonamus.</span> 
     </span>
    </p>

    <p class='ocr_par' dir='ltr' id='par_1_7' title="bbox 498 688 1245 1477">
     <span class='ocr_line' id='line_1_20' title="bbox 541 688 1234 733; baseline 0 -13"><span class='ocrx_word' id='word_1_61' title='bbox 541 689 556 731; x_wconf 57' lang='grc' dir='ltr'><strong>ξ</strong></span> <span class='ocrx_word' id='word_1_62' title='bbox 580 688 609 720; x_wconf 76' lang='grc'>4.</span> <span class='ocrx_word' id='word_1_63' title='bbox 635 688 842 722; x_wconf 87' lang='lat' dir='ltr'>Decernentes</span> <span class='ocrx_word' id='word_1_64' title='bbox 866 689 950 733; x_wconf 88' lang='lat' dir='ltr'>ipsas</span> <span class='ocrx_word' id='word_1_65' title='bbox 975 693 1153 732; x_wconf 75' lang='lat' dir='ltr'>praesentes</span> <span class='ocrx_word' id='word_1_66' title='bbox 1185 688 1234 720; x_wconf 90' lang='lat' dir='ltr'>lit-</span> 
     </span>
     <span class='ocr_line' id='line_1_21' title="bbox 498 741 1236 786; baseline 0 -13"><span class='ocrx_word' id='word_1_67' title='bbox 498 746 579 774; x_wconf 86' lang='lat' dir='ltr'>teras</span> <span class='ocrx_word' id='word_1_68' title='bbox 604 752 729 786; x_wconf 81' lang='lat' dir='ltr'>semper</span> <span class='ocrx_word' id='word_1_69' title='bbox 754 742 870 783; x_wconf 82' lang='lat' dir='ltr'>firmas,</span> <span class='ocrx_word' id='word_1_70' title='bbox 901 742 1016 774; x_wconf 75' lang='lat' dir='ltr'>validas</span> <span class='ocrx_word' id='word_1_71' title='bbox 1042 747 1071 774; x_wconf 85' lang='lat' dir='ltr'>et</span> <span class='ocrx_word' id='word_1_72' title='bbox 1095 741 1236 774; x_wconf 86' lang='lat' dir='ltr'>efficaces</span> 
     </span>
     <span class='ocr_line' id='line_1_22' title="bbox 498 794 1237 838; baseline -0.001 -12"><span class='ocrx_word' id='word_1_73' title='bbox 498 794 631 827; x_wconf 78' lang='lat' dir='ltr'>existere</span> <span class='ocrx_word' id='word_1_74' title='bbox 657 800 686 827; x_wconf 89' lang='lat' dir='ltr'>et</span> <span class='ocrx_word' id='word_1_75' title='bbox 712 795 787 836; x_wconf 83' lang='lat' dir='ltr'>fore,</span> <span class='ocrx_word' id='word_1_76' title='bbox 814 805 849 827; x_wconf 85' lang='lat' dir='ltr'>ac</span> <span class='ocrx_word' id='word_1_77' title='bbox 874 795 944 835; x_wconf 89' lang='lat' dir='ltr'>illis,</span> <span class='ocrx_word' id='word_1_78' title='bbox 962 794 999 826; x_wconf 89' lang='lat' dir='ltr'>ad</span> <span class='ocrx_word' id='word_1_79' title='bbox 1020 804 1098 838; x_wconf 87' lang='lat' dir='ltr'>quos</span> <span class='ocrx_word' id='word_1_80' title='bbox 1119 798 1237 837; x_wconf 83' lang='lat' dir='ltr'>spectat</span> 
     </span>
     <span class='ocr_line' id='line_1_23' title="bbox 500 846 1238 892; baseline -0.001 -13"><span class='ocrx_word' id='word_1_81' title='bbox 500 852 529 879; x_wconf 85' lang='lat' dir='ltr'>et</span> <span class='ocrx_word' id='word_1_82' title='bbox 551 857 610 890; x_wconf 92' lang='lat' dir='ltr'>pro</span> <span class='ocrx_word' id='word_1_83' title='bbox 637 851 776 892; x_wconf 88' lang='lat' dir='ltr'>tempore</span> <span class='ocrx_word' id='word_1_84' title='bbox 799 847 963 892; x_wconf 82' lang='lat' dir='ltr'>spectabit,</span> <span class='ocrx_word' id='word_1_85' title='bbox 981 847 1162 891; x_wconf 81' lang='lat' dir='ltr'>plenissime</span> <span class='ocrx_word' id='word_1_86' title='bbox 1179 846 1238 879; x_wconf 83' lang='lat' dir='ltr'>sus-</span> 
     </span>
     <span class='ocr_line' id='line_1_24' title="bbox 500 898 1237 942; baseline -0.001 -11"><span class='ocrx_word' id='word_1_87' title='bbox 500 900 628 942; x_wconf 81' lang='lat' dir='ltr'>sragari,</span> <span class='ocrx_word' id='word_1_88' title='bbox 647 906 675 933; x_wconf 88' lang='lat' dir='ltr'>et</span> <span class='ocrx_word' id='word_1_89' title='bbox 692 901 730 933; x_wconf 88' lang='lat' dir='ltr'>ab</span> <span class='ocrx_word' id='word_1_90' title='bbox 750 901 810 933; x_wconf 91' lang='lat' dir='ltr'>illis</span> <span class='ocrx_word' id='word_1_91' title='bbox 828 900 1048 933; x_wconf 81' lang='lat' dir='ltr'>inviolabiliter</span> <span class='ocrx_word' id='word_1_92' title='bbox 1065 898 1237 939; x_wconf 84' lang='lat' dir='ltr'>observari,</span> 
     </span>
     <span class='ocr_line' id='line_1_25' title="bbox 500 952 1239 998; baseline 0 -13"><span class='ocrx_word' id='word_1_93' title='bbox 500 953 607 997; x_wconf 86' lang='lat' dir='ltr'>sieque</span> <span class='ocrx_word' id='word_1_94' title='bbox 632 954 660 986; x_wconf 92' lang='lat' dir='ltr'>in</span> <span class='ocrx_word' id='word_1_95' title='bbox 682 953 863 998; x_wconf 79' lang='lat' dir='ltr'>praemissis</span> <span class='ocrx_word' id='word_1_96' title='bbox 880 964 936 998; x_wconf 90' lang='lat' dir='ltr'>per</span> <span class='ocrx_word' id='word_1_97' title='bbox 957 963 1174 997; x_wconf 87' lang='lat' dir='ltr'>quoscumque</span> <span class='ocrx_word' id='word_1_98' title='bbox 1195 952 1239 985; x_wconf 94' lang='lat' dir='ltr'>iu-</span> 
     </span>
     <span class='ocr_line' id='line_1_26' title="bbox 500 1006 1239 1049; baseline 0 -12"><span class='ocrx_word' id='word_1_99' title='bbox 500 1006 584 1039; x_wconf 82' lang='lat' dir='ltr'>dices</span> <span class='ocrx_word' id='word_1_100' title='bbox 605 1006 782 1039; x_wconf 87' lang='lat' dir='ltr'>ordinarios</span> <span class='ocrx_word' id='word_1_101' title='bbox 807 1011 836 1038; x_wconf 86' lang='lat' dir='ltr'>et</span> <span class='ocrx_word' id='word_1_102' title='bbox 861 1006 1029 1049; x_wconf 77' lang='lat' dir='ltr'>delegatos,</span> <span class='ocrx_word' id='word_1_103' title='bbox 1049 1006 1140 1038; x_wconf 90' lang='lat' dir='ltr'>etiam</span> <span class='ocrx_word' id='word_1_104' title='bbox 1166 1015 1239 1038; x_wconf 88' lang='lat' dir='ltr'>cau-</span> 
     </span>
     <span class='ocr_line' id='line_1_27' title="bbox 502 1057 1239 1103; baseline -0.001 -12"><span class='ocrx_word' id='word_1_105' title='bbox 502 1070 605 1092; x_wconf 75' lang='lat' dir='ltr'>sarum</span> <span class='ocrx_word' id='word_1_106' title='bbox 622 1059 727 1103; x_wconf 88' lang='lat' dir='ltr'>palatii</span> <span class='ocrx_word' id='word_1_107' title='bbox 745 1059 907 1103; x_wconf 87' lang='lat' dir='ltr'>apostolici</span> <span class='ocrx_word' id='word_1_108' title='bbox 925 1059 1092 1100; x_wconf 79' lang='lat' dir='ltr'>auditores,</span> <span class='ocrx_word' id='word_1_109' title='bbox 1108 1057 1239 1091; x_wconf 87' lang='lat' dir='ltr'>iudicari</span> 
     </span>
     <span class='ocr_line' id='line_1_28' title="bbox 502 1111 1239 1154; baseline -0.001 -10"><span class='ocrx_word' id='word_1_110' title='bbox 502 1119 532 1145; x_wconf 89' lang='lat' dir='ltr'>et</span> <span class='ocrx_word' id='word_1_111' title='bbox 555 1112 678 1145; x_wconf 77' lang='lat' dir='ltr'>definiri</span> <span class='ocrx_word' id='word_1_112' title='bbox 701 1112 815 1145; x_wconf 85' lang='lat' dir='ltr'>debere</span> <span class='ocrx_word' id='word_1_113' title='bbox 830 1140 837 1154; x_wconf 91' lang='lat'>,</span> <span class='ocrx_word' id='word_1_114' title='bbox 862 1122 897 1145; x_wconf 85' lang='lat' dir='ltr'>ac</span> <span class='ocrx_word' id='word_1_115' title='bbox 922 1112 1047 1146; x_wconf 90' lang='lat' dir='ltr'>irritum</span> <span class='ocrx_word' id='word_1_116' title='bbox 1073 1117 1102 1144; x_wconf 91' lang='lat' dir='ltr'>et</span> <span class='ocrx_word' id='word_1_117' title='bbox 1126 1111 1217 1143; x_wconf 89' lang='lat' dir='ltr'>inane</span> <span class='ocrx_word' id='word_1_118' title='bbox 1232 1137 1239 1151; x_wconf 91' lang='lat'>,</span> 
     </span>
     <span class='ocr_line' id='line_1_29' title="bbox 503 1164 1241 1209; baseline -0.004 -11"><span class='ocrx_word' id='word_1_119' title='bbox 503 1166 527 1198; x_wconf 80' lang='lat' dir='ltr'>si</span> <span class='ocrx_word' id='word_1_120' title='bbox 552 1176 641 1198; x_wconf 87' lang='lat' dir='ltr'>secus</span> <span class='ocrx_word' id='word_1_121' title='bbox 666 1165 822 1209; x_wconf 80' lang='lat' dir='ltr'>superbis</span> <span class='ocrx_word' id='word_1_122' title='bbox 843 1176 859 1197; x_wconf 89' lang='lat' dir='ltr'>a</span> <span class='ocrx_word' id='word_1_123' title='bbox 877 1176 1047 1209; x_wconf 83' lang='lat' dir='ltr'>quoquam,</span> <span class='ocrx_word' id='word_1_124' title='bbox 1065 1164 1173 1208; x_wconf 83' lang='lat' dir='ltr'>quavis</span> <span class='ocrx_word' id='word_1_125' title='bbox 1191 1174 1241 1195; x_wconf 86' lang='lat' dir='ltr'>au-</span> 
     </span>
     <span class='ocr_line' id='line_1_30' title="bbox 503 1217 1243 1261; baseline -0.003 -10"><span class='ocrx_word' id='word_1_126' title='bbox 503 1219 657 1259; x_wconf 84' lang='lat' dir='ltr'>ctoritate,</span> <span class='ocrx_word' id='word_1_127' title='bbox 672 1219 807 1251; x_wconf 86' lang='lat' dir='ltr'>scienter</span> <span class='ocrx_word' id='word_1_128' title='bbox 824 1219 871 1251; x_wconf 79' lang='lat' dir='ltr'>vel</span> <span class='ocrx_word' id='word_1_129' title='bbox 892 1219 1085 1261; x_wconf 78' lang='lat' dir='ltr'>ignoranter,</span> <span class='ocrx_word' id='word_1_130' title='bbox 1106 1217 1243 1260; x_wconf 80' lang='lat' dir='ltr'>contige-</span> 
     </span>
     <span class='ocr_line' id='line_1_31' title="bbox 504 1270 1242 1315; baseline -0.001 -11"><span class='ocrx_word' id='word_1_131' title='bbox 504 1272 544 1304; x_wconf 88' lang='lat' dir='ltr'>rit.</span> <span class='ocrx_word' id='word_1_132' title='bbox 569 1272 723 1305; x_wconf 87' lang='lat' dir='ltr'>attcntari.</span> <span class='ocrx_word' id='word_1_133' title='bbox 761 1273 828 1306; x_wconf 85' lang='lat' dir='ltr'>Non</span> <span class='ocrx_word' id='word_1_134' title='bbox 854 1271 1050 1306; x_wconf 84' lang='lat' dir='ltr'>obstantibus</span> <span class='ocrx_word' id='word_1_135' title='bbox 1074 1270 1242 1315; x_wconf 80' lang='lat' dir='ltr'>praedictis</span> 
     </span>
     <span class='ocr_line' id='line_1_32' title="bbox 506 1324 1244 1369; baseline -0.003 -11"><span class='ocrx_word' id='word_1_136' title='bbox 506 1326 589 1358; x_wconf 83' lang='lat' dir='ltr'>Pauli</span> <span class='ocrx_word' id='word_1_137' title='bbox 615 1325 865 1369; x_wconf 78' lang='lat' dir='ltr'>praedecessoris</span> <span class='ocrx_word' id='word_1_138' title='bbox 890 1325 1011 1366; x_wconf 81' lang='lat' dir='ltr'>litteris,</span> <span class='ocrx_word' id='word_1_139' title='bbox 1033 1335 1067 1357; x_wconf 85' lang='lat' dir='ltr'>ac</span> <span class='ocrx_word' id='word_1_140' title='bbox 1093 1324 1244 1357; x_wconf 88' lang='lat' dir='ltr'>constitu-</span> 
     </span>
     <span class='ocr_line' id='line_1_33' title="bbox 506 1379 1245 1423; baseline -0.001 -12"><span class='ocrx_word' id='word_1_141' title='bbox 506 1379 644 1412; x_wconf 89' lang='lat' dir='ltr'>tionibus</span> <span class='ocrx_word' id='word_1_142' title='bbox 662 1385 690 1411; x_wconf 84' lang='lat' dir='ltr'>ct</span> <span class='ocrx_word' id='word_1_143' title='bbox 715 1379 964 1413; x_wconf 80' lang='lat' dir='ltr'>ordinationibus</span> <span class='ocrx_word' id='word_1_144' title='bbox 989 1379 1181 1423; x_wconf 89' lang='lat' dir='ltr'>apostolicis,</span> <span class='ocrx_word' id='word_1_145' title='bbox 1199 1388 1245 1410; x_wconf 90' lang='lat' dir='ltr'>cc-</span> 
     </span>
     <span class='ocr_line' id='line_1_34' title="bbox 507 1433 1111 1477; baseline 0 -12"><span class='ocrx_word' id='word_1_146' title='bbox 507 1433 643 1477; x_wconf 88' lang='lat' dir='ltr'>terisque</span> <span class='ocrx_word' id='word_1_147' title='bbox 661 1433 826 1466; x_wconf 82' lang='lat' dir='ltr'>contrariis</span> <span class='ocrx_word' id='word_1_148' title='bbox 851 1433 1111 1476; x_wconf 85' lang='lat' dir='ltr'>quibuscumque.</span> 
     </span>
    </p>

    <p class='ocr_par' dir='ltr' id='par_1_8' title="bbox 508 1485 1246 1680">
     <span class='ocr_line' id='line_1_35' title="bbox 550 1485 1240 1530; baseline -0.003 -11"><span class='ocrx_word' id='word_1_149' title='bbox 550 1487 661 1519; x_wconf 86' lang='lat' dir='ltr'>Datum</span> <span class='ocrx_word' id='word_1_150' title='bbox 693 1487 826 1527; x_wconf 78' lang='lat' dir='ltr'>Romae,</span> <span class='ocrx_word' id='word_1_151' title='bbox 857 1486 939 1530; x_wconf 87' lang='lat' dir='ltr'>apud</span> <span class='ocrx_word' id='word_1_152' title='bbox 971 1486 999 1519; x_wconf 82' lang='lat' dir='ltr'>S.</span> <span class='ocrx_word' id='word_1_153' title='bbox 1024 1485 1153 1518; x_wconf 82' lang='lat' dir='ltr'>Mariam</span> <span class='ocrx_word' id='word_1_154' title='bbox 1178 1486 1240 1518; x_wconf 81' lang='lat' dir='ltr'>Ma-</span> 
     </span>
     <span class='ocr_line' id='line_1_36' title="bbox 508 1539 1246 1580; baseline -0.004 -7"><span class='ocrx_word' id='word_1_155' title='bbox 508 1541 629 1580; x_wconf 80' lang='lat' dir='ltr'>iorem,</span> <span class='ocrx_word' id='word_1_156' title='bbox 656 1541 713 1573; x_wconf 84' lang='lat' dir='ltr'>snb</span> <span class='ocrx_word' id='word_1_157' title='bbox 735 1540 850 1573; x_wconf 87' lang='lat' dir='ltr'>annulo</span> <span class='ocrx_word' id='word_1_158' title='bbox 877 1539 1061 1580; x_wconf 81' lang='lat' dir='ltr'>Piscatoris,</span> <span class='ocrx_word' id='word_1_159' title='bbox 1087 1539 1136 1571; x_wconf 90' lang='lat' dir='ltr'>die</span> <span class='ocrx_word' id='word_1_160' title='bbox 1168 1548 1246 1572; x_wconf 73' lang='lat' dir='ltr'>xvxn</span> 
     </span>
     <span class='ocr_line' id='line_1_37' title="bbox 508 1590 1246 1637; baseline -0.004 -12"><span class='ocrx_word' id='word_1_161' title='bbox 508 1593 695 1637; x_wconf 82' lang='lat' dir='ltr'>septembris</span> <span class='ocrx_word' id='word_1_162' title='bbox 727 1603 876 1633; x_wconf 73' lang='lat' dir='ltr'>MDCLVH,</span> <span class='ocrx_word' id='word_1_163' title='bbox 911 1592 1111 1637; x_wconf 86' lang='lat' dir='ltr'>pontificatus</span> <span class='ocrx_word' id='word_1_164' title='bbox 1148 1590 1246 1625; x_wconf 85' lang='lat' dir='ltr'>nostri</span> 
     </span>
     <span class='ocr_line' id='line_1_38' title="bbox 509 1657 657 1680; baseline -0.007 0"><span class='ocrx_word' id='word_1_165' title='bbox 509 1657 590 1680; x_wconf 90' lang='lat' dir='ltr'>anno</span> <span class='ocrx_word' id='word_1_166' title='bbox 615 1657 657 1679; x_wconf 81' lang='lat'>111.</span> 
     </span>
    </p>
   </div>
   <div class='ocr_carea' id='block_1_6' title="bbox 545 1707 1247 1744">
    <p class='ocr_par' dir='ltr' id='par_1_9' title="bbox 545 1707 1247 1744">
     <span class='ocr_line' id='line_1_39' title="bbox 545 1707 1247 1744; baseline -0.003 -9"><span class='ocrx_word' id='word_1_167' title='bbox 545 1709 602 1736; x_wconf 83' lang='lat' dir='ltr'>Dat.</span> <span class='ocrx_word' id='word_1_168' title='bbox 621 1708 663 1736; x_wconf 87' lang='lat' dir='ltr'>die</span> <span class='ocrx_word' id='word_1_169' title='bbox 687 1709 717 1736; x_wconf 81' lang='lat'>18</span> <span class='ocrx_word' id='word_1_170' title='bbox 733 1707 894 1744; x_wconf 80' lang='lat' dir='ltr'>septembris</span> <span class='ocrx_word' id='word_1_171' title='bbox 913 1708 989 1741; x_wconf 73' lang='lat'>¹057,</span> <span class='ocrx_word' id='word_1_172' title='bbox 1011 1707 1105 1743; x_wconf 82' lang='lat' dir='ltr'>pontis.</span> <span class='ocrx_word' id='word_1_173' title='bbox 1124 1715 1192 1734; x_wconf 77' lang='lat' dir='ltr'>ainio</span> <span class='ocrx_word' id='word_1_174' title='bbox 1209 1713 1247 1733; x_wconf 76' lang='lat'>1¹1.</span> 
     </span>
    </p>
   </div>
   <div class='ocr_carea' id='block_1_7' title="bbox 797 1775 970 1778">
    <p class='ocr_par' dir='ltr' id='par_1_10' title="bbox 797 1775 970 1778">
     <span class='ocr_line' id='line_1_40' title="bbox 797 1775 970 1778; baseline 0 0"><span class='ocrx_word' id='word_1_175' title='bbox 797 1775 970 1778; x_wconf 95' lang='lat' dir='ltr'> </span> 
     </span>
    </p>
   </div>
   <div class='ocr_carea' id='block_1_8' title="bbox 811 1851 947 1884">
    <p class='ocr_par' dir='ltr' id='par_1_11' title="bbox 811 1851 947 1884">
     <span class='ocr_line' id='line_1_41' title="bbox 811 1851 947 1884; baseline -0.015 0"><span class='ocrx_word' id='word_1_176' title='bbox 811 1851 947 1884; x_wconf 81' lang='lat' dir='ltr'>CLXXII.</span> 
     </span>
    </p>
   </div>
   <div class='ocr_carea' id='block_1_9' title="bbox 510 1930 1251 2071">
    <p class='ocr_par' dir='ltr' id='par_1_12' title="bbox 510 1930 1251 2071">
     <span class='ocr_line' id='line_1_42' title="bbox 510 1930 1251 1973; baseline -0.005 -7"><span class='ocrx_word' id='word_1_177' title='bbox 510 1935 577 1967; x_wconf 76' lang='lat' dir='ltr'>Pro</span> <span class='ocrx_word' id='word_1_178' title='bbox 603 1930 799 1965; x_wconf 75' lang='lat' dir='ltr'>resecandis&#39;</span> <span class='ocrx_word' id='word_1_179' title='bbox 821 1931 1003 1973; x_wconf 76' lang='lat' dir='ltr'>sumptibus</span> <span class='ocrx_word' id='word_1_180' title='bbox 1024 1931 1196 1973; x_wconf 73' lang='lat' dir='ltr'>superfluis</span> <span class='ocrx_word' id='word_1_181' title='bbox 1215 1930 1251 1962; x_wconf 77' lang='lat' dir='ltr'>in</span> 
     </span>
     <span class='ocr_line' id='line_1_43' title="bbox 556 1983 1251 2018; baseline -0.006 0"><span class='ocrx_word' id='word_1_182' title='bbox 556 1985 695 2018; x_wconf 71' lang='lat' dir='ltr'>ecclesiis</span> <span class='ocrx_word' id='word_1_183' title='bbox 710 1989 737 2017; x_wconf 80' lang='lat' dir='ltr'>et</span> <span class='ocrx_word' id='word_1_184' title='bbox 753 1984 959 2016; x_wconf 66' lang='lat' dir='ltr'>wzovmsteriz&#39;s</span> <span class='ocrx_word' id='word_1_185' title='bbox 978 1983 1175 2016; x_wconf 73' lang='lat' dir='ltr'>monialium</span> <span class='ocrx_word' id='word_1_186' title='bbox 1195 1983 1251 2015; x_wconf 80' lang='lat' dir='ltr'>Ur-</span> 
     </span>
     <span class='ocr_line' id='line_1_44' title="bbox 560 2040 615 2071; baseline 0.018 -1"><span class='ocrx_word' id='word_1_187' title='bbox 560 2040 615 2071; x_wconf 78' lang='lat' dir='ltr'>bis.</span> 
     </span>
    </p>
   </div>
   <div class='ocr_carea' id='block_1_10' title="bbox 634 2116 1130 2196">
    <p class='ocr_par' dir='ltr' id='par_1_13' title="bbox 634 2116 1130 2196">
     <span class='ocr_line' id='line_1_45' title="bbox 709 2116 1055 2150; baseline -0.006 -6"><span class='ocrx_word' id='word_1_188' title='bbox 709 2117 873 2144; x_wconf 78' lang='lat' dir='ltr'>Alexander</span> <span class='ocrx_word' id='word_1_189' title='bbox 894 2117 972 2150; x_wconf 83' lang='lat' dir='ltr'>Papa</span> <span class='ocrx_word' id='word_1_190' title='bbox 994 2116 1055 2149; x_wconf 86' lang='lat' dir='ltr'>vll,</span> 
     </span>
     <span class='ocr_line' id='line_1_46' title="bbox 634 2160 1130 2196; baseline -0.006 -7"><span class='ocrx_word' id='word_1_191' title='bbox 634 2163 670 2189; x_wconf 88' lang='lat' dir='ltr'>ad</span> <span class='ocrx_word' id='word_1_192' title='bbox 690 2164 865 2196; x_wconf 78' lang='lat' dir='ltr'>perpetuam</span> <span class='ocrx_word' id='word_1_193' title='bbox 884 2161 927 2188; x_wconf 83' lang='lat' dir='ltr'>rei</span> <span class='ocrx_word' id='word_1_194' title='bbox 951 2160 1130 2188; x_wconf 84' lang='lat' dir='ltr'>memoriam.</span> 
     </span>
    </p>
   </div>
   <div class='ocr_carea' id='block_1_11' title="bbox 517 2229 1256 2542">
    <p class='ocr_par' dir='ltr' id='par_1_14' title="bbox 517 2229 1256 2542">
     <span class='ocr_line' id='line_1_47' title="bbox 560 2229 1252 2273; baseline -0.006 -8"><span class='ocrx_word' id='word_1_195' title='bbox 560 2233 620 2266; x_wconf 90' lang='lat' dir='ltr'>Pro</span> <span class='ocrx_word' id='word_1_196' title='bbox 646 2232 814 2265; x_wconf 86' lang='lat' dir='ltr'>commisso</span> <span class='ocrx_word' id='word_1_197' title='bbox 839 2231 930 2264; x_wconf 86' lang='lat' dir='ltr'>nobis</span> <span class='ocrx_word' id='word_1_198' title='bbox 955 2231 1083 2263; x_wconf 88' lang='lat' dir='ltr'>caelitus</span> <span class='ocrx_word' id='word_1_199' title='bbox 1104 2229 1252 2273; x_wconf 84' lang='lat' dir='ltr'>pastorali</span> 
     </span>
     <span class='ocr_line' id='line_1_48' title="bbox 517 2283 1252 2326; baseline -0.007 -7"><span class='ocrx_word' id='word_1_200' title='bbox 517 2296 664 2326; x_wconf 87' lang='lat' dir='ltr'>munere,</span> <span class='ocrx_word' id='word_1_201' title='bbox 689 2285 873 2317; x_wconf 87' lang='lat' dir='ltr'>dilectarum</span> <span class='ocrx_word' id='word_1_202' title='bbox 906 2284 936 2316; x_wconf 91' lang='lat' dir='ltr'>in</span> <span class='ocrx_word' id='word_1_203' title='bbox 969 2283 1091 2317; x_wconf 83' lang='lat' dir='ltr'>Christo</span> <span class='ocrx_word' id='word_1_204' title='bbox 1117 2283 1252 2315; x_wconf 84' lang='lat' dir='ltr'>tiliarum</span> 
     </span>
     <span class='ocr_line' id='line_1_49' title="bbox 518 2336 1255 2373; baseline -0.005 -1"><span class='ocrx_word' id='word_1_205' title='bbox 518 2339 701 2373; x_wconf 88' lang='lat' dir='ltr'>monialium</span> <span class='ocrx_word' id='word_1_206' title='bbox 734 2338 996 2371; x_wconf 82' lang='lat' dir='ltr'>monasteriorum</span> <span class='ocrx_word' id='word_1_207' title='bbox 1029 2337 1129 2369; x_wconf 83' lang='lat' dir='ltr'>almae</span> <span class='ocrx_word' id='word_1_208' title='bbox 1164 2336 1255 2370; x_wconf 89' lang='lat' dir='ltr'>Urbis</span> 
     </span>
     <span class='ocr_line' id='line_1_50' title="bbox 518 2389 1254 2435; baseline -0.007 -9"><span class='ocrx_word' id='word_1_209' title='bbox 518 2396 653 2432; x_wconf 84' lang='lat' dir='ltr'>nostrae,</span> <span class='ocrx_word' id='word_1_210' title='bbox 677 2401 767 2435; x_wconf 87' lang='lat' dir='ltr'>quac,</span> <span class='ocrx_word' id='word_1_211' title='bbox 793 2390 906 2424; x_wconf 89' lang='lat' dir='ltr'>oblitae</span> <span class='ocrx_word' id='word_1_212' title='bbox 925 2390 1053 2423; x_wconf 89' lang='lat' dir='ltr'>domum</span> <span class='ocrx_word' id='word_1_213' title='bbox 1080 2389 1176 2433; x_wconf 89' lang='lat' dir='ltr'>patris</span> <span class='ocrx_word' id='word_1_214' title='bbox 1196 2389 1254 2427; x_wconf 89' lang='lat' dir='ltr'>sui,</span> 
     </span>
     <span class='ocr_line' id='line_1_51' title="bbox 519 2443 1255 2478; baseline -0.004 -1"><span class='ocrx_word' id='word_1_215' title='bbox 519 2450 597 2478; x_wconf 86' lang='lat' dir='ltr'>totas</span> <span class='ocrx_word' id='word_1_216' title='bbox 615 2455 645 2477; x_wconf 88' lang='lat' dir='ltr'>se</span> <span class='ocrx_word' id='word_1_217' title='bbox 664 2445 731 2477; x_wconf 91' lang='lat' dir='ltr'>lesu</span> <span class='ocrx_word' id='word_1_218' title='bbox 748 2443 861 2477; x_wconf 84' lang='lat' dir='ltr'>Christi</span> <span class='ocrx_word' id='word_1_219' title='bbox 880 2443 1002 2477; x_wconf 89' lang='lat' dir='ltr'>Domini</span> <span class='ocrx_word' id='word_1_220' title='bbox 1022 2443 1120 2476; x_wconf 88' lang='lat' dir='ltr'>nostri</span> <span class='ocrx_word' id='word_1_221' title='bbox 1147 2453 1255 2475; x_wconf 89' lang='lat' dir='ltr'>earum</span> 
     </span>
     <span class='ocr_line' id='line_1_52' title="bbox 519 2495 1256 2542; baseline -0.001 -12"><span class='ocrx_word' id='word_1_222' title='bbox 519 2498 626 2542; x_wconf 86' lang='lat' dir='ltr'>sponsi</span> <span class='ocrx_word' id='word_1_223' title='bbox 652 2497 811 2541; x_wconf 87' lang='lat' dir='ltr'>obsequiis</span> <span class='ocrx_word' id='word_1_224' title='bbox 836 2497 1038 2539; x_wconf 76' lang='lat' dir='ltr'>devoverunt,</span> <span class='ocrx_word' id='word_1_225' title='bbox 1063 2495 1159 2540; x_wconf 88' lang='lat' dir='ltr'>quieti</span> <span class='ocrx_word' id='word_1_226' title='bbox 1180 2501 1209 2529; x_wconf 91' lang='lat' dir='ltr'>et</span> <span class='ocrx_word' id='word_1_227' title='bbox 1226 2507 1256 2529; x_wconf 92' lang='lat' dir='ltr'>u-</span> 
     </span>
    </p>
   </div>
   <div class='ocr_carea' id='block_1_12' title="bbox 559 2611 1165 2647">
    <p class='ocr_par' dir='ltr' id='par_1_15' title="bbox 559 2611 1165 2647">
     <span class='ocr_line' id='line_1_53' title="bbox 559 2611 1165 2647; baseline -0.003 -9"><span class='ocrx_word' id='word_1_228' title='bbox 559 2613 569 2638; x_wconf 81' lang='lat' dir='ltr'>l</span> <span class='ocrx_word' id='word_1_229' title='bbox 588 2611 656 2638; x_wconf 84' lang='lat' dir='ltr'>Edit.</span> <span class='ocrx_word' id='word_1_230' title='bbox 673 2611 751 2638; x_wconf 78' lang='lat' dir='ltr'>Main.</span> <span class='ocrx_word' id='word_1_231' title='bbox 768 2612 849 2638; x_wconf 83' lang='lat' dir='ltr'>habet</span> <span class='ocrx_word' id='word_1_232' title='bbox 869 2611 1049 2640; x_wconf 65' lang='lat' dir='ltr'>rescat-andis</span> <span class='ocrx_word' id='word_1_233' title='bbox 1064 2616 1100 2647; x_wconf 58' lang='lat' dir='ltr'>tu.</span> <span class='ocrx_word' id='word_1_234' title='bbox 1118 2611 1165 2646; x_wconf 82' lang='lat' dir='ltr'>T.).</span> 
     </span>
    </p>
   </div>
   <div class='ocr_carea' id='block_1_13' title="bbox 1258 1125 1274 2479">
    <p class='ocr_par' dir='ltr' id='par_1_16' title="bbox 1258 1125 1274 2479">
     <span class='ocr_line' id='line_1_54' title="bbox 1258 1125 1274 2479; baseline 0 0"><span class='ocrx_word' id='word_1_235' title='bbox 1258 1125 1274 2479; x_wconf 95' lang='lat' dir='ltr'> </span> 
     </span>
    </p>
   </div>
   <div class='ocr_carea' id='block_1_14' title="bbox 1077 218 1431 242">
    <p class='ocr_par' dir='ltr' id='par_1_17' title="bbox 1077 218 1431 242">
     <span class='ocr_line' id='line_1_55' title="bbox 1077 218 1431 242; baseline 0.006 -2"><span class='ocrx_word' id='word_1_236' title='bbox 1077 218 1253 242; x_wconf 74' lang='lat' dir='ltr'>BULLARIUM</span> <span class='ocrx_word' id='word_1_237' title='bbox 1278 218 1431 242; x_wconf 74' lang='lat' dir='ltr'><strong>ROMANUM</strong></span> 
     </span>
    </p>
   </div>
   <div class='ocr_carea' id='block_1_15' title="bbox 1266 265 2028 2540">
    <p class='ocr_par' dir='ltr' id='par_1_18' title="bbox 1266 265 2009 732">
     <span class='ocr_line' id='line_1_56' title="bbox 1267 265 2005 311; baseline 0.001 -13"><span class='ocrx_word' id='word_1_238' title='bbox 1267 265 1429 298; x_wconf 87' lang='lat' dir='ltr'>tilitatibus</span> <span class='ocrx_word' id='word_1_239' title='bbox 1454 266 1607 309; x_wconf 88' lang='lat' dir='ltr'>peculiari</span> <span class='ocrx_word' id='word_1_240' title='bbox 1632 265 1734 299; x_wconf 89' lang='lat' dir='ltr'>studio</span> <span class='ocrx_word' id='word_1_241' title='bbox 1758 266 1873 309; x_wconf 83' lang='lat' dir='ltr'>iugiter</span> <span class='ocrx_word' id='word_1_242' title='bbox 1898 267 2005 311; x_wconf 83' lang='lat' dir='ltr'>invigi-</span> 
     </span>
     <span class='ocr_line' id='line_1_57' title="bbox 1266 319 2005 363; baseline 0.003 -12"><span class='ocrx_word' id='word_1_243' title='bbox 1266 319 1374 359; x_wconf 85' lang='lat' dir='ltr'>lantes,</span> <span class='ocrx_word' id='word_1_244' title='bbox 1396 319 1541 363; x_wconf 87' lang='lat' dir='ltr'>ipsasque</span> <span class='ocrx_word' id='word_1_245' title='bbox 1568 319 1718 352; x_wconf 88' lang='lat' dir='ltr'>moniales</span> <span class='ocrx_word' id='word_1_246' title='bbox 1736 319 1903 363; x_wconf 83' lang='lat' dir='ltr'>superfluis</span> <span class='ocrx_word' id='word_1_247' title='bbox 1921 330 2005 353; x_wconf 92' lang='lat' dir='ltr'>sum-</span> 
     </span>
     <span class='ocr_line' id='line_1_58' title="bbox 1267 371 2006 415; baseline 0.004 -12"><span class='ocrx_word' id='word_1_248' title='bbox 1267 371 1381 414; x_wconf 87' lang='lat' dir='ltr'>ptibus,</span> <span class='ocrx_word' id='word_1_249' title='bbox 1399 371 1521 403; x_wconf 86' lang='lat' dir='ltr'>dierum</span> <span class='ocrx_word' id='word_1_250' title='bbox 1539 371 1691 404; x_wconf 80' lang='lat' dir='ltr'>festorum</span> <span class='ocrx_word' id='word_1_251' title='bbox 1709 373 1802 405; x_wconf 82' lang='lat' dir='ltr'>causa</span> <span class='ocrx_word' id='word_1_252' title='bbox 1818 373 1863 405; x_wconf 86' lang='lat' dir='ltr'>vel</span> <span class='ocrx_word' id='word_1_253' title='bbox 1881 372 2006 415; x_wconf 83' lang='lat' dir='ltr'>quando</span> 
     </span>
     <span class='ocr_line' id='line_1_59' title="bbox 1268 424 2005 468; baseline 0.003 -12"><span class='ocrx_word' id='word_1_254' title='bbox 1268 424 1389 467; x_wconf 84' lang='lat' dir='ltr'>puellae</span> <span class='ocrx_word' id='word_1_255' title='bbox 1406 434 1460 456; x_wconf 87' lang='lat' dir='ltr'>seu</span> <span class='ocrx_word' id='word_1_256' title='bbox 1489 424 1636 458; x_wconf 87' lang='lat' dir='ltr'>mulieres</span> <span class='ocrx_word' id='word_1_257' title='bbox 1660 424 1800 458; x_wconf 85' lang='lat' dir='ltr'>habitum</span> <span class='ocrx_word' id='word_1_258' title='bbox 1826 425 2005 468; x_wconf 82' lang='lat' dir='ltr'>regularem</span> 
     </span>
     <span class='ocr_line' id='line_1_60' title="bbox 1269 476 2005 521; baseline 0.004 -13"><span class='ocrx_word' id='word_1_259' title='bbox 1269 476 1297 508; x_wconf 89' lang='lat' dir='ltr'>in</span> <span class='ocrx_word' id='word_1_260' title='bbox 1323 476 1433 509; x_wconf 89' lang='lat' dir='ltr'>iisdem</span> <span class='ocrx_word' id='word_1_261' title='bbox 1467 477 1662 509; x_wconf 89' lang='lat' dir='ltr'>monasteriis</span> <span class='ocrx_word' id='word_1_262' title='bbox 1686 477 1860 520; x_wconf 89' lang='lat' dir='ltr'>suscipiunt</span> <span class='ocrx_word' id='word_1_263' title='bbox 1885 478 2005 521; x_wconf 85' lang='lat' dir='ltr'>profes-</span> 
     </span>
     <span class='ocr_line' id='line_1_61' title="bbox 1268 529 2006 571; baseline 0.003 -10"><span class='ocrx_word' id='word_1_264' title='bbox 1268 529 1427 562; x_wconf 73' lang='lat' dir='ltr'>sionemve</span> <span class='ocrx_word' id='word_1_265' title='bbox 1451 530 1596 562; x_wconf 88' lang='lat' dir='ltr'>emittunt</span> <span class='ocrx_word' id='word_1_266' title='bbox 1620 529 1688 562; x_wconf 82' lang='lat' dir='ltr'>sieri</span> <span class='ocrx_word' id='word_1_267' title='bbox 1714 529 1833 571; x_wconf 90' lang='lat' dir='ltr'>solitis,</span> <span class='ocrx_word' id='word_1_268' title='bbox 1858 530 2006 571; x_wconf 85' lang='lat' dir='ltr'>eximere,</span> 
     </span>
     <span class='ocr_line' id='line_1_62' title="bbox 1269 582 2009 625; baseline 0.003 -11"><span class='ocrx_word' id='word_1_269' title='bbox 1269 587 1298 614; x_wconf 89' lang='lat' dir='ltr'>et</span> <span class='ocrx_word' id='word_1_270' title='bbox 1322 582 1430 625; x_wconf 90' lang='lat' dir='ltr'>populi</span> <span class='ocrx_word' id='word_1_271' title='bbox 1455 582 1492 614; x_wconf 90' lang='lat' dir='ltr'>ad</span> <span class='ocrx_word' id='word_1_272' title='bbox 1513 582 1621 615; x_wconf 89' lang='lat' dir='ltr'>eadem</span> <span class='ocrx_word' id='word_1_273' title='bbox 1647 582 1837 616; x_wconf 85' lang='lat' dir='ltr'>monasteria</span> <span class='ocrx_word' id='word_1_274' title='bbox 1865 593 1919 615; x_wconf 90' lang='lat' dir='ltr'>seu</span> <span class='ocrx_word' id='word_1_275' title='bbox 1944 582 2009 616; x_wconf 88' lang='lat' dir='ltr'>illo-</span> 
     </span>
     <span class='ocr_line' id='line_1_63' title="bbox 1269 634 2006 669; baseline 0.001 -2"><span class='ocrx_word' id='word_1_276' title='bbox 1269 645 1339 667; x_wconf 91' lang='lat' dir='ltr'>rum</span> <span class='ocrx_word' id='word_1_277' title='bbox 1371 634 1517 668; x_wconf 87' lang='lat' dir='ltr'>ecclesias</span> <span class='ocrx_word' id='word_1_278' title='bbox 1553 634 1706 668; x_wconf 87' lang='lat' dir='ltr'>eiusmodi</span> <span class='ocrx_word' id='word_1_279' title='bbox 1731 635 1894 669; x_wconf 85' lang='lat' dir='ltr'>occasione</span> <span class='ocrx_word' id='word_1_280' title='bbox 1927 645 2006 669; x_wconf 89' lang='lat' dir='ltr'>con-</span> 
     </span>
     <span class='ocr_line' id='line_1_64' title="bbox 1270 686 1875 732; baseline 0.002 -13"><span class='ocrx_word' id='word_1_281' title='bbox 1270 687 1393 720; x_wconf 77' lang='lat' dir='ltr'>fluentis</span> <span class='ocrx_word' id='word_1_282' title='bbox 1419 686 1543 720; x_wconf 86' lang='lat' dir='ltr'>turbam</span> <span class='ocrx_word' id='word_1_283' title='bbox 1570 688 1677 720; x_wconf 77' lang='lat' dir='ltr'>evitari</span> <span class='ocrx_word' id='word_1_284' title='bbox 1703 688 1875 732; x_wconf 89' lang='lat' dir='ltr'>cupientes,</span> 
     </span>
    </p>

    <p class='ocr_par' dir='ltr' id='par_1_19' title="bbox 1271 740 2019 1466">
     <span class='ocr_line' id='line_1_65' title="bbox 1314 740 2010 783; baseline 0.003 -11"><span class='ocrx_word' id='word_1_285' title='bbox 1314 741 1329 783; x_wconf 67' lang='grc' dir='ltr'>,ξ</span> <span class='ocrx_word' id='word_1_286' title='bbox 1353 740 1381 772; x_wconf 73' lang='lat' dir='ltr'>l.</span> <span class='ocrx_word' id='word_1_287' title='bbox 1407 741 1450 773; x_wconf 91' lang='lat' dir='ltr'>De</span> <span class='ocrx_word' id='word_1_288' title='bbox 1475 741 1702 774; x_wconf 88' lang='lat' dir='ltr'>venerabilium</span> <span class='ocrx_word' id='word_1_289' title='bbox 1729 741 1862 774; x_wconf 82' lang='lat' dir='ltr'>fratrum</span> <span class='ocrx_word' id='word_1_290' title='bbox 1884 745 2010 774; x_wconf 85' lang='lat' dir='ltr'>nostro-</span> 
     </span>
     <span class='ocr_line' id='line_1_66' title="bbox 1271 793 2012 827; baseline 0.003 -2"><span class='ocrx_word' id='word_1_291' title='bbox 1271 803 1341 826; x_wconf 90' lang='lat' dir='ltr'>rum</span> <span class='ocrx_word' id='word_1_292' title='bbox 1367 797 1489 827; x_wconf 87' lang='lat' dir='ltr'>sanctae</span> <span class='ocrx_word' id='word_1_293' title='bbox 1515 794 1672 827; x_wconf 86' lang='lat' dir='ltr'>Romanae</span> <span class='ocrx_word' id='word_1_294' title='bbox 1700 793 1857 827; x_wconf 88' lang='lat' dir='ltr'>Ecclesiae</span> <span class='ocrx_word' id='word_1_295' title='bbox 1874 793 2012 827; x_wconf 84' lang='lat' dir='ltr'>cardina-</span> 
     </span>
     <span class='ocr_line' id='line_1_67' title="bbox 1272 846 2012 881; baseline 0.003 -3"><span class='ocrx_word' id='word_1_296' title='bbox 1272 846 1348 879; x_wconf 90' lang='lat' dir='ltr'>lium</span> <span class='ocrx_word' id='word_1_297' title='bbox 1372 851 1402 879; x_wconf 88' lang='lat' dir='ltr'>et</span> <span class='ocrx_word' id='word_1_298' title='bbox 1425 846 1612 880; x_wconf 90' lang='lat' dir='ltr'>dilectorum</span> <span class='ocrx_word' id='word_1_299' title='bbox 1633 846 1771 881; x_wconf 86' lang='lat' dir='ltr'>filiorum</span> <span class='ocrx_word' id='word_1_300' title='bbox 1788 847 1947 881; x_wconf 88' lang='lat' dir='ltr'>Romanae</span> <span class='ocrx_word' id='word_1_301' title='bbox 1963 857 2012 880; x_wconf 87' lang='lat' dir='ltr'>cu-</span> 
     </span>
     <span class='ocr_line' id='line_1_68' title="bbox 1273 899 2013 944; baseline 0.003 -12"><span class='ocrx_word' id='word_1_302' title='bbox 1273 899 1337 932; x_wconf 87' lang='lat' dir='ltr'>riae</span> <span class='ocrx_word' id='word_1_303' title='bbox 1351 899 1565 943; x_wconf 84' lang='lat' dir='ltr'>praelatorum</span> <span class='ocrx_word' id='word_1_304' title='bbox 1581 899 1834 943; x_wconf 84' lang='lat' dir='ltr'>congregationis</span> <span class='ocrx_word' id='word_1_305' title='bbox 1851 910 1947 944; x_wconf 90' lang='lat' dir='ltr'>super</span> <span class='ocrx_word' id='word_1_306' title='bbox 1962 909 2013 934; x_wconf 92' lang='lat' dir='ltr'>ne-</span> 
     </span>
     <span class='ocr_line' id='line_1_69' title="bbox 1275 952 2013 997; baseline 0.001 -12"><span class='ocrx_word' id='word_1_307' title='bbox 1275 952 1369 995; x_wconf 80' lang='lat' dir='ltr'>gotiis</span> <span class='ocrx_word' id='word_1_308' title='bbox 1394 953 1579 987; x_wconf 85' lang='lat' dir='ltr'>visitationis</span> <span class='ocrx_word' id='word_1_309' title='bbox 1604 953 1794 997; x_wconf 89' lang='lat' dir='ltr'>apostolicae</span> <span class='ocrx_word' id='word_1_310' title='bbox 1818 963 1835 986; x_wconf 88' lang='lat' dir='ltr'>a</span> <span class='ocrx_word' id='word_1_311' title='bbox 1860 953 1950 987; x_wconf 92' lang='lat' dir='ltr'>nobis</span> <span class='ocrx_word' id='word_1_312' title='bbox 1971 953 2013 986; x_wconf 91' lang='lat' dir='ltr'>in-</span> 
     </span>
     <span class='ocr_line' id='line_1_70' title="bbox 1275 1006 2013 1050; baseline 0.001 -12"><span class='ocrx_word' id='word_1_313' title='bbox 1275 1006 1399 1038; x_wconf 87' lang='lat' dir='ltr'>stitutae</span> <span class='ocrx_word' id='word_1_314' title='bbox 1417 1006 1558 1048; x_wconf 78' lang='lat' dir='ltr'>consilio⁷</span> <span class='ocrx_word' id='word_1_315' title='bbox 1574 1006 1604 1038; x_wconf 93' lang='lat' dir='ltr'>in</span> <span class='ocrx_word' id='word_1_316' title='bbox 1625 1006 1876 1050; x_wconf 87' lang='lat' dir='ltr'>quibuscumque</span> <span class='ocrx_word' id='word_1_317' title='bbox 1893 1016 2013 1039; x_wconf 89' lang='lat' dir='ltr'>earum-</span> 
     </span>
     <span class='ocr_line' id='line_1_71' title="bbox 1275 1058 2013 1100; baseline 0.001 -10"><span class='ocrx_word' id='word_1_318' title='bbox 1275 1058 1345 1091; x_wconf 91' lang='lat' dir='ltr'>dem</span> <span class='ocrx_word' id='word_1_319' title='bbox 1371 1058 1554 1091; x_wconf 85' lang='lat' dir='ltr'>monialium</span> <span class='ocrx_word' id='word_1_320' title='bbox 1570 1058 1709 1092; x_wconf 90' lang='lat' dir='ltr'>ecclesiis</span> <span class='ocrx_word' id='word_1_321' title='bbox 1729 1058 1804 1091; x_wconf 82' lang='lat' dir='ltr'>alias</span> <span class='ocrx_word' id='word_1_322' title='bbox 1822 1058 2013 1100; x_wconf 85' lang='lat' dir='ltr'>festivitates,</span> 
     </span>
     <span class='ocr_line' id='line_1_72' title="bbox 1275 1111 2014 1156; baseline 0.001 -12"><span class='ocrx_word' id='word_1_323' title='bbox 1275 1122 1369 1155; x_wconf 86' lang='lat' dir='ltr'>quam</span> <span class='ocrx_word' id='word_1_324' title='bbox 1406 1122 1464 1156; x_wconf 84' lang='lat' dir='ltr'>pro</span> <span class='ocrx_word' id='word_1_325' title='bbox 1504 1112 1623 1144; x_wconf 83' lang='lat' dir='ltr'>Sanctis</span> <span class='ocrx_word' id='word_1_326' title='bbox 1660 1112 1838 1145; x_wconf 88' lang='lat' dir='ltr'>titularibus</span> <span class='ocrx_word' id='word_1_327' title='bbox 1874 1111 2014 1155; x_wconf 89' lang='lat' dir='ltr'>ipsarum</span> 
     </span>
     <span class='ocr_line' id='line_1_73' title="bbox 1276 1165 2012 1208; baseline 0 -10"><span class='ocrx_word' id='word_1_328' title='bbox 1276 1165 1490 1208; x_wconf 87' lang='lat' dir='ltr'>ecclesiarum,</span> <span class='ocrx_word' id='word_1_329' title='bbox 1516 1165 1579 1198; x_wconf 91' lang='lat' dir='ltr'>sive</span> <span class='ocrx_word' id='word_1_330' title='bbox 1605 1165 1868 1199; x_wconf 87' lang='lat' dir='ltr'>monasteriorum</span> <span class='ocrx_word' id='word_1_331' title='bbox 1900 1165 2012 1199; x_wconf 90' lang='lat' dir='ltr'>huius-</span> 
     </span>
     <span class='ocr_line' id='line_1_74' title="bbox 1277 1219 2016 1263; baseline 0.001 -12"><span class='ocrx_word' id='word_1_332' title='bbox 1277 1219 1360 1252; x_wconf 93' lang='lat' dir='ltr'>modi</span> <span class='ocrx_word' id='word_1_333' title='bbox 1386 1219 1536 1263; x_wconf 85' lang='lat' dir='ltr'>patronis‚</span> <span class='ocrx_word' id='word_1_334' title='bbox 1554 1220 1623 1252; x_wconf 85' lang='lat' dir='ltr'>aut¹</span> <span class='ocrx_word' id='word_1_335' title='bbox 1642 1219 1793 1253; x_wconf 88' lang='lat' dir='ltr'>Ordinum</span> <span class='ocrx_word' id='word_1_336' title='bbox 1811 1229 1947 1263; x_wconf 89' lang='lat' dir='ltr'>quorum</span> <span class='ocrx_word' id='word_1_337' title='bbox 1964 1219 2016 1252; x_wconf 89' lang='lat' dir='ltr'>illa</span> 
     </span>
     <span class='ocr_line' id='line_1_75' title="bbox 1277 1272 2017 1316; baseline 0.001 -11"><span class='ocrx_word' id='word_1_338' title='bbox 1277 1273 1451 1316; x_wconf 86' lang='lat' dir='ltr'>respective</span> <span class='ocrx_word' id='word_1_339' title='bbox 1477 1278 1548 1306; x_wconf 86' lang='lat' dir='ltr'>sunt</span> <span class='ocrx_word' id='word_1_340' title='bbox 1570 1273 1796 1315; x_wconf 81' lang='lat' dir='ltr'>fundatoribus,</span> <span class='ocrx_word' id='word_1_341' title='bbox 1816 1272 1935 1306; x_wconf 89' lang='lat' dir='ltr'>institui</span> <span class='ocrx_word' id='word_1_342' title='bbox 1953 1272 2017 1306; x_wconf 91' lang='lat' dir='ltr'>sive</span> 
     </span>
     <span class='ocr_line' id='line_1_76' title="bbox 1278 1325 2018 1370; baseline 0.001 -12"><span class='ocrx_word' id='word_1_343' title='bbox 1278 1326 1459 1359; x_wconf 88' lang='lat' dir='ltr'>solemniter</span> <span class='ocrx_word' id='word_1_344' title='bbox 1483 1325 1657 1366; x_wconf 86' lang='lat' dir='ltr'>celebrari,</span> <span class='ocrx_word' id='word_1_345' title='bbox 1682 1325 1867 1359; x_wconf 88' lang='lat' dir='ltr'>auctoritate</span> <span class='ocrx_word' id='word_1_346' title='bbox 1891 1330 2018 1370; x_wconf 88' lang='lat' dir='ltr'>aposto-</span> 
     </span>
     <span class='ocr_line' id='line_1_77' title="bbox 1278 1379 2019 1423; baseline 0.001 -12"><span class='ocrx_word' id='word_1_347' title='bbox 1278 1379 1347 1420; x_wconf 76' lang='lat' dir='ltr'>lica,</span> <span class='ocrx_word' id='word_1_348' title='bbox 1366 1384 1475 1413; x_wconf 91' lang='lat' dir='ltr'>tenore</span> <span class='ocrx_word' id='word_1_349' title='bbox 1499 1379 1722 1423; x_wconf 86' lang='lat' dir='ltr'>praesentium,</span> <span class='ocrx_word' id='word_1_350' title='bbox 1743 1384 1898 1423; x_wconf 89' lang='lat' dir='ltr'>perpetuo</span> <span class='ocrx_word' id='word_1_351' title='bbox 1914 1379 2019 1423; x_wconf 90' lang='lat' dir='ltr'>prohi-</span> 
     </span>
     <span class='ocr_line' id='line_1_78' title="bbox 1278 1433 1398 1466; baseline 0.008 -1"><span class='ocrx_word' id='word_1_352' title='bbox 1278 1433 1398 1466; x_wconf 89' lang='lat' dir='ltr'>bemus.</span> 
     </span>
    </p>

    <p class='ocr_par' dir='ltr' id='par_1_20' title="bbox 1280 1485 2022 2060">
     <span class='ocr_line' id='line_1_79' title="bbox 1324 1485 2018 1528; baseline 0.001 -11"><span class='ocrx_word' id='word_1_353' title='bbox 1324 1486 1338 1528; x_wconf 57' lang='grc' dir='ltr'>ἓ</span> <span class='ocrx_word' id='word_1_354' title='bbox 1363 1485 1391 1517; x_wconf 73' lang='lat'>⁶2.</span> <span class='ocrx_word' id='word_1_355' title='bbox 1418 1486 1563 1518; x_wconf 81' lang='lat' dir='ltr'>Volentes</span> <span class='ocrx_word' id='word_1_356' title='bbox 1580 1490 1613 1517; x_wconf 91' lang='lat' dir='ltr'>ut</span> <span class='ocrx_word' id='word_1_357' title='bbox 1633 1485 1813 1518; x_wconf 82' lang='lat' dir='ltr'>festivitates</span> <span class='ocrx_word' id='word_1_358' title='bbox 1837 1485 2018 1519; x_wconf 88' lang='lat' dir='ltr'>huiusmodi</span> 
     </span>
     <span class='ocr_line' id='line_1_80' title="bbox 1280 1537 2020 1581; baseline 0 -10"><span class='ocrx_word' id='word_1_359' title='bbox 1280 1538 1399 1581; x_wconf 84' lang='lat' dir='ltr'>absque</span> <span class='ocrx_word' id='word_1_360' title='bbox 1423 1538 1544 1571; x_wconf 76' lang='lat' dir='ltr'>musica</span> <span class='ocrx_word' id='word_1_361' title='bbox 1558 1537 1705 1571; x_wconf 81' lang='lat' dir='ltr'>exteriori</span> <span class='ocrx_word' id='word_1_362' title='bbox 1720 1538 1849 1571; x_wconf 92' lang='lat' dir='ltr'>omnino</span> <span class='ocrx_word' id='word_1_363' title='bbox 1862 1538 2020 1571; x_wconf 83' lang='lat' dir='ltr'>celebren-</span> 
     </span>
     <span class='ocr_line' id='line_1_81' title="bbox 1282 1590 2018 1630; baseline 0.001 -7"><span class='ocrx_word' id='word_1_364' title='bbox 1282 1596 1354 1630; x_wconf 88' lang='lat' dir='ltr'>tur,</span> <span class='ocrx_word' id='word_1_365' title='bbox 1380 1591 1520 1624; x_wconf 83' lang='lat' dir='ltr'>adhibito</span> <span class='ocrx_word' id='word_1_366' title='bbox 1552 1596 1671 1623; x_wconf 87' lang='lat' dir='ltr'>tantum</span> <span class='ocrx_word' id='word_1_367' title='bbox 1698 1590 1728 1623; x_wconf 91' lang='lat' dir='ltr'>in</span> <span class='ocrx_word' id='word_1_368' title='bbox 1753 1591 1852 1624; x_wconf 89' lang='lat' dir='ltr'>choro</span> <span class='ocrx_word' id='word_1_369' title='bbox 1875 1591 2018 1625; x_wconf 89' lang='lat' dir='ltr'>interiori</span> 
     </span>
     <span class='ocr_line' id='line_1_82' title="bbox 1282 1644 2018 1688; baseline -0.001 -10"><span class='ocrx_word' id='word_1_370' title='bbox 1282 1649 1375 1678; x_wconf 87' lang='lat' dir='ltr'>cantu</span> <span class='ocrx_word' id='word_1_371' title='bbox 1399 1644 1594 1687; x_wconf 80' lang='lat' dir='ltr'>Gregoriano</span> <span class='ocrx_word' id='word_1_372' title='bbox 1618 1648 1814 1688; x_wconf 87' lang='lat' dir='ltr'>nuncupato,</span> <span class='ocrx_word' id='word_1_373' title='bbox 1838 1644 1902 1678; x_wconf 88' lang='lat' dir='ltr'>sive</span> <span class='ocrx_word' id='word_1_374' title='bbox 1926 1644 2018 1678; x_wconf 89' lang='lat' dir='ltr'>etiam</span> 
     </span>
     <span class='ocr_line' id='line_1_83' title="bbox 1283 1697 2019 1741; baseline 0.001 -11"><span class='ocrx_word' id='word_1_375' title='bbox 1283 1697 1418 1740; x_wconf 80' lang='lat' dir='ltr'>figurato</span> <span class='ocrx_word' id='word_1_376' title='bbox 1455 1697 1558 1740; x_wconf 87' lang='lat' dir='ltr'>quoad</span> <span class='ocrx_word' id='word_1_377' title='bbox 1594 1697 1780 1741; x_wconf 86' lang='lat' dir='ltr'>antiphonas</span> <span class='ocrx_word' id='word_1_378' title='bbox 1817 1708 2019 1741; x_wconf 88' lang='lat' dir='ltr'>vesperarum</span> 
     </span>
     <span class='ocr_line' id='line_1_84' title="bbox 1283 1750 2021 1795; baseline 0.001 -12"><span class='ocrx_word' id='word_1_379' title='bbox 1283 1761 1341 1794; x_wconf 92' lang='lat' dir='ltr'>pro</span> <span class='ocrx_word' id='word_1_380' title='bbox 1366 1750 1505 1784; x_wconf 89' lang='lat' dir='ltr'>currenti</span> <span class='ocrx_word' id='word_1_381' title='bbox 1530 1750 1608 1783; x_wconf 86' lang='lat' dir='ltr'>sesto</span> <span class='ocrx_word' id='word_1_382' title='bbox 1635 1756 1688 1783; x_wconf 86' lang='lat' dir='ltr'>aut</span> <span class='ocrx_word' id='word_1_383' title='bbox 1713 1751 1867 1784; x_wconf 83' lang='lat' dir='ltr'>canticum</span> <span class='ocrx_word' id='word_1_384' title='bbox 1891 1751 2021 1795; x_wconf 64' lang='grc' dir='ltr'><em>Μαρκί-</em></span> 
     </span>
     <span class='ocr_line' id='line_1_85' title="bbox 1282 1804 2020 1847; baseline 0.001 -11"><span class='ocrx_word' id='word_1_385' title='bbox 1282 1804 1366 1846; x_wconf 79' lang='lat' dir='ltr'>ficat,</span> <span class='ocrx_word' id='word_1_386' title='bbox 1387 1804 1479 1847; x_wconf 92' lang='lat' dir='ltr'>pleno</span> <span class='ocrx_word' id='word_1_387' title='bbox 1505 1807 1608 1837; x_wconf 87' lang='lat' dir='ltr'>tamen</span> <span class='ocrx_word' id='word_1_388' title='bbox 1632 1804 1740 1844; x_wconf 91' lang='lat' dir='ltr'>choro,</span> <span class='ocrx_word' id='word_1_389' title='bbox 1761 1809 1791 1837; x_wconf 90' lang='lat' dir='ltr'>et</span> <span class='ocrx_word' id='word_1_390' title='bbox 1816 1804 1910 1837; x_wconf 90' lang='lat' dir='ltr'>nullis</span> <span class='ocrx_word' id='word_1_391' title='bbox 1933 1815 2020 1837; x_wconf 90' lang='lat' dir='ltr'>sum-</span> 
     </span>
     <span class='ocr_line' id='line_1_86' title="bbox 1284 1856 2022 1902; baseline 0.001 -13"><span class='ocrx_word' id='word_1_392' title='bbox 1284 1857 1399 1900; x_wconf 88' lang='lat' dir='ltr'>ptibus,</span> <span class='ocrx_word' id='word_1_393' title='bbox 1414 1856 1471 1889; x_wconf 89' lang='lat' dir='ltr'>sub</span> <span class='ocrx_word' id='word_1_394' title='bbox 1489 1856 1609 1900; x_wconf 87' lang='lat' dir='ltr'>poenis,</span> <span class='ocrx_word' id='word_1_395' title='bbox 1630 1857 1804 1890; x_wconf 84' lang='lat' dir='ltr'>abbatissae</span> <span class='ocrx_word' id='word_1_396' title='bbox 1822 1867 1877 1902; x_wconf 83' lang='lat' dir='ltr'>seu</span> <span class='ocrx_word' id='word_1_397' title='bbox 1894 1857 2022 1901; x_wconf 87' lang='lat' dir='ltr'>prioris-</span> 
     </span>
     <span class='ocr_line' id='line_1_87' title="bbox 1285 1910 2021 1953; baseline 0.003 -11"><span class='ocrx_word' id='word_1_398' title='bbox 1285 1920 1346 1951; x_wconf 83' lang='lat' dir='ltr'>sae,</span> <span class='ocrx_word' id='word_1_399' title='bbox 1370 1910 1554 1953; x_wconf 77' lang='lat' dir='ltr'>privationis</span> <span class='ocrx_word' id='word_1_400' title='bbox 1570 1910 1682 1951; x_wconf 84' lang='lat' dir='ltr'>officii,</span> <span class='ocrx_word' id='word_1_401' title='bbox 1708 1910 1899 1944; x_wconf 89' lang='lat' dir='ltr'>monialibus</span> <span class='ocrx_word' id='word_1_402' title='bbox 1917 1915 2021 1944; x_wconf 87' lang='lat' dir='ltr'>autem</span> 
     </span>
     <span class='ocr_line' id='line_1_88' title="bbox 1285 1963 2021 2007; baseline 0.001 -11"><span class='ocrx_word' id='word_1_403' title='bbox 1285 1963 1479 2003; x_wconf 86' lang='lat' dir='ltr'>canentibus,</span> <span class='ocrx_word' id='word_1_404' title='bbox 1504 1963 1588 1996; x_wconf 85' lang='lat' dir='ltr'>vocis</span> <span class='ocrx_word' id='word_1_405' title='bbox 1612 1963 1733 1996; x_wconf 84' lang='lat' dir='ltr'>activae</span> <span class='ocrx_word' id='word_1_406' title='bbox 1758 1969 1787 1996; x_wconf 91' lang='lat' dir='ltr'>et</span> <span class='ocrx_word' id='word_1_407' title='bbox 1812 1963 1962 2007; x_wconf 83' lang='lat' dir='ltr'>passivae,</span> <span class='ocrx_word' id='word_1_408' title='bbox 1983 1974 2021 1997; x_wconf 89' lang='lat' dir='ltr'>eo</span> 
     </span>
     <span class='ocr_line' id='line_1_89' title="bbox 1286 2016 1778 2060; baseline 0 -11"><span class='ocrx_word' id='word_1_409' title='bbox 1286 2017 1354 2060; x_wconf 90' lang='lat' dir='ltr'>ipso</span> <span class='ocrx_word' id='word_1_410' title='bbox 1379 2016 1553 2060; x_wconf 83' lang='lat' dir='ltr'>respective</span> <span class='ocrx_word' id='word_1_411' title='bbox 1572 2016 1778 2050; x_wconf 86' lang='lat' dir='ltr'>incurrendis.</span> 
     </span>
    </p>

    <p class='ocr_par' dir='ltr' id='par_1_21' title="bbox 1286 2069 2028 2540">
     <span class='ocr_line' id='line_1_90' title="bbox 1329 2069 2023 2114; baseline 0.001 -12"><span class='ocrx_word' id='word_1_412' title='bbox 1329 2071 1344 2113; x_wconf 59' lang='grc' dir='ltr'><strong>ξ</strong></span> <span class='ocrx_word' id='word_1_413' title='bbox 1368 2069 1398 2102; x_wconf 79' lang='grc'>3.</span> <span class='ocrx_word' id='word_1_414' title='bbox 1423 2070 1466 2102; x_wconf 83' lang='lat' dir='ltr'>Ac</span> <span class='ocrx_word' id='word_1_415' title='bbox 1491 2069 1607 2102; x_wconf 86' lang='lat' dir='ltr'>eisdem</span> <span class='ocrx_word' id='word_1_416' title='bbox 1633 2069 1807 2110; x_wconf 84' lang='lat' dir='ltr'>abbatissis,</span> <span class='ocrx_word' id='word_1_417' title='bbox 1827 2079 1882 2103; x_wconf 91' lang='lat' dir='ltr'>seu</span> <span class='ocrx_word' id='word_1_418' title='bbox 1897 2069 2023 2114; x_wconf 84' lang='lat' dir='ltr'>prioris-</span> 
     </span>
     <span class='ocr_line' id='line_1_91' title="bbox 1286 2122 2024 2164; baseline 0 -8"><span class='ocrx_word' id='word_1_419' title='bbox 1286 2123 1343 2163; x_wconf 87' lang='lat' dir='ltr'>sis,</span> <span class='ocrx_word' id='word_1_420' title='bbox 1367 2132 1488 2155; x_wconf 91' lang='lat' dir='ltr'>necnon</span> <span class='ocrx_word' id='word_1_421' title='bbox 1514 2122 1692 2155; x_wconf 88' lang='lat' dir='ltr'>sacristanis</span> <span class='ocrx_word' id='word_1_422' title='bbox 1716 2127 1744 2156; x_wconf 88' lang='lat' dir='ltr'>et</span> <span class='ocrx_word' id='word_1_423' title='bbox 1770 2123 1972 2164; x_wconf 90' lang='lat' dir='ltr'>camerariis,</span> <span class='ocrx_word' id='word_1_424' title='bbox 1995 2133 2024 2156; x_wconf 88' lang='lat' dir='ltr'>a-</span> 
     </span>
     <span class='ocr_line' id='line_1_92' title="bbox 1287 2176 2022 2220; baseline 0.001 -11"><span class='ocrx_word' id='word_1_425' title='bbox 1287 2177 1399 2220; x_wconf 89' lang='lat' dir='ltr'>liisque</span> <span class='ocrx_word' id='word_1_426' title='bbox 1425 2176 1575 2209; x_wconf 84' lang='lat' dir='ltr'>ministris</span> <span class='ocrx_word' id='word_1_427' title='bbox 1599 2182 1629 2209; x_wconf 90' lang='lat' dir='ltr'>et</span> <span class='ocrx_word' id='word_1_428' title='bbox 1653 2176 1840 2210; x_wconf 84' lang='lat' dir='ltr'>officialibus</span> <span class='ocrx_word' id='word_1_429' title='bbox 1868 2176 2022 2210; x_wconf 90' lang='lat' dir='ltr'>dictorum</span> 
     </span>
     <span class='ocr_line' id='line_1_93' title="bbox 1287 2229 2025 2274; baseline 0 -11"><span class='ocrx_word' id='word_1_430' title='bbox 1287 2230 1551 2263; x_wconf 85' lang='lat' dir='ltr'>monasteriorum</span> <span class='ocrx_word' id='word_1_431' title='bbox 1578 2230 1635 2262; x_wconf 85' lang='lat' dir='ltr'>sub</span> <span class='ocrx_word' id='word_1_432' title='bbox 1661 2230 1776 2263; x_wconf 87' lang='lat' dir='ltr'>eisdem</span> <span class='ocrx_word' id='word_1_433' title='bbox 1794 2229 1903 2274; x_wconf 92' lang='lat' dir='ltr'>poenis</span> <span class='ocrx_word' id='word_1_434' title='bbox 1920 2240 2025 2274; x_wconf 88' lang='lat' dir='ltr'>respe-</span> 
     </span>
     <span class='ocr_line' id='line_1_94' title="bbox 1288 2282 2025 2326; baseline 0.001 -11"><span class='ocrx_word' id='word_1_435' title='bbox 1288 2283 1367 2317; x_wconf 88' lang='lat' dir='ltr'>ctive</span> <span class='ocrx_word' id='word_1_436' title='bbox 1392 2282 1510 2326; x_wconf 90' lang='lat' dir='ltr'>pariter</span> <span class='ocrx_word' id='word_1_437' title='bbox 1547 2282 1763 2316; x_wconf 88' lang='lat' dir='ltr'>interdicimus</span> <span class='ocrx_word' id='word_1_438' title='bbox 1781 2310 1788 2323; x_wconf 93' lang='lat'>,</span> <span class='ocrx_word' id='word_1_439' title='bbox 1814 2293 1852 2316; x_wconf 88' lang='lat' dir='ltr'>ne</span> <span class='ocrx_word' id='word_1_440' title='bbox 1876 2282 2025 2316; x_wconf 85' lang='lat' dir='ltr'>ornandis</span> 
     </span>
     <span class='ocr_line' id='line_1_95' title="bbox 1289 2336 2026 2380; baseline -0.001 -10"><span class='ocrx_word' id='word_1_441' title='bbox 1289 2336 1428 2370; x_wconf 87' lang='lat' dir='ltr'>ecclesiis</span> <span class='ocrx_word' id='word_1_442' title='bbox 1445 2340 1536 2379; x_wconf 85' lang='lat' dir='ltr'>atque</span> <span class='ocrx_word' id='word_1_443' title='bbox 1554 2336 1706 2368; x_wconf 88' lang='lat' dir='ltr'>altaribus</span> <span class='ocrx_word' id='word_1_444' title='bbox 1723 2341 1898 2380; x_wconf 87' lang='lat' dir='ltr'>apparatus,</span> <span class='ocrx_word' id='word_1_445' title='bbox 1912 2341 1964 2369; x_wconf 88' lang='lat' dir='ltr'>aut</span> <span class='ocrx_word' id='word_1_446' title='bbox 1980 2346 2026 2369; x_wconf 86' lang='lat' dir='ltr'>ar-</span> 
     </span>
     <span class='ocr_line' id='line_1_96' title="bbox 1289 2390 2024 2434; baseline 0 -11"><span class='ocrx_word' id='word_1_447' title='bbox 1289 2395 1444 2433; x_wconf 84' lang='lat' dir='ltr'>genteam,</span> <span class='ocrx_word' id='word_1_448' title='bbox 1468 2390 1624 2433; x_wconf 85' lang='lat' dir='ltr'>aliamque</span> <span class='ocrx_word' id='word_1_449' title='bbox 1650 2394 1711 2422; x_wconf 88' lang='lat' dir='ltr'>tam</span> <span class='ocrx_word' id='word_1_450' title='bbox 1738 2390 1909 2433; x_wconf 85' lang='lat' dir='ltr'>pretiosam</span> <span class='ocrx_word' id='word_1_451' title='bbox 1932 2400 2024 2434; x_wconf 83' lang='lat' dir='ltr'>quam</span> 
     </span>
     <span class='ocr_line' id='line_1_97' title="bbox 1289 2442 2026 2487; baseline 0 -11"><span class='ocrx_word' id='word_1_452' title='bbox 1289 2453 1351 2476; x_wconf 92' lang='lat' dir='ltr'>non</span> <span class='ocrx_word' id='word_1_453' title='bbox 1376 2443 1545 2487; x_wconf 84' lang='lat' dir='ltr'>pretiosam</span> <span class='ocrx_word' id='word_1_454' title='bbox 1564 2442 1788 2487; x_wconf 88' lang='lat' dir='ltr'>supellectilem</span> <span class='ocrx_word' id='word_1_455' title='bbox 1803 2443 1938 2476; x_wconf 89' lang='lat' dir='ltr'>cuiusvis</span> <span class='ocrx_word' id='word_1_456' title='bbox 1954 2453 2026 2487; x_wconf 88' lang='lat' dir='ltr'>qua-</span> 
     </span>
     <span class='ocr_line' id='line_1_98' title="bbox 1290 2496 2028 2540; baseline 0.003 -12"><span class='ocrx_word' id='word_1_457' title='bbox 1290 2496 1383 2530; x_wconf 86' lang='lat' dir='ltr'>litatis</span> <span class='ocrx_word' id='word_1_458' title='bbox 1418 2502 1447 2529; x_wconf 93' lang='lat' dir='ltr'>et</span> <span class='ocrx_word' id='word_1_459' title='bbox 1483 2496 1597 2540; x_wconf 87' lang='lat' dir='ltr'>speciei</span> <span class='ocrx_word' id='word_1_460' title='bbox 1622 2507 1638 2529; x_wconf 93' lang='lat' dir='ltr'>a</span> <span class='ocrx_word' id='word_1_461' title='bbox 1663 2506 1862 2540; x_wconf 85' lang='lat' dir='ltr'>quocumque</span> <span class='ocrx_word' id='word_1_462' title='bbox 1887 2506 2028 2530; x_wconf 63' lang='lat' dir='ltr'>commo-&gt;</span> 
     </span>
    </p>
   </div>
   <div class='ocr_carea' id='block_1_16' title="bbox 1329 2611 1895 2648">
    <p class='ocr_par' dir='ltr' id='par_1_22' title="bbox 1329 2611 1895 2648">
     <span class='ocr_line' id='line_1_99' title="bbox 1329 2611 1895 2648; baseline 0.002 -9"><span class='ocrx_word' id='word_1_463' title='bbox 1329 2614 1337 2639; x_wconf 86' lang='lat' dir='ltr'>t</span> <span class='ocrx_word' id='word_1_464' title='bbox 1358 2611 1517 2640; x_wconf 78' lang='lat' dir='ltr'>Particulam</span> <span class='ocrx_word' id='word_1_465' title='bbox 1532 2615 1580 2640; x_wconf 80' lang='lat' dir='ltr'>aut</span> <span class='ocrx_word' id='word_1_466' title='bbox 1596 2620 1644 2640; x_wconf 88' lang='lat' dir='ltr'>nos</span> <span class='ocrx_word' id='word_1_467' title='bbox 1658 2611 1781 2640; x_wconf 87' lang='lat' dir='ltr'>addimus</span> <span class='ocrx_word' id='word_1_468' title='bbox 1794 2612 1831 2648; x_wconf 78' lang='lat' dir='ltr'>(n.</span> <span class='ocrx_word' id='word_1_469' title='bbox 1847 2612 1895 2646; x_wconf 83' lang='grc' dir='ltr'>Τ.).</span> 
     </span>
    </p>
   </div>
   <div class='ocr_carea' id='block_1_17' title="bbox 2019 221 2193 255">
    <p class='ocr_par' dir='ltr' id='par_1_23' title="bbox 2019 221 2193 255">
     <span class='ocr_line' id='line_1_100' title="bbox 2019 221 2193 255; baseline 0.023 -8"><span class='ocrx_word' id='word_1_470' title='bbox 2019 221 2068 248; x_wconf 76' lang='lat' dir='ltr'>An.</span> <span class='ocrx_word' id='word_1_471' title='bbox 2085 222 2113 248; x_wconf 89' lang='lat' dir='ltr'>c.</span> <span class='ocrx_word' id='word_1_472' title='bbox 2130 225 2193 255; x_wconf 75' lang='lat' dir='ltr'>1t57</span> 
     </span>
    </p>
   </div>
   <div class='ocr_carea' id='block_1_18' title="bbox 2025 757 2200 804">
    <p class='ocr_par' dir='ltr' id='par_1_24' title="bbox 2025 757 2200 804">
     <span class='ocr_line' id='line_1_101' title="bbox 2069 757 2200 781; baseline 0.023 -4"><span class='ocrx_word' id='word_1_473' title='bbox 2069 757 2125 781; x_wconf 75' lang='lat' dir='ltr'>Quae</span> <span class='ocrx_word' id='word_1_474' title='bbox 2152 757 2200 780; x_wconf 73' lang='lat' dir='ltr'>tnta</span> 
     </span>
     <span class='ocr_line' id='line_1_102' title="bbox 2025 783 2156 804; baseline 0.008 -1"><span class='ocrx_word' id='word_1_475' title='bbox 2025 783 2156 804; x_wconf 66' lang='lat' dir='ltr'>cotem-anda.</span> 
     </span>
    </p>
   </div>
   <div class='ocr_carea' id='block_1_19' title="bbox 2072 1497 2205 1518">
    <p class='ocr_par' dir='ltr' id='par_1_25' title="bbox 2072 1497 2205 1518">
     <span class='ocr_line' id='line_1_103' title="bbox 2072 1497 2205 1518; baseline 0.008 -1"><span class='ocrx_word' id='word_1_476' title='bbox 2072 1497 2147 1518; x_wconf 69' lang='lat' dir='ltr'>Cantus</span> <span class='ocrx_word' id='word_1_477' title='bbox 2160 1497 2205 1518; x_wconf 74' lang='lat' dir='ltr'>Gn·</span> 
     </span>
    </p>
   </div>
   <div class='ocr_carea' id='block_1_20' title="bbox 2034 1524 2242 1550">
    <p class='ocr_par' dir='ltr' id='par_1_26' title="bbox 2034 1524 2242 1550">
     <span class='ocr_line' id='line_1_104' title="bbox 2034 1524 2242 1550; baseline 0.01 -7"><span class='ocrx_word' id='word_1_478' title='bbox 2034 1524 2130 1548; x_wconf 66' lang='lat' dir='ltr'>garianus</span> <span class='ocrx_word' id='word_1_479' title='bbox 2164 1529 2205 1550; x_wconf 69' lang='lat' dir='ltr'>por·</span> <span class='ocrx_word' id='word_1_480' title='bbox 2239 1536 2242 1541; x_wconf 67' lang='grc' dir='ltr'>ι</span> 
     </span>
    </p>
   </div>
   <div class='ocr_carea' id='block_1_21' title="bbox 2034 1551 2127 1571">
    <p class='ocr_par' dir='ltr' id='par_1_27' title="bbox 2034 1551 2127 1571">
     <span class='ocr_line' id='line_1_105' title="bbox 2034 1551 2127 1571; baseline 0 -1"><span class='ocrx_word' id='word_1_481' title='bbox 2034 1551 2127 1571; x_wconf 82' lang='lat' dir='ltr'>mittitur.</span> 
     </span>
    </p>
   </div>
   <div class='ocr_carea' id='block_1_22' title="bbox 2037 2079 2208 2127">
    <p class='ocr_par' dir='ltr' id='par_1_28' title="bbox 2037 2079 2208 2127">
     <span class='ocr_line' id='line_1_106' title="bbox 2064 2079 2208 2100; baseline 0 0"><span class='ocrx_word' id='word_1_482' title='bbox 2064 2079 2092 2100; x_wconf 78' lang='lat' dir='ltr'>De</span> <span class='ocrx_word' id='word_1_483' title='bbox 2101 2080 2208 2100; x_wconf 70' lang='lat' dir='ltr'>ornat-uo·</span> 
     </span>
     <span class='ocr_line' id='line_1_107' title="bbox 2037 2106 2122 2127; baseline 0 0"><span class='ocrx_word' id='word_1_484' title='bbox 2037 2106 2122 2127; x_wconf 72' lang='lat' dir='ltr'>etesiae.</span> 
     </span>
    </p>
   </div>
  </div>
 </body>
</html>
