2185 3188
51 195 97 222 An.
118 192 146 220 C.
165 191 231 219 1656

67 2115 174 2138 contraria
184 2116 244 2138 toltit.

837 182 1019 206 ALEXANDER
1046 182 1088 205 vlt
1114 182 1159 204 PF.

248 237 340 271 etiam
365 237 395 269 in
421 246 556 280 corpore
580 234 657 267 iuris
675 233 791 272 clauso,
812 241 867 264 seu
892 230 985 263 etiam

248 291 396 331 enormis,
417 289 653 322 enormissimae
668 291 696 321 et
711 286 812 320 totalis
828 283 985 325 laesionis,
1002 312 1003 315 ,

248 349 277 377 et
301 342 412 387 quovis
444 343 504 376 alio
535 346 719 386 praetextu,
751 338 914 372 occasione
939 337 985 369 vel

247 399 350 438 causa,
368 398 460 429 etiam
485 394 685 440 quantumvis
699 394 790 435 iusta,
806 390 986 425 rationabili

248 456 275 484 et
300 450 521 494 privilegiam,
550 449 641 482 etiam
669 448 719 482 tali
750 456 829 490 quae.
850 444 887 477 ad
913 443 986 477 effe-

248 509 331 537 ctum
356 503 522 536 validitatis
545 501 791 546 praemissorum
809 496 987 531 necessario

248 557 450 601 exprimenda
475 556 565 595 soret,
590 554 703 594 notari,
729 551 919 596 impugnari,
945 550 988 582 in-

248 610 388 650 validari,
414 608 587 650 retractari,
614 607 645 640 in
670 607 717 639 ius
739 606 785 638 vel
810 609 990 638 controver-

249 663 326 696 siam
353 662 505 702 revocari,
530 665 581 695 aut
607 660 643 693 ad
670 660 820 693 terminos
839 658 915 690 iuris
941 667 989 689 re-

249 716 342 757 duci,
374 716 420 748 vel
454 715 602 747 adversus
629 714 695 746 illas
721 710 927 745 restitutionis
959 710 989 742 in

250 769 420 812 integrum,
443 767 629 812 aperitionis
648 766 722 806 oris,
739 763 935 798 reductionis
952 763 990 795 ad

250 823 330 855 viam
357 827 385 855 et
411 822 562 855 terminos
588 820 684 860 iuris,
710 824 761 852 aut
786 818 871 851 aliud
897 817 991 861 quod-

250 886 384 920 cumque
410 875 497 916 iuris,
522 875 592 907 sacti
611 874 657 906 vel
676 873 795 916 gratiae
813 871 988 905 remedium

251 929 423 974 impetrari,
449 939 502 961 seu
523 926 761 972 quomodolibet
777 935 926 958 concesso
941 928 993 957 aut

251 983 419 1027 impetrato
444 981 622 1026 quempiam
655 980 699 1013 uti
735 990 789 1012 seu
821 989 853 1011 se
885 977 992 1010 iuvare

251 1047 351 1082 posse,
377 1036 431 1069 sed
457 1035 578 1068 easdem
598 1038 779 1078 praesentes
799 1042 924 1076 semper
940 1031 993 1064 tir-

252 1101 329 1132 mas,
354 1089 471 1122 validas
497 1093 527 1121 et
551 1088 693 1121 efficaces
719 1086 851 1119 existere
870 1091 897 1118 et
916 1085 993 1125 sore,

253 1154 389 1187 suosque
408 1143 566 1187 plenarios
581 1147 610 1175 et
625 1141 763 1184 integros
784 1139 914 1172 effectus
927 1149 994 1172 sor-

253 1198 302 1231 tiri
321 1203 351 1230 et
367 1197 520 1237 obtinere,
533 1207 569 1229 ac
582 1195 620 1228 ab
638 1194 785 1228 omnibus
803 1197 832 1226 et
851 1193 993 1235 singulis,

254 1252 291 1285 ad
317 1262 394 1295 quos
419 1253 537 1295 spectat
551 1254 580 1282 et
593 1247 831 1293 quomodolibet
845 1246 995 1290 spectabit

255 1306 285 1338 in
310 1306 461 1345 futurum,
487 1302 709 1336 inviolabiliter
734 1300 914 1341 observari,
940 1300 995 1332 sic-

255 1369 315 1403 que
339 1363 369 1391 et
392 1368 455 1391 non
479 1358 569 1390 aliter
595 1356 624 1388 in
648 1355 828 1400 praemissis
850 1354 996 1388 omnibus

255 1418 286 1445 et
310 1411 442 1455 singulis
474 1421 530 1455 per
562 1420 779 1454 quoscumque
807 1407 925 1441 iudices
950 1418 997 1440 or-

256 1465 394 1499 dinarios
426 1469 455 1499 et
486 1465 667 1508 delegatos,
702 1463 794 1496 etiatu
831 1473 996 1496 causarum

256 1519 361 1564 palatii
386 1518 549 1563 apostolici
583 1518 759 1559 auditores,
788 1528 824 1550 ac
848 1518 877 1549 S.
903 1517 937 1550 R.
965 1517 996 1549 Ε.

257 1572 449 1613 cardinales,
482 1571 575 1604 etiam
609 1571 646 1604 de
684 1572 781 1603 latere
818 1571 937 1613 legatos
970 1575 999 1602 et

257 1626 356 1660 dictae
380 1625 468 1659 Sedis
492 1625 635 1665 nuncios,
661 1630 690 1657 et
719 1624 796 1657 alios
824 1624 998 1667 quoslibet,

257 1680 365 1725 quavis
389 1680 575 1713 auctoritate
601 1684 628 1712 et
654 1683 808 1723 potestate
835 1678 1000 1721 fungentes

257 1739 287 1767 et
310 1734 482 1773 iuncturos,
508 1733 538 1765 in
564 1732 672 1776 quavis
690 1733 783 1765 causa
799 1736 828 1764 et
843 1732 999 1772 instantia,

257 1787 361 1822 oblata
386 1787 429 1820 eis
454 1792 484 1819 et
509 1797 617 1820 eorum
637 1786 774 1828 cuilibet,
789 1785 897 1829 quavis
911 1785 1001 1818 aliter

259 1842 414 1875 iudicandi
441 1847 469 1874 et
495 1840 723 1885 interpretandi
741 1840 886 1873 facultate
904 1845 933 1872 et
951 1850 1001 1872 au-

258 1895 421 1937 ctoritate,
448 1895 577 1928 iudicari
603 1900 633 1926 et
657 1893 780 1927 definiri
806 1893 941 1933 debere,
967 1904 1002 1927 ac

259 1949 384 1983 irritum
411 1954 441 1982 et
466 1949 578 1988 inane,
612 1948 636 1981 si
670 1959 759 1981 secus
792 1958 887 1991 super
912 1948 960 1980 his
986 1958 1002 1980 a

259 2013 429 2048 quoquam,
455 2002 564 2047 quavis
581 2002 777 2042 auctoritate,
802 2002 937 2034 scienter
956 2002 1002 2034 vel

260 2057 452 2100 ignoranter,
479 2055 646 2099 contigerit
671 2055 826 2087 attentari.

305 2110 320 2153 §t
345 2109 373 2142 6.
400 2110 467 2143 Non
500 2108 697 2142 obstantibus
729 2107 1004 2142 constitutionibus

263 2168 292 2196 et
329 2162 579 2196 ordinationibus
611 2162 808 2206 apostolicis,
845 2161 937 2194 etiam
974 2162 1004 2194 in

261 2217 403 2251 conciliis
429 2216 628 2260 generalibus
653 2216 754 2257 editis,
786 2222 825 2259 et,
851 2221 1005 2260 quatenus

262 2282 340 2316 opus
360 2271 409 2311 sit,
426 2271 464 2303 de
484 2271 551 2303 iure
570 2270 711 2314 quaesito
725 2280 787 2304 non
805 2270 955 2310 tollendo,
970 2281 1005 2303 ac

262 2325 300 2358 de
324 2324 531 2369 exprimendo
546 2334 619 2357 vero
634 2324 739 2357 valore
756 2324 787 2356 in
807 2323 1005 2368 suppressio-

262 2378 355 2412 nibus
376 2378 550 2422 perpetuis,
567 2378 698 2421 aliisque.
717 2377 948 2412 committendis
968 2378 1005 2410 ad

263 2437 378 2476 partes,
404 2430 520 2465 vocatis
545 2441 680 2474 quorum
707 2430 859 2470 interest,
885 2435 914 2462 et
939 2430 1006 2463 aliis

264 2484 382 2517 nostris
401 2489 431 2517 et
452 2483 657 2517 cancellariae
676 2483 864 2527 apostolicae
879 2483 1006 2526 regulis,

265 2547 388 2570 necnon
413 2536 672 2580 Congregationis
696 2535 885 2581 suppressae
901 2536 1007 2570 huius-

268 2590 362 2632 modi,
388 2591 517 2635 eiusque
543 2590 722 2623 monasterii
742 2600 776 2623 ac
798 2589 1006 2634 hospitiorum

1667 169 1721 201 th

1020 239 1073 262 seu
1111 229 1327 262 membrorum
1355 234 1384 261 et
1409 228 1635 264 ecclesiarum,
1668 226 1759 259 etiam

1020 282 1206 323 iuramento,
1233 282 1472 315 confirmatione
1497 280 1689 324 apostolica,
1715 279 1760 311 vel

1020 335 1079 368 alia
1105 335 1215 378 quavis
1240 335 1387 366 firmitate
1411 334 1576 373 roboratis,
1595 333 1715 365 statutis
1734 336 1763 365 et

1021 387 1322 427 consuetudinibus,
1348 387 1520 430 privilegiis
1546 396 1690 429 quoque,
1717 385 1762 416 iu-

1021 441 1116 474 dultis
1130 441 1284 474 etlitteris
1302 440 1483 484 apostolicis
1508 439 1608 472 eidem
1631 439 1765 481 Congre-

1022 495 1151 538 gationi,
1181 495 1327 537 illiusque
1352 493 1581 537 superioribus,
1608 493 1765 535 religiosis

1022 554 1052 581 et
1071 548 1214 592 personis
1231 547 1433 591 quibuslibet,
1454 546 1511 578 sub
1529 546 1693 588 quibusvis
1720 551 1763 578 te-

1022 601 1154 634 noribus
1172 606 1201 632 et
1218 600 1337 640 formis,
1356 610 1391 632 ac
1405 609 1475 631 cuui
1491 598 1654 642 quibusvis
1672 598 1763 630 etiam

1023 654 1297 697 derogatoriarum
1324 652 1545 695 derogatoriis,
1559 651 1691 694 aliisque
1705 652 1766 683 etli-

1024 708 1210 749 cacioribus,
1226 706 1450 740 efficacissimis
1476 710 1505 739 et
1530 705 1663 737 insolitis
1684 705 1766 736 clau-

1025 762 1100 795 sulis
1119 765 1148 795 et
1168 761 1313 803 decretis,
1334 761 1427 794 etiam
1449 759 1655 798 irritantibus,
1673 758 1766 790 ctiam

1027 821 1114 849 motu
1130 816 1223 848 simili
1238 820 1267 849 et
1281 814 1550 853 consistorialiter,
1561 823 1596 845 ac
1610 812 1769 856 aliasquo-

1025 869 1200 903 modolibet
1225 868 1395 908 concessis,
1414 866 1608 900 confirmatis
1629 870 1658 898 et
1679 865 1769 897 inno·

1026 923 1117 963 vatis:
1136 923 1250 968 quibus
1267 921 1415 955 omnibus
1429 925 1457 955 et
1479 920 1620 963 singulis,
1638 918 1769 959 etiamsi,

1027 988 1084 1021 pro
1100 976 1265 1009 sufficienti
1281 976 1408 1009 illorum
1427 974 1644 1017 derogatione,
1659 973 1696 1005 dc
1711 972 1771 1005 illis

1027 1041 1202 1074 eorumque
1227 1030 1299 1064 totis
1325 1029 1488 1063 tenoribus
1514 1027 1669 1072 specialis,
1694 1037 1768 1070 spe-

1028 1084 1126 1125 cifica,
1148 1094 1295 1127 expressa
1320 1088 1349 1116 et.
1374 1082 1544 1121 individua,
1563 1092 1598 1114 ac
1617 1081 1653 1112 tle
1676 1080 1771 1113 verbo

1028 1138 1064 1171 ad
1100 1138 1254 1178 verbum,
1289 1147 1350 1169 non
1387 1142 1490 1169 autem
1525 1146 1581 1179 per
1618 1134 1773 1167 clausulas

1029 1193 1192 1236 generales
1218 1192 1299 1224 idem
1328 1191 1542 1234 importante-s,
1576 1188 1692 1221 tuentio
1719 1199 1773 1220 scu

1029 1247 1156 1291 quaeris
1181 1246 1239 1278 alia
1259 1244 1420 1289 expressio
1439 1243 1576 1276 facienda
1596 1248 1645 1274 aut
1671 1242 1773 1285 aliqua

1030 1302 1089 1334 alia
1107 1300 1260 1344 exquisita
1280 1298 1427 1331 t'orruaatl
1446 1298 1504 1331 bot·
1520 1296 1671 1329 servanda
1685 1296 1773 1337 soret,

1031 1356 1158 1388 illorum
1185 1354 1326 1387 omnium
1354 1358 1381 1384 ct
1408 1352 1606 1394 singulorum
1639 1356 1774 1391 tenores,

1032 1410 1147 1443 formas
1158 1414 1187 1440 et
1197 1407 1378 1441 occasiones
1388 1405 1606 1449 praesentibus
1618 1416 1674 1448 pro
1685 1405 1775 1448 plene

1032 1469 1059 1496 et
1086 1462 1278 1495 sufficienter
1305 1459 1462 1504 expressis
1481 1464 1509 1491 et
1526 1458 1657 1491 servatis
1672 1469 1775 1501 respe-

1033 1516 1111 1550 ctive
1138 1516 1307 1554 babentes,
1334 1514 1394 1546 illis
1419 1513 1494 1545 alias
1520 1513 1548 1544 iu
1576 1523 1632 1545 suo
1659 1511 1774 1545 robore

1032 1569 1259 1614 permansuris,
1286 1568 1323 1600 ad
1349 1567 1596 1611 praemissorum
1619 1565 1775 1601 effectum.

1033 1624 1091 1656 hac
1112 1623 1178 1655 vice
1195 1622 1367 1661 tltuntaxat,
1388 1621 1566 1664 specialiter
1585 1625 1614 1651 rt
1627 1630 1775 1663 expresse

1033 1678 1233 1720 derogamus,
1260 1675 1434 1718 ceterisque
1461 1674 1626 1707 contrariis
1652 1673 1776 1717 quibus-

1034 1741 1179 1774 cumque.

1080 1784 1147 1827 §7
1183 1784 1332 1817 Volumus
1364 1787 1467 1815 attlt'ttt
1501 1787 1532 1813 ut
1564 1781 1775 1825 prat-sentium

1036 1838 1252 1881 transumptis,
1278 1837 1371 1869 etiam
1400 1836 1572 1879 impressis,
1602 1846 1695 1867 mauu
1721 1834 1777 1866 ali-

1035 1892 1124 1926 cuius
1146 1891 1259 1924 notarii
1278 1890 1395 1934 publici
1414 1889 1610 1932 subscriptis,
1629 1895 1654 1920 et
1675 1888 1779 1931 sigillo

1036 1956 1190 1991 personae
1205 1946 1235 1977 in
1253 1943 1465 1978 ecclesiastica
1491 1943 1642 1985 dignitate
1662 1943 1779 1975 eonsti-

1038 2006 1122 2033 tutae
1146 1999 1286 2038 munitis,
1312 1997 1419 2030 eadem
1440 2007 1570 2041 prorsus
1588 1996 1665 2028 sides
1684 1996 1713 2028 iu
1734 1996 1780 2028 iu-

1037 2054 1120 2087 dicio
1145 2058 1174 2086 et
1199 2058 1287 2085 extra
1318 2052 1394 2084 illud
1427 2051 1545 2094 ubique
1573 2050 1780 2083 adhibeatur.

1038 2118 1117 2151 quae
1144 2107 1219 2150 ipsis
1255 2105 1474 2149 praesentibus
1502 2104 1727 2139 adhiberetur,
1758 2104 1781 2135 si

1039 2162 1141 2194 forent
1165 2160 1322 2193 exhibitae
1350 2159 1395 2191 vel
1421 2164 1573 2190 ostensae.

1084 2216 1193 2248 Datum
1221 2215 1348 2253 Romae,
1373 2213 1453 2256 apud
1481 2213 1509 2245 S.
1535 2212 1662 2244 Mariam
1688 2212 1779 2244 Maio-

1041 2280 1116 2310 rem,
1132 2268 1190 2300 sub
1205 2267 1321 2300 annulo
1335 2266 1514 2305 piscatoris,
1529 2266 1578 2297 (lie
1594 2275 1692 2298 xxviii
1704 2265 1783 2309 apri-

1039 2323 1076 2355 lis
1102 2331 1228 2362 iuoccvl,
1256 2320 1456 2364 pontificatus
1476 2319 1573 2352 nostri
1595 2329 1677 2351 auno
1699 2329 1730 2351 u.

1794 1820 1837 1833 tuiti
1854 1813 1913 1833 titles.

1078 2384 1133 2411 llat.
1152 2383 1195 2410 die
1215 2383 1249 2410 “28
1264 2382 1358 2418 aprilis
1376 2382 1452 2414 t65ss,
1475 2381 1568 2417 pontif.
1587 2389 1655 2407 anuo
1673 2388 1697 2407 u.

1777 178 1822 201 An,
1845 177 1871 200 (ἶ,
1894 176 1957 200 ltin·

1827 1786 1976 1811 Tim-umplo-
