2243 3205
37 231 80 257 An.
101 229 127 255 C.
152 226 218 254 ¹660

9 931 13 950 t
50 926 205 949 Contravenien·

8 958 13 984 ¹.
35 955 79 976 tium
92 959 178 980 poenae.

11 1028 13 1039 t

11 1114 14 1127 l

13 1256 16 1276 1
51 1245 157 1267 Contrariis
169 1246 204 1266 de—

13 1284 17 1300 4
33 1275 92 1299 tegat..

14 1401 18 1414 t

823 225 1010 249 ALEXANDER
1034 224 1079 247 VII
1105 224 1151 247 PP.

222 278 325 307 sentes
351 278 437 307 motu
471 273 538 317 pari
565 273 792 307 committimus
817 279 847 306 et
871 283 961 306 man-

222 326 340 368 damus,
355 332 510 370 quatenus
528 327 596 371 ipsi,
613 327 658 360 vel
674 327 752 359 alter
769 337 890 367 eorum,
908 336 965 370 per

220 390 263 421 se,
278 380 324 412 vel
343 380 449 422 alium,
464 391 517 412 seu
537 381 624 420 alios,
638 385 818 424 praesentes
835 380 964 419 litteras,

220 438 250 466 et
278 433 309 466 in
333 433 377 466 eis
403 439 548 466 contenta
582 444 825 479 quaecumque,
853 433 906 466 ubi
936 438 965 465 et.

221 487 345 530 quando
370 498 450 531 opus
468 488 570 527 fuerit,
592 492 621 521 et
646 488 768 531 quoties
793 498 852 531 pro
876 493 964 531 parte

220 541 370 574 interesse
384 541 413 573 in
428 541 609 584 praemissis
627 541 819 583 habentium,
842 551 896 573 seu
914 540 965 573 ali-

220 594 308 628 cuius
334 605 456 635 eorum,
475 595 589 627 fuerint
607 595 760 638 requisiti,
782 595 965 627 solemniter

221 647 427 691 publicantes,
453 648 576 691 illisque
601 648 631 680 in
656 648 838 691 praemissis
864 648 964 680 effica-

219 701 264 734 cis
289 701 480 734 defensionis
510 701 668 745 praesidio
693 701 894 741 assistentes,
914 701 960 733 sa-

221 755 303 787 ciant
327 755 512 788 auctoritate
537 756 643 787 nostra
668 754 841 798 praemissa
859 754 964 788 omnia

221 813 250 840 et
275 808 396 851 singula
422 808 459 840 ab
483 808 553 850 illis,
571 807 608 840 ad
626 819 704 851 quos
722 813 840 852 spectat
857 813 886 840 et
907 818 963 851 pro

220 866 363 904 tempore
397 861 570 904 spectabit,
602 861 824 894 inviolabiliter
852 861 963 894 obser-

221 914 305 954 vari;
330 914 578 947 contradictores
597 914 754 958 quoslibet
775 920 804 947 et
829 914 963 947 rebelles

219 978 276 1011 per
290 978 439 1000 censuras
457 973 485 1000 et
503 978 620 1012 poenas
639 967 875 1008 ecclesiasticas,
892 968 963 1000 alia-

220 1032 281 1065 que
301 1027 480 1065 opportuna
498 1022 573 1054 iuris
591 1026 621 1054 et
642 1022 711 1054 sacti
733 1021 881 1061 remedia,
908 1032 961 1065 ap-

219 1075 387 1118 pellatione
411 1075 592 1119 postposita,
619 1074 860 1118 compescendo,
879 1074 963 1107 invo-

220 1133 289 1161 cato
315 1128 418 1171 etiam,
445 1128 469 1174 si
488 1139 566 1172 opus
584 1128 687 1168 suerit,
705 1128 821 1161 auxilio
839 1127 960 1160 brachii

219 1182 380 1215 secularis.

263 1234 319 1279 58.
337 1236 406 1269 Non
424 1235 620 1269 obstantibus
642 1234 810 1279 praedictis
824 1234 962 1268 Clemen-

220 1289 267 1330 tis,
288 1300 324 1323 ac
341 1290 439 1330 Pauli,
464 1290 609 1333 Gregorii
638 1295 668 1322 et
696 1289 812 1322 Urbani
834 1288 962 1332 praede—

219 1353 392 1383 cessorum,
409 1343 586 1386 nostrisque
607 1341 730 1383 litteris,
744 1352 790 1382 ac,
807 1347 961 1386 quatenus

219 1406 300 1440 opus
325 1396 374 1436 sit,
399 1398 507 1429 nostra
531 1401 561 1429 et
585 1395 789 1428 cancellariae
817 1395 962 1439 apostoli-

219 1460 273 1483 cae
299 1451 409 1494 regula
428 1450 465 1483 de
482 1461 546 1483 non
570 1449 708 1483 tollendo
726 1449 794 1482 iure
810 1449 961 1493 quaesito,

220 1514 343 1538 necnon
361 1504 472 1538 similis
492 1504 719 1538 recordationis
737 1503 886 1536 Bonisacii
905 1503 961 1535 Pa-

218 1568 278 1601 pae
303 1557 368 1591 VIII
393 1558 647 1602 praedecessoris
667 1557 785 1601 pariter
804 1556 902 1589 nostri
924 1556 961 1589 de

219 1612 290 1652 una,
313 1617 343 1644 et
362 1611 486 1645 concilii
512 1611 667 1654 generalis
692 1611 729 1643 dc
754 1610 874 1643 duabus
900 1609 961 1642 die·

219 1664 267 1706 tis,
286 1663 458 1698 dummodo
483 1664 595 1708 aliquis
612 1663 797 1697 auctoritate
814 1673 961 1707 praesen-

218 1717 296 1751 tium
323 1718 404 1751 ultra
437 1723 498 1751 tres
531 1717 628 1752 dietas
659 1717 690 1750 in
723 1717 872 1750 iudicium
898 1727 959 1750 non

219 1771 372 1813 trahatur,
398 1772 529 1815 aliisque
554 1771 832 1804 constitutionibus
857 1776 886 1803 et
914 1781 962 1803 or-

219 1824 431 1858 dinationibus
465 1825 645 1869 apostolicis
661 1852 668 1865 ,
693 1835 728 1857 ac
761 1824 908 1858 omnibus
932 1829 960 1856 et

219 1878 351 1922 singulis
376 1879 447 1921 illis,
475 1889 556 1922 quae
585 1878 749 1912 memorati
776 1878 961 1922 praedeces-

219 1941 307 1964 sores
332 1932 513 1973 voluerunt‚
541 1943 662 1975 nosque
686 1932 779 1965 etiam
805 1931 961 1965 voluimus

219 1985 393 2028 respective
418 1986 448 2018 in
474 1985 585 2018 litteris
616 1985 795 2029 praedictis·
816 1995 879 2018 non
905 1984 960 2018 ob-

219 2041 317 2078 stare;
336 2039 449 2082 quibus
467 2039 613 2072 omnibus
632 2045 661 2071 et
678 2038 818 2081 singulis,
838 2038 959 2071 etiamsi

219 2102 278 2135 pro
303 2091 428 2125 illorum
454 2092 619 2125 sufficienti
645 2091 849 2134 derogatione
866 2091 903 2124 de
924 2091 958 2123 il-

219 2145 257 2178 lis
291 2155 465 2189 eorumque
497 2146 570 2178 totis
604 2145 765 2178 tenoribus
796 2145 959 2188 specialis,

220 2197 386 2242 specifica,
414 2209 561 2242 expressa
597 2202 627 2231 et
659 2197 837 2240 individua,
863 2208 898 2231 ac
922 2197 960 2230 de

220 2251 316 2285 verbo
341 2252 379 2284 ad
403 2253 546 2294 verbum,
574 2262 636 2285 non
662 2257 765 2284 autem
792 2262 848 2295 per
873 2252 959 2284 clau-

221 2305 303 2338 sulas
331 2306 494 2349 generales
511 2305 592 2338 idem
612 2305 827 2348 importantes‚
843 2305 959 2338 mentio

221 2368 275 2391 seu
300 2359 427 2402 quaevis
459 2359 518 2391 alia
543 2358 703 2402 expressio
734 2358 877 2390 habenda
908 2363 961 2390 aut

221 2422 437 2456 quaecumque
462 2413 521 2445 alia
546 2412 698 2455 exquisita
724 2412 823 2444 forma
843 2411 880 2443 ad
901 2411 961 2444 boc

220 2466 372 2498 servanda
397 2466 487 2506 soret,
511 2471 634 2498 tenores
659 2464 851 2505 huiusmodi,
872 2475 907 2497 ac
936 2465 959 2497 si

220 2518 258 2552 de
276 2519 371 2552 verbo
389 2519 426 2552 ad
445 2519 585 2560 verbum,
600 2519 675 2551 nibil
696 2518 819 2562 penitus
832 2518 959 2559 omisso,

221 2577 250 2605 et
268 2573 369 2606 forma
397 2573 426 2605 in
452 2572 511 2605 illis
530 2572 641 2605 tradita
659 2572 837 2612 observata,
861 2573 961 2616 expri-

222 2631 382 2659 merentur
413 2631 443 2659 et
480 2626 713 2666 insererentur,
744 2625 960 2669 praesentibus

1645 213 1701 246 5021

998 283 1058 317 pro
1082 273 1173 316 plene
1198 276 1228 304 et
1251 272 1443 305 sufficienter
1463 271 1619 315 expressis
1642 276 1672 304 et
1692 271 1738 303 in-

999 325 1090 359 sertis
1106 324 1278 365 ,babentes
1303 325 1362 358 illis
1387 325 1461 357 alias
1487 325 1517 357 in
1541 335 1598 358 suo
1624 324 1739 357 robore

999 379 1226 423 permansuris,
1248 379 1284 411 ad
1310 379 1557 422 praemissorum
1583 378 1739 418 effectum,

999 433 1056 466 hac
1071 432 1137 465 vice
1151 432 1480 473 dumtaxat,latissime
1495 438 1524 465 et
1537 432 1740 476 amplissime,

998 497 1034 519 ac
1051 485 1231 530 specialiter
1249 491 1278 518 et
1302 496 1449 529 expresse
1467 485 1673 528 derogamus3
1692 495 1740 518 ce-

999 539 1138 584 terisque
1155 539 1322 572 contrariis
1346 539 1611 583 quibuscumque;
1637 544 1689 572 aut
1714 538 1739 571 si

999 593 1166 638 praedictis
1185 599 1214 626 et
1231 593 1299 626 aliis
1316 593 1477 636 quibusvis
1494 593 1638 636 personis
1655 603 1740 626 com-

999 647 1135 681 muniter
1159 646 1206 679 vel
1232 646 1354 679 divisim
1387 646 1425 678 ab
1457 646 1566 678 eadem
1597 646 1636 678 sit
1660 645 1739 679 Sede

999 700 1174 740 indultum,
1199 699 1283 744 quod
1316 699 1470 739 interdici,
1501 698 1661 743 suspendi,
1690 699 1739 731 vel

999 753 1266 788 excommunicari
1299 763 1362 786 non
1395 752 1516 796 possint
1539 763 1596 795 per
1620 752 1739 785 litteras

998 807 1186 852 apostolicas
1215 817 1278 840 non
1308 806 1455 839 facientes
1479 806 1603 849 plenam
1629 809 1658 839 et
1687 815 1739 838 ex-

998 871 1150 904 pressam,
1168 860 1206 893 ad
1231 860 1268 893 de
1294 860 1390 893 verbo
1416 859 1453 892 ad
1478 859 1620 901 verbum,
1638 859 1676 891 de
1697 859 1740 891 in-

997 914 1083 948 dulto
1108 914 1288 947 huiusmodi
1314 913 1516 946 mentionem.

1041 968 1098 1011 §tt
1113 968 1264 1001 Volumus
1281 971 1383 1001 autem
1401 972 1435 999 ut
1451 966 1632 999 earumdem
1653 976 1740 1010 prae-

997 1021 1132 1053 sentium
1169 1021 1345 1053 litterarum
1383 1020 1609 1064 transumptis,
1645 1020 1736 1052 etiam

997 1074 1170 1117 impressis,
1193 1084 1286 1106 manu
1322 1073 1454 1106 alicuius
1479 1073 1592 1107 notarii
1618 1073 1737 1117 publici

996 1128 1198 1172 subscriptis,
1224 1134 1254 1161 et
1278 1128 1380 1171 sigillo
1405 1137 1558 1172 personae
1583 1128 1613 1159 in
1638 1127 1738 1160 eccle-

996 1182 1119 1215 siastica
1143 1183 1295 1225 dignitate
1318 1182 1502 1216 constitutae
1528 1181 1665 1222 munitis,
1692 1191 1740 1213 ea-

996 1235 1066 1268 dem
1085 1246 1214 1279 prorsus
1228 1235 1306 1268 sides
1323 1235 1439 1278 ubique
1456 1235 1599 1268 locorum
1618 1239 1648 1266 et
1667 1244 1739 1276 gen-

997 1288 1073 1321 tium
1089 1294 1150 1321 tam
1166 1289 1197 1321 in
1212 1288 1327 1321 iudicio
1345 1299 1437 1331 quam
1457 1294 1544 1320 extra
1560 1287 1637 1320 illud
1655 1287 1739 1319 adbi-

997 1343 1117 1383 beatur,
1135 1353 1214 1386 quae
1238 1342 1313 1386 ipsis
1339 1341 1556 1385 praesentibus
1573 1340 1738 1374 adhibere-

997 1401 1057 1437 tur,
1083 1397 1106 1429 si
1135 1397 1238 1430 forent
1262 1395 1418 1428 exhibitae
1441 1395 1488 1428 vel
1509 1400 1660 1428 ostensae.

1040 1450 1151 1482 Datum
1173 1450 1310 1489 Romae,
1332 1448 1415 1492 apud
1440 1449 1470 1481 S.
1499 1448 1627 1480 Mariam
1648 1447 1739 1480 Maio-

997 1514 1075 1543 rem,
1094 1503 1152 1535 sub
1179 1503 1296 1536 annulo
1318 1501 1496 1544 Piscatoris,
1515 1501 1565 1534 die
1587 1511 1666 1535 xxvr
1690 1511 1738 1533 se-

995 1556 1148 1600 ptembris
1175 1566 1289 1598 MDCLx,
1315 1556 1519 1600 pontificatus
1548 1555 1647 1587 nostri
1676 1564 1734 1586 an-

995 1621 1036 1643 no
1054 1621 1094 1643 vt.

1032 1673 1089 1700 Dat.
1107 1672 1149 1700 die
1169 1672 1203 1700 26
1218 1672 1383 1708 septembris
1404 1671 1480 1705 1660,
1498 1670 1594 1706 pontif.
1615 1678 1684 1697 anno
1703 1676 1736 1696 νι.

1294 1815 1437 1849 CCCXIV.

997 1896 1175 1939 Confirmat
1199 1895 1362 1928 decretum
1386 1905 1496 1927 sacrae
1520 1892 1737 1937 conyreqatio·

1039 1949 1092 1982 m's
1115 1948 1329 1992 reyularinm,
1347 1947 1432 1991 qnod
1451 1947 1570 1989 fratres
1600 1945 1734 1980 Ordinis

1040 2004 1148 2036 beatae
1165 2001 1292 2035 Mariae
1316 2001 1353 2033 cle
1377 2000 1518 2033 Mercede
1548 1999 1738 2042 redemptio-

1038 2057 1091 2089 nis
1116 2056 1317 2100 captivorum
1333 2054 1458 2099 possint
1477 2053 1538 2086 sibi
1556 2053 1673 2096 eliyere
1689 2053 1737 2085 in-

1038 2109 1140 2142 dicem
1164 2111 1416 2141 conservatorem
1429 2105 1448 2138 ¹.

1188 2188 1354 2216 Alexander
1374 2187 1451 2221 Papa
1471 2187 1540 2218 vn,

1136 2233 1172 2260 ad
1193 2233 1326 2259 futuram
1345 2232 1390 2258 rei
1410 2232 1592 2259 memoriam.

1038 2303 1120 2336 Alias
1145 2313 1202 2347 pro
1221 2308 1308 2346 parte
1328 2302 1432 2335 dilecti
1451 2302 1505 2334 tilii
1523 2300 1679 2334 Francisci
1698 2300 1735 2333 dc

995 2357 1023 2389 la
1049 2358 1139 2397 Rosa,
1164 2356 1271 2389 vicarii
1298 2355 1453 2399 generalis
1479 2355 1583 2387 Italiae
1608 2360 1638 2387 et
1662 2353 1736 2387 Sici-

996 2410 1053 2443 liae
1079 2415 1108 2442 ct
1133 2409 1348 2453 procuratoris
1373 2408 1528 2451 generalis
1559 2407 1653 2441 totius
1678 2407 1735 2441 Or-

995 2464 1076 2497 dinis
1101 2464 1232 2496 fratrum
1258 2463 1366 2495 beatae
1394 2462 1506 2495 Mariae
1531 2461 1568 2494 de
1591 2461 1734 2494 Mercede

1032 2545 1043 2570 1
1066 2544 1144 2570 Circa
1172 2543 1331 2570 electionem
1364 2546 1583 2570 conservatorum
1614 2541 1673 2569 vide
1700 2542 1734 2569 ad

995 2587 1212 2616 constitutionem
1229 2593 1307 2614 xxxin
1323 2586 1444 2622 Gregorii
1456 2585 1497 2613 XV
1513 2586 1730 2620 Sanctissimus,

995 2637 1059 2661 tom.
1077 2639 1122 2668 xit,
1145 2641 1204 2668 pag.
1227 2633 1287 2661 590.

1755 222 1803 249 An.
1820 222 1848 249 C.
1871 223 1938 250 ¹660

1789 978 1938 1005 Transumpto-

1754 1011 1798 1026 rum
1813 1005 1873 1026 sides.

1777 2305 1892 2334 Expasitio.
