2185 3188
45 176 92 202 An.
113 174 141 200 C.
160 174 225 200 1655

70 238 179 258 Decretum
198 236 223 256 ir-

43 265 114 286 rizans.

39 1034 145 1055 Genti-arla
157 1034 216 1055 toltit.

832 172 1015 196 ALEXANDER
1040 172 1084 195 VII
1108 173 1154 195 PP.

283 220 339 263 §Aa
353 220 563 254 Decernentes
576 225 756 264 praesentes
770 220 888 252 litteras
902 230 980 252 sem·
994 229 995 234 ¹

237 285 293 317 per
321 274 428 306 firmas
445 302 452 315 ‚
479 274 595 308 validas
620 280 650 307 et
674 275 815 307 efficaces
846 273 995 306 existerel

237 333 263 359 et
292 327 375 369 fore,
400 328 542 371 illasque,
560 339 596 361 ae
613 328 775 361 decretum
795 325 976 359 huiusmodi
993 362 994 365 Ἰ

236 380 372 413 eisdem¹
398 382 618 425 praesentibus
640 383 803 421 insertum,
822 380 859 412 ab
881 374 995 426 omni-J

235 434 293 466 bus
318 440 347 467 et
371 435 513 477 singulis,
540 436 577 467 ad
601 446 681 478 quos
706 438 825 477 spectat
858 439 887 466 et
920 434 994 477 prol

236 493 377 531 ternpore
397 489 561 532 spectabit,
579 494 731 532 perpetuo
757 487 977 520 inviolabiliter

235 546 264 573 et
289 541 474 574 inconcusse
498 541 676 581 observari,
702 541 809 584 sicque
835 541 865 572 in
891 551 977 584 prae-

235 594 338 626 missis
352 605 409 638 per
424 605 642 638 quoscumque
660 594 778 627 iudices
798 593 976 627 ordinarios

235 654 263 680 et
281 647 452 690 delegatos,
473 649 565 681 etiam
584 659 748 681 cansarum
772 648 876 691 palatii
902 659 977 692 apo-

233 701 334 734 stolici
361 701 540 743 auditores,
566 712 600 734 ac
626 702 654 734 S.
677 703 711 734 R.
733 702 765 734 E.
791 701 976 741 cardinales,

233 760 263 786 et
288 753 326 786 de
349 754 446 787 latere
477 755 614 797 legatos,
641 754 771 787 iudicari
798 760 828 786 et
852 754 975 787 definiri

233 806 370 847 debere,
394 818 430 840 ac
460 808 585 840 irritum
614 813 643 840 et
668 808 768 848 inane,
783 808 807 840 si
822 818 911 840 secus
926 819 976 840 su-

233 871 289 903 per
314 861 362 893 his
391 871 408 893 a
434 872 592 904 quoquam
608 888 615 902 ,
637 861 745 904 quavis
768 861 975 901 auctoritate,

232 914 367 946 scienter
394 915 440 947 vel
467 914 659 957 ignoranter,
685 914 852 957 contigerit
877 920 975 947 atten-

234 968 301 1000 tari.

277 1023 291 1065 ξ
317 1022 345 1055 5.
371 1023 439 1055 Non
464 1022 660 1055 obstantibus
697 1022 974 1056 constitutionibus

231 1081 262 1108 et
276 1075 526 1109 ordinationibus
540 1077 732 1120 apostolicis,
748 1086 880 1116 necnon,
898 1087 972 1119 qua-

233 1134 320 1161 tenus
341 1139 421 1173 opus
447 1130 495 1170 sit⁷
514 1129 613 1163 dictae
636 1129 784 1162 ecelesiae
805 1129 972 1170 (lariensis,

231 1182 323 1215 etiam
349 1183 547 1223 iuramento,
571 1183 813 1216 confirmatione
841 1188 972 1226 aposto-

231 1236 307 1275 lica,
333 1236 378 1268 vel
407 1236 515 1279 quavis
541 1236 688 1269 firmitate
717 1237 776 1268 alia
806 1236 971 1276 roboratis,

229 1289 352 1322 statutis
366 1295 396 1323 et
408 1290 697 1327 consuetudinibus,
712 1290 885 1333 privilegiis
898 1301 972 1334 quo-

229 1354 300 1385 que,
319 1343 446 1376 indultis
463 1349 492 1377 et
511 1344 621 1376 litteris
646 1343 837 1387 apostolicis,
855 1344 884 1376 in
902 1354 973 1376 eon-

230 1397 361 1429 trarium
379 1397 625 1441 praemissorum
644 1397 883 1440 quomodolibet
902 1408 972 1430 con-

230 1450 343 1491 cessis,
372 1451 567 1483 confirmatis
596 1455 625 1484 el,
654 1450 827 1490 innovatis;
856 1451 971 1494 quibus

229 1503 377 1536 omnibus
392 1510 422 1536 et
438 1504 579 1547 siugulis,
595 1504 720 1537 illorum
739 1510 864 1537 tenores
883 1515 971 1548 prae-

229 1557 369 1589 sentibus
394 1567 451 1600 pro
468 1557 560 1600 plene
584 1563 614 1589 et
639 1557 830 1590 sufficienter
848 1568 988 1601 expres-1

227 1611 270 1643 sis
286 1621 322 1644 ac
338 1611 376 1644 de
402 1611 497 1644 verbo
514 1611 552 1644 ad
569 1611 697 1644 verbum
713 1611 837 1644 insertis
858 1611 971 1644 liaben-

229 1670 283 1706 tes,
309 1664 369 1696 illis
390 1664 464 1697 alias
483 1664 512 1697 in
530 1675 587 1698 suo
606 1664 719 1698 robore
743 1665 970 1708 permansuris,

227 1718 264 1750 ad
290 1718 536 1761 praemissorum
556 1718 712 1758 effectum,
732 1719 788 1750 liae
803 1718 869 1750 vice
884 1718 971 1750 dum-

228 1777 325 1812 taxat,
347 1772 523 1816 specialiter
547 1777 577 1804 et
603 1782 748 1815 expresse
768 1771 969 1814 derogamus

227 1826 401 1869 ceterisque
426 1825 592 1858 contrariis
617 1825 880 1868 quibuscumque.

271 1879 381 1912 Datum
408 1880 546 1918 Romae,
574 1879 655 1922 apud
686 1879 714 1911 S.
737 1879 884 1919 Petrum,
912 1878 987 1922 sub1

227 1933 342 1965 annulo
379 1933 563 1973 piscatoris,
598 1933 647 1965 die
680 1943 756 1966 xxiv
792 1932 969 1965 decembris

228 1996 347 2026 noem,
373 1986 573 2030 pontificatus
598 1986 698 2020 nostri
722 1996 804 2019 anno
826 1996 844 2018 1.

265 2047 321 2073 liat.
341 2047 383 2074 die
399 2048 433 2074 ⁹24
449 2047 602 2075 decembris
620 2049 697 2080 1655,
715 2049 808 2084 pontif.
827 2057 896 2075 anno
914 2058 930 2076 ι.

551 2174 648 2206 LVlll.

231 2252 418 2284 commissio
435 2253 579 2296 episcopo
595 2253 762 2287 casalensi
778 2265 874 2297 snper
899 2265 967 2286 eon-

274 2306 437 2337 troversz'z's
462 2306 546 2338 inter
574 2307 760 2350 principem
784 2307 967 2340 Massertmi

273 2363 301 2390 el
327 2359 364 2391 de
390 2360 559 2392 (ἦρται-ονε
587 2372 621 2392 uc
642 2361 709 2393 eius
729 2361 886 2393 vassallos
903 2372 967 2393 rcr-

275 2412 410 2445 tentibus
420 2412 439 2444 ἵ.

268 2493 275 2518 1
300 2492 366 2519 Male
382 2492 437 2519 edit
462 2493 541 2519 Main.
564 2493 627 2528 legit
647 2495 773 2521 eiusdam
790 2504 838 2530 pro
859 2495 967 2523 eisdem

230 2536 267 2570 (n.
285 2537 332 2568 ἰ·.).

989 1180 991 1204 ἶ
1008 1183 1139 1216 Domino
1161 1182 1359 1224 confidimus,

266 2584 280 2607 :l
297 2582 333 2608 lix
351 2582 456 2617 llegest.
475 2584 500 2610 in
518 2584 617 2610 διέπει.
635 2584 709 2610 Brev.

1659 162 1718 194 101

1073 220 1246 247 Venerabili
1269 220 1355 248 fratri
1375 220 1513 254 episcopo
1530 220 1691 251 casalensi,

1207 270 1371 297 Alexander
1396 271 1475 303 Papa
1495 270 1556 296 vn.

1229 323 1416 350 Venerabilis
1433 324 1541 356 frater,

1047 368 1176 394 salutem
1199 370 1229 394 et
1250 368 1446 401 apostoticam
1466 367 1716 395 benedictionem

1771 171 1817 196 An.
1841 171 1953 199 (3.1655

1056 434 1119 477 §l
1146 434 1233 474 Cum,
1259 434 1549 492 sicutaccepimus,
1576 434 1656 466 inter
1681 433 1754 466 dile·
1768 444 1917 490 cuminum
1908 452 1952 472 ιι-

1853 472 1935 493 (ΪΗΑΙΜ

993 487 1095 520 'ctum
1122 487 1221 520 silium
1248 487 1386 520 nobilem
1414 487 1513 519 virum
1538 487 1666 520 Paulum
1684 487 1754 520 Bes·
1768 478 1785 518 Ῐι
1780 477 1881 519 0ιηῖιἰιι
1899 506 1952 519 xm..

992 542 1079 572 ’sum
1105 540 1285 572 Feirerium
1311 540 1459 579 Flise‚um
1479 540 1652 584 principem
1674 541 1753 573 Mas-
1769 527 1799 571 ἑὶι
1815 531 1854 578 «ιιιρ
1907 533 1952 545 ““

1769 584 1792 597 νε
1783 581 1833 625 ιΤΙῐιει
1836 582 1874 598 iltis
1898 583 1939 599 inte
1930 586 1952 599 er

1011 605 1060 626 se1
1063 594 1124 634 ini,
1149 599 1291 627 nostrum
1318 600 1347 626 et
1372 594 1459 627 Sedis
1475 594 1673 637 Apostolieae
1692 594 1754 627 feu·
1768 611 1791 630 pr

1010 621 1165 680 datarium
1192 658 1227 680 ex
1255 658 1333 688 una,
1360 657 1482 680 necnon
1508 647 1639 680 dilertos
1671 648 1752 681 filios

1011 700 1149 733 eiusdem
1172 701 1258 733 Pauli
1287 675 1438 744 principis
1456 700 1597 733 subditos
1615 711 1668 733 seu
1691 711 1754 734 vas-

1010 755 1114 796 sallos⁷
1139 755 1325 798 praesertim
1353 760 1508 787 terrarum
1529 755 1696 787 Masserani
1724 759 1753 788 et

1010 807 1048 840 de
1072 808 1245 841 Crevacore
1269 808 1396 846 incolas,
1418 818 1453 840 ex
1475 808 1574 840 altera
1599 808 1750 851 partibus,

1010 861 1178 894 nonnullae
1204 862 1437 895 controversiae
1465 871 1519 894 seu
1552 861 1751 904 quaestiones

1010 915 1070 947 sint
1094 921 1235 948 exortae:
1261 925 1328 955 nos,
1354 915 1536 958 diligentem
1562 914 1600 946 de
1626 914 1686 946 illis
1708 914 1751 946 in-

1009 968 1229 1002 formationem
1253 969 1320 1012 eapi
1344 978 1591 1012 processumque
1616 967 1751 1012 desuper

1009 1023 1120 1055 confici
1140 1023 1288 1063 volentes,
1305 1022 1491 1056 fraternitati
1508 1027 1589 1062 tuae,
1607 1022 1645 1055 de
1662 1022 1750 1054 cuius

1009 1076 1186 1119 prudentia,
1211 1076 1282 1115 side,
1310 1076 1497 1118 integritate,
1523 1086 1629 1108 rerum
1656 1085 1751 1117 agen-

1008 1130 1118 1162 darum
1138 1130 1252 1173 peritia
1271 1135 1299 1162 et
1323 1129 1507 1162 dexteritate
1525 1129 1697 1173 plurimum
1720 1129 1749 1161 in

1384 1193 1440 1225 per
1465 1187 1645 1225 praesentes
1666 1193 1751 1215 corn-

1008 1236 1161 1268 mittimus
1186 1242 1216 1268 et
1249 1235 1454 1276 mandamus,
1481 1241 1513 1268 ut
1538 1236 1576 1268 de
1600 1241 1630 1268 et
1654 1247 1748 1279 super

1007 1289 1232 1323 controversiis
1268 1300 1321 1322 seu
1361 1289 1598 1332 quaestionibus
1634 1289 1746 1322 huius—

1007 1343 1090 1376 modi
1116 1343 1296 1385 diligentei‘n
1324 1342 1536 1384 cognitionem
1562 1342 1688 1386 capias,
1714 1353 1748 1375 ac

1006 1408 1188 1440 processum
1211 1407 1266 1429 seu
1294 1407 1460 1440 processus
1480 1396 1616 1429 fabrices
1633 1402 1662 1429 et
1679 1406 1750 1429 con-

1004 1450 1103 1489 iicias,
1127 1456 1332 1493 exactamque
1357 1450 1428 1482 sacti
1454 1449 1693 1482 instructionem
1719 1455 1748 1481 et

1005 1504 1259 1537 informationem
1297 1514 1422 1543 sumas,
1455 1503 1577 1547 aliaque
1612 1503 1748 1546 desuper

1005 1558 1181 1590 necessaria
1199 1563 1229 1589 et
1253 1557 1492 1600 quomodolibet
1513 1562 1692 1600 opportuna
1710 1556 1748 1588 sa-

986 1605 988 1624 ³
1005 1611 1078 1651 cias,
1096 1622 1198 1654 geras,
1217 1610 1345 1643 mandes
1363 1616 1392 1643 et
1409 1610 1573 1653 exequaris
1594 1620 1692 1653 usque
1709 1609 1747 1641 ad

1004 1665 1190 1698 sententiam
1217 1664 1390 1704 exelusire3
1416 1664 1524 1697 dantes
1551 1663 1605 1696 tibi
1636 1674 1747 1706 quam-

1004 1728 1139 1761 cumque
1165 1718 1374 1751 necessariam
1409 1721 1438 1750 et
1469 1722 1681 1760 opportunam
1709 1716 1748 1748 fa-

1004 1772 1149 1804 cultatem
1176 1770 1384 1804 substituendi
1417 1771 1481 1803 rice
1513 1771 1566 1802 tua
1591 1769 1629 1802 ad
1655 1781 1746 1813 prae-

985 1825 1097 1857 !missa
1119 1825 1298 1868 peragenda
1326 1824 1462 1867 aliquam
1489 1834 1655 1867 personam
1682 1823 1747 1855 ido-

1004 1890 1093 1912 neam
1129 1878 1372 1911 eeclesiasticam
1407 1878 1453 1910 vel
1483 1877 1679 1917 secularem,
1705 1883 1747 1909 at-

1005 1938 1088 1965 tento
1109 1932 1204 1976 quod,
1223 1938 1253 1964 ut
1274 1932 1392 1976 pariter
1410 1931 1599 1974 accepimus,
1618 1929 1745 1963 eaedem

1004 1986 1237 2019 coutroversiae
1262 1996 1316 2018 seu
1341 1985 1541 2028 quaestion-s
1576 1994 1670 2027 super
1696 1994 1746 2016 ne-

1003 2040 1094 2083 gocio
1121 2050 1206 2072 mere
1233 2039 1396 2083 temporali
1415 2044 1443 2071 et
1462 2038 1594 2082 profano
1620 2044 1746 2070 vertun-

1004 2099 1063 2125 tur.
1088 2093 1232 2125 Ceterum
1260 2093 1405 2126 volumus
1439 2098 1472 2124 ut
1508 2091 1745 2124 informationes

1002 2153 1029 2179 et
1056 2157 1233 2190 processus,
1258 2156 1335 2189 quas
1360 2151 1389 2178 et
1414 2156 1492 2189 quos
1518 2145 1626 2188 rigore
1647 2155 1742 2188 prae-

1002 2200 1136 2232 sentium
1162 2200 1306 2243 coeperis
1331 2205 1360 2232 et
1385 2199 1573 2237 confeceris,
1599 2209 1654 2231 seu
1678 2209 1746 2242 per-

1001 2265 1077 2287 sona
1101 2265 1118 2286 a
1143 2259 1171 2286 te
1196 2253 1413 2287 substituenda
1439 2253 1579 2296 coeperit
1598 2258 1627 2285 et
1644 2252 1745 2284 conse·

983 2304 1088 2345 'cei-it,
1108 2307 1137 2339 in
1159 2308 1258 2340 forma
1285 2307 1465 2340 aullwnticsi
1490 2306 1547 2338 sub
1567 2312 1619 2338 tuo
1641 2305 1744 2348 sigillo

1001 2361 1121 2393 clausas
1147 2366 1175 2392 et
1201 2361 1323 2393 clausos
1348 2360 1384 2391 ad
1411 2370 1467 2392 nos
1494 2364 1560 2391 tuto
1588 2359 1745 2391 transmit-

1001 2420 1062 2455 tas,
1089 2419 1139 2454 ut,
1165 2413 1249 2457 quod
1275 2413 1304 2446 in
1330 2413 1511 2456 praemissis
1544 2412 1743 2445 statuendum

1001 2468 1103 2509 suerit⁷
1131 2469 1252 2500 matura
1278 2467 1503 2500 deliberatione
1530 2466 1668 2499 adhibita
1695 2466 1744 2499 de-

1001 2531 1177 2554 cernamus.

1046 2574 1388 2618 {23'0110125121111’1bus
1404 2574 1500 2607 felicis
1515 2575 1742 2608 recordationis
1758 2566 1823 2613 Μιῖῗῗ

1817 609 1950 631 *immutuit

1826 2566 1894 2592 posita
1910 2571 1941 2586 ro-
