2263 3215
284 214 331 240 An.
351 214 378 240 c.
400 214 468 241 1656
515 204 577 238 ²148

334 1285 464 1304 l'atriarrlnz

280 1312 400 1335 abbatibus,
416 1314 463 1332 ete„

279 1341 382 1364 praecipu
395 1354 399 1360 ,

279 1368 402 1390 praesentes
432 1366 461 1384 Ιιῐ-

279 1395 334 1411 trras
364 1394 383 1411 et
415 1398 462 1416 prn-

278 1423 350 1437 (Γὲἣῑῠῗ

278 1447 334 1464 cent.

396 1419 462 1443 pulutiv

320 2241 395 2262 Curam
418 2241 463 2262 ani-

279 2273 359 2289 marum
403 2275 463 2288 exer-

279 2298 350 2315 centes
364 2301 462 2320 praesen-

279 2322 330 2342 tium
345 2322 462 2342 litterarum

293 2350 444 2373 transumptum

279 2377 351 2400 penes?
368 2381 390 2395 se
407 2378 462 2395 tene-

279 2407 301 2421 ro
318 2401 382 2422 iubet.

527 273 597 296 xxv.
623 264 706 302 Quae
731 262 855 302 onmia,
881 262 983 306 quoad
1008 262 1085 302 boc,
1111 273 1221 296 eorum

483 317 623 350 omnium
651 322 784 357 tenores,
809 327 845 348 ac
870 316 893 347 si
919 316 956 348 ad
983 316 1124 356 verbum,
1145 316 1221 348 niliii

482 370 606 413 penitus
624 370 750 411 omisso,
769 369 992 409 insererentur,
1006 370 1221 413 praesentibus

482 434 539 466 pro
564 423 719 466 expressis
749 422 908 463 habentes,
933 423 1057 466 penitus
1085 422 1222 455 tollimus

482 483 511 509 et
535 476 663 509 omnino
689 486 883 516 revocamus,
908 482 1073 520 ceteraque
1100 481 1221 509 contra-

482 529 528 562 ria
553 540 779 572 quaecumque.

528 593 615 616 xxvr.
634 583 672 615 Ut
690 593 763 615 vero
781 588 962 626 praesentes
980 583 1077 615 nostri
1100 592 1222 626 proces-

393 630 467 667 „,‚‚.·5.⁴;:
482 647 533 668 sus
550 636 587 668 ad
606 636 762 679 publicam
781 635 920 668 omnium
940 635 1080 668 notitiam
1103 635 1222 668 facilins

481 689 685 730 deducantur,
701 688 824 721 chartas
845 699 899 720 seu
922 688 1132 728 membranas,
1153 698 1222 730 pro-

400 735 425 750 “”’
446 735 587 775 ⁴‘cessus
612 743 696 786 ipsos
721 742 926 782 continentes,
952 741 1047 774 valvis
1071 741 1221 774 eeclesiae

481 796 509 829 S.
536 795 659 828 loannis
679 795 895 828 Lateranensis
921 801 949 827 et
973 795 1119 828 basilicae
1138 794 1221 826 Prin-

480 849 559 893 cipis
583 849 806 892 Apostolorum
832 848 869 880 de
895 848 977 880 t'rbe
1007 847 1139 891 appendi
1172 850 1217 879 l'a-

480 903 608 944 eiemus,
630 908 663 935 ut
688 902 735 942 iis,
753 912 831 945 quos
856 912 1023 945 processus
1041 901 1219 934 huiusmodi

479 960 683 995 concernunt,
708 955 792 999 quod
817 955 854 987 ad
881 955 963 998 ipsos
988 965 1050 988 non
1075 965 1221 998 pervene-

479 1010 551 1051 rint,
570 1015 623 1041 aut
643 1008 727 1052 quod
752 1009 835 1051 ipsos
861 1007 1084 1050 ignoraverint,
1102 1008 1218 1039 nullam

479 1063 597 1106 possint
635 1062 867 1096 exeusationem
907 1061 1132 1104 praeuendcre,
1169 1066 1221 1093 aut

479 1115 689 1158 ignorantiam
711 1115 858 1157 allegare,
875 1125 945 1147 eum
967 1124 1028 1147 non
1054 1114 1091 1148 sit
1117 1114 1221 1146 verisi-

479 1169 553 1202 mile
578 1168 609 1201 id
634 1178 797 1201 remanere
823 1168 1027 1210 incognitum,
1048 1167 1130 1211 quod
1157 1172 1218 1199 tam

479 1228 621 1266 patenter
647 1222 793 1255 omnibus
817 1222 1006 1265 publicatur.

523 1287 617 1310 xxvu.
643 1276 784 1319 lusuper,
810 1279 842 1309 ut
868 1286 1033 1318 processus
1052 1274 1096 1307 et¹
1122 1285 1215 1318 prae-

442 1341 462 1357 ut
478 1336 580 1363 sentes
601 1329 733 1370 litterae,
757 1340 793 1368 ac
817 1328 921 1361 omnia
939 1334 968 1361 et
985 1328 1108 1370 singula
1127 1328 1156 1360 in
1174 1328 1218 1360 eis

478 1389 623 1416 contenta
647 1393 684 1416 eo
710 1383 783 1415 liant
807 1382 940 1422 notiora,
965 1392 1027 1425 quo
1053 1382 1082 1414 in
1107 1381 1218 1424 pleris—

477 1447 537 1480 que
555 1436 733 1469 civitatibus
756 1441 786 1468 et
810 1435 887 1468 loeis
911 1434 1027 1467 suerint
1051 1434 1218 1478 publicata,

477 1489 632 1522 universis
656 1493 687 1522 et
710 1489 840 1531 singulis
866 1488 1074 1532 patriarchis,
1100 1487 1218 1531 prima-

477 1543 569 1583 tibus,
587 1542 843 1586 archiepiscopis,
861 1541 1018 1585 episcopis
1031 1547 1061 1573 et
1074 1542 1217 1574 locorum

477 1596 651 1629 Ordinariis
665 1601 694 1628 et
708 1595 865 1639 praelatis,
879 1594 1011 1627 ubilibet
1031 1594 1218 1635 constitutis,

477 1661 533 1693 per
559 1650 635 1682 baec
660 1649 776 1692 scripta
801 1648 1037 1689 committimus,
1060 1653 1089 1680 et
1110 1648 1140 1680 in
1161 1648 1220 1680 vir-

478 1706 542 1735 tute
567 1707 691 1735 sanctae
716 1701 911 1734 obedientiae
937 1701 1078 1734 districte
1102 1701 1219 1744 praeei-

478 1755 591 1798 piendo
617 1754 825 1795 mandamus,
850 1760 905 1794 ut,
930 1765 986 1798 per
1011 1765 1060 1793 se,
1086 1755 1131 1787 vel
1163 1766 1219 1798 per

478 1808 585 1848 alium,
611 1808 659 1841 rel
676 1808 764 1849 alios,
781 1813 960 1851 praesentes
978 1807 1107 1848 litteras,
1133 1815 1218 1852 post-

478 1872 571 1904 quam
597 1872 649 1894 eas
674 1861 867 1904 receperint,
892 1871 948 1893 seu
972 1871 1080 1894 earum
1106 1861 1219 1894 habue-

478 1915 541 1947 rint
564 1914 717 1955 notitiam,
735 1914 831 1947 scmel
850 1914 880 1946 in
898 1924 990 1954 anno,
1008 1913 1064 1954 et‘2,
1085 1914 1109 1946 si
1130 1925 1220 1958 expe-

477 1967 546 2000 dire
571 1968 722 2008 viderint,
747 1967 840 2000 etiam
871 1967 989 2010 pluries
1022 1967 1053 1999 in
1079 1967 1219 2000 ecclesiis

478 2022 552 2062 suis,
577 2021 650 2054 dum
677 2021 708 2053 in
733 2021 775 2053 cis
802 2021 901 2053 maior
925 2021 1033 2064 populi
1052 2020 1218 2054 multitudo

477 2075 515 2108 ad
529 2075 633 2107 divina
646 2074 838 2114 convenerit,
853 2074 1035 2107 solemniter
1047 2074 1219 2118 publicent,

478 2128 570 2161 etad
602 2127 853 2160 christifidelium
891 2132 1012 2160 mentes
1045 2127 1218 2169 reducant,

478 2181 627 2214 nuncient
652 2186 682 2213 et
706 2180 874 2213 declarent.

523 2244 630 2267 xxvui.
654 2234 797 2268 Ceterum
824 2233 1032 2277 patriarchae,
1050 2233 1219 2276 archiepis-

478 2288 559 2332 copi,
585 2288 734 2331 episcopi,
759 2287 874 2330 aliique
900 2287 1042 2320 locorum
1060 2286 1217 2320 Ordinarii

477 2346 507 2374 et
531 2342 734 2375 ecclesiarum
760 2341 906 2385 praelati,
932 2351 1053 2374 necnon
1068 2346 1216 2382 rectores,

477 2395 635 2438 ceterique
667 2405 775 2427 curam
808 2394 984 2427 animarum
1015 2399 1217 2435 exercentes,

478 2458 513 2480 ae
537 2447 713 2491 presbyteri
738 2448 895 2480 seculares
912 2453 942 2480 et
961 2448 1146 2491 quorumvis
1164 2447 1218 2480 Or-

478 2501 585 2534 dinum
603 2501 765 2544 regulares
778 2501 815 2533 ad
829 2501 998 2534 audiendas
1016 2505 1215 2546 peecatorum

514 2574 524 2599 1
542 2572 608 2599 Male
624 2572 689 2599 edit.
705 2572 784 2599 Maia.
801 2572 864 2607 legit
881 2576 908 2599 ιιι
926 2581 973 2608 pro
989 2576 1014 2600 ec
1030 2576 1066 2605 (u.
1083 2573 1131 2607 1.).

513 2618 529 2643 2
549 2617 615 2644 Male
636 2617 699 2644 edit.
721 2617 800 2644 Main.
823 2617 885 2651 legit.
905 2620 934 2644 ιιι
954 2626 1001 2652 pro
1021 2621 1047 2644 el
1066 2620 1102 2651 (R.
1121 2618 1170 2651 L).

1068 214 1243 238 numanum
1270 214 1422 238 ROMANUM

1256 262 1467 295 consessiones
1491 261 1601 305 qum-is
1625 261 1811 294 auctoritate
1835 260 1992 305 deputati,

1257 321 1487 358 transumptum
1514 314 1725 357 praesentium
1749 314 1923 347 litterarum
1944 325 1994 357 pe-

1256 379 1309 400 nes
1334 381 1366 400 se
1391 368 1534 407 habeant,
1558 378 1671 410 easque
1696 366 1862 410 diligenter
1888 367 1993 410 legere

1255 428 1283 454 et
1308 422 1472 465 percipere
1498 420 1650 454 studeant.

1299 486 1381 508 xxix.
1405 475 1548 507 tolentes
1573 473 1753 506 earumdem
1779 474 1990 517 praesentium

1256 527 1467 571 transumptis,
1489 527 1581 559 etiam
1608 527 1778 570 impressis,
1796 527 1909 560 notarii
1935 538 1991 570 pu-

1255 581 1327 614 blici
1360 591 1452 613 manu
1483 579 1680 623 subscriptis,
1705 585 1734 612 et
1759 579 1862 623 sigillo
1883 579 1993 612 iudicis

1255 634 1405 667 ordinarii
1438 634 1595 666 Romanae
1638 633 1743 666 curiae
1784 633 1831 666 vel
1865 633 1994 666 alterius

1256 698 1407 731 personae
1426 687 1456 719 in
1473 686 1623 729 dignitate
1648 686 1860 719 ecelesiastica
1885 686 1996 719 eonsti-

1256 747 1338 773 tutae
1364 740 1500 780 niiuiitis,
1520 739 1661 772 eamdem
1688 750 1819 783 prorsus
1845 739 1938 772 sidem
1964 739 1994 771 in

1256 794 1369 827 iudicio
1404 800 1433 826 et
1468 799 1554 826 extra
1589 793 1664 825 illud
1700 793 1816 836 ubique
1851 793 1993 826 locorum

1254 847 1463 880 adhibendam
1489 847 1576 886 sore,
1601 856 1681 889 quae
1710 845 1786 890 ipsis
1814 845 1991 889 praesenti-

1255 901 1312 933 bus
1336 900 1560 939 adlriberetur,
1586 899 1610 932 si
1636 905 1739 932 essent
1764 899 1920 932 cxliibitae
1946 899 1993 931 vel

1255 960 1406 987 ostensae.

1299 1018 1371 1040 xxx.
1397 1007 1479 1040 Nulli
1505 1017 1581 1049 ergo
1606 1006 1735 1040 omnino
1768 1006 1931 1039 hominum
1956 1006 1992 1039 li-

1254 1067 1320 1094 ceat
1346 1061 1423 1093 lianc
1448 1060 1593 1104 paginam
1620 1065 1744 1093 nostrae
1774 1060 1992 1093 exeommuni-

1253 1115 1393 1154 cationis,
1417 1113 1750 1153 anatlieinatizationis,
1765 1113 1931 1154 interdicti,
1951 1114 1994 1146 in-

1253 1168 1438 1207 novationis,
1452 1166 1672 1206 innodationis,
1682 1166 1912 1208 declarationis,
1923 1177 1992 1210 pro-

1254 1221 1436 1261 testationis,
1460 1219 1653 1261 sublationis,
1669 1219 1887 1261 revocationis,
1909 1230 1992 1253 com-

1254 1274 1421 1315 missionis,
1432 1273 1568 1306 mandati
1583 1279 1611 1305 et
1631 1272 1796 1306 voluntatis
1809 1273 1990 1317 infringere,

1255 1328 1300 1360 rel
1325 1327 1352 1360 ei
1377 1338 1454 1359 ausu
1480 1326 1648 1359 temerario
1673 1326 1847 1366 contraire,
1873 1326 1896 1358 si
1922 1326 1992 1369 quis

1252 1386 1355 1413 autem
1381 1380 1440 1413 hoe
1464 1385 1617 1412 attentare
1634 1380 1892 1423 praesumpserit,
1914 1379 1989 1412 indi-

1253 1434 1432 1476 gnationem
1450 1433 1673 1477 omnipotentis
1694 1433 1748 1466 Dei
1774 1444 1809 1466 ac
1825 1433 1991 1466 beatorum

1253 1488 1333 1521 Petri
1360 1493 1389 1521 et
1421 1487 1506 1520 Pauli
1538 1487 1754 1530 apostolorum
1782 1487 1848 1520 eius
1872 1497 1904 1519 se
1929 1497 1992 1519 no—

1254 1541 1332 1573 rerit
1356 1541 1568 1574 incursurum.

1296 1594 1406 1626 Datum
1432 1594 1559 1635 Romae,
1585 1593 1667 1637 apud
1692 1593 1721 1626 S.
1747 1593 1884 1634 Petrum,
1910 1604 1992 1627 anno

1253 1646 1480 1679 incarnationis
1510 1647 1691 1680 Dominieae
1722 1656 1857 1687 iliberri,
1890 1647 1991 1680 idibus

1253 1701 1371 1745 aprilis,
1397 1700 1596 1744 pontificatus
1622 1701 1719 1734 nostri
1745 1711 1827 1733 anno
1853 1699 1901 1733 11⁴.

1288 1764 1385 1790 Datum
1405 1763 1448 1790 die
1468 1763 1500 1790 13
1522 1762 1613 1798 aprilis
1635 1762 1713 1797 1656,
1735 1763 1830 1797 pontif.
1849 1771 1918 1790 anno
1934 1770 1963 1790 tt.

1571 1906 1667 1940 XCVI.

1255 1986 1465 2028 Confirmatio
1501 1987 1668 2018 erectionis
1704 1986 1820 2019 Montis
1852 1986 1991 2019 Pietatis

1297 2039 1439 2071 civitatis
1451 2038 1712 2075 Almandrinae,
1730 2039 1917 2081 provinciae
1929 2039 1992 2071 Me-

1297 2091 1506 2131 ‹tiotanensis‚
1521 2102 1589 2123 cum
1614 2091 1743 2124 imlulto
1764 2091 1987 2131 directoribus,

1297 2149 1342 2183 ut,
1363 2145 1489 2177 ratione
1512 2155 1622 2177 rerum
1648 2145 1684 2177 -ίη
1708 2145 1777 2187 ipso
1802 2148 1909 2177 monte
1931 2154 1990 2187 pro

1299 2202 1436 2240 lentpore
1449 2198 1680 2240 depositarum,
1691 2198 1779 2240 eoer'yi
1789 2198 1914 2241 possint
1926 2197 1990 2231 duo

1296 2255 1385 2284 scuta
1399 2261 1457 2295 pro
1475 2251 1659 2284 centenario
1673 2250 1692 2283 ².

1445 2331 1611 2358 Alexander
1632 2331 1710 2365 Papa
1730 2332 1794 2363 vn,

1376 2378 1410 2402 ad
1431 2378 1603 2409 perpetuam
1623 2376 1666 2403 rei
1688 2376 1868 2403 memoriam.

1295 2448 1309 2490 ξ,
1339 2447 1363 2479 l.
1390 2447 1507 2490 Exponi
1533 2447 1623 2480 nobis
1648 2458 1748 2491 nuper
1772 2448 1913 2481 fecerunt
1936 2447 1986 2480 di·-

1251 2500 1321 2534 leeti
1346 2500 1399 2533 sitii
1425 2501 1598 2534 directores
1615 2512 1670 2534 seu
1687 2502 1882 2543 regulatores
1903 2501 1988 2534 Mon-

1286 2574 1295 2597 l
1316 2571 1381 2598 Male
1397 2571 1462 2598 edit.
1477 2571 1556 2598 Main.
1573 2573 1636 2607 legit
1651 2580 1728 2599 anno
1750 2576 1758 2596 Ι
1776 2574 1814 2607 (a.
1830 2573 1878 2606 Τ.).

1284 2618 1299 2643 2
1322 2617 1355 2643 lix
1378 2617 1484 2651 neg-est.
1506 2617 1531 2643 in
1553 2618 1658 2643 Secret.
1681 2617 1757 2643 Brev.

2009 215 2056 240 Αη.
2074 214 2101 242 C.
2122 216 2188 246 1656

2043 488 2188 514 'transumpto-

2009 521 2053 535 runi
2070 515 2128 535 tides.

2058 1019 2110 1039 nuic
2134 1019 2190 1044 pagi·

2008 1052 2047 1066 nae
2066 1048 2192 1066 contraeun-

2009 1075 2040 1093 tes
2055 1073 2121 1098 punit,

2031 2454 2170 2481 Supplicatio.

2200 3 2202 6 ’
2240 0 2263 159 l

2256 168 2263 184 Ι.
