2243 3205
833 168 928 193 INDEX
955 168 1154 193 RUBRICARUM

225 223 341 258 CXXII.
368 222 498 257 Praevia
515 221 735 255 annullatione
753 221 965 255 revocationis
992 222 995 261 Τ

314 285 344 311 et
358 277 530 310 amotionis
542 276 687 309 Andreae
701 275 741 308 de
758 275 893 319 Saussay
907 275 969 319 epi·
993 262 995 327 ἶ

315 331 402 375 scopi
428 330 586 364 Tullensis
612 341 629 362 a
654 329 806 362 vicariatu
828 329 968 371 generali

313 383 465 417 ecclesiae
490 382 694 423 Parisiensis‚
724 389 755 415 et
778 382 969 415 subsecutae

311 438 448 471 aliorum
474 436 667 470 vicariorum
685 446 968 480 quorumcumque

313 490 541 535 deputationis,
561 501 578 523 a
599 489 731 523 domino
751 488 912 522 cardinale
930 488 968 522 de

313 545 387 578 Retz
420 545 596 585 factarum,
623 543 788 577 substituit
812 542 910 576 alium
937 542 969 574 in

312 598 419 631 locum
459 598 601 631 eiusdem
646 597 789 631 Andreae
826 596 968 640 episcopi
995 615 996 630 ι

319 651 424 696 quoad
450 652 637 685 vicariatum
653 651 833 695 generalem
853 650 885 682 in
904 650 970 693 spi·
995 666 996 677 2

314 705 485 738 ritualibus
503 710 534 738 et
552 704 785 748 temporalibus
799 703 902 736 dictae
919 714 970 736 ec-

316 758 429 793 clesiae
453 757 657 798 Parisiensis‚
684 757 759 791 198.

227 812 359 846 CXXIII.
384 812 547 846 Indultum
573 818 607 846 ut
632 812 735 845 clerus
758 811 853 845 etiam
878 821 971 855 regu·
995 826 997 837 ι

314 867 391 900 laris
417 867 641 910 Hispaniarum
666 865 780 899 festum
799 864 971 899 Patrocinii

315 920 347 954 B.
373 920 411 953 Μ.
429 920 464 953 V.
488 920 659 964 quotannis
680 919 843 953 celebrare
855 918 967 964 possit,

316 973 393 1007 199.

227 1027 355 1061 CXXIV.
381 1027 602 1061 Hortatorium
629 1027 870 1072 archiepiscopo
892 1027 970 1060 Nea-

316 1081 482 1125 politano,
519 1087 553 1115 ut
587 1082 751 1125 regulares
783 1080 901 1114 alliciat
930 1080 970 1113 ad

316 1135 569 1169 subveniendum
595 1141 625 1169 et
651 1133 889 1169 inserviendum
920 1143 972 1177 pe-

314 1193 361 1222 ste
380 1189 518 1229 infectis,
544 1187 619 1222 200.

226 1241 338 1275 CXXV.
372 1242 578 1276 Confirmatio
611 1241 826 1286 emphyteusis
862 1241 967 1275 bono-

315 1306 387 1329 rum
412 1296 572 1340 prioratus
597 1302 628 1330 ct
648 1297 799 1330 ecclesiae
824 1296 855 1330 S.
883 1295 972 1329 Solli-

316 1349 369 1383 citi
403 1355 506 1383 terrae
540 1350 701 1383 Matelicae
739 1350 971 1383 Camerinensis

318 1403 485 1444 dioecesis,
508 1403 584 1436 201.

227 1456 355 1490 CXXVI.
379 1456 525 1490 Facultas
547 1455 653 1489 abbati
672 1456 702 1489 S.
724 1456 839 1490 Mariae
857 1456 971 1491 Montis

317 1510 445 1554 Regalis
470 1510 645 1555 deputandi
681 1521 733 1543 sex
765 1510 889 1544 iudices
915 1522 967 1554 sy-

317 1563 450 1597 nodales
476 1564 507 1596 in
533 1563 659 1597 civitate
683 1570 713 1596 et
738 1563 876 1598 dioecesi
901 1564 968 1597 Me—

317 1617 500 1658 chliniensi‚
525 1617 600 1652 ⁶202.

227 1669 367 1704 CXXVII.
385 1671 532 1704 Facultas
550 1670 668 1704 nuncio
683 1671 833 1705 Poloniae
847 1671 972 1716 dispen-

316 1723 405 1757 sandi
428 1734 500 1757 cum
521 1724 712 1768 presbyteris
730 1725 925 1758 secularibus
942 1731 971 1759 et

316 1777 521 1821 regularibus
546 1778 584 1810 ad
606 1778 791 1811 exercitium
820 1778 970 1812 ordinum

317 1841 413 1875 super
438 1831 674 1875 irregularitate
691 1843 748 1876 per
767 1842 820 1864 eos
842 1839 970 1866 contra-

319 1886 369 1918 cta
394 1895 430 1917 ex
454 1885 634 1918 homicidio
665 1886 759 1918 etiam
791 1886 970 1920 voluntario

318 1937 553 1972 haereticorum
568 1938 783 1981 inimicorum,
800 1940 854 1984 qui
870 1951 972 1984 nuper

318 2002 453 2035 regnum
475 1992 627 2025 Poloniae
648 1992 842 2035 invaserunt,
871 1993 945 2027 203.

227 2045 383 2079 CXXVIII.
410 2045 600 2089 privilegia,
631 2047 846 2090 exemptiones
871 2053 900 2080 et
928 2047 972 2081 in-

319 2099 407 2132 dulta
423 2110 574 2133 concessa
595 2100 745 2144 dapiferis
767 2100 822 2145 qui
847 2101 878 2134 in
901 2112 973 2135 con-

321 2152 400 2186 clavi
434 2163 510 2187 suae
546 2153 775 2197 assumptionis
807 2154 838 2187 S.
870 2155 906 2188 R.
939 2156 972 2188 E.

320 2205 537 2240 cardinalibus
560 2207 781 2247 inservierunt,
807 2207 882 2241 ⁶203.

229 2258 359 2293 CXXIX.
384 2260 509 2293 Gratiae
534 2266 564 2294 et
589 2261 750 2305 privilegia
773 2262 973 2296 conclavistis

320 2314 471 2357 postremi
505 2314 662 2348 conclavis
687 2325 849 2356 concessa,
876 2315 951 2349 Qtt.

231 2365 347 2400 CXXX.
386 2367 558 2401 Revocatio
590 2368 827 2412 exemptionum
867 2380 884 2402 a
917 2380 970 2403 ve-

320 2419 489 2464 ctigalibus
514 2426 544 2455 et
568 2421 638 2455 aliis
655 2422 792 2466 publicis
807 2423 972 2464 oneribus,

321 2472 398 2506 222.

231 2524 362 2560 CXXXI.
391 2526 597 2562 Confirmatio
631 2529 871 2573 privilegiorum
902 2530 970 2564 col-

321 2580 394 2624 legii
434 2583 727 2625 protonotariorurn
766 2582 807 2617 dc
839 2593 974 2618 numero

1653 156 1716 191 827

1108 221 1462 265 participantium,cum
1474 219 1598 254 indulto
1614 226 1649 253 ut
1665 222 1761 254 etiam

1110 275 1160 307 die
1193 275 1294 309 sancti
1321 275 1405 308 Petri
1438 281 1468 308 et
1499 274 1589 308 Pauli
1615 279 1762 307 monetae

1109 340 1222 363 aureae
1247 336 1277 363 et
1301 335 1469 373 argenteae
1494 328 1616 362 eisdem
1631 327 1759 370 dentur,

1109 382 1185 416 227.

1021 436 1161 470 CXXXII.
1176 437 1219 470 De
1244 438 1473 473 transferendis
1490 440 1698 483 pensionibus
1715 450 1763 473 ec-

1111 489 1294 523 clesiasticis
1313 498 1343 524 et
1364 492 1539 525 condendis
1566 491 1763 526 testamentis

1111 542 1245 586 aliisque
1278 544 1402 578 ultimis
1432 545 1697 590 dispositionibus
1730 545 1763 578 in

1111 596 1195 630 Urbe
1220 608 1255 631 ac
1281 598 1349 631 cius
1375 599 1521 633 districtu
1545 606 1687 644 tempore
1712 610 1764 633 su-

1112 651 1261 694 spicionis
1287 653 1395 695 pestis⁷
1419 652 1494 686 2229.

1022 702 1175 737 CXXXIII.
1198 705 1404 739 Confirmatio
1419 707 1619 740 decretorum
1634 716 1765 750 congre-

1111 758 1248 801 gationis
1274 760 1312 792 de
1336 759 1547 803 propaganda
1572 760 1649 793 Fide
1666 771 1762 804 super

1111 810 1220 844 litibus
1238 812 1321 845 inter
1345 813 1465 845 clerum
1488 812 1665 846 secularem
1691 812 1765 845 Hol-

1111 864 1237 898 landiae
1277 871 1308 899 et
1349 865 1566 900 missionarios
1605 865 1765 900 suscitatis

1111 925 1346 962 emanatorum,
1378 919 1453 953 231.

1023 973 1180 1008 CXXXIV.
1206 975 1376 1019 Deputatio
1401 976 1593 1010 internuncii
1617 974 1715 1018 Belgii
1733 975 1765 1008 in

1112 1035 1341 1072 exequutorem
1352 1029 1527 1063 litterarum
1544 1028 1719 1062 Innocentii
1741 1028 1765 1060 X

1112 1092 1208 1126 super
1233 1081 1420 1116 definitione
1446 1084 1589 1127 quinque
1617 1082 1765 1127 proposi-

1112 1135 1235 1169 tionum
1271 1137 1303 1169 in
1335 1136 1470 1170 materia
1502 1136 1574 1170 fidei
1601 1136 1765 1169 occasione

1111 1189 1335 1233 impressionis
1360 1189 1433 1223 libri
1458 1189 1595 1223 Cornelii
1615 1190 1761 1230 lansenii,

1111 1242 1185 1277 239.

1023 1296 1164 1331 CXXXV.
1187 1297 1392 1332 Confirmatio
1410 1298 1541 1338 decreti,
1568 1303 1602 1331 ut
1626 1297 1767 1331 conversi

1112 1351 1143 1384 in
1169 1352 1416 1396 congregatione
1443 1351 1677 1385 Camaldulensi
1703 1361 1767 1384 non

1112 1405 1320 1448 recipiantur,
1347 1404 1423 1438 ⁶240.

1024 1456 1177 1491 CXXXVI.
1204 1457 1409 1492 Confirmatio
1434 1458 1677 1503 privilegiorum
1709 1458 1769 1490 fra-

1113 1517 1196 1544 trum
1221 1511 1347 1545 Ordinis
1371 1512 1403 1544 B.
1431 1512 1543 1545 Mariae
1565 1513 1603 1545 de
1624 1510 1767 1545 Mercede

1112 1564 1355 1608 Redemptionis
1369 1565 1582 1609 Captivorum,
1602 1564 1677 1597 241.

1024 1616 1192 1651 CXXXVII.
1210 1618 1416 1653 Confirmatio
1434 1618 1649 1663 quorumdam
1669 1623 1768 1651 statu<

1114 1677 1231 1713 torum,
1257 1683 1312 1706 seu
1337 1673 1565 1716 capitulorum,
1584 1677 1620 1705 ut
1636 1670 1768 1704 manda-

1114 1725 1183 1759 tarii
1210 1726 1317 1759 curiae
1342 1725 1486 1770 Capitolii
1508 1725 1599 1758 Urbis
1623 1725 1769 1770 appaltus

1113 1779 1301 1814 citationum
1326 1790 1392 1813 non
1419 1780 1546 1820 saciant,
1574 1778 1649 1812 242.

1023 1831 1211 1866 CXXXVIII.
1237 1833 1443 1867 Confirmatio
1457 1839 1487 1867 et
1502 1832 1675 1866 declaratio
1692 1842 1770 1865 con-

1114 1887 1290 1921 stitutionis
1314 1886 1492 1921 Innocentii
1517 1887 1621 1930 Papae
1642 1886 1679 1927 X,
1706 1897 1768 1930 qua

1114 1941 1283 1974 damnatae
1307 1947 1381 1975 sunt
1406 1941 1548 1985 quinque
1573 1939 1768 1984 propositio-

1114 2005 1170 2028 nes
1194 2000 1357 2040 excerptae
1383 2005 1399 2026 a
1424 1994 1505 2027 libro
1530 1993 1667 2027 Cornelii
1692 1993 1768 2025 lan-

1114 2049 1194 2082 senii
1220 2049 1361 2093 episcopi
1387 2049 1544 2094 Iprensis‚
1580 2049 1631 2081 cui
1656 2047 1767 2081 titulus

1113 2102 1326 2146 Auyustinus,
1354 2102 1432 2136 ⁶245.

1025 2155 1181 2190 CXXXIX.
1208 2157 1355 2190 Facultas
1377 2158 1495 2191 nuncio
1517 2157 1666 2190 Franciae
1687 2154 1767 2187 rela-

1114 2209 1462 2254 xandisuspensionem
1477 2209 1633 2244 ordinatis
1651 2208 1689 2240 ab
1707 2207 1769 2250 epi-

1116 2264 1218 2308 scopis
1244 2275 1300 2308 per
1324 2265 1460 2298 vicarios
1488 2262 1678 2307 capitulares
1709 2271 1763 2293 ec-

1115 2316 1230 2351 clesiae
1243 2318 1430 2351 Parisiensis
1443 2316 1585 2351 indebite
1596 2314 1767 2358 deputatis,

1113 2369 1190 2403 247.

1160 2424 1244 2457 Aliae
1255 2424 1338 2458 circa
1353 2425 1498 2458 eamdem
1513 2422 1769 2466 suspensionem,

1115 2475 1178 2510 ⁰248
1204 2487 1266 2520 seq.

1026 2528 1109 2563 CXL.
1137 2530 1305 2574 Deputatio
1323 2528 1515 2563 internuncii
1534 2527 1633 2572 Belgii
1652 2528 1683 2561 in
1700 2537 1768 2560 exe-

1117 2590 1258 2619 cutorem
1275 2584 1385 2618 Bullae
1405 2583 1457 2619 SS.
1484 2584 1518 2618 D.
1547 2582 1596 2623 N.‚
1621 2582 1676 2625 qui
1693 2590 1768 2614 con-
