2243 3205
260 177 308 204 An.
327 178 355 206 c.
372 177 436 205 1661
487 170 550 203 674.

288 399 428 418 Prooemium.

289 870 378 891 Mona-a.

647 226 816 254 Alexander
835 226 1008 261 Episcopus,

633 277 738 297 servus
768 277 923 298 servorum
951 272 1018 306 Dei,

599 315 635 341 ad
655 315 789 342 futuram
813 316 857 342 rei
877 316 1056 344 memoriam.

502 386 577 418 Cum
598 385 701 417 divina
719 390 906 428 aeternaque
928 385 1010 418 illius
1027 385 1195 429 providen-

460 439 511 477 tia,
532 437 620 469 cuius
644 442 721 469 nutu
738 437 883 470 universa
900 448 935 471 ac
952 438 1077 481 singula
1096 438 1126 470 in
1140 438 1197 470 hac

461 490 568 522 mundi
594 490 737 522 machina
762 495 925 533 reguntur,
942 501 1009 532 nos,
1029 490 1141 534 impari
1160 490 1197 522 li-

460 549 508 575 cct
533 543 655 583 merito,
674 542 710 574 ad
731 543 920 576 eminentem
938 537 1131 586 apostolicae
1156 543 1200 575 di-

460 595 585 637 gnitatis
610 595 768 638 speculam
794 595 1036 628 clementissime
1053 595 1198 636 evexerit,

460 659 495 680 ea
527 648 608 680 inter
641 653 763 680 nostras
794 649 965 692 praecipua
1004 648 1200 690 maximaque

461 699 696 734 sollicitudines¹
715 701 820 734 animo
837 701 1031 741 obversatur,
1049 711 1127 744 quae
1146 711 1201 743 po-

462 753 617 785 tissimum
643 753 738 787 totius
763 753 925 786 christiani
943 753 1030 786 orbis
1051 753 1202 786 discrimi-

462 806 553 838 nibus
578 805 830 839 antevertendis²
856 806 1018 839 incumbit.

507 858 522 901 ἓ
546 858 574 890 sl.
602 859 689 902 *Hinc
724 859 837 892 sactum
875 864 921 891 est
948 863 981 890 ut
1012 858 1202 891 clarissimae

464 911 653 943 Venetorum
672 911 882 954 Reipublicae,
901 911 987 943 varia
1008 921 1066 954 per
1090 916 1134 943 tot
1152 920 1203 943 an-

463 974 521 996 nos
530 964 655 997 fortuna
669 954 877 996 barbarorum
892 964 1037 1007 impetuS,
1048 969 1109 996 tam
1124 964 1202 996 mari

465 1027 559 1059 quam
584 1018 680 1056 terra,
703 1022 829 1049 strenue
853 1016 1027 1057 sustinenti,
1052 1016 1090 1048 ab
1114 1016 1202 1049 initio

466 1070 666 1102 Pontificatus
698 1070 818 1112 nostri,
844 1075 970 1113 praeter
995 1079 1146 1113 expensas
1171 1069 1202 1101 in

465 1123 641 1155 triremium
659 1129 839 1155 nostrarum
864 1123 961 1155 classe
986 1122 1117 1165 singulis
1139 1123 1204 1165 qui-

465 1175 587 1218 busque
611 1175 699 1208 annis
724 1175 754 1207 in
778 1175 910 1218 AEgeum
945 1185 1030 1207 mare
1059 1175 1204 1207 traiicere

466 1229 550 1261 iussa
568 1227 750 1261 instruenda
770 1232 924 1270 erogatas,
942 1233 1131 1271 praeterque
1151 1237 1203 1259 au-

467 1282 592 1314 xiliares
602 1281 707 1324 copias
719 1281 901 1314 iamdudum
913 1281 943 1313 in
954 1281 1094 1325 Illyrium
1109 1286 1205 1313 trans-

467 1334 587 1373 missas,
608 1334 880 1376 indulgentissime
903 1333 995 1366 etiam
1023 1333 1205 1366 ecclesiasti-

468 1398 518 1420 cas
541 1398 634 1430 super
658 1387 725 1419 eius
750 1387 879 1419 dominii
904 1387 1023 1419 clerum
1049 1397 1102 1419 sex
1126 1387 1206 1420 deci-

468 1452 534 1473 mas
551 1451 605 1473 seu
631 1440 768 1473 subsidia
792 1440 830 1473 ad
847 1451 972 1473 summa
997 1444 1121 1474 centum
1140 1440 1206 1472 mil-

468 1494 542 1526 lium
569 1504 737 1526 aureorum
763 1494 922 1526 annuatim
947 1504 1003 1537 per
1023 1494 1204 1526 sexennium

467 1546 670 1578 ascendentes
695 1557 750 1578 seu
775 1546 994 1586 ascendentia,
1013 1546 1094 1579 ultra
1118 1557 1203 1579 emo-

469 1600 607 1632 lumenta
623 1610 659 1632 ac
677 1599 759 1632 bona
772 1605 982 1632 conventuum
1000 1599 1114 1632 ibidem
1133 1611 1206 1644 sup-

468 1663 660 1696 pressorum‚
686 1652 946 1685 concesserimus.

513 1706 569 1748 5⁹2.
588 1706 714 1745 Verum,
731 1705 804 1748 quia
818 1705 855 1737 ab
873 1705 1053 1738 infidelibus
1066 1705 1206 1738 nondum

470 1759 566 1791 armis
593 1764 805 1801 temperatur,
830 1758 883 1791 sed
920 1769 1029 1791 eorum
1055 1759 1209 1792 exercitus

470 1822 572 1854 nuper
596 1811 842 1843 Transilvaniam
878 1811 1000 1851 adorti,
1033 1811 1208 1854 Varadino,

472 1864 602 1906 aliisque
627 1863 751 1906 oppidis
787 1863 974 1906 expugnatis
992 1890 999 1903 ‚
1028 1864 1210 1897 audaciores

472 1916 747 1955 circumferuntur,
766 1921 795 1948 et
812 1917 933 1949 maiora
950 1916 981 1948 in
998 1916 1122 1949 inclitae
1138 1917 1211 1950 Ger-

473 1969 594 2002 maniae
610 1980 646 2002 ae
659 1970 830 2002 Dalmatiae
847 1975 877 2002 et
901 1970 1026 2013 utrique
1041 1970 1211 2003 confinium

473 2023 707 2065 provinciarum
729 2023 861 2066 populos
883 2023 1060 2056 immaniori
1078 2023 1210 2056 militum

474 2075 502 2107 vi
529 2075 711 2115 moliuntur,
731 2086 788 2108 nos
806 2076 876 2108 ideo
896 2078 1026 2119 paterna
1051 2077 1213 2109 commise-

474 2128 595 2161 ratione
620 2128 780 2168 commoti‚
801 2129 907 2161 multis
931 2135 1022 2161 antea
1046 2129 1213 2172 praecibus

476 2182 582 2214 effusis
610 2187 643 2214 ut
673 2187 843 2224 exurgente
868 2182 1000 2215 Domino
1025 2182 1214 2226 dissipentur

476 2235 594 2268 inimici
612 2235 686 2276 eius,
705 2236 867 2268 carissimo
892 2236 922 2267 in
937 2236 1059 2269 Christo
1079 2236 1144 2269 filio
1161 2247 1214 2270 no-

476 2293 541 2320 stro
566 2288 723 2331 Leopoldo
758 2288 969 2321 Romanorum
1001 2289 1066 2331 regi
1102 2289 1212 2322 illustri

478 2385 620 2418 Suprema
640 2384 837 2418 dispositione,
854 2388 917 2411 tom.
931 2392 986 2418 xlv,
1001 2394 1027 2419 p.
1043 2385 1102 2419 192,
1120 2385 1147 2411 in
1163 2394 1215 2421 qua

479 2427 644 2454 consimilem
674 2427 847 2455 indictionem
877 2437 922 2455 sex
951 2429 1116 2456 decimarum
1137 2429 1214 2457 inve-

479 2479 547 2497 mes.

517 2516 525 2539 1
550 2515 640 2541 Lectio
661 2516 832 2550 perturbata,
853 2519 882 2542 ut
901 2520 973 2552 patet
991 2518 1028 2552 (R.
1044 2519 1091 2551 T.).

515 2558 530 2584 2
551 2557 658 2585 Videtur
677 2559 819 2594 legendum
838 2561 1001 2590 avertendis
1020 2564 1056 2596 (R.
1074 2563 1121 2596 T.).

1034 181 1210 205 BULLARIUM
1231 180 1385 205 ROMANUM

1381 101 1400 120 δ

1229 227 1260 260 in
1285 227 1507 270 imperatorem
1528 228 1637 267 electo,
1654 227 1743 261 enixe
1762 238 1779 260 a
1794 228 1885 261 nobis
1905 239 1963 273 pro

1230 280 1399 322 Hungarici
1418 281 1507 323 regni
1525 279 1582 320 sui,
1601 280 1684 323 quod
1701 280 1838 323 undique
1856 281 1967 324 impio-

1231 344 1299 365 rum
1318 343 1405 365 arma
1430 333 1672 373 circumsonant,
1689 333 1878 375 defensione,
1897 344 1968 367 con-

1231 385 1346 426 silium,
1364 396 1438 429 opes
1456 391 1485 418 et
1505 386 1654 418 auxilium
1673 386 1833 429 flagitanti,
1853 396 1967 430 suppe-

1232 438 1290 470 tias
1315 438 1398 471 serre
1422 438 1627 471 decrevimus.

1277 490 1291 533 §
1308 490 1338 523 3.
1359 491 1406 531 At,
1425 501 1495 523 cum
1514 501 1657 523 camerae
1677 494 1803 524 nostrae
1820 491 1969 534 apostoli-

1233 553 1286 576 cae
1301 548 1471 587 proventus
1485 543 1640 587 expensis,
1658 553 1735 586 quas
1748 543 1970 586 praediximus,

1233 596 1364 640 aliisque
1382 607 1584 640 summopere
1600 596 1722 629 attritos
1740 597 1771 629 in
1784 596 1971 640 praeteritae

1234 648 1324 681 samis
1352 659 1388 681 ac
1411 650 1507 693 pestis
1526 649 1754 689 necessitatem,
1771 649 1970 682 subditorum

1235 701 1412 742 commodo,
1427 702 1504 735 adeo
1520 702 1618 745 pietas
1635 701 1822 745 profuderit,
1835 706 1869 734 ut
1885 701 1923 733 ad
1936 711 1972 734 ea

1235 754 1391 797 praesidia
1423 755 1635 798 comparanda
1648 781 1655 795 ,
1687 764 1767 798 quae
1798 755 1970 787 Turcarum

1236 806 1319 840 bello
1343 817 1407 840 non
1428 807 1529 840 solum
1545 807 1737 851 repellendo,
1755 817 1864 839 verum
1880 806 1972 840 etiam

1236 859 1296 892 illis
1315 859 1487 900 inserendo,
1505 860 1700 903 amissisque,
1718 860 1781 892 Deo
1798 859 1972 901 adiuvante,

1236 911 1488 956 recuperandis¹,
1514 912 1652 956 impares
1683 912 1897 956 reperiantur,
1922 922 1974 945 co-

1236 965 1342 1008 gimur
1371 965 1517 1009 exemplo
1542 966 1754 999 Romanorum
1788 964 1973 998 Pontificum

1237 1018 1515 1062 praedecessorum
1550 1023 1733 1051 nostrorum
1768 1018 1806 1050 ad
1842 1017 1974 1050 aliarum

1238 1071 1440 1104 ecclesiarum
1459 1071 1629 1115 peculium,
1646 1081 1726 1115 quae
1742 1070 1864 1104 Domini
1882 1071 1976 1114 patri-

1239 1125 1342 1158 monia
1367 1129 1449 1165 sunt,
1477 1125 1616 1157 animum
1642 1129 1847 1165 convertere,
1874 1134 1977 1168 spera-

1239 1187 1372 1220 musque
1396 1177 1426 1208 in
1450 1178 1561 1217 causa,
1586 1187 1665 1220 quae
1689 1176 1742 1209 Dei
1768 1180 1833 1217 est,
1864 1182 1894 1209 et
1917 1187 1976 1220 pro

1238 1240 1298 1274 qua
1322 1229 1505 1272 sanguinem
1532 1229 1693 1262 effundere
1717 1239 1811 1262 nemo
1835 1229 1975 1262 fidelium

1239 1287 1407 1323 recusaret,
1429 1292 1538 1315 omnes
1563 1282 1766 1316 libentissime
1783 1293 1819 1316 ac
1835 1283 1975 1317 certatim

1239 1335 1484 1368 contributuros.

1283 1389 1298 1432 ἓ
1321 1388 1351 1421 4.
1377 1388 1489 1421 Habita
1515 1388 1611 1431 igitur
1635 1398 1730 1432 super
1754 1388 1815 1422 hoc
1834 1399 1905 1421 cum
1927 1399 1977 1422 ve-

1239 1441 1431 1474 nerabilibus
1455 1441 1604 1474 fratribus
1628 1442 1744 1474 nostris
1759 1442 1788 1475 S.
1804 1442 1841 1475 R.
1859 1442 1892 1475 E.
1909 1434 2005 1476 car-g

1240 1494 1396 1526 dinalibus
1430 1494 1656 1527 deliberatione
1688 1495 1829 1535 matura,
1856 1494 1895 1527 de
1918 1504 1974 1527 eo-

1240 1547 1383 1580 rumdem
1409 1547 1540 1580 consilio
1558 1552 1588 1580 et
1604 1557 1742 1587 assensu,
1763 1547 1929 1581 indicimus
1948 1553 1979 1581 et

1241 1601 1432 1644 imponimus
1448 1611 1499 1633 sex
1517 1601 1654 1643 integras
1675 1601 1811 1634 decimas
1836 1601 1978 1634 omnium

1241 1656 1271 1686 et
1294 1663 1568 1696 quorumcumque
1593 1653 1763 1693 fructuum,
1788 1653 1978 1695 reddituum,

1242 1711 1462 1749 proventuum,
1478 1706 1604 1747 iurium,
1624 1706 1858 1747 obventionum,
1875 1707 1977 1740 distri-

1242 1759 1406 1792 butionum
1432 1759 1686 1802 quotidianarum
1702 1765 1732 1792 et
1751 1761 1980 1794 emolumento-

1243 1823 1313 1844 rum
1338 1812 1572 1845 ordinariorum
1605 1817 1634 1846 et
1658 1813 1980 1859 extraordinariorum

1244 1865 1384 1898 omnium
1419 1870 1449 1898 et
1481 1876 1752 1910 quarumcumque
1784 1867 1980 1910 patriarcha-

1244 1918 1320 1951 lium
1346 1923 1375 1951 et
1401 1919 1725 1962 metropolitanarum,
1743 1919 1980 1961 cathedralium,

1246 1971 1497 2014 collegiatarum,
1514 1981 1549 2004 ac
1574 1972 1812 2015 parochialium,
1838 1972 1983 2005 aliarum-

1247 2035 1308 2068 que
1332 2025 1548 2066 ecclesiarum,
1573 2036 1695 2059 necnon
1719 2027 1981 2060 monasteriorum

1247 2082 1276 2109 et
1300 2083 1521 2118 conventuum,
1546 2088 1582 2111 ac
1607 2078 1698 2111 etiam
1724 2089 1904 2112 mensarum
1928 2090 1983 2123 pa-

1248 2130 1461 2163 triarchalium
1475 2157 1482 2170 ,
1503 2131 1816 2175 archiepiscopalium
1831 2159 1838 2172 ‚
1863 2132 1984 2175 episco-

1248 2176 1375 2226 palium,
1393 2183 1607 2225 abbatialium,
1627 2185 1845 2228 capitularium
1863 2191 1892 2218 et
1909 2195 1984 2218 con-

1248 2237 1463 2276 ventualium,
1489 2237 1686 2280 prioratuum
1720 2248 1866 2281 quoque,
1896 2248 1985 2282 prae-

1248 2290 1461 2333 positurarum
1475 2317 1482 2331 ,
1508 2290 1798 2334 praeceptoriarum
1814 2317 1822 2331 ,
1851 2291 1981 2324 canoni-

1249 2348 1372 2375 catuum
1388 2369 1395 2383 ‚
1428 2348 1458 2375 et
1481 2343 1732 2386 praebendarum
1748 2370 1755 2384 ‚
1775 2343 1960 2386 dignitatum
1976 2371 1984 2385 ‚

1249 2401 1483 2440 personatuum,
1509 2396 1831 2438 administrationum,
1857 2402 1887 2429 et
1916 2397 1984 2430 offi-

1250 2449 1382 2489 ciorum,
1396 2449 1674 2492 eappellaniarum,
1684 2454 1926 2493 ceterorumque
1936 2450 1985 2483 be-

1288 2564 1296 2590 l
1316 2562 1426 2599 Aliquid
1441 2564 1528 2598 deest,
1544 2571 1585 2599 ex.
1602 2572 1628 2599 g.
1645 2571 1714 2599 opus
1728 2565 1823 2599 forent
1836 2566 1875 2599 (n.
1891 2564 1939 2599 τ.).

1981 182 2030 208 Αη.
2048 181 2076 208 C.
2098 182 2161 210 1661

2018 1402 2115 1422 net-imas
2139 1402 2174 1422 im-

2007 1429 2057 1458 onit,
2070 1431 2092 1449 ut
2106 1428 2126 1449 in
2140 1434 2174 1449 ru·

2007 1460 2060 1476 rica.
