2243 3205
85 150 135 176 An.
151 148 179 175 C.
201 147 270 174 1662

95 2445 232 2499 poiiiimmm
243 2450 279 2472 ap·

875 148 1062 173 ALExANDER
1087 148 1131 172 vu
1155 149 1203 172 PP-

284 195 399 228 neralis
423 197 486 229 una
511 207 582 229 eum
608 196 668 230 illis
700 197 926 241 professionem
960 196 1021 229 Sil-

285 249 454 281 vestrinam
471 249 595 283 visitare
612 250 723 294 possit;
741 250 829 283 finito
842 261 914 284 vero
933 250 1027 282 trien-

284 301 337 335 nio
351 302 542 343 huiusmodi,
556 314 592 336 co
605 314 686 336 anno
699 304 752 347 qui
770 309 912 347 superest
925 313 1025 346 usque

286 355 324 387 ad
349 356 518 399 capitulum
553 358 716 400 generale,
752 363 814 390 tam
848 358 1024 390 visitatores

286 408 459 442 Silvestrini
494 421 587 453 quam
624 411 686 443 duo
720 411 813 443 Vallis
853 411 1026 443 Umbrosae

285 465 347 496 una
372 474 441 496 cum
467 464 579 496 abbate
604 465 742 507 generali
771 464 948 497 universam
976 475 1026 497 re-

285 516 434 559 ligionem
460 517 602 557 visitent,
632 517 725 561 idque
750 517 942 560 intelligatur
968 528 1026 561 pro

286 569 369 602 dicto
394 576 505 614 quarto
531 580 622 610 anno,
647 570 848 614 postmodum
871 581 946 603 vero
971 571 1026 603 ob-

285 628 428 656 servetur
453 623 483 655 in
507 634 588 656 novo
613 624 749 667 capitulo
782 624 920 666 generali
949 624 1026 656 illud

285 677 368 720 quod
383 687 476 720 supra
494 677 655 710 decretum
670 682 716 710 est
734 677 817 710 circa
836 678 1026 717 visitatores3

285 730 369 773 quod
401 730 426 763 si
459 730 590 762 durante
623 730 706 763 dicto
736 730 870 764 triennio
896 731 1026 763 alicuius

286 793 322 816 ex
354 782 553 817 monasteriis
587 783 791 826 professionis
827 783 1027 816 Silvestrinae

286 837 406 870 vacatio
441 842 608 877 occurrat,
644 837 742 880 possit
774 837 856 870 illius
892 838 1027 871 vicarius

286 890 442 933 generalis
470 891 634 924 nominare
668 891 858 924 monachum
891 890 1025 923 habilem

287 943 390 976 abbati
415 943 554 987 generali
591 954 607 976 a
632 953 694 987 quo
726 944 906 977 nominatus
941 944 1027 976 insti-

287 1002 411 1040 tuatur,
437 1003 466 1030 et
490 998 566 1030 haec
592 998 691 1030 forma
719 997 904 1030 observetur
929 1008 1028 1041 usque

288 1051 325 1084 ad
351 1051 522 1095 capitulum
547 1051 702 1094 generale.
732 1051 891 1083 Praefatae
923 1056 1027 1084 autem

288 1104 455 1138 electiones
479 1110 510 1138 et
533 1104 640 1145 electi,
672 1115 795 1138 necnon
826 1114 937 1138 omnes
962 1115 1028 1137 mo-

287 1158 377 1191 derni
402 1159 583 1202 superiores
607 1158 781 1191 Silvestrini
801 1158 832 1190 in
850 1158 914 1191 suis
939 1168 1028 1202 supe-

288 1212 439 1246 rioritatis
461 1212 573 1246 officiis
597 1212 710 1245 durent
734 1222 833 1255 usquc
854 1211 891 1244 ad
910 1211 1026 1245 dictum

288 1265 460 1310 capitulum
493 1266 660 1309 generale,
694 1266 725 1298 in
758 1276 820 1309 quo
853 1276 910 1308 pro
940 1265 1029 1298 novis

289 1319 493 1353 electionibus
522 1318 670 1352 faciendis
700 1318 737 1351 ad
771 1319 959 1362 probitatem
994 1329 1029 1351 ac

289 1373 420 1406 virtutes
445 1378 474 1405 et
498 1373 609 1405 merita
626 1372 916 1416 promovendorum
934 1377 1030 1404 atten-

289 1425 390 1459 datur.

334 1480 348 1523 ἓ
379 1479 430 1512 1⁶2.
464 1479 629 1512 Postremo
659 1478 760 1511 eidem
786 1477 1029 1521 Congregationi

288 1544 345 1578 per
375 1537 573 1578 praesentem
600 1533 749 1566 unionem
783 1543 818 1565 ex
852 1532 973 1564 duabus
999 1532 1030 1563 in

289 1598 383 1620 unam
409 1587 607 1627 coalescenti,
633 1586 761 1630 eiusque
786 1586 983 1619 monasteriis
1001 1590 1030 1618 et

289 1641 357 1673 aliis
384 1641 462 1674 locis
486 1640 706 1683 regularibus,
732 1650 767 1672 ac
792 1639 1029 1683 superioribus,

289 1694 452 1727 monacbis
476 1699 506 1726 et
530 1693 674 1737 personis
699 1693 972 1736 quibuscumque,
998 1698 1031 1725 ut

290 1748 436 1781 omnibus
461 1753 490 1780 et
515 1747 646 1789 singulis
671 1746 866 1790 privilegiis,
899 1746 1029 1789 gratiis,

289 1801 513 1844 indulgentiis,
544 1800 693 1840 indultis,
726 1805 787 1832 tam
813 1799 1030 1843 spiritualibus

289 1865 383 1898 quam
408 1854 646 1898 temporalibus,
670 1853 914 1897 praerogativis,
940 1863 1030 1896 prae-

290 1909 488 1949 eminentiis,
513 1907 775 1948 antelationibus,
800 1906 976 1940 honoribus
1002 1912 1031 1939 et

290 1961 459 2001 favoribus,
484 1966 545 1993 tam
570 1971 588 1993 a
612 1960 702 1993 nobis
727 1971 822 2004 quam
843 1971 860 1992 a
881 1960 1030 1993 Romanis

291 2014 494 2048 Pontificibus
518 2014 814 2058 praedecessoribus
843 2014 976 2054 nostris,
1002 2019 1031 2047 et

291 2067 370 2101 Sede
405 2068 586 2112 Apostolica
616 2067 743 2100 cuilibet
775 2077 811 2099 ex
848 2068 1030 2100 memoratis

291 2121 412 2154 duabus
436 2121 736 2165 congregationibus
761 2121 870 2164 quovis
891 2121 984 2154 modo
1003 2126 1032 2153 et

291 2175 562 2219 qualitercumque
588 2174 744 2208 concessis
761 2174 814 2216 uti,
838 2175 908 2215 frui,
935 2175 1030 2218 potiri

292 2233 322 2261 et
345 2229 482 2271 gaudere
506 2228 606 2261 libere
627 2233 656 2261 ct
681 2228 764 2261 licite
780 2228 901 2272 possint
919 2234 948 2261 et
973 2239 1028 2261 va-

292 2282 384 2323 leant,
410 2287 507 2322 motu,
533 2282 673 2323 scientia,
688 2281 914 2314 deliberatione
932 2287 961 2314 et
978 2293 1030 2326 po*

293 2334 411 2368 testatis
431 2334 623 2379 plenitudine
637 2334 766 2378 paribus
784 2333 985 2367 concedimus
1003 2340 1032 2367 et

293 2388 501 2431 indulgemus.

339 2441 353 2485 ἓ
377 2440 429 2474 13.
462 2441 670 2474 Decernentcs
702 2441 825 2475 easdem
851 2447 1032 2486 praesentes

294 2494 434 2535 litteras,
460 2500 489 2527 ct
514 2494 543 2527 in
569 2494 613 2527 eis
638 2500 782 2528 contenta
806 2506 1031 2540 quaecumque,

296 2548 388 2582 etiam
414 2559 450 2582 ex
475 2559 512 2582 eo
536 2548 620 2592 quod
645 2547 775 2592 quilibet
798 2549 828 2582 in
852 2549 1033 2594 praemissis

1060 207 1114 229 seu
1138 207 1247 230 corum
1266 196 1371 241 aliquo
1388 197 1434 230 ius
1453 198 1498 230 vel
1514 197 1667 231 interesse
1687 197 1800 231 baben<

1059 254 1104 282 tes
1117 260 1171 282 seu
1186 249 1303 283 habere
1316 251 1426 294 quovis
1440 251 1532 284 modo
1546 250 1799 295 praetendentes,

1060 302 1195 336 cuiusvis
1220 309 1333 345 status,
1359 304 1489 347 gradus,
1515 304 1799 348 praeeminentiae,

1060 357 1307 400 superioritatis,
1333 358 1462 398 ordinis,
1487 358 1674 391 conditionis
1699 364 1729 391 et
1753 358 1799 390 di-

1060 410 1185 452 gnitatis
1211 410 1351 453 existant,
1377 411 1499 444 etiamsi
1519 411 1728 444 cardinalatus
1745 411 1800 444 ho-

1060 474 1137 496 nore
1161 464 1308 506 fulgeant,
1321 469 1373 497 aut
1387 464 1447 497 alia
1464 465 1571 508 quavis
1586 465 1800 498 ecclesiastica

1061 517 1108 550 vel
1134 517 1291 550 inundanti
1316 518 1466 560 dignitate
1490 518 1632 562 praediti,
1651 529 1705 551 seu
1723 518 1798 551 alias

1061 571 1185 614 speciali
1212 577 1241 603 et
1266 571 1426 604 individua
1451 573 1608 605 mentione
1626 578 1655 605 et
1673 582 1799 616 expres·

1061 625 1147 658 sione
1171 624 1257 667 digni
1282 624 1359 665 sint,
1386 625 1445 658 illis
1469 636 1532 659 non
1556 627 1771 659 consenserint
1789 653 1797 667 ,

1061 684 1114 711 aut
1138 678 1175 710 ad
1201 688 1236 710 ea
1261 678 1383 719 vocati,
1417 679 1499 712 citati
1533 685 1562 711 et
1595 679 1713 719 auditi,
1746 690 1801 712 seu

1061 743 1183 773 causae,
1208 737 1340 776 propter
1363 742 1440 775 quas
1465 738 1646 775 praesentes
1677 743 1802 765 emana-

1062 789 1142 825 runt,
1168 785 1330 825 adductae,
1356 784 1542 826 vcrIsicatae,
1566 790 1595 819 et
1612 785 1802 818 sufficienter

1061 844 1113 871 aut
1140 839 1226 871 nullo
1251 839 1345 872 modo
1371 838 1553 872 justificatae
1577 849 1639 871 non
1665 839 1801 878 fuerint,

1063 893 1109 925 vel
1134 903 1168 924 ex
1184 893 1243 924 alia
1264 903 1473 936 quacumque,
1491 892 1691 936 quantumvis
1711 892 1801 933 iusta,

1063 945 1206 986 iuridica,
1231 945 1281 989 pia
1303 950 1332 979 et
1355 945 1552 989 privilegiata
1578 948 1682 985 causa,
1709 956 1801 978 ocea—

1063 998 1158 1041 sione,
1176 999 1291 1038 colore,
1307 998 1443 1041 ingenio,
1464 1003 1627 1042 praetextu
1642 1004 1671 1031 et
1692 998 1802 1042 capite,

1063 1052 1155 1084 etiam
1194 1053 1223 1084 in
1259 1062 1394 1096 corpore
1429 1052 1507 1085 iuris
1542 1053 1672 1092 clauso,
1709 1053 1801 1085 ctiam

1064 1106 1211 1147 enormis⁷
1233 1106 1471 1138 enormissimae
1488 1110 1518 1139 et
1533 1106 1635 1138 totalis
1647 1106 1801 1147 laesionis,

1064 1160 1149 1193 nullo
1174 1170 1312 1203 unquam
1348 1165 1492 1203 tempore
1522 1159 1559 1191 de
1589 1159 1803 1202 subreptionis

1064 1214 1110 1246 vel
1147 1213 1341 1256 obreptionis
1377 1218 1428 1245 aut
1462 1212 1613 1245 nullitatis
1645 1212 1719 1244 vitio
1755 1212 1802 1244 vel

1065 1267 1243 1300 intentionis
1268 1270 1393 1299 nostrae
1418 1276 1472 1298 seu
1498 1265 1546 1298 ius
1579 1266 1625 1298 vel
1653 1266 1802 1298 interesse

1065 1320 1245 1352 habentium
1286 1330 1339 1351 seu
1376 1319 1492 1351 babere
1530 1318 1803 1362 praetendentium

1064 1384 1234 1407 consensus
1254 1373 1354 1406 aliove
1372 1373 1482 1416 quovis
1497 1372 1725 1415 quantumlibet
1743 1382 1804 1404 ma-

1064 1437 1145 1469 gno,
1178 1427 1321 1467 formali,
1354 1425 1549 1459 substantiali
1577 1436 1612 1458 ac
1645 1425 1804 1467 incognito

1064 1486 1093 1513 et
1118 1479 1359 1522 inexcogitabili,
1389 1479 1630 1522 necessarioque
1655 1483 1684 1512 et
1709 1479 1805 1522 speci-

1064 1534 1155 1566 ficam
1191 1533 1427 1577 expressionem
1467 1533 1646 1576 requirente
1682 1532 1806 1564 defectu

1064 1588 1163 1619 notari
1181 1615 1186 1628 ,
1213 1587 1362 1628 infringi,
1389 1585 1588 1630 impugnari,
1620 1585 1781 1619 retractari
1799 1611 1805 1623 ‚

1065 1640 1203 1679 limitari,
1223 1639 1408 1680 modificari,
1435 1639 1465 1671 in
1491 1639 1738 1672 controversiam
1757 1648 1805 1669 vo-

1065 1695 1152 1735 cari,
1177 1700 1229 1726 aut
1253 1694 1290 1726 ad
1317 1693 1469 1726 terminos
1494 1693 1571 1726 iuris
1595 1693 1725 1732 reduci,
1751 1703 1805 1724 scu

1065 1748 1212 1780 adversus
1246 1748 1314 1780 illas
1350 1752 1380 1779 et
1416 1747 1467 1779 illa
1503 1746 1687 1790 aperitionis
1719 1746 1805 1785 oris,

1066 1801 1271 1833 restitutionis
1296 1801 1326 1833 in
1352 1800 1530 1843 integrum,
1556 1800 1679 1832 aliudve
1704 1800 1805 1843 quod-

1065 1865 1201 1898 cumque
1226 1855 1313 1894 iuris,
1339 1854 1409 1886 sacti
1428 1854 1474 1886 vel
1493 1853 1610 1896 gratiae
1630 1853 1803 1886 remedium

1066 1907 1226 1951 impetrari
1252 1907 1299 1940 vel
1321 1907 1477 1947 intentari,
1492 1912 1544 1939 aut
1562 1907 1739 1950 impetrato,
1757 1906 1804 1938 vel

1065 1962 1157 1994 etiam
1184 1967 1284 2003 motu,
1311 1962 1440 1995 scientia
1465 1967 1495 1994 et
1519 1962 1680 2005 potcstatis
1705 1961 1803 2004 pleni*

1067 2015 1173 2048 tudine
1203 2015 1357 2048 similibus
1389 2025 1537 2048 concesso
1569 2015 1614 2047 vel
1648 2019 1803 2053 cmanato,

1066 2069 1245 2112 quempiam
1270 2069 1300 2101 in
1326 2069 1442 2102 iudicio
1468 2069 1514 2101 vel
1541 2074 1628 2101 extra
1661 2068 1735 2101 illud
1760 2067 1803 2101 uti

1066 2133 1121 2155 seu
1145 2133 1177 2155 sc
1202 2122 1308 2154 iuvare
1332 2133 1424 2166 posse
1440 2150 1447 2163 ‚
1472 2133 1574 2165 neque
1600 2122 1682 2165 ipsas
1718 2132 1805 2164 prac-

1066 2181 1168 2208 sentcs
1192 2176 1311 2208 litteras
1337 2176 1394 2208 sub
1407 2176 1570 2219 quibusvis
1588 2175 1737 2207 similium
1756 2174 1802 2206 vel

1066 2229 1264 2262 dissimilium
1284 2229 1445 2270 unionum,
1466 2229 1730 2269 coniunctiomim,
1747 2234 1805 2260 sta-

1067 2289 1216 2323 tutorum,
1242 2282 1486 2322 ordinationum,
1511 2282 1749 2316 concessionum
1776 2287 1804 2316 et

1067 2336 1258 2370 indultorum
1270 2336 1532 2375 revocationibus,
1541 2335 1803 2375 restrictionibus,

1067 2389 1314 2431 limitationibus,
1329 2389 1596 2431 derogationibus,
1610 2389 1716 2422 aliisve
1735 2400 1804 2422 con-

1067 2443 1171 2476 trariis
1196 2443 1466 2487 dispositionibus,
1495 2442 1587 2475 etiam
1613 2453 1670 2486 per
1694 2453 1750 2475 nos
1775 2448 1804 2474 et

1067 2507 1283 2540 quoscumque
1308 2496 1465 2529 Romanos
1490 2495 1655 2528 Pontifices
1684 2506 1804 2528 succes-

1068 2559 1155 2583 sores
1179 2552 1313 2589 nostros,
1331 2547 1505 2592 Sedernque
1525 2548 1727 2592 praedictam,
1746 2548 1804 2581 sub

1703 136 1766 173 779
1815 149 1865 176 An.
1880 151 1908 177 c.
1930 150 1997 178 1662
