2243 3205
47 176 93 203 An.
109 174 135 200 C.
159 172 225 199 1660

56 448 143 470 oratoris
150 447 227 474 suppli-

49 475 160 497 sationibus
190 475 216 494 ad

48 503 124 524 haeret.

84 1623 188 1644 Clausulas
199 1629 235 1649 ap-

17 1653 19 1678 }
60 1652 120 1677 pontt.

126 1889 154 1910 De
158 1891 212 1915 rogat
218 1891 236 1911 io

62 1917 214 1937 contrariorum.

102 2315 242 2341 Transumpus
299 2309 315 2353 ἓ
345 2309 375 2342 5

67 2341 120 2361 credi
133 2343 223 2363 mandat.

238 222 304 253 ret:
338 217 429 252 nobis
463 224 631 263 propterea
662 219 763 253 dictus
794 219 981 252 Franciscus

239 271 400 304 humiliter
416 272 585 316 supplicari
610 272 681 305 fecit
699 277 732 305 ut
752 272 782 305 in
801 271 981 316 praemissis

239 329 418 368 opportune
442 325 609 368 providere
626 330 656 358 et
672 331 705 358 ut
721 325 801 358 infra
818 325 981 368 indulgere

239 377 277 409 de
302 377 493 420 benignitate
519 378 689 422 apostolica
714 378 926 421 dignaremur.

285 430 300 473 ᾗ
317 429 346 462 2.
369 431 430 463 Nos
447 429 554 473 igitur,
573 431 675 475 ipsum
698 428 900 464 Fi‘anciscuni
917 441 982 474 spe-

219 483 374 516 'cialibus
399 483 556 516 favoribus
582 489 611 516 et
637 484 748 527 gratiis
766 484 915 528 prosequi
935 495 982 517 vo-

241 535 351 576 lentes,
376 541 406 568 et
429 546 446 568 a
470 536 632 579 quibusvis
658 536 982 577 ecommunicationis‚

241 592 310 628 etc.,
322 588 434 620 harum
449 588 529 621 serie
547 589 742 622 absolventes
756 595 786 622 et
802 589 981 623 absolutum

242 641 310 674 sore
335 646 508 682 censentes,
535 642 715 675 huiusmodi
741 643 979 686 supplicationi-

241 693 300 726 bus
325 693 475 735 inclinati,
507 694 684 729 facultatem
716 695 850 729 docendi
879 706 983 729 sacras

242 746 387 780 scientias
412 747 682 792 humanioresque
706 748 837 790 litteras,
864 750 983 792 praesa-

242 805 291 833 tae
304 800 546 843 Congregationi
571 801 737 834 Doctrinae
758 802 951 836 Christianae
967 813 984 835 a

245 853 399 897 Gregorio
414 854 575 897 praedicto
589 855 668 888 sicut
685 856 898 899 praemittitur
916 867 986 889 con-

244 917 386 948 cessam,
422 908 607 941 auctoritate
650 910 844 953 apostolica,
877 915 985 943 tenore

243 961 466 1005 praesentium,
479 963 692 1005 approbamus
708 968 736 995 et
751 963 985 1003 confirmamus,

242 1020 341 1059 utque
369 1015 436 1058 ipsa
463 1015 671 1058 Congregatio
704 1016 869 1049 Doctrinae
901 1017 986 1049 Chri-

244 1068 356 1109 tianae,
370 1069 442 1101 licet
455 1079 472 1101 a
491 1071 666 1102 memorata
683 1069 932 1112 Congregatione
949 1070 986 1102 de

245 1122 416 1156 Somascba
439 1128 593 1167 separata,
610 1127 644 1157 ut
668 1124 856 1167 praefertur,
874 1123 988 1156 nibilo-

245 1176 359 1217 minus,
384 1177 446 1208 una
467 1187 538 1209 cum
557 1177 714 1210 exercitiis
739 1178 786 1209 sui
807 1170 987 1221 principalis

245 1229 389 1271 instituti,
415 1241 518 1263 sacras
543 1231 686 1263 scientias
722 1230 988 1274 humanioresque

248 1285 370 1318 litteras
395 1284 575 1317 huiusmodi
602 1285 632 1316 in
657 1284 826 1317 academiis
844 1290 873 1317 et
897 1285 989 1317 colle-

247 1339 307 1382 giis
324 1338 468 1382 publicis‚
484 1339 514 1371 in
534 1339 648 1382 quibus
666 1339 704 1371 ad
725 1349 874 1382 praesens
900 1339 990 1372 stabi-

246 1394 301 1428 lita
326 1399 372 1427 est
397 1397 426 1427 et
457 1394 487 1426 in
516 1394 656 1427 futurum
691 1394 885 1434 stabilietur,
911 1394 991 1428 sicut

247 1448 337 1494 prius
362 1447 477 1481 docere
501 1448 599 1480 libere
616 1453 646 1480 et
663 1448 746 1480 licite
766 1448 864 1492 possit
889 1454 919 1480 ct
937 1459 989 1480 va-

247 1502 319 1543 leat,
337 1502 523 1536 auctoritate
548 1505 577 1535 et
602 1507 709 1535 tenore
734 1502 901 1546 praedictis
920 1513 991 1535 con-

249 1555 391 1589 cedimus
415 1560 445 1588 et
468 1555 679 1598 indulgemus.

294 1609 309 1653 §
332 1608 361 1642 3.
387 1609 595 1642 Decernentes
609 1609 732 1642 easdem
750 1614 931 1653 praesentes
946 1609 993 1642 lit-

251 1668 333 1697 teras
357 1673 482 1707 semper
502 1663 627 1703 firmas,
646 1668 714 1705 etc.,
733 1663 838 1707 sicque
857 1664 886 1696 in
906 1674 992 1707 prae-

250 1717 354 1751 missis
378 1728 435 1762 per
459 1728 677 1761 quoscumque
698 1717 825 1758 iudices,
848 1723 917 1758 ete,
940 1717 992 1750 dc-

250 1771 334 1805 finiri
359 1771 491 1813 debere,
510 1782 545 1804 ac
562 1771 688 1804 irritum
715 1776 744 1804 et
767 1771 874 1812 inane,
901 1771 925 1804 si
944 1782 991 1804 sc-

251 1836 316 1867 cus,
341 1831 410 1865 etc„
436 1825 603 1868 contigerit
627 1825 780 1857 attentari.

298 1878 354 1922 §4
371 1879 438 1912 Non
452 1878 646 1911 obstantibus
661 1878 853 1922 praemissis,
870 1889 906 1911 ac
923 1889 994 1912 con-

251 1932 466 1966 stitutionibus
483 1937 512 1965 et
532 1932 784 1965 ordinationibus
802 1932 993 1976 apostolicis,

251 1996 374 2019 necnon
389 1985 560 2029 quibusvis,
574 1990 642 2025 etc„
657 1986 686 2018 in
701 1986 893 2019 contrarium
909 1997 994 2029 prae-

252 2040 421 2073 missorum
443 2040 680 2083 quomodolibet
695 2039 860 2080 concessis,
878 2041 993 2073 contir-

253 2094 344 2126 matis
380 2099 410 2126 et
446 2094 613 2134 innovatis,
639 2094 753 2137 quibus
790 2093 937 2126 omnibus
966 2099 995 2126 et

253 2147 394 2191 singulis,
405 2147 529 2180 illorum
543 2153 667 2181 tenores
680 2148 907 2191 praesentibus
926 2153 994 2188 etc,

253 2201 430 2246 specialiter
444 2207 474 2234 et
494 2212 640 2245 expresse
653 2202 854 2244 derogamus,
871 2202 996 2234 ceteris-

254 2265 315 2299 que
328 2255 494 2288 contrariis
512 2255 774 2300 quibuscumque.

413 2310 562 2342 Volumus
598 2315 701 2342 autem
742 2314 775 2341 ut
814 2308 995 2342 earumdem

254 2362 468 2406 praesentium
490 2362 663 2394 litterarum
691 2362 905 2405 transumptis,
932 2372 996 2394 ma-

254 2426 309 2457 nu,
330 2421 399 2456 etc„
425 2415 532 2448 eadem
557 2426 687 2459 prorsus
711 2415 788 2448 fides
813 2415 930 2458 ubique
956 2416 996 2449 lo-

256 2479 365 2503 corum
394 2474 455 2502 tam
482 2469 511 2501 in
538 2469 653 2501 iudicio
683 2479 775 2512 quam
809 2475 894 2501 extra
923 2469 997 2501 illud

257 2523 452 2563 adhibeatur,
471 2533 550 2566 quac
569 2522 644 2566 ipsis
670 2522 889 2566 praesentibus
910 2523 998 2556 adhi-

258 2576 397 2619 berctur⁷
419 2576 442 2608 si
470 2578 569 2609 l'orcnt
595 2576 749 2610 exhibitae
776 2577 820 2609 vel
847 2582 997 2610 ostensae.

817 171 1002 194 ALExANDEn
1026 170 1068 193 vn
1098 170 1146 193 PP.

1659 159 1720 193 567

1054 218 1165 251 Datum
1191 218 1318 259 Romae,
1341 218 1425 263 apud
1453 219 1481 251 S.
1503 218 1631 251 Mariam
1660 218 1754 251 Maio-

1015 282 1093 313 rem,
1107 272 1165 304 sub
1179 272 1295 305 annulo
1313 273 1499 313 piscatoris,
1514 272 1565 305 die
1583 282 1635 305 xix
1649 271 1757 316 aprilis

1015 336 1131 366 mecnx,
1148 326 1352 369 pontificatus
1371 326 1472 359 nostri
1497 336 1580 359 anno
1602 336 1642 358 vt.

1052 388 1110 416 Dat.
1123 377 1171 415 ’die
1188 388 1217 415 19
1234 388 1327 423 aprilis
1346 389 1422 421 1660,
1440 389 1535 424 pontif.
1552 396 1622 416 anno
1638 396 1675 415 vi.

1321 558 1450 592 CCXCV.

1016 649 1083 682 Pro
1108 648 1185 681 bono
1211 647 1370 691 7·e91'mine
1397 647 1665 690 Conqreyalionis
1691 647 1759 681 Cle-

1062 702 1206 735 ricorum
1228 712 1414 745 pauperum
1443 701 1560 734 Matris
1584 701 1644 735 Dei
1668 700 1760 734 Scho-

1064 756 1172 788 larum
1197 755 1349 788 Piarum.

1213 842 1381 870 Alexander
1401 843 1480 876 Papa
1499 843 1561 877 Vll,

1143 889 1177 914 ad
1199 891 1376 921 perpetuam
1396 887 1442 914 rei
1457 887 1640 914 memoriam.

1064 968 1151 1007 Cum,
1166 968 1245 1000 sicut
1269 967 1459 1011 accepimus,
1474 966 1504 998 in
1529 966 1757 1009 Congregatio-

1020 1032 1058 1054 ne
1089 1021 1226 1064 regulari
1253 1021 1441 1054 clericorum
1463 1031 1638 1065 pauperum
1657 1021 1761 1053 Matris

1021 1075 1074 1108 Dei
1091 1075 1277 1108 Scholarum
1294 1075 1419 1108 Piarum
1439 1075 1544 1118 plures
1558 1079 1684 1107 exortae
1702 1073 1763 1106 sint

1022 1128 1273 1169 controversiae,
1298 1139 1355 1162 nos
1380 1128 1447 1160 illas
1479 1128 1628 1161 dirimere
1652 1133 1682 1160 et
1705 1127 1762 1160 bo-

1022 1192 1098 1214 num
1132 1181 1231 1225 ipsius
1256 1181 1515 1224 Congregationis
1547 1186 1699 1224 quantum
1733 1180 1763 1212 in

1023 1236 1156 1268 Domino
1175 1246 1344 1279 possumus
1361 1246 1551 1279 promovere
1569 1235 1741 1278 cupientes,

1068 1291 1083 1333 ξ
1108 1290 1136 1323 1.
1163 1290 1247 1323 Motu
1272 1290 1412 1333 proprio,
1438 1300 1473 1321 ac
1498 1300 1534 1321 ex
1559 1290 1644 1322 certa
1669 1289 1765 1322 seien-

1024 1344 1064 1376 tia
1082 1349 1111 1376 et
1128 1344 1249 1377 matura
1266 1343 1491 1376 deliberatione
1519 1341 1644 1384 nostris,
1665 1342 1765 1386 deque

1024 1397 1214 1441 apostolicae
1239 1396 1400 1440 potestatis
1425 1395 1627 1440 plenitudine,
1650 1396 1765 1428 statui-

1025 1461 1094 1484 mus
1120 1456 1149 1483 et
1182 1450 1380 1483 decernimus
1414 1456 1522 1482 tenore
1554 1449 1765 1493 praesentium

1024 1508 1058 1538 ut
1082 1504 1279 1548 praepositus
1297 1504 1453 1547 generalis
1478 1509 1670 1537 memoratae
1688 1503 1765 1537 Con-

1025 1558 1218 1601 gregationis
1236 1563 1265 1591 et
1290 1563 1424 1602 quatuor
1445 1558 1635 1605 assistentes,
1656 1563 1717 1590 tam
1737 1557 1768 1591 in

1026 1613 1135 1646 ultimo
1153 1612 1291 1656 capitulo
1311 1612 1450 1655 generali
1478 1612 1583 1652 electi,
1609 1622 1701 1655 quam
1719 1611 1768 1645 de-

1027 1666 1132 1710 inceps
1158 1666 1190 1699 in
1215 1671 1404 1710 perpetuum
1424 1666 1570 1709 eligendi,
1588 1666 1703 1699 durare
1719 1665 1769 1699 de-

1027 1719 1119 1752 beant
1142 1719 1180 1751 ad
1200 1719 1384 1752 sexennium
1409 1724 1544 1757 tantum‘,
1572 1719 1695 1763 ipsique
1719 1729 1769 1752 as-

1027 1774 1171 1806 sistentes
1207 1779 1312 1806 votum
1339 1773 1477 1806 habeant
1501 1773 1672 1806 decisivum
1698 1784 1768 1806 cum

1028 1826 1138 1860 eodem
1160 1827 1342 1870 praeposito
1357 1827 1494 1870 generali
1510 1826 1540 1859 in
1555 1826 1768 1869 electionibus,

1027 1880 1282 1924 deputationibus
1307 1891 1342 1913 ac
1368 1880 1593 1914 mutationibus
1618 1891 1768 1924 quorum-

1028 1944 1163 1978 cumque
1197 1933 1417 1977 superiorum3
1446 1934 1518 1966 item
1548 1934 1579 1967 in
1609 1934 1710 1967 causis
1741 1939 1770 1967 et

1028 1988 1189 2021 sententiis
1207 1987 1435 2028 criminalibus,
1454 1998 1575 2021 necnon
1594 1987 1625 2020 in
1642 1988 1770 2031 quibus-

1029 2052 1163 2085 cumque
1188 2041 1256 2073 aliis
1282 2041 1414 2083 actibus,
1440 2041 1493 2085 qui
1519 2052 1554 2074 ex
1580 2041 1772 2075 constitutio-

1028 2095 1120 2128 nibus
1141 2095 1279 2128 eiusdem
1297 2095 1556 2138 Congregationis
1574 2095 1621 2128 vel
1639 2095 1772 2128 decretis

1029 2149 1156 2192 capituli
1182 2149 1338 2191 generalis
1363 2149 1431 2182 fieri
1462 2160 1515 2182 seu
1553 2149 1692 2193 expediri
1717 2149 1770 2182 de-

1029 2202 1103 2236 bent
1121 2213 1137 2234 a
1152 2203 1333 2246 praeposito
1348 2202 1487 2245 generali
1502 2208 1532 2235 et
1545 2203 1771 2236 assistentibus:

1030 2257 1060 2289 in
1086 2256 1215 2299 reliquis
1241 2267 1315 2289 vero
1341 2257 1434 2290 iidem
1462 2257 1640 2290 assistentes
1666 2262 1771 2290 votum

1030 2310 1166 2342 babeant
1179 2310 1400 2351 consubivum,
1419 2315 1448 2343 et
1466 2310 1664 2354 praepositus
1682 2320 1772 2353 gene-

1031 2363 1104 2395 ralis
1121 2363 1224 2407 quoad
1242 2363 1332 2396 eum‘
1354 2364 1424 2396 fieri
1443 2364 1558 2407 poterit
1575 2374 1684 2397 eorum
1703 2374 1773 2397 con-

1031 2416 1134 2449 silium
1165 2422 1315 2460 sequatur
1341 2417 1378 2449 ad
1405 2417 1635 2461 praescriptum
1661 2418 1773 2451 consti-

1032 2470 1187 2503 tutionum
1222 2470 1318 2514 ipsius
1347 2471 1623 2514 Congregassonis,
1653 2476 1682 2504 et
1710 2473 1772 2504 una

1071 2587 1079 2612 1
1103 2585 1212 2612 Videtur
1232 2585 1374 2621 legendum
1396 2587 1491 2620 quoad
1504 2595 1557 2621 per
1573 2595 1638 2613 eum
1655 2588 1691 2623 (n.
1708 2588 1755 2623 r).

1768 169 1814 194 An.
1830 168 1857 194 C.
1887 169 1955 195 15:60

1803 982 1887 1002 Mutua.

1806 1300 1930 1320 Getici-alem
1943 1302 1961 1319 et

1780 1330 1903 1347 ants-tento<
1936 1327 1962 1346 att

1780 1360 1899 1374 §exeuntum
1925 1354 1963 1374 ulu-

1781 1387 1827 1401 rare
1843 1381 1936 1401 mandat.

1821 2265 1971 2284 Ass-inmundi<

1788 2291 1807 2311 iu
1823 2298 1892 2312 raum·
1903 2298 1971 2311 ernnu-

1788 2318 1870 2338 nabbuz
1881 2318 1971 2338 dntimti·

1788 2350 1842 2367 unu,
1854 2351 1872 2365 m
1884 2345 1971 2370 reliquis

1789 2377 1837 2391 rrio
1873 2372 1971 2391 enitami-

1788 2404 1835 2418 rum
1848 2401 1916 2418 return
1925 2404 1973 2418 cuu-

1788 2425 1852 2445 cedit.
