2263 3215
259 201 314 229 An.
336 200 363 229 c.
383 200 450 230 1656
496 191 559 226 242

300 1643 411 1664 Confirmat
420 1643 460 1670 pri·

278 1670 357 1694 vileat:
375 1670 461 1690 fratrum

279 1697 363 1718 Ordinis
387 1697 410 1718 B.
433 1697 461 1718 M.

279 1724 306 1743 de
317 1723 415 1744 Mercede
427 1729 461 1744 ca-

279 1750 390 1777 purorum.

457 249 512 283 stri
540 248 696 292 generalis
716 253 745 281 et
765 247 985 281 universorum
1004 248 1098 282 totius
1110 258 1197 292 prae-

455 301 528 334 dicti
541 300 665 334 Ordinis
678 301 892 344 prosessorum
910 301 1100 341 nominibus,
1113 301 1196 344 quod

457 353 556 386 eidem
582 352 702 394 Ordini,
727 353 857 397 eiusque
881 353 1040 396 domibus,
1067 354 1144 386 locis
1168 358 1197 386 et

455 406 617 451 personis,
643 406 856 439 confratribus
880 411 910 439 et
932 406 1197 446 benefactoribus,

456 470 539 493 nunc
574 465 603 492 et
635 470 693 503 pro
726 464 869 503 tempore
894 459 1117 501 existentibus,
1143 470 1198 503 per

457 512 598 546 eamdem
616 512 727 545 Sedem
746 512 958 556 Apostolicam
979 522 1126 546 concessa
1136 512 1198 545 sue-

457 570 531 599 runt
556 565 659 598 variae
683 565 801 608 gratiae
826 570 856 599 et
880 565 1008 598 indulta.

502 619 518 663 §
550 619 579 652 ἱ).
612 619 688 652 Cum
722 622 824 652 autem
857 619 1008 652 maiorem
1040 618 1200 651 obtineant

458 672 585 706 roboris
599 672 778 705 firmitatem
798 683 833 705 ea
853 683 933 716 quae
957 672 1128 716 apostolica
1149 682 1200 704 au-

461 724 604 758 ctoritate
629 725 753 768 saepius
770 725 966 765 muniuntur,
981 730 1010 757 et
1033 729 1200 768 propterea

462 778 544 811 idem
565 778 695 811 Michael
713 778 884 822 praemissa
908 788 964 821 per
992 787 1049 810 nos
1066 776 1200 810 nomini-

461 831 519 864 bus
543 831 711 875 praedictis
728 831 819 865 etiam
845 829 1026 864 confirmari
1047 834 1077 862 et
1093 839 1203 873 appro-

462 885 529 917 bari
555 884 727 928 plurimum
745 884 916 917 desideret:
942 882 1060 916 idcirco
1076 892 1144 923 nos,
1164 882 1202 914 ll-

463 938 660 982 dephonsum
685 942 714 970 et
743 937 926 970 Micliaelem
956 936 1095 979 aliosque
1119 945 1205 979 prae-

465 990 565 1025 dictos
594 990 738 1034 specialis
771 990 890 1033 gratiae
919 989 1025 1023 favore
1056 989 1204 1033 prosequi

467 1045 615 1087 volentes,
631 1049 660 1077 et
683 1044 810 1077 illorum
831 1043 1006 1086 singulares
1023 1052 1172 1086 personas
1189 1053 1207 1075 a

467 1097 629 1142 quibusvis
658 1095 1001 1136 excommunicationis,
1026 1095 1206 1139 suspensio-

466 1151 514 1184 nis
531 1156 561 1184 et
576 1150 744 1191 interdicti,
762 1149 892 1193 aliisque
909 1148 1126 1182 ecclesiasticis
1143 1158 1209 1182 sen-

468 1204 582 1245 tentiis,
609 1203 750 1236 censuris
774 1208 804 1235 et
827 1202 945 1246 poenis,
965 1212 983 1234 a
1008 1201 1076 1234 iure
1100 1201 1147 1233 vel
1171 1201 1210 1234 ab

468 1257 606 1298 homine,
624 1256 732 1301 quavis
756 1256 922 1289 occasione
942 1255 989 1288 vel
1015 1255 1109 1288 causa
1130 1254 1209 1295 latis,

470 1312 495 1345 si
509 1311 623 1355 quibus
638 1309 874 1355 quomodolibet
887 1308 1053 1341 innodatae
1065 1308 1211 1346 existunt,

470 1365 508 1400 ad
535 1364 681 1398 effectum
697 1362 909 1408 praesentium
927 1362 1087 1395 dumtaxat
1105 1371 1213 1395 conse-

471 1418 642 1464 quendum,
665 1417 778 1451 harum
799 1416 880 1450 serie
905 1416 1101 1449 absolventes
1119 1421 1148 1448 et
1165 1415 1214 1447 ab·

472 1472 590 1506 solutas
624 1471 691 1505 sore
721 1475 902 1512 censentes,
934 1467 1214 1513 supplicationibus

474 1525 600 1559 illorum
618 1524 710 1557 nobis
726 1523 854 1557 nomine
870 1532 964 1567 super
977 1522 1038 1555 hoc
1054 1521 1216 1555 humiliter

474 1577 630 1623 porrectis
655 1577 806 1618 inclinati,

521 1632 536 1676 ἓ
559 1631 589 1664 3.
615 1631 726 1665 Omnia
750 1635 780 1663 et
804 1630 928 1673 singula
952 1628 1089 1670 indulta,
1114 1628 1213 1673 privi-

476 1686 577 1729 legia,
601 1684 738 1728 gratias,
764 1683 989 1727 indulgentias,
1014 1687 1217 1727 peccatorum

477 1738 688 1780 remissiones,
708 1748 744 1771 ac
763 1736 1028 1781 poenitentiarum
1053 1735 1218 1769 relaxatio-

478 1803 533 1826 nes
550 1791 651 1826 eidem
666 1789 786 1831 Ordini,
805 1790 951 1834 illiusque
972 1789 1128 1830 domibus,
1142 1788 1219 1822 locis

479 1849 509 1880 et
531 1844 675 1890 personis
698 1854 734 1877 ac
758 1843 971 1877 confratribus
998 1853 1056 1886 per
1078 1842 1220 1875 eamdem

480 1898 591 1933 Sedem
628 1902 658 1930 et
689 1896 830 1930 diversos
864 1897 1020 1930 Romanos
1054 1895 1221 1929 Pontifices

480 1951 739 1996 praedecessores
752 1955 877 1983 nostros
894 1950 1056 1993 hucusque
1074 1959 1220 1983 concessa

482 2010 512 2038 et
537 2005 732 2044 confirmata,
746 2003 917 2036 dummodo
933 2008 1035 2036 tamen
1048 2002 1222 2046 privilegia,

483 2058 603 2091 indulta
637 2063 667 2090 et
690 2057 750 2090 alia
774 2056 932 2100 praedicta
957 2055 1063 2090 omnia
1087 2055 1117 2088 in
1143 2065 1224 2096 usu,

484 2122 542 2146 nec
567 2114 711 2145 revocata
735 2116 787 2143 aut
820 2110 878 2143 sub
903 2109 1065 2154 quibusvis
1088 2119 1221 2143 revoca—

484 2164 622 2198 tionibus
647 2163 875 2208 comprehensa
900 2163 970 2203 sint,
995 2172 1030 2195 ac
1054 2162 1150 2195 sacris
1174 2173 1223 2195 ca-

485 2218 619 2253 nonibus
645 2223 675 2251 et
699 2217 827 2251 Concilii
846 2216 1018 2250 Tridentini
1043 2215 1176 2250 decretis
1197 2221 1226 2249 et

487 2271 759 2306 constitutionibus
784 2276 814 2304 et
838 2269 1087 2304 ordinationibus
1107 2274 1228 2313 aposto-

487 2325 555 2359 licis
568 2325 706 2369 dictique
722 2324 846 2358 Ordinis
863 2323 1061 2367 regularibus
1078 2323 1227 2356 institutis

488 2391 551 2414 non
576 2380 797 2420 adversentur,
823 2378 996 2423 apostoliea
1021 2377 1228 2417 auctoritate,

491 2439 599 2466 tenore
630 2432 852 2477 praesentium,
881 2435 1035 2475 perpetuo
1063 2430 1229 2463 confirma-

494 2496 563 2518 mus
577 2490 606 2518 et
624 2485 845 2529 approbamus,
860 2495 895 2517 ac
911 2486 1080 2528 perpetuae
1095 2487 1124 2515 et
1136 2481 1230 2514 invio-

494 2538 595 2571 labilis
619 2539 808 2581 apostolicae
833 2537 989 2570 firmitatis
1013 2536 1128 2570 robore
1145 2545 1230 2569 com-

1034 199 1212 226 BULLARIUM
1236 198 1390 226 ROMANUM

1229 258 1323 292 quam
1347 247 1419 281 facti
1445 246 1593 290 desectus,
1614 247 1639 279 si
1663 247 1725 290 qui·
1741 246 1877 291 desuper
1894 255 1969 290 quo—

1231 300 1400 334 modolibet
1425 299 1661 341 intervenerint,
1679 300 1881 343 supplemus;
1906 308 1969 332 non

1230 353 1424 387 obstantibus
1449 351 1724 386 constitutionibus
1749 357 1779 385 et
1802 350 1969 385 ordinatio-

1230 405 1323 439 nibus
1348 405 1539 449 apostoliciS,
1564 415 1610 445 ac,
1634 409 1786 449 quatenus
1811 414 1890 448 opus
1914 403 1969 446 sit,

1231 458 1304 491 dicti
1322 458 1456 499 Ordinis,
1477 457 1570 490 etiam
1595 458 1781 498 iuramento,
1807 456 1970 490 confirma-

1232 511 1315 545 tione
1340 510 1524 555 apostolica,
1545 510 1592 543 vel
1617 510 1726 554 quavis
1750 509 1897 543 firmitate
1910 509 1972 542 alia

1232 564 1398 605 roboratis,
1412 564 1534 597 statutis
1558 569 1588 597 et
1606 562 1895 604 consuetudinibus,
1912 562 1972 606 pri-

1234 617 1352 660 vilegiis
1376 627 1518 661 quoque,
1544 616 1672 650 indultis
1697 621 1727 648 et
1750 615 1862 648 litteris
1885 625 1973 659 apos-

1233 670 1351 704 stolicis
1368 670 1400 702 in
1416 668 1609 703 contrarium
1633 668 1883 713 praemissorum
1899 678 1973 711 quo-

1234 722 1407 756 modolibet
1431 721 1608 763 concessis,
1633 721 1827 755 confirmatis
1861 725 1891 754 et
1919 719 1970 754 in-

1234 776 1375 816 novatis;

1280 830 1294 872 g
1318 829 1347 861 4.
1373 828 1491 867 Quibus
1515 827 1664 861 omnibus
1688 832 1718 860 et
1742 826 1884 871 singulis,
1904 826 1975 860 illo·
1991 840 2100 863 obstantia
2110 842 2164 865 ωηιι
2202 831 2229 870 ’,ἢ

1237 892 1306 915 rum
1339 886 1463 914 tenores
1495 880 1713 925 praesentibus
1743 890 1802 924 pro
1830 879 1923 924 plene
1946 884 1977 912 et

1237 934 1428 968 sufficienter
1459 933 1614 978 expressis
1639 938 1669 966 et
1704 933 1742 966 ad
1767 932 1898 966 verbum
1924 932 1974 965 in-

1239 988 1329 1022 sertis
1353 988 1515 1029 habentes,
1541 988 1601 1020 illis
1625 987 1701 1020 alias
1725 987 1756 1020 in
1781 997 1838 1021 suo
1862 986 1978 1019 robore

1239 1041 1464 1086 permansuris,
1489 1041 1526 1074 ad
1551 1040 1795 1085 praemissorum
1822 1039 1979 1080 effectum,

1240 1096 1299 1129 hac
1319 1095 1384 1128 vice
1404 1094 1573 1136 dumtaxat,
1590 1094 1770 1138 specialiter
1787 1097 1817 1126 et
1833 1102 1980 1137 expresse

1241 1149 1445 1192 derogamus3
1471 1148 1646 1192 ceterisque
1663 1146 1830 1181 contrariis
1854 1145 1980 1189 quibus-

1242 1211 1387 1245 cumque.

1286 1255 1397 1288 Datum
1423 1254 1550 1295 Romae,
1576 1252 1660 1297 apud
1681 1252 1710 1286 S.
1740 1251 1868 1285 Mariam
1886 1251 1982 1285 Maio-

1245 1318 1323 1348 rem,
1349 1307 1406 1340 sub
1434 1307 1550 1339 annulo
1575 1305 1752 1347 Piscatoris,
1771 1304 1822 1337 die
1847 1315 1880 1338 xi
1898 1308 1983 1338 octo-

1246 1361 1312 1394 bris
1327 1370 1456 1400 mncnvi,
1472 1359 1674 1404 pontificatus
1690 1358 1791 1392 nostri
1811 1367 1894 1391 anno
1908 1367 1940 1391 ιι.

1283 1425 1342 1451 Dat.
1367 1424 1394 1451 11
1418 1422 1536 1451 octobris
1558 1422 1635 1455 1656,
1653 1420 1747 1457 pontif.
1764 1429 1833 1448 anno
1848 1426 1879 1448 ιι.

1537 1535 1705 1570 CXXXVII.

1252 1609 1460 1653 Confirmatio
1477 1606 1696 1652 quorumdam
1712 1609 1915 1649 statutorum,
1935 1616 1991 1639 seu

1296 1662 1538 1706 capitulorum,
1574 1665 1610 1694 ut
1636 1661 1843 1694 mandatarii
1881 1660 1992 1694 curiae

1298 1715 1455 1759 Capitolii
1482 1715 1574 1748 Urbis
1609 1714 1764 1758 appaltus
1797 1714 1990 1747 citationum

1296 1779 1359 1802 non
1383 1767 1540 1812 faciant'.

1448 1839 1614 1867 Alexander
1634 1839 1714 1874 Papa
1733 1839 1798 1874 vn,

1396 1886 1431 1912 ad
1451 1884 1584 1911 futuram
1602 1883 1647 1911 rei
1666 1882 1848 1911 memoriam.

1298 1947 1314 1991 ἓ
1338 1947 1363 1980 1.
1388 1946 1470 1980 Alias
1501 1956 1518 1978 a
1547 1944 1644 1979 felicis
1675 1944 1902 1978 recordationis
1930 1945 1991 1979 Ur-

1256 2059 1370 2086 narunt
1393 2053 1515 2086 litterae
1540 2051 1571 2084 in
1597 2051 1690 2084 simili
1704 2052 1806 2084 forma
1822 2051 1938 2094 Brevis,
1956 2056 1996 2084 te·

1257 2107 1343 2141 noris
1368 2105 1536 2150 sequentis,
1561 2104 1720 2138 videlicet:

1436 2159 1587 2193 Urbanus
1610 2159 1706 2203 Papa
1734 2157 1827 2199 VIII,

1370 2213 1412 2247 ad
1436 2215 1587 2257 futuram
1611 2212 1660 2246 rei
1689 2212 1890 2245 memoriam.

1304 2266 1560 2302 Christifidelium
1574 2265 1807 2310 quorumlibet’
1820 2271 1850 2298 et
1862 2275 2000 2309 praeser-

1261 2322 1316 2355 tim
1341 2322 1442 2354 almae
1467 2319 1559 2353 Urbis
1583 2324 1710 2353 nostrae
1734 2319 1824 2360 votis,
1848 2329 1905 2363 per
1922 2329 2003 2364 quae

1263 2374 1423 2409 communi
1444 2384 1554 2407 eorum
1580 2372 1650 2417 paci
1671 2377 1764 2416 atque
1784 2372 1907 2406 utilitati
1927 2382 2003 2406 con-

1262 2428 1385 2469 sulitur,
1395 2427 1529 2461 libenter
1543 2426 1720 2466 annuimus,
1735 2435 1833 2469 eaque
1847 2425 2003 2459 favoribus

1300 2509 1309 2534 1
1333 2507 1371 2534 Ex
1392 2507 1498 2543 Regest.
1520 2507 1546 2533 in
1566 2506 1668 2533 Secret.
1685 2506 1761 2533 Brev.

1298 2551 1314 2578 2
1330 2551 1395 2579 Male
1411 2552 1475 2578 edit.
1495 2551 1573 2577 Main.
1590 2551 1653 2585 legit
1675 2549 1920 2585 Christifidelt'um
1935 2557 2004 2585 quo-

496 2592 662 2632 munimus,
677 2601 846 2635 omnesque
863 2597 892 2624 et
906 2591 1046 2634 singulos
1064 2596 1126 2622 tam
1146 2589 1230 2630 iuris,
1246 2610 1249 2631 ι
1265 2605 1328 2625 rum
1349 2603 1384 2628 (v.
1403 2603 1449 2629 in).

1974 198 2026 226 An.
2047 199 2076 227 G.
2093 198 2159 230 ¹656

2093 1954 2180 1977 nom

1255 2000 1336 2033 bano
1350 2000 1433 2044 Papa
1447 1998 1512 2032 VIII
1526 1997 1770 2042 praedecessore
1790 2002 1898 2031 nostro
1915 2007 1996 2031 ema·
2010 1981 2132 2031 fissssi²iiiii⁰
2146 1979 2180 2005 ω
2197 1991 2207 2011 ¹*
