2263 3215
251 183 300 208 An.
316 182 344 209 C.
365 183 430 210 1657

277 351 357 371 Prason
368 359 386 371 ιη
396 359 407 371 n

258 723 368 743 Decretum
379 724 431 743 altas

248 756 259 769 a
267 750 432 775 congregatione

248 777 332 797 Rittium
348 782 431 797 ›smana-

249 805 290 823 tum
301 806 403 824 recenset.

288 2006 367 2027 Petitur
383 2012 430 2027 eon·

248 2033 333 2053 firmari.

257 2323 369 2345 Confirmat
381 2324 432 2345 Pon·

249 2351 304 2372 tifex.

477 173 541 207 264

643 230 810 257 Alexander
831 231 910 264 Papa
929 231 991 265 vll,

572 277 606 301 ad
628 278 804 308 perpetuam
824 275 869 301 rei
885 275 1067 302 memoriam.

492 335 661 369 Salvatoris
686 342 715 368 et
732 336 854 369 Domini
872 336 970 370 nostri
989 337 1057 370 Iesu
1075 337 1187 371 Christi
1204 332 1206 377 3¹

448 389 530 422 vices
562 390 633 421 licet
670 390 817 425 immeriti
852 395 996 432 gerentes
1022 390 1052 422 in
1078 390 1205 430 terris,¹

447 453 526 485 quae
551 442 589 474 ad
615 442 754 474 divinum
776 443 893 476 cultum
920 448 949 476 et
974 443 1112 475 fidelium
1139 443 1205 479 dc-¹

447 495 581 528 votionis
598 499 800 538 augmentum
823 495 954 539 sapienti
977 496 1187 539 conspicimus
1203 486 1205 538 4]

447 548 571 581 decreta
597 559 664 581 esse
682 549 822 589 consilio,
839 549 982 590 libenter,
1003 559 1072 582 cum
1094 559 1110 580 a
1130 559 1186 582 no-

447 601 495 634 bis
519 601 645 645 petitur,
671 602 835 646 apostolici
862 602 1045 635 muniminis
1069 599 1205 645 praest-4

447 654 498 687 dio
524 654 721 687 roboramus,

492 707 506 750 g
531 707 560 740 ¹1.
587 708 749 740 Emanavit
784 708 938 751 siquidem
969 718 985 739 a
1015 717 1188 750 congrega-

446 759 531 793 tione
544 760 769 793 venerabilium
783 760 916 793 fratrum
927 766 1107 793 nostrorum
1123 770 1189 793 san-

447 817 514 846 ctae
538 813 697 846 Romanae
727 814 883 847 Ecclesiae
906 813 1118 856 ⁸cardinalium
1145 824 1189 846 sa-

447 865 509 898 cris
534 865 646 899 ritibus
671 866 926 910 praepositorum
951 866 1112 899 decretum
1141 871 1205 898 te—t

446 917 533 951 noris
558 918 611 962 qui
636 919 788 962 sequitur,
814 918 973 951 videlicet:

492 984 504 1003 «
520 971 613 1005 Sacra
628 972 746 1004 rituum
761 972 977 1015 congregatio,
988 972 1048 1016 piis
1062 971 1189 1016 presby·
1204 1002 1205 1006 ,

447 1029 589 1058 terorum
615 1025 751 1058 Oratorii
776 1026 844 1058 Iesu
863 1025 976 1059 Christi
993 1025 1117 1058 Domini
1135 1035 1189 1058 no-

447 1078 503 1111 stri
530 1078 609 1110 votis
644 1078 780 1121 benigne
811 1088 974 1118 annuens,
999 1083 1065 1110 tum
1090 1077 1187 1121 ipsis,

447 1137 512 1164 tum
538 1131 651 1165 futuris
677 1132 707 1164 in
732 1136 921 1175 perpetuum
942 1131 1081 1164 eiusdem
1099 1131 1204 1164 insti-1

445 1186 503 1218 tuti
535 1186 610 1219 viris
641 1186 759 1230 ubique
789 1187 931 1220 Iocorum
964 1185 1204 1234 existentibus„

446 1239 622 1283 ceterisque
645 1240 792 1273 omnibus
808 1240 839 1272 in
856 1250 966 1273 eorum
984 1239 1187 1273 institutionis

446 1292 593 1326 domibus
618 1292 880 1335 cohabitantibus,
898 1292 1075 1336 quotannis,
1100 1297 1183 1325 tam-

446 1357 540 1391 quam
566 1347 604 1380 de
624 1347 777 1388 Patronis,
802 1347 852 1380 die
876 1356 975 1380 xxvui
1000 1347 1117 1380 mensis
1141 1346 1185 1378 ia-

445 1401 549 1434 nuarii
574 1402 685 1434 festum
719 1400 925 1434 solemnitatis
949 1400 1072 1433 Domini
1097 1400 1186 1440 Iesu,

446 1460 476 1488 et
493 1454 542 1488 die
560 1465 622 1488 svn
640 1454 831 1498 septembris
852 1454 964 1487 festum
983 1453 1187 1487 solemnitatis

446 1508 693 1552 gloriosissimae
717 1507 854 1550 Virginis
871 1518 942 1540 cum
960 1507 1078 1541 octavis
1103 1517 1188 1540 reco-

446 1562 550 1603 lendi,
579 1572 702 1595 necnon
737 1561 847 1594 missas
876 1567 906 1593 et
936 1561 1039 1594 officia
1070 1561 1146 1594 olim
1172 1571 1205 1593 a.

446 1617 537 1650 sacra
558 1616 803 1659 congregatione
825 1615 873 1648 vel
890 1614 973 1648 aliis¹
992 1615 1030 1648 ab
1056 1616 1188 1659 Aposto-

445 1670 505 1704 lica
529 1669 607 1703 Sede
635 1668 810 1713 approbata
834 1668 1032 1709 celebrandi,
1057 1662 1205 1710 rochan-l

446 1724 540 1768 dique
565 1723 743 1756 facultatem
762 1722 913 1755 attribuit.
931 1722 985 1755 Die
1002 1732 1042 1756 xv
1060 1733 1187 1756 novem-

445 1778 512 1811 bris
536 1787 662 1811 innomi.

491 1831 578 1865 Card.
597 1831 810 1872 Ssccnerrus,
828 1831 848 1863 Ι.
863 1830 957 1874 episc.
976 1830 1163 1864 Sabinensis.

537 1885 730 1918 FnAthscus
760 1885 796 1917 M.
824 1884 988 1923 Pflssssssus,
1021 1893 1099 1915 sacr.
1137 1883 1185 1916 rit.

579 1948 727 1981 congreg.
754 1937 944 1970 secretarius
966 1950 991 1968 ι».

491 1994 505 2036 ἓ
530 1993 558 2025 2.
584 1992 659 2026 Cum
685 1996 800 2031 autem,
819 1991 898 2024 sicut
918 2001 977 2034 pro
1002 1996 1089 2034 parte
1115 1991 1188 2023 dile-

447 2052 570 2080 ctorum
604 2045 741 2078 filiorum
774 2044 1033 2088 presbyterorum
1058 2044 1184 2087 praedi-

448 2104 570 2133 ctorum
596 2098 686 2131 nobis
711 2108 810 2142 nuper
831 2097 1006 2141 expositum
1032 2097 1099 2138 suit,
1130 2096 1187 2140 ipsi

447 2153 607 2186 decretum
642 2150 823 2184 huiusmodi
853 2150 1042 2194 apostolicae
1076 2150 1188 2183 contir-

448 2206 593 2240 mationis
610 2211 735 2239 nostrae
756 2205 871 2239 robore
898 2204 1084 2238 communiri
1103 2215 1187 2237 sum—

448 2270 577 2304 mopere
602 2258 795 2291 desiderent:

492 2315 507 2358 ξ
530 2313 559 2346 3.
586 2314 658 2354 Nos,
676 2312 844 2357 specialem
866 2311 1005 2345 eisdem⁹
1030 2311 1188 2355 presbyte-

448 2369 492 2401 ris
508 2367 642 2411 gratiam
662 2367 763 2400 facere
782 2366 932 2406 volentes,
951 2369 980 2399 et
1000 2375 1109 2399 corum
1131 2364 1189 2397 sin-

449 2421 575 2464 gulares
604 2430 756 2464 personas
781 2431 796 2452 a
822 2419 982 2462 quibusvis
1008 2429 1188 2452 excommu-

486 2504 496 2529 1
520 2501 631 2529 Videtur
645 2500 788 2536 legendum
805 2500 881 2527 alias
895 2504 933 2533 (a.
950 2500 996 2532 τ.).

484 2547 500 2573 2
520 2546 589 2573 Mate
609 2546 652 2573 ed.
675 2546 754 2574 Μαίη.
776 2545 840 2581 legit
860 2545 989 2573 eiusdem
1008 2552 1056 2579 pro
1081 2544 1188 2571 eisdem

449 2592 487 2626 (n.
507 2591 556 2625 τ.).

1015 184 1193 208 BULLAntmt
1220 184 1303 207 ROMA
1309 184 1372 208 NUM

1222 231 1398 271 nicationis,
1415 230 1631 274 suspensionis
1650 235 1680 262 et
1697 229 1864 272 interdicti,
1883 229 1960 262 aliis-

1222 294 1282 327 que
1307 283 1526 317 ecclesiasticis
1559 283 1741 324 sententiis,
1768 284 1907 316 censuris
1933 286 1962 316 et

1222 337 1340 380 poenis,
1363 348 1379 369 a
1405 337 1471 369 iure
1499 337 1543 368 rel
1570 336 1608 368 ab
1633 336 1771 376 homine,
1788 337 1896 379 quavis
1915 347 1963 369 oc-

1222 390 1346 422 casione
1372 390 1417 422 vel
1444 392 1535 422 causa
1561 389 1641 429 latis,
1659 389 1683 421 si
1702 389 1815 432 quibus
1834 399 1962 432 quomo·

1222 443 1341 476 dolibot
1366 443 1531 476 innodatae
1562 443 1718 482 existunt,
1747 443 1783 474 ad
1814 443 1959 475 effectum

1222 496 1434 540 praesentium
1453 496 1612 529 dumtaxat
1630 496 1897 541 consequendum,
1911 495 1962 528 ha-

1222 560 1291 582 rum
1318 550 1398 583 serie
1430 550 1626 583 absolventes
1657 556 1685 582 et
1715 549 1871 582 absolutas
1895 549 1962 582 fore

1222 606 1392 645 censentes,
1411 602 1693 646 supplicationibus
1709 612 1818 635 eorum
1835 601 1963 634 nomine

1203 656 1312 688 <nobis
1343 666 1438 699 super
1469 656 1528 688 hoc
1553 656 1713 689 humiliter
1737 655 1892 699 porrectis
1917 655 1962 687 in-

1222 710 1338 749 clinati,
1356 710 1518 743 decretum
1535 710 1777 753 ptaeinsertum,
1791 708 1962 752 apostolica

1203 750 1427 805 ⁴>auctoritate,
1454 768 1562 796 tenore
1587 763 1816 807 praesentium,
1841 761 1960 795 confir-

1204 819 1206 864 ζ
1223 826 1345 848 mamus
1362 821 1392 848 et
1406 816 1629 860 approbamus,
1650 815 1757 859 illique
1774 814 1964 858 apostolicae

1222 868 1380 901 firmitatis
1406 869 1503 902 robur
1528 869 1701 902 adiicimus.

1204 936 1206 968 ,¹
1266 922 1280 965 ξ
1311 921 1341 954 lt.
1379 922 1590 955 Decernentes
1619 921 1743 955 easdem
1780 925 1963 965 praesentes

1222 975 1342 1008 litteras
1359 986 1485 1019 semper
1511 975 1629 1015 sirmas,
1643 974 1760 1007 validas
1775 980 1804 1007 et
1821 974 1962 1007 efficaces

1222 1027 1355 1061 existere
1374 1033 1403 1060 et
1427 1028 1504 1069 fore,
1526 1038 1560 1061 ac
1579 1028 1651 1068 illis,
1676 1027 1713 1060 ad
1738 1037 1818 1071 quos
1841 1031 1963 1070 spectat

1203 1091 1205 1122 ς
1222 1086 1251 1113 et
1268 1091 1325 1125 pro
1346 1085 1490 1125 tempore
1510 1081 1680 1125 spectabit,
1697 1080 1880 1125 plenissime
1899 1079 1962 1112 sus-

1221 1135 1357 1177 fragari,
1386 1135 1492 1178 sicque
1517 1145 1574 1178 per
1598 1144 1816 1178 quoscumque
1844 1133 1963 1166 iudices

1220 1189 1397 1222 ordinarios
1424 1193 1453 1221 et
1477 1188 1646 1231 delegatos,
1677 1187 1769 1219 etiam
1796 1196 1961 1219 causarum

1220 1241 1324 1285 palatii
1346 1241 1509 1285 apostolici
1527 1241 1696 1281 auditores,
1712 1240 1843 1273 iudicari
1865 1244 1896 1272 et
1914 1239 1963 1272 de-

1220 1295 1303 1328 finiri
1321 1295 1452 1335 debere,
1470 1305 1505 1327 ac
1522 1295 1647 1327 irritum
1662 1299 1692 1326 et
1705 1294 1807 1334 inane,
1829 1293 1852 1326 si
1874 1303 1963 1326 secus

1221 1358 1315 1392 super
1347 1348 1394 1381 liis
1419 1359 1436 1380 a
1462 1357 1647 1391 quoquam,
1680 1347 1789 1390 quavis
1820 1345 1960 1379 auctori-

1221 1406 1303 1443 tate,
1329 1401 1463 1434 scienter
1495 1401 1542 1434 vel
1567 1401 1770 1444 ignoranter,
1797 1398 1965 1442 contigerit

1221 1455 1376 1489 attentari.

1266 1509 1329 1552 §5-
1356 1510 1423 1542 Non
1457 1507 1660 1542 obstantibus
1687 1506 1963 1541 constitutionibus

1221 1568 1250 1596 et
1276 1562 1526 1596 ordinationibus
1560 1561 1761 1605 apostolicis,
1787 1560 1963 1604 ceterisque

1222 1617 1387 1650 contrariis
1412 1616 1675 1661 quibuscumque.

1265 1670 1279 1713 ξ
1305 1669 1334 1703 6,
1366 1670 1517 1703 Volumus
1546 1673 1649 1703 autem
1683 1675 1717 1702 ut
1748 1668 1962 1713 praesentium

1203 1723 1435 1767 *transumptis
1455 1723 1548 1756 etiam
1574 1722 1756 1767 impressis,
1778 1732 1872 1754 manu
1899 1721 1959 1754 ali·-

1204 1793 1205 1809 t
1222 1777 1310 1810 cuius
1328 1777 1441 1810 notarii
1461 1777 1576 1820 publici
1603 1775 1798 1820 subscriptis,
1816 1780 1846 1809 et
1858 1775 1964 1818 sigillo

1203 1823 1374 1874 lpersonae
1403 1829 1434 1862 in
1465 1829 1676 1862 ecclesiastica
1709 1828 1862 1871 dignitate
1886 1838 1962 1861 con-

1202 1881 1346 1932 jstitutae
1373 1883 1511 1922 munitis,
1537 1882 1644 1915 eadem
1670 1891 1802 1925 prorsus
1827 1881 1905 1914 fides
1932 1881 1963 1913 in

1203 1937 1337 1985 :iudicio
1370 1943 1399 1969 et
1436 1941 1523 1970 extra
1555 1936 1632 1969 illud
1668 1936 1785 1980 ubique
1817 1935 1962 1968 locorum

1203 1994 1205 2039 ᾗ
1221 1991 1383 2030 habeatur,
1405 2000 1483 2034 quae
1501 1990 1575 2034 ipsis
1596 1989 1814 2033 praesentibus
1831 1989 1963 2022 habere-

1203 2041 1282 2086 ζων,
1300 2045 1324 2077 si
1343 2045 1444 2077 forent
1469 2043 1625 2076 exhibitae
1650 2043 1695 2076 vel
1722 2048 1873 2076 ostensae.

1203 2088 1205 2115 ἶ
1265 2098 1375 2130 Datum
1402 2098 1538 2132 Romae,
1564 2097 1645 2141 apud
1670 2097 1700 2130 S.
1726 2097 1851 2131 Petrum
1867 2123 1875 2137 ,
1904 2095 1962 2128 sub

1203 2124 1337 2184 iannuto
1358 2151 1536 2192 Piscatoris,
1557 2151 1606 2183 die
1628 2161 1668 2184 xx
1696 2150 1799 2183 martii
1824 2159 1962 2190 MDCLVH,

1203 2180 1421 2273 {pontificatus
1447 2205 1545 2237 nostri
1571 2214 1654 2237 anno
1676 2214 1707 2236 ιι.

1202 1604 1206 1634 t

1203 1637 1205 1646 t

1203 1650 1205 1660 t

1204 2276 1206 2342 1
1258 2268 1315 2295 Dat.
1334 2267 1378 2295 die
1393 2268 1427 2294 ‘20
1441 2267 1531 2294 martii
1548 2267 1626 2301 1657,
1643 2267 1739 2303 pontif.
1758 2274 1827 2294 anno
1847 2273 1874 2294 tt.

1203 2376 1207 2409 l

1516 2434 1666 2468 CXLVIII.

1223 2526 1268 2559 Ne
1294 2524 1564 2557 commendatarii
1595 2523 1867 2556 monasteriorum
1903 2522 1962 2556 Ca-

1267 2577 1518 2611 malduleusimn
1536 2577 1682 2620 deinceps
1702 2586 1734 2611 se
1752 2576 1904 2619 inqerant
1925 2575 1961 2609 m

1973 184 2025 209 An.
2044 183 2069 210 C.
2086 185 2150 214 1657

1989 956 1992 960 ¹
2004 929 2118 952 Decretum
2129 931 2155 952 ii·-

1976 958 2049 978 ritaiis.

1979 1514 2088 1536 Contraria
2099 1514 2154 1537 totttt.

2014 1675 2156 1700 Trai-immitto·
2205 1655 2206 1671 i

1978 1710 2023 1724 rum
2037 1703 2095 1724 fides.
