2243 3205
0 421 7 676 t

74 177 120 204 An.
137 175 165 202 C.
186 175 252 203 1661

90 1037 232 1061 Prooemium.

89 1413 233 1440 supplicatio.

28 2715 31 2759 t

867 174 1053 200 ALEXANDER
1078 174 1122 198 VII
1145 175 1193 199 PP.

268 222 405 257 cembris
433 233 572 265 unccxi,
606 224 804 268 pontificatus
832 224 932 259 nostri
961 233 1011 256 an-

268 287 309 310 no
328 287 381 310 vn.

302 340 363 367 Dat.
381 340 424 367 die
440 340 474 367 23
491 339 644 367 decembris
660 339 738 375 1661,
755 339 851 376 pontif.
869 348 940 366 anno
963 346 1009 367 vn.

554 483 722 517 CCCLXXI.

270 563 309 597 Ue
340 563 523 607 capitulum
557 565 707 608 perierale
743 565 1011 608 Conqreqationis

310 616 535 650 Eremitarum
559 617 864 652 Camaldulensium
881 617 918 651 de
934 629 1012 662 qua-

311 669 463 703 driennio
495 671 531 704 in
559 671 843 714 quadriennium,
871 675 900 704 et
924 672 1012 705 dieta

312 724 441 757 biennio
454 729 526 768 post
542 725 789 758 celebrationem
802 726 942 769 capituli
955 726 1011 758 liu-

310 777 454 810 iusmodi
477 779 648 822 respective
672 778 787 811 haberi
806 783 835 812 ec
859 778 1012 812 celebrari

309 830 473 865 debeant&

462 912 630 940 Alexander
650 913 729 947 Papa
748 913 810 947 Vll,

389 958 424 984 ad
445 960 623 991 perpetuam
643 957 689 984 rei
704 957 887 984 memoriam.

308 1027 453 1062 Debitum
470 1029 637 1073 pastoralis
654 1028 764 1070 officii,
778 1028 862 1073 quod
880 1034 1008 1062 auctore

264 1082 328 1115 Deo
352 1082 503 1125 gerimus,
529 1082 667 1126 postulat
698 1087 732 1115 ut
763 1082 844 1115 felici
874 1093 1007 1127 prospe-

262 1145 362 1178 roque
387 1135 669 1178 congregationum
695 1135 835 1168 virorum
857 1136 1007 1168 Altissimi

264 1188 426 1232 obsequiis
459 1189 516 1222 sub
550 1189 637 1222 suavi
671 1189 816 1222 arctioris
845 1189 1007 1232 religionis

262 1242 338 1286 iugo
363 1242 615 1287 mancipatorum
635 1243 783 1286 regimini
798 1249 827 1276 et
840 1243 1006 1287 gubernio,

262 1302 416 1341 quantum
442 1308 514 1330 cum
535 1296 670 1330 Domino
686 1307 866 1341 possumus,
892 1297 1003 1342 provi-

263 1350 339 1384 dere
363 1350 480 1394 iugiter
504 1355 694 1394 satagamus.

306 1404 321 1448 ἓ
346 1404 374 1436 l.
400 1404 521 1448 Exponi
548 1404 702 1448 siquidem
728 1403 819 1438 nobis
842 1414 945 1448 nuper
964 1404 1006 1437 fe-

262 1463 373 1491 cerunt
397 1457 502 1491 dilecti
534 1458 590 1490 filii
626 1457 807 1492 definitores
831 1457 932 1491 dietae
957 1468 1007 1500 ge-

260 1511 377 1544 neralis
414 1511 669 1554 congregationis
702 1511 913 1544 Eremitarum
948 1511 1006 1544 Ca-

262 1564 516 1606 maldulensium,
542 1565 627 1608 quod
652 1565 824 1598 multorum
849 1575 1004 1599 annorum

262 1619 478 1662 experimento
511 1624 709 1663 compertum
735 1624 781 1652 est
814 1630 929 1662 magno
964 1620 1006 1652 in-

263 1673 432 1706 commodo
457 1678 487 1706 et
511 1673 700 1707 detrimento
720 1683 787 1707 esse
811 1673 912 1706 eidem
931 1673 1006 1708 Con-

261 1726 451 1769 gregationi,
476 1726 571 1770 quod,
593 1727 726 1769 singulis
743 1727 887 1768 bienniis,
912 1727 1001 1771 capi-

261 1780 360 1812 tulum
386 1780 512 1823 quidem
538 1780 685 1823 generale
718 1790 779 1812 uno
805 1790 896 1822 anno,
922 1780 1005 1813 dieta

260 1843 335 1866 vero
352 1834 507 1876 generalis
525 1834 623 1877 ipsius
637 1833 895 1876 Congregationis
906 1834 1004 1868 altero

261 1887 435 1930 respective
460 1887 677 1927 eelebrentur;
710 1897 792 1928 nam,
825 1898 895 1920 cum
929 1887 1002 1920 dicti

261 1941 411 1974 eremitae
438 1941 598 1974 solitudini
623 1941 684 1974 sint
708 1941 841 1982 addicti,
868 1942 1003 1974 maxime

261 1993 393 2027 dedecet
413 2005 466 2028 eos
487 1994 585 2027 videri
615 1998 713 2028 totum
743 2005 858 2027 annum
878 2005 934 2038 per
950 1994 1000 2027 di-

260 2048 401 2081 versoria
427 2054 573 2091 vagantes
598 2058 634 2080 ex
660 2050 753 2081 causa
772 2048 922 2081 similium
940 2048 1004 2081 die-

260 2106 362 2134 tarum
388 2107 418 2134 et
442 2102 663 2145 capitulorum,
696 2101 726 2133 in
755 2101 868 2145 quibus
902 2102 1002 2145 pluri-

260 2166 331 2188 mae
356 2156 424 2188 fieri
450 2156 551 2189 solent
573 2155 762 2189 mutationes
780 2156 1002 2199 religiosorum

260 2215 290 2242 et
314 2209 468 2253 priorum,
493 2210 563 2253 qui,
588 2209 671 2253 quod
697 2219 729 2242 se
754 2210 783 2242 in
809 2210 919 2242 eodem
945 2221 1002 2253 gu-

259 2262 370 2296 bernio
395 2263 447 2295 diu
473 2273 535 2296 non
555 2273 777 2306 permansuros
802 2263 916 2304 vident,
943 2263 1003 2296 uti-

259 2316 337 2349 litati
370 2327 550 2350 eremorum
584 2317 711 2359 segnius
743 2316 818 2349 dant
850 2327 1001 2361 operam,

259 2379 415 2413 saepeque
446 2370 600 2412 contingit
634 2376 668 2402 ut
697 2370 781 2414 quod
812 2381 892 2403 unus
919 2371 1000 2403 ince-

259 2423 352 2466 perit,
377 2434 540 2456 successor
564 2423 723 2465 dissolvat,
741 2429 793 2457 aut
818 2434 880 2458 non
898 2434 1002 2468 prose-

259 2481 383 2520 quatur,
402 2477 475 2521 quia
492 2476 556 2510 sic²
572 2488 652 2521 opus
666 2477 703 2510 ab
721 2478 789 2511 aliis
808 2478 1000 2519 inchoatum,

296 2550 306 2576 1
330 2549 366 2575 Ex
388 2548 495 2583 aegest.
517 2548 542 2575 in
564 2549 669 2576 Secret.
691 2548 767 2576 Brev.

293 2593 310 2619 2
327 2593 428 2621 Forsan
442 2594 480 2622 sic
495 2601 543 2629 pro
558 2594 598 2622 sic
613 2594 763 2630 legendum
777 2595 815 2630 (a.
833 2596 881 2630 r.).

1694 165 1757 199 749

1045 223 1165 256 accedit
1195 223 1280 266 quod
1309 228 1370 256 tam
1397 223 1545 267 frequens
1576 223 1731 256 dietat-um
1757 227 1787 256 et

1045 276 1256 320 capitulorum
1288 276 1469 310 huiusmodi
1494 277 1664 310 celebratio
1690 280 1785 310 totam

1045 330 1329 374 Congregationem
1351 331 1534 374 praefatam,
1548 335 1578 363 et
1598 330 1785 374 praesertim

1045 395 1187 418 eremum
1214 384 1497 425 Camaldulensem,
1521 384 1673 427 gravibus
1706 394 1787 416 sum-

1044 437 1149 482 ptibus
1170 443 1296 478 onerat;
1331 438 1478 482 quodque
1504 438 1687 482 superiores
1720 448 1785 470 ma-

1044 491 1127 525 iores
1144 497 1208 524 tam
1229 491 1344 524 modici
1361 491 1512 535 temporis
1525 491 1626 535 spatio
1643 491 1786 525 notitiam

1045 543 1237 578 eremorum¹
1249 551 1278 577 et
1289 545 1490 588 negotiorum
1502 549 1562 579 tam
1576 545 1785 588 spiritualium

1045 609 1138 642 quam
1165 599 1388 642 temporalium
1410 598 1510 631 dietae
1527 598 1786 641 Congregationis

1046 663 1157 696 capere
1188 658 1365 696 nequeunt;
1390 652 1547 696 quinimo,
1573 663 1643 685 cum
1677 652 1784 685 eadem

1045 706 1254 749 Congregatio
1263 717 1325 740 non
1344 707 1445 739 solum
1460 706 1492 738 in
1509 706 1605 747 Italia,
1620 706 1673 739 sed
1691 706 1786 738 etiam

1045 761 1076 793 in
1101 760 1239 801 Polonia,
1263 760 1394 804 regione
1420 759 1508 792 valde
1535 761 1664 802 remota,
1690 759 1785 792 bene-

1044 813 1166 847 dicente
1182 813 1326 855 Domino,
1341 818 1515 857 propagata
1530 812 1715 856 reperiatur,
1728 822 1786 845 nec

1044 873 1175 912 possunt
1199 867 1297 901 eremi
1322 860 1469 901 Poloniae
1494 866 1626 910 singulis
1651 866 1785 900 bienniis

1044 921 1181 962 visitari,
1205 932 1264 954 nec
1278 921 1402 954 illarum
1417 920 1540 965 priores
1557 919 1596 952 ad
1613 919 1785 964 capitulum

1043 975 1190 1018 generale
1215 974 1332 1016 venire,
1350 974 1434 1018 quod
1455 979 1560 1006 tamen
1577 973 1645 1006 fieri
1669 978 1785 1017 posset,

1044 1028 1068 1061 si
1093 1028 1169 1061 illud
1194 1029 1232 1061 de
1257 1028 1465 1072 quadriennio
1487 1027 1517 1060 in
1541 1027 1784 1071 quadriennium

1043 1081 1223 1115 baberetur:
1252 1092 1350 1126 quare
1375 1081 1448 1114 dieti
1478 1086 1670 1125 exponentes
1694 1081 1785 1114 nobis

1042 1135 1205 1168 humiliter
1226 1135 1397 1179 supplicari
1416 1135 1573 1177 fecerunt,
1598 1139 1631 1167 ut
1649 1134 1680 1167 in
1697 1145 1785 1178 prae-

1043 1188 1144 1221 missis
1169 1194 1348 1232 opportune
1372 1187 1539 1231 providere
1554 1215 1561 1228 ,
1585 1193 1616 1220 et
1640 1192 1673 1221 ut
1705 1188 1784 1220 infra

1041 1242 1206 1285 indulgere
1223 1242 1261 1274 de
1285 1242 1477 1285 benignitate
1490 1241 1662 1286 apostolica
1679 1241 1785 1285 digna-

1041 1306 1160 1329 remur.

1085 1349 1099 1393 ξ
1124 1348 1153 1381 2.
1165 1349 1227 1383 Nos
1245 1349 1352 1393 igitur,
1371 1348 1498 1382 cosdem
1512 1352 1704 1392 exponentes
1717 1359 1783 1392 spe-

1040 1403 1174 1436 cialibus
1198 1402 1357 1436 favoribus
1383 1407 1412 1435 et
1437 1402 1546 1445 gratiis
1565 1402 1714 1446 prosequi
1732 1412 1782 1435 vo-

1039 1457 1147 1495 lentes,
1159 1460 1188 1490 et
1201 1467 1311 1489 eorum
1326 1456 1501 1499 singulares
1522 1465 1673 1500 personas
1687 1465 1704 1487 a
1717 1455 1782 1499 qui-

1038 1509 1145 1542 busvis
1159 1509 1503 1549 excommunicationis,
1520 1508 1735 1552 suspensionis
1753 1512 1782 1542 et

1039 1562 1213 1603 interdicti,
1242 1562 1374 1606 aliisque
1403 1561 1621 1595 ecclesiasticis
1657 1566 1781 1594 senten-

1040 1617 1099 1657 tiis,
1124 1616 1265 1650 censuris
1290 1621 1320 1649 et
1345 1616 1465 1660 poenis,
1485 1626 1503 1648 a
1520 1615 1589 1648 iure
1603 1615 1649 1648 vel
1667 1615 1705 1648 ab
1723 1615 1780 1648 ho-

1039 1671 1132 1713 mine,
1152 1670 1260 1715 quavis
1285 1669 1450 1702 occasione
1474 1669 1522 1702 vel
1548 1670 1641 1702 causa
1657 1669 1737 1710 latis,
1755 1669 1780 1701 si

1038 1725 1153 1769 quibus
1178 1724 1417 1768 quomodolibet
1444 1723 1609 1756 innodatae
1634 1724 1780 1763 existunt,

1038 1778 1077 1811 ad
1095 1778 1241 1812 effectum
1259 1778 1471 1822 pracscntium
1488 1777 1647 1810 dumtaxat
1664 1788 1777 1810 conse-

1038 1833 1208 1877 quendum,
1227 1833 1339 1865 harum
1365 1832 1446 1865 serie
1463 1831 1659 1865 absolventes
1678 1837 1707 1864 ct
1731 1831 1781 1864 ab=

1038 1888 1156 1921 solutas
1180 1887 1247 1920 sore
1271 1891 1444 1926 censentes,
1462 1886 1641 1919 huiusmodi
1666 1886 1780 1930 suppli-

1038 1940 1212 1975 cationibus
1238 1940 1387 1980 inclinati,
1410 1943 1443 1973 ut
1467 1939 1505 1972 de
1529 1945 1635 1972 cetero
1659 1939 1780 1983 capitu-

1038 1995 1102 2027 lum
1127 1993 1256 2038 quidem
1282 1994 1428 2037 generale
1453 1993 1490 2026 de
1515 1993 1723 2036 quadriennio
1748 1992 1778 2025 in

1037 2047 1298 2091 quadriennium,
1324 2047 1408 2079 dicta
1425 2057 1499 2079 vero
1519 2045 1778 2089 Congregationis

1037 2101 1282 2135 Camaldulensis
1311 2100 1468 2144 praefatae
1498 2099 1624 2132 demum
1652 2099 1779 2132 biennio

1037 2161 1107 2199 post
1132 2154 1376 2187 celebrationem
1402 2153 1530 2197 capituli
1549 2153 1704 2196 generalis
1725 2153 1779 2185 liu—

1037 2208 1174 2242 iusmodi
1211 2207 1383 2251 respective
1419 2207 1527 2240 haberi
1565 2213 1595 2239 et
1625 2206 1778 2239 celebrari

1037 2263 1192 2303 debeant,
1222 2262 1299 2295 itaut
1330 2262 1468 2305 primum
1495 2261 1735 2305 quadriennium
1761 2271 1779 2293 a

1036 2315 1195 2348 dominica
1211 2315 1300 2348 tertia
1315 2320 1386 2358 post
1400 2313 1777 2348 PaschaResurrectionis

1036 2369 1215 2402 Dominicae
1239 2369 1382 2412 proxime
1407 2368 1612 2412 praeteritum
1646 2379 1776 2411 compu-

1035 2428 1139 2462 tetur,
1176 2427 1206 2455 et
1239 2422 1330 2456 tertia
1363 2421 1521 2455 dominica
1558 2427 1627 2465 post
1660 2422 1777 2454 Pascha

1034 2475 1173 2509 eiusdem
1210 2475 1461 2509 Resurrectionis
1495 2474 1675 2508 Dominicac
1704 2474 1775 2506 anni

1070 2594 1079 2619 1
1104 2591 1174 2619 Edit.
1190 2591 1268 2618 Main.
1287 2592 1351 2627 legit
1365 2600 1496 2619 eremum
1512 2592 1551 2626 (n.
1568 2591 1617 2626 τ.).

1804 174 1852 200 An.
1868 175 1895 201 C.
1918 175 1985 202 1662

1834 1358 1948 1378 Confirmat
1960 1360 1982 1379 ut

1800 1385 1820 1405 in
1835 1385 1927 1406 rubrica.
