2243 3205
32 185 80 236 Ᾰη.
96 208 126 234 C.
144 207 207 234 1661

25 1380 128 1402 Contraria
137 1383 200 1403 tollit.

818 206 1003 229 ALEXANDER
1032 207 1073 229 t'tt
1095 207 1142 230 ΙΨ.

224 259 255 287 et
280 259 471 288 memoratae
500 255 680 299 provinciae
706 254 913 298 tranquillitas
937 259 967 287 et

224 317 284 350 pax
311 307 503 350 restituatur,
524 308 740 341 executionem
765 307 966 341 decretorum

224 361 480 403 congregationis
496 362 681 395 eorumdem
699 361 904 395 cardinalium
919 372 968 394 su-

223 423 280 457 per
293 414 427 456 negotiis
441 414 542 447 dictae
555 415 737 458 provinciae
751 420 860 448 contra
876 425 965 458 prae-

222 466 302 499 satos
319 467 430 500 fratres
443 467 615 511 Aquitanos
629 473 967 511 nuperemanatorum,

223 529 346 552 necnon
371 520 465 553 etiam
484 526 664 553 nostrarum
687 522 717 553 in
738 522 840 554 forma
860 521 967 554 Brevis

223 572 396 606 litterarum
420 573 478 606 sub
503 573 612 606 diebus
627 584 658 607 xi
683 574 832 607 februarii
849 584 966 608 Mncmx

223 630 252 658 et
276 636 329 658 X1v
354 626 503 659 kalendas
523 626 702 660 decembris
727 627 868 660 eiusdem
893 627 964 660 anni

222 685 253 712 et
272 690 304 713 lx
320 680 454 713 ianuarii
476 690 578 714 itinch
598 691 656 724 pro
672 691 780 714 eorum
798 681 965 714 confirma-

222 731 306 765 tione
323 732 459 776 desuper
480 733 645 775 editarum,
661 733 763 766 denuo
779 735 964 767 auctoritate

221 785 404 829 apostolica,
421 789 528 819 tenore
545 786 770 830 praesentium,
792 787 963 820 committi-

221 849 292 872 mus
308 845 337 871 ct
352 839 544 882 iniungimus
564 840 795 874 venerabilibus
813 841 963 875 fratribus

221 892 467 936 archiepiscopis
495 894 650 927 Tolosano
675 900 704 927 et
727 894 963 937 Burdcgalensi,

221 956 276 979 seu
300 946 389 978 alteri
409 956 444 978 ex
471 946 556 990 ipsis,
575 948 633 987 vel,
653 948 688 980 iis
706 948 891 981 absentibus
911 954 963 981 aut

220 999 401 1043 impeditis,
426 1009 536 1033 eorum
574 1001 759 1034 officialibus
784 1006 813 1035 et
838 1002 962 1036 vicariis

219 1053 431 1096 generalibus,
447 1054 501 1097 qui
522 1054 608 1086 iuxta
632 1055 758 1088 illorum
785 1056 918 1088 sormam
933 1062 963 1089 et

220 1112 345 1139 tenores
369 1107 460 1149 lieri,
486 1108 596 1151 exequi
630 1114 659 1140 et
683 1108 849 1152 adimpleri
875 1120 961 1142 man-

218 1159 293 1193 dent
317 1166 346 1192 et
371 1161 498 1201 saciant;
525 1161 773 1195 contradictores
798 1173 962 1206 quoscum-

219 1222 280 1256 que
304 1225 340 1247 ac
364 1214 498 1247 rebelles
533 1226 589 1258 per
614 1225 763 1248 censuras
795 1217 960 1250 ecclesias-

219 1266 295 1300 ticas
315 1272 344 1300 et
368 1267 429 1300 alia
453 1267 531 1301 iuris
555 1274 584 1301 et
609 1269 679 1302 sacti
707 1269 856 1311 remedia,
875 1271 958 1303 omni

218 1321 427 1364 appellatione
451 1321 634 1365 postposita,
660 1323 899 1365 compescendo.

262 1374 277 1417 ἓ
300 1373 330 1406 3.
355 1375 424 1407 Non
449 1374 645 1407 obstantibus
670 1376 782 1408 litteris
807 1387 958 1419 praenar-

217 1432 303 1459 ratae
327 1427 558 1460 commissionis
583 1429 734 1461 emanatis
759 1429 816 1461 sub
841 1429 890 1462 die
915 1441 958 1464 χιι

216 1480 341 1523 augusti
368 1490 502 1521 unctui,
528 1487 626 1514 stante
659 1482 742 1515 illius
766 1482 957 1527 subsequuta

215 1534 417 1567 revocatione
431 1534 488 1566 sub
508 1534 557 1567 die
575 1545 651 1567 xvru
676 1535 857 1568 novembris
878 1536 959 1569 eius-

204 1586 287 1633 dem
312 1587 395 1628 anni,
416 1598 538 1620 necnon
563 1589 728 1622 memorati
750 1589 957 1622 commissarii

215 1640 466 1683 inhibitionibus,
491 1641 754 1685 dispositionibus
780 1648 809 1675 et
834 1643 959 1686 quibus-

215 1694 292 1728 libet
315 1695 566 1728 ordinationibus
587 1695 653 1728 eius
679 1697 787 1739 vigore
813 1697 957 1731 relaxatis

215 1754 245 1781 et
269 1748 414 1792 peractis,
437 1749 647 1792 omnibusque
672 1750 740 1782 aliis
765 1750 956 1792 praemissis,

214 1812 251 1835 ac
259 1801 358 1834 felicis
371 1801 600 1835 recordationis
616 1802 765 1836 Bonifacii
780 1803 881 1846 Papae
892 1804 956 1836 Vlll

214 1855 467 1899 praedecessoris
488 1856 586 1888 nostri
612 1856 650 1888 de
675 1858 735 1889 una
750 1883 757 1896 ,
778 1862 808 1889 et
832 1857 956 1890 concilii

214 1908 372 1951 generalis
395 1908 434 1941 de
458 1908 579 1942 duabus
599 1909 700 1951 dietis,
718 1909 891 1943 dummodo
914 1911 957 1943 ul-

215 1967 263 1994 tra
288 1966 351 1994 tres
376 1961 475 1994 dietas
506 1962 619 2006 aliquis
649 1963 834 1997 auctoritate
858 1974 952 2007 prae-

215 2016 349 2048 sentium
376 2015 413 2048 ad
438 2015 590 2049 iudicium
616 2027 679 2049 non
705 2017 856 2056 trabatur3
878 2023 957 2050 cete-

214 2069 321 2112 risque
345 2069 512 2102 contrariis
537 2070 799 2113 quibuscuu'ique.

258 2123 368 2156 Datum
404 2123 432 2155 in
458 2125 537 2156 Arce
558 2124 745 2168 Gandulpbi,
771 2125 956 2158 Albanensis

214 2175 377 2217 dioecesis,
403 2177 460 2209 sub
489 2177 605 2210 annulo
626 2177 802 2218 Piscatoris‚
826 2179 875 2211 die
903 2189 955 2212 xtv

213 2230 286 2263 maii
307 2240 436 2271 noem,
456 2231 657 2274 pontificatus
673 2232 772 2264 nostri
798 2242 879 2265 anno
902 2243 953 2266 vn.

249 2292 307 2320 Dat.
324 2293 367 2320 die
386 2294 416 2320 tt
432 2293 494 2320 maii
513 2294 590 2327 1661,
610 2294 707 2329 pontis.
731 2303 800 2321 anno
818 2301 863 2321 vu.

508 2462 653 2496 CCCXLl.

212 2552 368 2586 Facultas
393 2553 796 2596 con97·e(1ati0ni9enerali
819 2553 954 2586 Societa-

258 2606 297 2638 tis
317 2606 390 2639 Iesu
416 2606 557 2648 eliqendi
573 2607 734 2638 vicarium
750 2611 952 2649 perpetuitati,

317 2669 393 2696 butt.
410 2668 493 2696 Rom.
506 2684 537 2687 -r
563 2667 618 2695 Vol.
637 2668 712 2695 XVI.
894 2667 926 2695 87

1650 197 1713 230 089

1044 265 1117 287 cnm
1151 255 1264 298 fulttrci
1299 256 1494 289 successione
1530 256 1565 289 in
1605 266 1741 300 qenero-

1046 307 1149 341 lalu¹.

1203 399 1370 426 Alexander
1385 400 1463 433 Papa
1478 400 1540 431 vn,

1144 443 1179 469 ad
1201 443 1332 470 futuram
1352 443 1397 470 rei
1418 444 1599 470 memoriam.

1046 524 1061 567 ξ
1084 523 1114 556 1.
1139 524 1235 564 Cum,
1267 524 1347 557 sicut
1380 524 1579 568 accepimus,
1611 525 1743 558 dilectus

1000 576 1084 609 filius
1108 576 1273 610 Goswinus
1298 577 1417 617 Nickel,
1431 578 1628 621 praepositus
1648 589 1742 620 gene-

1001 630 1074 662 ralis
1099 630 1261 663 Societatis
1286 631 1364 672 lesu,
1391 631 1526 664 sentiens
1544 642 1575 664 se
1598 631 1637 665 ob
1664 632 1741 664 senii

1000 683 1184 726 gravitatem
1212 689 1242 716 et
1266 684 1412 727 corporis
1437 684 1662 728 impedimenta
1679 695 1742 718 non

1000 747 1090 779 posse
1115 737 1251 780 amplius
1277 742 1320 770 tot
1345 747 1380 770 ac
1405 737 1496 769 tantis
1521 738 1615 770 officii
1633 739 1680 770 sui
1698 739 1741 770 la-

1000 789 1129 822 boribus
1154 800 1262 833 parem
1288 800 1366 830 esse,
1391 795 1421 822 et
1446 800 1482 823 eo
1507 791 1603 823 animi
1623 792 1739 834 vigore,

998 853 1060 886 quo
1080 846 1214 886 optaret,
1229 843 1392 876 Societatis
1411 843 1672 886 gubernationem
1691 846 1741 879 ad-

999 895 1196 932 ministrare,
1223 895 1460 938 congregationi
1485 898 1624 939 generali
1651 898 1739 931 eius-

997 948 1068 981 dem
1103 949 1267 982 Societatis
1299 949 1484 992 proposuit,
1518 956 1551 983 ut
1587 950 1739 984 vicarium

997 1002 1055 1034 sibi
1078 1003 1263 1046 adiungeret
1288 1003 1434 1036 Societati
1466 1010 1572 1047 aptum
1605 1010 1635 1038 ct
1664 1016 1738 1038 con-

999 1056 1183 1097 venientem,
1201 1068 1271 1089 cum
1291 1057 1359 1089 iure
1376 1057 1500 1090 suturae
1518 1058 1737 1100 successionis,

997 1108 1062 1152 ipsa
1087 1120 1161 1142 vero
1194 1110 1414 1153 congregatio,
1448 1111 1502 1143 etsi
1538 1111 1629 1144 unice
1653 1117 1738 1156 opta-

996 1168 1042 1194 ret
1067 1162 1168 1195 eidem
1193 1163 1341 1197 Goswiuo
1367 1164 1547 1207 praeposito
1573 1166 1735 1209 generali,

996 1216 1074 1249 benc
1099 1216 1136 1249 de
1163 1217 1306 1249 universa
1332 1217 1485 1250 socictate
1509 1218 1631 1259 merito,
1658 1219 1736 1252 intc-

995 1269 1140 1311 gritatcm
1167 1270 1279 1302 virium
1312 1276 1341 1303 et
1365 1271 1492 1314 plenum
1520 1272 1663 1313 regimen
1698 1284 1734 1306 ac

994 1322 1195 1364 diuturnum,
1230 1329 1352 1364 tamen,
1378 1334 1449 1356 cum
1477 1327 1536 1357 tam
1568 1330 1736 1367 provectae

993 1376 1102 1407 aetatis
1118 1376 1282 1408 infirmitas
1296 1377 1436 1419 superari
1448 1387 1508 1409 non
1523 1378 1630 1420 possit,
1646 1386 1735 1421 grato

993 1428 1097 1461 animo
1122 1429 1370 1472 propositionem
1397 1430 1507 1462 saetam
1537 1432 1734 1474 acceptavit,

993 1487 1022 1514 ct
1043 1492 1075 1514 re
1091 1493 1146 1525 per
1160 1482 1290 1515 biduum
1310 1483 1442 1516 Domino
1469 1483 1636 1526 diligenter
1653 1496 1736 1517 com-

993 1536 1139 1568 mendata
1176 1547 1211 1569 ac
1247 1537 1411 1577 discussa,
1449 1537 1572 1569 landem
1605 1540 1735 1571 secretis

992 1589 1093 1632 iisque
1119 1589 1331 1622 concordibus
1353 1590 1512 1633 suffragiis
1537 1590 1736 1624 decreverint

992 1642 1171 1685 eligendum
1197 1654 1263 1675 esse
1280 1643 1428 1675 vicarium
1446 1649 1644 1687 perpetuum,
1661 1656 1732 1678 cum

993 1695 1059 1727 iure
1096 1696 1303 1728 successionis
1339 1702 1368 1728 et
1400 1707 1471 1729 cum
1505 1697 1671 1730 universali
1698 1710 1733 1732 ac

991 1749 1092 1781 libero
1118 1749 1267 1782 exercitio
1294 1750 1472 1793 potestatis,
1499 1750 1591 1794 idque
1620 1757 1653 1784 ut
1679 1763 1733 1785 nc-

991 1803 1126 1835 cessitati
1153 1814 1290 1844 rursum,
1315 1814 1350 1836 ac
1376 1804 1454 1837 sorte
1480 1804 1589 1845 brevi,
1616 1816 1732 1838 convo-

991 1856 1107 1888 candae
1133 1860 1176 1889 tot
1201 1857 1345 1899 expensis
1369 1868 1404 1889 ac
1429 1857 1578 1900 periculis
1604 1869 1732 1901 congre-

990 1909 1123 1952 gationis
1140 1910 1307 1952 generalis,
1331 1916 1482 1953 quantum
1505 1911 1641 1944 bumana
1662 1924 1732 1945 con-

990 1963 1058 1995 silia
1089 1964 1209 2004 serunt,
1242 1969 1445 1996 occurratur:
1482 1964 1551 1997 binc
1577 1970 1623 1997 est
1647 1965 1732 2008 quod

991 2026 1056 2057 nos,
1075 2027 1133 2059 pro
1154 2016 1322 2049 commissa
1347 2016 1437 2049 nobis
1458 2017 1606 2050 (livinitus
1631 2024 1732 2061 pasto-

990 2070 1046 2102 rali
1063 2069 1282 2110 sollicitudine,
1294 2070 1456 2103 Socios-tatis
1470 2071 1637 2113 praefatae,
1652 2083 1732 2114 quac

990 2123 1118 2166 copiosa
1145 2123 1283 2156 virorum
1311 2123 1426 2166 pictate
1451 2123 1657 2168 doctrinaque
1691 2125 1733 2157 in-

989 2176 1125 2218 signium
1153 2176 1260 2209 sobole
1283 2176 1433 2209 instructa
1448 2182 1477 2209 et
1494 2183 1604 2210 ornata
1621 2178 1732 2211 uberes

990 2229 1020 2261 in
1041 2228 1179 2262 Ecclesia
1204 2229 1258 2261 Dei
1284 2230 1402 2262 fructus
1427 2230 1465 2262 ad
1486 2230 1660 2263 animarum
1687 2242 1732 2264 sa-

989 2283 1084 2315 lutem
1122 2282 1237 2326 ubique
1273 2288 1452 2323 terrarum,
1491 2284 1595 2316 divina
1630 2285 1731 2327 gratia

989 2336 1152 2379 largiente,
1178 2337 1208 2369 in
1233 2336 1299 2369 dies
1324 2338 1453 2380 profert,
1476 2338 1608 2378 utilitati,
1632 2349 1730 2382 quan-

989 2395 1053 2421 tum
1080 2389 1171 2422 nobis
1195 2400 1230 2421 ex
1257 2390 1319 2422 alto
1344 2390 1537 2431 conceditur,
1552 2391 1728 2434 providere,

969 2454 1023 2483 1ac
1049 2449 1295 2477 memoratorum
1321 2444 1459 2477 Goswini
1484 2445 1655 2488 praepositi
1677 2456 1728 2487 gc-

969 2486 1101 2538 ]ncralis
1127 2502 1155 2530 et
1184 2497 1436 2540 congregationis
1468 2499 1624 2541 generalis
1650 2499 1727 2533 votis

1027 2615 1034 2640 l
1059 2613 1094 2639 Ex
1119 2613 1223 2648 llcgest.
1247 2614 1273 2640 iu
1294 2615 1367 2640 Secia
1391 2613 1466 2641 Brev.

1759 207 1808 234 Au.
1827 208 1854 234 C.
1880 208 1941 235 ltssl

1784 535 1873 558 Molita.

1799 1970 1931 1990 tvm—utinum

1748 1997 1844 2016 con-‘iulii
1868 2000 1890 2017 ut
1912 2004 1931 2017 tn

1748 2025 1841 2044 rubrica.
