2243 3205
246 190 293 217 An.
315 190 342 216 C.
366 190 430 218 1660

290 1098 437 1125 Unusquisque

253 1126 280 1146 ad
323 1128 438 1146 mereatum

252 1152 334 1179 absquo
393 1152 437 1172 ulla

253 1178 352 1200 molestia
367 1183 438 1200 venire

253 1208 327 1233 possit.

276 2161 447 2190 >contravenien-

265 2190 315 2208 tium
330 2194 419 2214 poenae.

477 183 541 216 5215.

445 239 522 271 tium
541 239 700 272 dumtaxat
724 239 988 283 consequendum,
1006 241 1117 274 harum
1139 252 1184 274 se-

445 291 489 324 rie
503 292 700 325 absolventes
713 297 743 325 et
755 292 912 326 absolutas
928 294 994 327 sore
1012 299 1182 336 censenteS,

444 354 567 377 necnon
591 344 745 378 dictarum
778 345 954 379 litterarum
987 350 1120 389 tenores,
1150 357 1185 379 ac

446 397 471 429 si
496 397 534 430 de
552 398 648 431 verbo
672 398 711 430 ad
732 398 861 431 verbum
881 399 1105 440 insererentur,
1127 409 1185 442 pro

447 451 602 493 expressis
627 451 797 493 habentes,
823 451 1003 485 huiusmodi
1029 451 1185 495 supplica-

447 502 586 537 tionibus
612 503 761 545 inclinati,
787 505 1027 547 concessiones,
1047 504 1165 537 indulta
1179 531 1186 544 ,

449 560 571 595 statuta,
590 555 812 597 ordinationes,
838 556 1031 598 donationeS‚
1053 556 1189 588 infeuda—

449 608 559 648 tiones,
584 609 818 652 applicationes,
843 609 1070 653 deputationeS,
1092 609 1189 641 decla-

450 660 595 702 rationes,
614 661 864 703 revalidationes,
880 661 1102 702 restitutiones,
1119 661 1189 694 alia-

451 724 510 757 que
536 714 640 746 onmia
666 720 695 747 et
719 715 841 758 singula
869 715 1060 759 praemissa,
1092 725 1127 747 ac
1159 714 1190 746 in

451 765 540 799 dietis
554 767 665 800 litteris
679 773 834 810 contenta,
852 772 881 802 et
897 768 968 801 inde
982 772 1086 800 secuta
1100 777 1190 810 quae-

451 829 599 862 cumque,
624 819 796 854 dummodo
823 824 925 854 tamen
949 820 1009 852 sint
1029 821 1059 852 in
1083 819 1191 852 obser-

451 871 576 912 vantia,
607 882 664 905 nee
701 879 845 906 revocata
880 874 1032 913 existant,
1065 877 1094 904 et
1124 872 1191 905 sine

452 924 646 968 praeiudicio
668 925 782 958 iurium
809 936 952 959 camerae
980 924 1190 969 apostolicae,

453 976 616 1021 applican.¹
635 979 828 1020 auctoritate,
845 984 953 1011 tenore
968 978 1191 1023 praesentium,

452 1030 665 1075 approbamus
689 1036 719 1064 et
743 1031 977 1065 confirmamus.

498 1084 554 1127 53.
570 1084 778 1118 Decernentes
796 1096 905 1118 omnes
922 1091 951 1118 et
968 1085 1106 1128 singulas
1124 1095 1192 1128 per-

454 1147 545 1171 sonas
563 1138 601 1170 ad
621 1138 739 1171 dictum
755 1145 937 1179 mercatum,
956 1143 988 1172 ut
1005 1138 1191 1182 praefertur,

456 1191 625 1232 venientes,
635 1203 689 1225 seu
703 1192 741 1224 ab
756 1192 809 1226 illo
824 1192 1015 1233 recedentes,
1030 1192 1193 1226 occasione

455 1256 510 1278 seu
534 1251 697 1289 praetextu
718 1257 990 1290 quarumcumque
1015 1246 1194 1279 declaratio-

454 1309 530 1332 num
555 1310 727 1343 poenarum
758 1300 955 1334 incursarum
987 1301 1078 1333 etiam
1112 1300 1194 1334 dicto

455 1353 531 1386 fisco
552 1354 591 1387 ob
607 1364 669 1387 non
687 1354 874 1398 paritionem
901 1354 1118 1387 mandatorum
1136 1364 1194 1398 pro

456 1407 568 1441 debitis
598 1408 740 1441 civilibus
771 1413 832 1441 tam
856 1408 989 1452 publicis
1015 1419 1109 1452 quam
1134 1408 1195 1452 pri-

458 1462 535 1494 vatis
553 1462 705 1495 sactorum
731 1461 998 1505 applicandarum,
1025 1461 1194 1502 molestari,

459 1514 637 1555 carcerari,
662 1514 787 1555 vexari,
813 1525 867 1548 seu
899 1514 1080 1558 perturbari
1108 1514 1194 1547 nullo

459 1578 595 1611 unquam
626 1573 767 1611 tempore
791 1578 882 1612 posse
907 1572 959 1600 aut
983 1567 1115 1607 debere;
1141 1567 1196 1600 sic-

458 1632 518 1666 que
542 1632 600 1666 per
624 1632 840 1665 quoscumque
857 1621 974 1654 iudices
999 1626 1029 1654 et
1049 1621 1195 1654 commis-

458 1674 558 1708 sarios
577 1675 686 1718 quavis
704 1674 887 1708 auctoritate
907 1674 1081 1717 fungentes,
1103 1675 1195 1708 ctiam

458 1739 624 1762 causarum
649 1728 754 1772 palatii
779 1728 940 1772 apostolici
965 1728 1139 1769 auditores,
1162 1739 1197 1761 ac

459 1781 488 1815 S.
507 1782 541 1815 R.
563 1782 595 1814 E.
621 1781 805 1823 cardinales,
823 1781 943 1815 sublata
965 1781 1009 1814 eis
1033 1787 1063 1814 et
1087 1792 1196 1814 eorum

459 1835 586 1867 cuilibet
609 1835 717 1878 quavis
742 1835 832 1867 aliter
857 1834 1012 1867 iudicandi
1042 1839 1071 1867 et
1103 1834 1194 1867 inter-

459 1888 601 1931 pretandi
627 1888 770 1921 l'aeultate
796 1891 825 1921 et
848 1888 1049 1928 auctoritate,
1081 1888 1197 1931 ubique

461 1941 591 1973 iudicari
610 1945 639 1975 et
655 1941 777 1974 definiri
796 1941 920 1983 debere,
934 1951 1056 1974 necnon
1074 1941 1196 1973 irritum

462 1999 491 2026 et
517 1995 617 2035 inane,
637 1995 660 2027 si
693 2005 783 2028 secus
807 2005 901 2038 super
925 1994 973 2028 his
997 2006 1014 2027 a
1038 2006 1197 2039 quoquam

462 2048 570 2092 quavis
585 2048 778 2088 auctoritate,
793 2048 926 2081 scienter
944 2049 990 2080 vel
1006 2048 1197 2091 ignoranter,

463 2101 630 2144 contigerit
649 2101 802 2134 attentari.

506 2154 521 2197 ξ
545 2154 574 2186 4.
600 2154 751 2194 Quocirca
788 2154 1018 2188 venerabilibus
1051 2155 1199 2188 fratribus

463 2207 732 2250 Carpectoratensi
758 2211 786 2241 et
810 2207 1010 2240 Cavallicensi
1031 2207 1198 2251 episcopis,

463 2270 517 2293 seu
542 2260 661 2292 dilectis
686 2260 758 2293 filiis
783 2271 892 2294 eorum
911 2261 1034 2293 vicariis
1059 2261 1089 2293 in
1109 2261 1200 2305 spiri-

463 2313 597 2345 tualibus
614 2313 823 2356 generalibus,
838 2325 895 2358 per
920 2320 1100 2358 praesentes
1117 2325 1200 2347 com-

465 2367 619 2400 mittimus
640 2372 670 2400 et
687 2367 881 2409 mandamus,
899 2373 1052 2411 quatenus
1065 2368 1135 2412 ipsi,
1153 2369 1200 2401 vel

465 2419 538 2460 duo,
563 2425 616 2452 aut
641 2431 720 2453 unus
745 2431 865 2462 eorum,
881 2431 937 2465 per
959 2432 1002 2462 se,
1023 2421 1070 2454 vel
1094 2421 1200 2463 alium,

466 2483 520 2505 seu
545 2473 631 2515 alios,
657 2474 811 2517 praefatas
829 2479 859 2508 et
874 2480 1055 2519 praesentes
1072 2475 1200 2516 litteras,

1017 194 1194 218 BULLMtlUM
1223 194 1377 218 ROMANUM

1217 252 1252 274 ac
1277 241 1308 273 in
1331 241 1376 275 eis
1407 246 1552 275 contenta
1585 252 1800 287 quaecumque
1815 270 1823 284 ,
1847 243 1900 276 ubi
1926 249 1956 276 et

1217 294 1342 337 quando
1367 305 1446 337 opus
1472 295 1576 335 suerit,
1596 305 1631 328 ac
1648 295 1768 338 quoties
1786 306 1844 339 pro
1868 300 1956 339 parte

1219 348 1383 380 consulum
1409 353 1438 380 et
1463 339 1696 381 communitatis
1721 348 1955 391 praedictorum

1220 400 1335 432 suerint
1359 401 1510 444 requisiti,
1536 401 1717 434 solemniter
1741 400 1957 444 publicantes,

1221 452 1344 495 illisque
1361 453 1392 485 in
1408 453 1590 496 praemissis
1610 453 1744 486 efficacis
1769 453 1958 486 defensionis

1221 504 1378 547 praesidio
1411 505 1600 547 assistentes,
1633 505 1746 538 saciant
1774 505 1959 539 auctoritate

1222 559 1327 589 nostra
1342 560 1516 602 praemissa
1529 558 1634 591 onmia
1650 558 1827 598 observari3
1841 561 1961 591 contra-

1222 609 1358 643 dictores
1377 611 1535 653 quoslibet
1555 616 1584 643 et
1601 610 1744 652 rebelles,
1761 620 1796 643 ac
1813 610 1962 654 praemis⁴

1223 662 1263 695 sis
1287 673 1350 697 non
1374 670 1529 708 parentes,
1554 675 1610 708 per
1636 664 1814 704 sententiaS,
1838 664 1961 708 aliaque

1224 721 1405 759 opportuna
1428 717 1505 750 iuris
1531 723 1561 750 et
1585 717 1654 750 sacti
1680 717 1828 760 remedia,
1854 717 1963 761 appel-

1224 769 1338 802 latione
1358 770 1544 814 postposita,
1563 769 1801 813 compescendo,
1818 769 1962 804 invocato

1225 822 1318 854 etiam
1343 822 1381 854 ad
1406 823 1476 864 hoc,
1494 823 1521 856 si
1542 833 1620 866 opus
1640 823 1743 863 fuerit,
1760 822 1876 856 auxilio
1895 822 1963 855 bra-

1225 875 1285 907 chii
1310 875 1468 908 secularis.

1269 928 1284 971 ἓ
1308 928 1337 961 5.
1362 929 1430 961 Non
1462 929 1658 962 obstantibus
1682 928 1867 962 recolendae
1890 939 1960 961 me-

1226 983 1345 1015 moriae
1369 983 1516 1015 Bonisaeii
1541 983 1643 1026 Papae
1667 983 1732 1016 VIlI
1756 982 1849 1015 etiam
1872 992 1962 1026 prae-

1226 1035 1398 1069 decessoris
1422 1035 1521 1070 nostri
1538 1036 1576 1069 de
1593 1037 1666 1076 una,
1683 1040 1713 1068 et
1729 1035 1854 1068 concilii
1873 1044 1964 1078 gene-

1227 1089 1300 1121 ralis
1317 1089 1355 1122 de
1380 1089 1500 1122 duabus
1524 1089 1626 1130 dietis,
1643 1088 1814 1122 dummodo
1834 1088 1903 1132 quis
1923 1088 1965 1121 vi-

1227 1152 1303 1184 gore
1328 1142 1540 1186 praesentium
1558 1142 1596 1174 ad
1620 1141 1771 1174 iudicium
1794 1141 1877 1174 ultra
1901 1145 1964 1174 tres

1227 1195 1324 1228 dietas
1348 1205 1412 1229 non
1438 1195 1589 1236 trahatur,
1618 1195 1748 1238 aliisque
1774 1194 1965 1228 constitutio-

1227 1249 1286 1282 bus
1304 1254 1334 1282 et
1351 1248 1600 1283 ordinationibus
1615 1248 1807 1292 apostolicis,
1820 1258 1856 1281 ac
1869 1248 1966 1281 omni-

1229 1303 1287 1335 bus
1312 1302 1382 1343 illis,
1411 1313 1490 1346 quae
1512 1302 1543 1335 in
1567 1302 1657 1336 dictis
1682 1302 1794 1335 litteris
1818 1312 1966 1346 expressa

1229 1361 1300 1389 sunt
1329 1366 1391 1389 non
1423 1356 1569 1396 obstare3
1595 1356 1769 1400 ceterisque
1800 1355 1966 1389 contrariis

1228 1409 1488 1453 quibuscumque.

1273 1464 1384 1496 Datum
1409 1463 1544 1503 Romae,
1571 1462 1655 1506 apud
1678 1462 1707 1496 S.
1725 1462 1853 1495 Mariam
1877 1462 1969 1496 Maio-

1231 1527 1308 1557 rem,
1323 1517 1380 1549 sub
1400 1517 1516 1549 annulo
1530 1515 1707 1558 Piscatoris,
1721 1515 1770 1548 die
1784 1525 1885 1549 xxv111
1901 1515 1968 1550 iulii

1230 1580 1355 1611 MDCLx,
1382 1570 1583 1614 pontificatus
1610 1570 1709 1603 nostri
1733 1580 1814 1603 anno
1832 1579 1873 1603 v1.

1265 1634 1326 1661 Dat.
1342 1633 1384 1660 die
1399 1632 1433 1659 28
1447 1632 1507 1660 iulii
1524 1633 1602 1666 1660,
1620 1632 1715 1667 pontif.
1732 1641 1803 1660 anuo
1817 1639 1853 1660 vl.

1535 1747 1664 1782 CCCVII.

1234 1818 1439 1862 Confirmatio
1481 1819 1600 1851 decreti
1638 1818 1895 1862 conyressationis
1933 1818 1971 1852 de

1276 1872 1495 1916 Propayandft
1509 1872 1590 1905 Fide
1608 1872 1692 1904 circa
1706 1872 1822 1915 fratres
1837 1871 1971 1906 Ordinis

1275 1926 1497 1959 Eremitarum
1528 1925 1634 1958 sancti
1658 1925 1837 1968 Augynslini
1858 1925 1972 1959 Excal-

1276 1982 1438 2011 centorum
1466 1982 1741 2022 nuncupatorum,
1765 1979 1825 2022 qui
1847 1988 1887 2011 ex
1904 1979 1971 2012 Eu-

1276 2032 1355 2075 ropa
1372 2031 1415 2064 acl
1430 2032 1556 2064 insulas
1575 2031 1791 2075 Philippinas
1809 2032 1972 2065 transmit-

1279 2090 1402 2126 tantur,
1420 2096 1459 2130 nc
1476 2086 1588 2129 quovis
1604 2089 1774 2129 praeleoetu
1790 2086 1827 2118 in
1843 2086 1973 2119 civitate

1277 2139 1395 2172 Mexici
1415 2137 1562 2182 aliisque·
1582 2139 1618 2171 in
1639 2138 1715 2171 locis
1733 2149 1791 2182 per
1812 2149 1895 2183 quae
1922 2149 1972 2172 eos

1279 2192 1419 2224 transire
1436 2192 1592 2235 contiqeri
1596 2196 1605 2224 ι
1620 2186 1752 2232 moram,
1765 2192 1856 2225 ultra
1872 2203 1973 2236 quam

1279 2244 1449 2278 necessitas
1469 2245 1600 2278 itineris
1614 2249 1671 2278 aut
1689 2249 1881 2279 commeatus
1896 2245 1973 2279 tule-

1279 2299 1333 2338 rit,
1351 2298 1419 2331 ullo
1442 2302 1535 2342 pacto
1562 2299 1689 2331 trahere
1718 2298 1869 2341 audeant,
1887 2297 1970 2332 etc.⁴.

1428 2370 1593 2397 Alexander
1613 2370 1692 2404 Papa
1710 2370 1775 2405 vn,

1381 2416 1415 2442 ad
1437 2414 1570 2441 futuram
1585 2414 1630 2441 rei
1644 2414 1826 2442 memoriam.

1279 2476 1294 2519 ἓ
1318 2476 1347 2508 ’1.
1373 2476 1480 2518 Nuper
1507 2475 1663 2508 emanavit
1687 2486 1704 2508 a
1728 2475 1973 2519 congregatione

1963 197 2015 224 An.
2035 197 2066 224 c.
2085 198 2151 226 ¹660
2195 182 2218 228 ii

1978 944 2087 965 Contraria
2097 945 2155 966 toltit.
2202 939 2203 944 ¹

2029 2482 2106 2503 Sacrae
2119 2483 2165 2500 con·

1988 2507 2112 2534 gregalium!
2131 2504 2165 2526 de·

504 2545 514 2570 1
538 2543 681 2578 Perperam
696 2547 725 2571 ut
741 2548 803 2580 puto
815 2545 858 2573 ed.
868 2545 948 2573 Main.
962 2545 1043 2573 habet
1054 2546 1199 2581 applican.
1236 2527 1461 2561 venerabilium
1486 2528 1619 2560 fratrum
1639 2532 1819 2562 nostrorum
1836 2528 1864 2562 S.
1886 2529 1919 2562 R.
1938 2528 1970 2562 E.
1988 2539 2073 2557 cretum-

466 2594 514 2623 pro
535 2588 689 2622 apostolica
706 2595 742 2623 tn.
759 2590 806 2623 τ.).

1272 2592 1283 2616 1
1306 2589 1342 2617 Ex
1365 2589 1470 2625 [legest.
1492 2589 1519 2617 iu
1539 2590 1639 2618 Secret.
1660 2590 1737 2617 Brev.
