2243 3205
267 211 353 238 Aac,
377 212 444 240 1658
490 204 554 237 408

293 1546 372 1566 Statuit
389 1547 410 1565 ut
430 1550 450 1565 in

265 1572 360 1593 rubrica.

465 260 538 293 dant
563 271 632 293 eum
659 271 767 294 earum
798 271 950 306 persaepe
984 263 1200 298 membrorum

465 313 657 356 confusione,
675 319 705 347 et
717 314 851 359 desuper
868 315 988 349 dotium
1007 321 1037 350 et
1053 317 1130 350 alios
1147 319 1199 361 qui

464 367 537 400 sciri
562 378 625 401 non
649 375 782 412 possunt
806 373 983 404 contractus
1004 376 1033 405 et
1052 372 1201 416 hypothe-

464 429 516 453 cas
540 420 720 462 conficiunt,
739 421 819 455 unde
839 423 1005 466 pensiones
1021 423 1199 457 huiusmodi

464 472 631 506 domorum
665 474 728 507 suis
759 474 894 509 dominis
922 476 1106 510 difficilioris
1131 487 1201 509 exa-

465 524 577 558 ctionis
593 525 777 568 redduntur,
791 537 827 561 ac
844 528 973 572 insuper
989 529 1099 563 domos
1115 539 1201 573 prac-

464 577 562 610 dictas
592 578 660 612 aliis
684 579 803 613 iudaeis
829 580 1012 622 sublocent‚
1038 582 1068 614 in
1095 581 1201 625 eisque

465 631 565 665 multo
581 632 688 676 plures
712 632 882 677 inquilinos
907 634 1067 677 inducunt,
1098 634 1140 667 ita
1169 639 1202 667 ut

465 693 501 716 ex
526 684 571 717 eis
595 685 688 729 longe
712 686 864 719 maiorem
890 688 927 720 ea
960 697 1053 731 quam
1079 687 1202 720 solvunt

464 737 640 781 percipiant
662 739 864 783 pensionem,
889 739 1063 783 domosque
1093 740 1201 773 huius-

465 789 550 823 modi
574 790 652 824 adeo
684 792 765 825 male
801 791 995 835 inhabitent,
1020 796 1053 826 ut
1082 792 1201 826 domini

465 842 577 876 erebro
601 843 640 876 ad
664 843 789 877 illarum
807 844 1063 878 instaurationem
1090 855 1202 888 cogan-

464 898 525 937 tur,
550 895 679 940 viceque
702 898 793 931 versa
815 897 926 931 domos
949 897 1124 942 praedictas
1143 908 1202 942 pro

463 957 521 981 suo
545 948 678 983 arbitrio
702 949 861 984 dimittere
879 961 971 994 posse
987 951 1202 995 praetendant,

465 1005 495 1033 et
519 1011 553 1034 re
577 1001 643 1046 ipsa
668 1003 824 1046 plurimae
857 1004 981 1037 illarum
1011 1004 1127 1038 multos
1151 1014 1202 1037 an-

463 1063 522 1087 nos
544 1054 686 1089 illocatae
710 1057 835 1100 suerint,
860 1059 1003 1091 emanata
1021 1058 1101 1091 inter
1118 1058 1202 1102 ipsos

463 1107 689 1151 prohibitione,
714 1119 753 1143 ne
777 1121 888 1144 eorum
912 1112 995 1144 ullus
1015 1111 1145 1145 domum
1163 1111 1201 1144 ab

464 1161 526 1194 alio
547 1161 659 1196 iudaeo
683 1163 843 1197 dimissam
870 1165 1043 1205 conducat;
1068 1176 1203 1210 cumque

463 1213 627 1248 fraudibus
662 1216 844 1251 huiusmodi
878 1218 965 1251 nulla
995 1219 1056 1251 alia
1084 1219 1204 1253 ratione

463 1266 588 1300 obviam
613 1268 651 1301 iri
674 1271 794 1313 possit,
815 1281 908 1315 quam
938 1271 986 1304 via
1011 1272 1089 1305 iuris
1113 1278 1143 1306 et
1167 1273 1203 1305 li-

464 1321 553 1364 tium,
567 1332 644 1366 quas
661 1329 830 1368 eapropter
846 1335 904 1369 per
926 1325 1092 1359 domorum
1116 1337 1204 1371 prae-

464 1375 620 1409 dictarum
646 1377 800 1419 dominos,
822 1379 902 1412 inter
926 1380 1116 1423 quos-multa
1135 1381 1204 1414 loca

463 1430 515 1474 pia
540 1430 685 1473 existunt,
712 1442 826 1476 magno
851 1443 922 1466 curn
947 1433 1149 1468 incommodo
1174 1440 1204 1467 et

465 1483 629 1527 dispendio
654 1484 684 1517 in
709 1485 775 1519 dies
795 1486 942 1519 sustineri
960 1492 1099 1530 oportet:

509 1537 524 1580 g
548 1537 578 1570 ⁶2.
603 1538 682 1571 Hinc
707 1544 753 1571 est
785 1539 869 1582 quod
901 1539 987 1581 nos’,
1018 1539 1203 1574 iudaeorum

463 1589 698 1634 praedictorum
725 1592 873 1626 malitiam
900 1594 936 1625 ea
961 1593 993 1626 in
1023 1604 1058 1626 re
1081 1604 1200 1638 oppor-

464 1647 541 1677 tuno
566 1644 707 1678 remedio
732 1645 900 1678 retundere
932 1646 1092 1688 volentes,
1117 1653 1204 1682 motu

463 1696 604 1741 proprio,
622 1702 652 1730 et
668 1708 704 1730 ex
723 1699 809 1731 certa
826 1698 955 1732 scientia
975 1701 1093 1742 nostra,
1103 1700 1204 1745 deque

465 1751 655 1794 apostolicae
675 1752 837 1796 potcstatis
861 1753 1065 1797 plenitudine,
1082 1754 1204 1788 univer-

464 1803 587 1837 sitatem
625 1804 810 1838 iudaeorum
851 1805 883 1838 in
923 1806 1006 1839 Urbe
1040 1806 1204 1851 praedicta

466 1859 730 1892 commorantium
756 1859 1009 1904 quibuscumque
1026 1860 1203 1895 christianis

465 1910 600 1944 dominis
624 1911 792 1945 domorum
818 1913 848 1945 in
873 1913 982 1946 eodem
1001 1913 1108 1957 ghetto
1133 1925 1203 1948 con-

465 1964 652 2006 sistentium,
673 1975 757 2000 nunc
775 1972 804 1999 et
819 1966 1084 2011 quandocumque
1109 1968 1139 2000 in
1160 1968 1204 2001 su-

465 2023 571 2051 turum
597 2018 804 2061 illocatarum‚
828 2030 886 2063 pro
914 2026 1058 2064 tempore
1087 2033 1149 2065 quo
1170 2022 1204 2055 il-

465 2072 513 2104 lae
537 2082 600 2105 non
626 2077 718 2105 erunt
745 2073 875 2114 locatae,
903 2074 1069 2117 pensiones
1097 2075 1204 2109 solitas

466 2125 607 2169 perinde,
632 2136 667 2159 ac
692 2125 717 2158 si
740 2127 986 2170 particularibus
1010 2128 1127 2162 iudaeis
1151 2129 1201 2163 lo-

466 2182 552 2211 catae
576 2184 688 2220 essent,
713 2180 835 2213 solvere
861 2181 959 2214 teneri
985 2185 1015 2216 et
1034 2181 1202 2225 obligatam

466 2231 609 2273 existere,
633 2237 725 2276 atque
745 2233 783 2266 ad
811 2233 842 2266 id
867 2235 1054 2278 opportunis
1075 2235 1151 2269 iuris
1176 2240 1206 2270 et

466 2285 537 2319 facti
562 2287 709 2320 remediis
743 2289 932 2329 summarie,
965 2289 1152 2333 simpliciter
1176 2295 1205 2323 et

466 2339 505 2372 de
528 2340 622 2383 plano
647 2340 713 2373 sine
738 2341 840 2384 figura
865 2347 895 2375 et
919 2342 1052 2386 strepitu
1075 2342 1204 2384 iudicii,

466 2403 502 2426 ac
527 2394 591 2427 sola
616 2394 688 2427 faeti
713 2394 842 2428 veritate
873 2395 1012 2439 inspecta
1027 2423 1035 2438 ,
1066 2397 1151 2430 omni
1175 2403 1206 2430 et

467 2457 667 2492 quacumque
690 2449 898 2493 appellatione
917 2452 1048 2492 remota,
1077 2451 1147 2494 cogi
1176 2457 1205 2485 et

504 2529 517 2555 1
539 2529 616 2556 Circa
635 2529 731 2556 domus
750 2530 836 2564 ghetti
855 2530 1012 2557 iudaeorum
1026 2539 1095 2566 quae
1114 2531 1206 2557 illoca-

470 2576 513 2600 tae
532 2577 643 2600 manent
663 2573 721 2600 vide
740 2573 818 2601 aliam
839 2574 980 2601 Alexandri
1001 2575 1046 2601 Vll
1067 2574 1205 2602 constitut.

471 2625 551 2651 supra
571 2625 629 2652 pag.
652 2618 703 2644 319
723 2618 802 2645 buius
823 2619 873 2645 vol.
895 2619 993 2653 (mv).

1038 216 1216 241 BULLARIUM
1240 215 1393 241 ROMANUM

1235 264 1381 308 compelli
1412 275 1504 308 posse
1529 270 1558 298 et
1582 265 1718 307 debere,
1744 271 1851 300 tenore
1883 277 1972 311 prae-

1235 317 1381 358 sentium,
1396 322 1550 362 perpetuo
1571 319 1753 360 statuimus,
1778 320 1920 353 volumus
1944 325 1974 354 ct

1235 369 1428 403 ordinamus.

1279 423 1294 466 g
1325 422 1354 456 3.
1387 423 1597 457 Decerncntes
1622 430 1803 468 praesentes
1833 424 1972 468 litteras,
2015 439 2126 461 namium
2145 441 2170 462 ir-

1990 465 2061 487 filans.

1236 476 1327 509 ctiam
1366 487 1400 510 cx
1441 488 1478 511 eo
1512 478 1596 522 quod
1632 478 1783 522 praedicti
1809 478 1911 511 iudaei
1935 478 1973 511 ad

1235 529 1407 572 praemissa
1432 530 1515 563 citati
1540 536 1570 564 et
1601 531 1698 564 auditi
1734 541 1796 564 non
1834 531 1971 573 suerint,

1236 587 1266 615 ct
1290 582 1350 616 illis
1375 593 1436 616 non
1461 584 1684 624 consenserint,
1708 584 1746 617 de
1764 584 1974 628 subreptionis

1236 635 1282 668 vel
1308 636 1503 679 obreptionis
1538 647 1592 670 scu
1622 636 1783 673 nullitatis
1804 636 1901 678 vitio,
1921 641 1974 670 aut

1238 687 1419 722 intentionis
1443 694 1568 722 nostrae
1603 689 1650 722 vel
1675 689 1736 722 alio
1773 698 1974 734 quocumque

1235 740 1368 785 defectu,
1389 752 1425 775 ae
1450 752 1485 775 ex
1511 742 1649 786 qualibet
1665 743 1726 775 alia
1744 744 1848 784 causa,
1868 743 1974 776 colore

1236 798 1266 826 et
1289 797 1462 837 praetextu,
1487 795 1580 828 etiam
1606 795 1745 829 enormis
1770 800 1800 828 et
1824 795 1974 828 enormis-

1235 846 1332 880 simae
1367 848 1533 890 laesionis,
1566 849 1629 882 ullo
1665 859 1803 892 unquam
1832 854 1974 892 tempore

1235 901 1347 941 notari,
1362 901 1553 945 impugnari,
1571 901 1717 943 rescindi,
1733 902 1907 943 retractari,
1923 905 1975 935 aut

1236 952 1274 985 ad
1300 953 1379 986 viam
1409 960 1439 987 et
1456 954 1606 988 terminos
1638 954 1715 988 iuris
1746 954 1854 988 reduci
1877 959 1907 987 et
1929 964 1975 988 re-

1236 1006 1351 1047 vocari,
1371 1017 1425 1040 seu
1445 1007 1594 1040 adversus
1613 1007 1681 1041 illas
1706 1007 1887 1052 aperitionis
1900 1007 1975 1048 oris,

1237 1059 1441 1093 restitutionis
1466 1060 1494 1093 in
1521 1060 1688 1104 integrum,
1713 1066 1766 1094 aut
1794 1060 1926 1105 quodvis
1945 1071 1974 1093 a-

1237 1112 1300 1145 liud
1319 1112 1395 1145 iuris
1409 1119 1438 1146 et
1454 1114 1525 1147 sacti
1542 1113 1717 1147 remedium
1736 1113 1907 1158 impetrari,
1921 1124 1975 1147 seu

1238 1165 1329 1199 etiam
1349 1172 1436 1200 motu
1459 1166 1551 1199 simili
1572 1177 1720 1200 concesso
1737 1166 1917 1211 quempiam
1944 1167 1975 1200 in

1238 1220 1354 1253 iudicio
1385 1225 1414 1253 et
1438 1225 1525 1253 extra
1556 1220 1632 1253 illud
1653 1220 1695 1253 uti
1721 1220 1849 1253 minime
1872 1230 1975 1264 posse,

1238 1273 1291 1307 sed
1316 1273 1384 1306 illas
1408 1273 1527 1321 sirmas,
1552 1273 1669 1306 validas
1693 1279 1723 1307 et
1747 1273 1888 1306 efficaces
1912 1272 1976 1306 exi-

1237 1330 1318 1361 stere
1343 1332 1373 1359 et
1393 1327 1468 1369 sore,
1494 1338 1530 1360 ac
1554 1327 1625 1370 illis,
1643 1326 1681 1360 ad
1705 1337 1783 1371 quos
1807 1331 1927 1370 spectat
1946 1331 1977 1360 et

1237 1391 1295 1423 pro
1321 1385 1464 1423 tempore
1481 1380 1644 1424 spectabit,
1665 1379 1849 1423 plenissime
1868 1378 1977 1412 suffra-

1238 1433 1317 1476 gari,
1342 1433 1449 1476 sieque
1473 1437 1502 1467 ct
1530 1443 1593 1466 non
1617 1433 1706 1466 aliter
1735 1432 1765 1465 in
1796 1431 1977 1476 praemissis

1238 1497 1293 1530 per
1315 1497 1530 1530 quoscumque
1559 1486 1676 1520 iudices
1697 1485 1872 1520 ordinarios
1886 1491 1916 1519 et
1928 1485 1976 1518 de-

1238 1539 1372 1582 legatos,
1391 1540 1484 1579 etiam
1506 1550 1671 1573 causarum
1688 1539 1792 1583 palatii
1809 1539 1977 1583 apostolici

1238 1593 1407 1635 auditores,
1424 1603 1459 1627 ac
1476 1593 1614 1627 eiusdem
1635 1593 1664 1627 S.
1686 1594 1720 1626 R.
1742 1593 1774 1626 E.
1793 1592 1976 1635 cardinales,

1238 1647 1330 1680 etiam
1348 1647 1386 1680 de
1411 1647 1506 1681 latere
1526 1648 1655 1690 legatos,
1676 1647 1799 1680 sublata
1819 1647 1863 1680 eis
1879 1652 1909 1679 et
1928 1656 1977 1680 eo-

1238 1710 1308 1732 rum
1327 1699 1454 1734 cuilibet
1469 1700 1577 1743 quavis
1599 1699 1689 1732 aliter
1714 1699 1871 1732 iudicandi
1885 1704 1915 1732 et
1934 1699 1977 1731 in-

1238 1752 1429 1796 terpretandi
1461 1753 1605 1786 facultate
1629 1758 1660 1785 et
1682 1752 1877 1793 auctoritate,
1895 1751 1976 1785 iudi-

1238 1805 1301 1838 cari
1326 1810 1356 1838 et
1379 1806 1503 1839 definiri
1528 1805 1663 1847 debere,
1689 1816 1725 1839 ac
1748 1805 1873 1838 irritum
1898 1810 1928 1839 et
1952 1805 1976 1838 i-

1237 1870 1338 1901 nane,
1373 1859 1398 1892 si
1435 1869 1524 1892 secus
1549 1870 1643 1903 super
1673 1859 1722 1892 his
1747 1870 1764 1892 a
1795 1869 1977 1903 quoquam,

1238 1913 1345 1958 quavis
1375 1913 1577 1954 auctoritate,
1603 1913 1737 1947 scienter
1761 1913 1809 1946 vel
1834 1913 1978 1957 ignoran-

1238 1972 1297 2008 ter,
1322 1966 1489 2009 contigerit
1512 1965 1666 1999 attentari.

1282 2020 1338 2064 §la
1352 2021 1421 2054 Non
1437 2020 1643 2061 obstantibus,
1664 2023 1816 2064 quatenus
1833 2029 1912 2063 opus
1925 2019 1975 2060 sit,

1238 2076 1344 2108 nostra
1369 2079 1398 2107 et
1423 2073 1627 2107 cancellariae
1647 2073 1837 2117 apostolicae
1865 2073 1976 2116 regula

1239 2127 1276 2160 de
1300 2137 1363 2160 non
1388 2127 1525 2160 tollendo
1560 2127 1628 2159 iure
1662 2126 1825 2170 quaesito,
1850 2131 1880 2159 et
1908 2126 1976 2159 aliis

1239 2179 1513 2213 constitutionibus
1534 2184 1564 2212 et
1584 2178 1842 2221 ordinationibus,
1855 2188 1978 2212 necnon

1239 2233 1410 2277 quibusvis,
1427 2232 1520 2266 etiam
1535 2233 1721 2273 iuramento,
1740 2232 1979 2266 confirmatione

1239 2286 1419 2330 apostolica,
1434 2286 1481 2319 vel
1498 2286 1557 2319 alia
1578 2285 1685 2330 quavis
1710 2285 1857 2319 firmitate
1882 2285 1976 2319 robo-

1240 2340 1324 2381 ratis,
1356 2340 1478 2373 statutis
1509 2345 1538 2372 ct
1563 2339 1860 2380 consuetudinibus,
1885 2339 1977 2383 privi-

1239 2394 1328 2437 legiis
1340 2404 1476 2438 quoque,
1485 2392 1613 2426 indultis
1627 2392 1775 2426 etlitteris
1788 2391 1977 2436 apostolicis,

1239 2448 1271 2481 in
1294 2446 1486 2481 contrarium
1510 2445 1756 2490 praemissorum
1778 2444 1977 2489 quomodoli-

1239 2500 1468 2540 betconeessis,
1483 2499 1678 2533 confirmatis
1691 2504 1721 2532 et
1733 2499 1896 2538 innovatis3
1913 2499 1978 2542 qui-

1240 2554 1299 2587 bus
1326 2553 1473 2587 omnibus
1499 2558 1528 2586 et
1551 2551 1693 2595 singulis,
1712 2552 1836 2585 illorum
1852 2556 1975 2584 tenores

1240 2606 1456 2651 praesentibus
1480 2616 1539 2650 pro
1558 2607 1649 2651 plene
1670 2609 1699 2639 et
1718 2604 1907 2638 sufficienter
1923 2614 1975 2638 ex-

1994 220 2043 245 An.
2056 219 2083 246 C.
2104 220 2170 248 ¹658
2209 219 2212 244 l

2025 2027 2114 2057 [iai-ngat
2122 2032 2166 2048 cou-

1990 2057 2067 2075 tran-s.
