2263 3215
298 203 345 230 An.
364 202 391 230 C.
413 202 481 231 1655

335 1064 444 1085 Decretum
462 1071 489 1085 ir-

309 1092 379 1111 fitam.

527 192 568 229 98
1080 200 1257 225 BULLARHJM

498 251 601 294 dicta,
627 250 799 284 dummodo
824 255 928 284 tamen
953 250 984 283 in
1009 260 1068 283 usu
1092 259 1127 283 ac
1152 249 1236 284 licita

499 305 559 337 sint
583 308 612 338 et
636 304 777 345 honesta,
804 308 833 336 et
858 313 920 336 non
940 303 1001 336 sint
1018 307 1163 336 revocata
1184 307 1237 335 aut

500 357 557 390 sub
570 357 725 400 aliquibus
737 357 989 390 revocationibus
1000 356 1237 400 comprehensa,
1253 346 1255 370 ’ἶ

500 463 650 503 decretis,
674 473 710 496 ac
735 463 1008 496 constitutionibus
1041 447 1257 506 apostoliciS‚*3

501 516 762 560 regularibusque
779 516 851 550 dicti
869 516 993 549 Ordinis
1011 515 1158 549 institutis
1178 525 1241 548 non
1257 539 1258 542 η

501 571 726 612 adversentur,
752 575 802 610 et,
835 570 938 613 quoad
971 563 1259 603 confraternitate&

500 623 686 667 praedictas,
716 623 904 667 monopoliis
928 633 1033 655 ansam
1059 632 1121 655 non
1145 631 1238 665 prae·
1258 654 1260 660 Α

500 677 603 717 beant,
624 676 797 720 apostolica
815 676 1008 716 auctoritate,
1027 681 1136 709 tenore
1156 684 1242 718 prae·
1259 692 1260 716 t

501 729 648 770 sentium,
665 730 880 773 approbamus
905 735 934 761 et
959 729 1192 767 confirmamus,
1211 727 1243 759 il·
1259 752 1261 768 ἱ

503 783 604 826 lisque
639 783 826 816 inviolabilis
863 781 1054 826 apostolicae
1087 780 1243 814 firmitatis

502 835 601 868 robur
626 835 808 875 adiicimus,
841 845 877 868 ac
902 845 1010 868 omnes
1042 839 1072 866 et
1104 833 1244 875 singulos

504 894 566 922 tam
592 888 669 922 iuris
693 899 787 932 quam
813 888 883 921 sacti
909 888 1057 927 defectus,
1076 887 1100 919 si
1122 887 1174 930 qui
1195 886 1245 919 de-

503 952 597 986 super
621 941 858 985 quomodolibet
882 940 1108 973 intervenerint
1133 939 1163 971 in
1187 939 1262 981 eis-,

504 996 586 1036 dem,
611 996 801 1039 supplemus.

550 1052 564 1093 ἓ
589 1050 618 1082 ll.
637 1050 844 1083 Decernentcs
862 1049 923 1089 illa,
948 1058 1072 1081 necnon
1098 1056 1245 1091 praesen-

505 1109 552 1137 tes
582 1104 717 1143 litteras,
741 1113 864 1146 semper
893 1107 924 1135 et
948 1106 1100 1145 perpetuo
1126 1100 1245 1141 valida,

507 1157 599 1189 firma
620 1162 649 1189 et
673 1156 811 1188 efficacia
830 1155 964 1188 existere
989 1160 1019 1187 et
1043 1154 1127 1194 fore,
1152 1163 1243 1186 suos—

507 1219 568 1253 que
593 1209 751 1252 plenarios
776 1213 806 1241 et
830 1208 969 1251 integros
995 1207 1123 1240 effectus
1141 1206 1246 1239 sortiri

508 1268 538 1295 et
562 1262 722 1302 obtinere,
747 1272 783 1294 ac
807 1262 846 1294 ab
872 1261 1019 1294 omnibus
1043 1266 1073 1293 et
1097 1259 1246 1302 singulis,

507 1316 546 1349 ad
571 1326 649 1359 quos
681 1320 799 1359 spectat
827 1319 858 1348 et
888 1314 1041 1358 spectabit
1072 1313 1245 1357 quomodo-

508 1369 584 1402 libet
604 1369 634 1401 in
659 1369 809 1409 futurum,
834 1368 1055 1401 inviolabiliter
1080 1373 1110 1400 et
1139 1367 1247 1401 incon-

510 1432 599 1455 cusse
624 1421 803 1461 observari,
832 1421 939 1465 sicque
960 1431 1016 1465 per
1033 1430 1248 1464 quoscumque

510 1475 628 1509 iudices
649 1475 825 1508 ordinarios
843 1480 872 1507 et
888 1475 1058 1517 delegatos,
1082 1485 1117 1507 ac
1142 1484 1249 1506 causa-

510 1540 581 1562 rum
610 1528 715 1572 palatii
740 1527 905 1572 apostolici
929 1527 1099 1567 auditores,
1118 1527 1248 1560 iudicari

510 1588 541 1616 et
564 1582 688 1615 definiri
720 1581 856 1621 debere,
881 1592 916 1614 ac
949 1581 1072 1613 irritum
1098 1586 1127 1613 et
1159 1581 1250 1613 inane

511 1635 664 1679 quidquid
678 1645 768 1668 secus
782 1634 938 1678 superbis
955 1645 972 1666 a
989 1644 1157 1677 quoquam,
1175 1643 1250 1677 qua-

511 1689 556 1722 vis
592 1688 789 1729 auctoritate,
815 1688 949 1721 scienter
974 1688 1021 1720 vel
1046 1688 1250 1730 ignoranter,

511 1742 678 1785 contigerit
701 1742 855 1774 attentari.
874 1741 907 1774 In
928 1741 1122 1774 contrarium
1140 1741 1251 1773 sacien-

513 1796 594 1830 tibus
617 1805 681 1828 non
705 1795 902 1828 obstantibus
927 1795 1188 1838 quibuscumque.

556 1850 666 1882 Datum
692 1849 833 1889 Romae,
859 1848 942 1892 apud
965 1848 994 1882 S.
1021 1849 1166 1889 Petrum,
1195 1847 1252 1880 sub

513 1903 627 1936 annulo
642 1902 818 1942 Piscatoris,
835 1902 884 1935 die
902 1912 934 1935 1x
949 1901 1125 1935 decembris
1138 1911 1252 1942 MDCLV,

513 1956 714 2001 pontificatus
735 1956 835 1989 nostri
853 1965 934 1988 anno
952 1965 971 1988 1.

549 2019 606 2046 Dat.
624 2018 667 2046 die
682 2019 698 2045 9
713 2018 866 2046 decembris
882 2018 960 2052 1655,
978 2017 1073 2053 pontif.
1092 2025 1161 2044 anno
1177 2023 1193 2044 1.

851 2153 921 2186 LVI.

518 2228 568 2269 Ut,
596 2228 632 2260 in
657 2227 834 2259 missarum
854 2224 1050 2258 solemnium
1069 2228 1097 2257 el
1113 2233 1255 2267 vespera-

558 2290 633 2313 rum
663 2280 698 2312 in
729 2278 884 2322 cappellis
912 2277 1092 2321 pontificiis
1116 2277 1272 2322 celebra-5

561 2333 657 2371 tione,
679 2331 853 2365 sacerdotis
870 2331 1051 2364 assistentis
1072 2341 1108 2363 ac
1125 2330 1255 2363 dz'acom'
1270 2369 1272 2377 ⁴

561 2391 588 2420 et
624 2385 816 2419 subdiaconi
855 2384 959 2427 officia
991 2395 1049 2427 per
1085 2385 1272 2423 ccitzovit'cos{

561 2440 592 2473 S.
620 2440 755 2472 Ioannis
781 2438 1009 2471 Lateranensi‘s
1033 2448 1070 2470 cic
1101 2438 1132 2471 S.
1162 2437 1255 2470 Petri

562 2497 589 2525 cl
614 2492 643 2525 S.
670 2491 795 2524 Mariae
819 2491 953 2524 Maioris
975 2491 1144 2534 respective
1165 2501 1256 2534 pera-

562 2543 713 2587 yanlur¹.

556 2607 565 2633 1
589 2606 626 2633 Ex
647 2606 753 2641 ltegest.
774 2606 800 2633 in
821 2606 922 2634 Secret.
943 2605 1020 2634 Brev.

1283 200 1436 226 ROMANUM

1462 249 1630 276 Alexander
1651 248 1730 282 Papa
1748 248 1810 282 vn,

1393 294 1429 321 ad
1449 296 1624 328 perpetuam
1643 292 1689 320 rei
1708 292 1886 320 memoriam.

1316 356 1330 399 ς
1354 356 1383 388 Λ1.
1410 356 1469 388 Pro
1494 354 1660 399 pastoralis
1684 353 1778 387 officii
1809 353 1899 387 nobis
1932 354 2009 386 divi·
2024 364 2114 412 ”3:333
2124 370 2206 412 ⁹5¹3:

500 410 659 453 sacrisque
674 410 855 450 canonibus,
873 415 903 443 et
919 409 1047 443 Concilii
1065 409 1237 442 Tridentini
1254 406 1256 425 ‘¹
1271 410 1354 443 nitus
1379 409 1539 442 commissi
1558 408 1662 441 debito
1687 407 1855 451 providere
1871 408 2009 441 volentes
2024 423 2084 438 sums
2120 418 2206 438 Latera·
2252 427 2263 440 ,⁴

2021 199 2069 224 An.
2086 198 2114 225 c.
2135 198 2210 237 1555·
2252 196 2263 227 t·

2250 261 2253 277 ⁴

2251 283 2253 291 i

1986 461 1991 465 .
2024 444 2207 466 nensis.aes.1²o-
2252 441 2253 450 ¹

1273 467 1306 495 ut
1331 462 1435 494 divina
1459 461 1561 495 officia
1597 460 1627 492 in
1664 459 1813 504 cappellis
1841 459 2010 503 pontificiis
2025 471 2096 517 ‘ri-*10⁶²
2119 470 2208 518 {hipra

1274 516 1311 548 ad
1328 514 1552 559 omnipotentis
1568 513 1621 547 Dei
1644 513 1777 556 gloriam
1795 524 1830 546 ac
1854 513 2011 546 Ecclesiae
2026 524 2146 550 peragenda
2160 529 2209 544 eon·
2252 523 2253 526 ¹

1275 622 1389 655 decore
1415 621 1623 661 celebrentur,
1646 624 1732 653 motu
1757 619 1900 663 proprio,
1921 624 1951 652 ct
1974 629 2010 652 ex

1276 678 1361 709 certa
1387 674 1515 708 scientia
1531 679 1559 706 et
1578 674 1700 706 matura
1721 672 1946 705 deliberatione
1962 681 2014 704 no-

1277 729 1364 770 stris,
1390 728 1490 771 deque
1515 727 1705 771 apostolicae
1731 725 1893 769 potestatis
1917 725 2014 769 pleni-

1277 782 1393 822 tudine,
1412 786 1445 814 ut
1468 780 1627 824 perpetuis
1641 779 1754 812 suturis
1771 778 1967 822 temporibus
1985 778 2014 810 in

1278 834 1381 867 missis
1406 834 1615 874 solemnibus,
1641 842 1719 876 quae
1745 832 1775 864 in
1800 831 1916 864 eisdem
1942 841 2014 875 cap-

1277 887 1367 931 pellis
1392 886 1560 930 pontificiis
1586 885 1798 929 quibuslibet,
1823 883 1887 916 sive
1910 883 2015 924 nobis,

1277 951 1332 974 seu
1357 941 1497 974 Romano
1522 939 1671 972 Pontitice
1701 949 1759 982 pro
1790 943 1933 981 tempore
1957 937 2017 970 exi-

1278 998 1388 1034 stente,
1412 992 1640 1037 praesentibus,
1658 991 1723 1024 sive
1744 990 1935 1031 absentibus,
1961 1001 2017 1034 per

1280 1047 1473 1080 venerabiles
1499 1047 1610 1079 fratres
1635 1050 1758 1079 nostros
1783 1046 1811 1079 S.
1839 1045 1873 1078 R.
1895 1045 1928 1078 E.
1954 1055 2017 1076 car-

1279 1101 1397 1134 dinales
1421 1101 1468 1133 vel
1501 1100 1656 1144 praelatos
1680 1099 1859 1132 assistentes
1884 1098 2018 1131 celebra-

1280 1155 1406 1195 buntur,
1432 1154 1569 1187 officium
1595 1152 1765 1186 sacerdotis
1787 1152 1958 1185 celebranti
1974 1162 2018 1184 as-

1280 1208 1415 1241 sistentis
1438 1218 1495 1251 per
1519 1217 1616 1240 unum
1635 1217 1669 1239 ex
1688 1206 1846 1239 canonicis
1869 1205 2019 1238 ecclesiae

1280 1262 1308 1295 S.
1334 1262 1458 1295 Ioannis
1479 1261 1510 1293 in
1531 1262 1692 1301 Laterano,
1709 1259 1848 1293 osticium
1866 1269 1940 1292 vero
1957 1258 2020 1291 dia-

1281 1315 1351 1349 coni
1387 1325 1445 1358 per
1478 1325 1576 1347 unum
1611 1324 1646 1346 ex
1679 1313 1838 1346 canonicis
1872 1311 2020 1345 basilicae

1283 1368 1436 1412 Principis
1460 1367 1694 1411 Apostolorum,
1719 1377 1755 1399 ac
1779 1365 1962 1399 subdiaconi
1979 1365 2020 1398 os-

1282 1422 1389 1454 ficium
1413 1432 1469 1465 per
1494 1431 1590 1453 unum
1624 1431 1660 1453 ex
1693 1419 1851 1453 canonicis
1874 1418 2020 1452 basilicae

1283 1475 1312 1508 S.
1338 1474 1451 1508 Mariae
1484 1473 1609 1506 Maioris
1643 1473 1681 1506 de
1711 1473 1793 1505 Urbe
1818 1476 2020 1516 peragantur,

1284 1532 1391 1562 tenore
1415 1527 1626 1571 praesentium
1659 1526 1824 1558 statuimus
1848 1530 1878 1558 et
1901 1525 2023 1558 ordina-

1285 1591 1362 1613 mus.
1397 1582 1439 1613 Ac
1478 1579 1609 1623 proinde
1645 1578 1816 1611 sacerdotis
1852 1577 2022 1612 assistentis

1283 1634 1405 1667 dilectis
1430 1634 1502 1667 siliis
1528 1633 1664 1677 capitulo
1690 1637 1720 1665 et
1744 1632 1902 1666 canonicis
1927 1632 2023 1665 eccle-

1284 1688 1348 1720 siae
1372 1688 1400 1720 S.
1427 1687 1549 1720 Ioannis
1573 1687 1604 1719 in
1629 1687 1790 1726 Laterano,
1815 1695 1936 1718 necnon
1961 1684 2023 1718 dia·

1285 1740 1355 1774 coni
1380 1740 1516 1784 capitulo
1541 1745 1570 1773 et
1594 1739 1752 1772 canonicis
1776 1738 1922 1772 basilicae
1939 1738 2024 1771 Prin-

1268 1794 1364 1838 ¹cipis
1389 1794 1632 1837 Apostolorum,
1658 1803 1693 1825 ac
1715 1792 1896 1825 subdiaconi
1921 1792 2023 1826 officia

1285 1847 1445 1891 praedicta
1469 1847 1604 1890 capitulo
1636 1851 1665 1878 et
1695 1845 1853 1878 canonicis
1877 1845 2024 1879 basilicae

1286 1901 1315 1934 S.
1341 1900 1455 1933 Mariae
1486 1899 1610 1932 Maioris
1642 1899 1822 1932 huiusmodi
1850 1899 2024 1943 respective

1286 1958 1439 1998 perpetuo
1457 1953 1584 1986 unimus
1605 1958 1634 1985 et
1651 1952 1854 1997 applicamus.
1880 1953 2024 1986 Volentcs

1286 2011 1330 2048 ut,
1347 2012 1409 2040 tam
1429 2017 1511 2040 nunc
1532 2007 1636 2050 primo
1656 2007 1737 2047 loco,
1754 2017 1848 2050 quam
1866 2006 2024 2050 deinceps,

1287 2061 1545 2105 quotiescumque
1569 2061 1677 2093 eadem
1694 2060 1795 2094 officia
1821 2060 2025 2104 seu1aliquod

1270 2111 1272 2123 '
1287 2115 1413 2147 illorum
1429 2124 1539 2147 vacare
1557 2113 1732 2157 contigerit,
1750 2114 1873 2157 singula
1889 2114 2025 2158 capitula

1270 2163 1459 2201 'memorata
1484 2167 1521 2200 ad
1553 2167 1690 2200 officium
1716 2177 1751 2200 ex
1776 2167 1942 2211 praedictis
1966 2168 2024 2201 sibi

1287 2222 1408 2255 unitum
1427 2226 1456 2255 et
1478 2221 1666 2265 applicatum
1688 2221 1804 2263 eligant
1824 2231 1876 2254 sex
1904 2222 2026 2255 canoni-

1287 2286 1340 2309 cos
1364 2286 1380 2308 e
1409 2286 1465 2308 suo
1497 2275 1637 2318 gremio,
1669 2285 1747 2318 quos
1772 2275 1810 2307 ad
1835 2275 1901 2319 ipsa
1924 2276 2026 2309 officia

1287 2329 1461 2374 respective
1486 2328 1658 2361 exercenda
1682 2329 1887 2362 iudicaverint
1911 2329 1942 2362 in
1966 2330 2026 2363 Do-

1288 2383 1373 2416 mino
1398 2382 1552 2426 aptiores,
1589 2382 1694 2414 dilecti
1726 2392 1800 2415 vero
1834 2382 1890 2414 filii
1926 2382 2025 2415 nostri

1288 2436 1425 2469 eiusdem
1451 2436 1478 2469 S.
1497 2436 1531 2468 R.
1560 2436 1593 2468 E.
1627 2435 1799 2468 cardinales
1823 2435 1972 2468 ecclesiae
1997 2440 2027 2468 ct

1288 2489 1488 2522 basilicarum
1503 2489 1713 2532 praefatarum
1730 2499 1814 2522 nunc
1831 2493 1861 2521 et
1876 2499 1934 2532 pro
1952 2493 2026 2522 tem-

1288 2554 1365 2587 pore
1399 2543 1665 2587 archipresbyteri
1698 2553 1749 2576 sex
1781 2542 1947 2576 canonicos
1982 2542 2026 2575 sic

1290 2602 1324 2630 ut
1347 2599 1522 2640 praefertur
1545 2597 1659 2631 electos
1687 2596 1859 2640 respective
1882 2595 1972 2629 nobis
1997 2600 2026 2629 et

2025 550 2094 570 stituit
2117 551 2138 570 iu
2161 556 2184 570 ca
2201 561 2209 566 -
2252 544 2263 565 t)

1275 569 1446 602 catholicae
1470 567 1668 612 splendorem
1694 577 1752 607 eo,
1778 577 1840 610 quo
1863 577 1920 610 par
1945 571 2087 608 est,pgn=s
2126 578 2184 603 ponii

2255 1895 2258 1905 -
2248 1814 2263 1889 μὴν,

2248 1983 2263 1999 ⁷1
2248 1896 2263 1958 Tt-
