<?xml version="1.0" encoding="UTF-8"?>
<!DOCTYPE html PUBLIC "-//W3C//DTD XHTML 1.0 Transitional//EN"
    "http://www.w3.org/TR/xhtml1/DTD/xhtml1-transitional.dtd">
<html xmlns="http://www.w3.org/1999/xhtml" xml:lang="en" lang="en">
 <head>
  <title>
</title>
<meta http-equiv="Content-Type" content="text/html;charset=utf-8" />
  <meta name='ocr-system' content='tesseract 3.04.00' />
  <meta name='ocr-capabilities' content='ocr_page ocr_carea ocr_par ocr_line ocrx_word'/>
</head>
<body>
  <div class='ocr_page' id='page_1' title='image "./bullarumdiplomat16cath_0668.png"; bbox 0 0 2243 3205; ppageno 0'>
   <div class='ocr_carea' id='block_1_1' title="bbox 294 164 586 198">
    <p class='ocr_par' dir='ltr' id='par_1_1' title="bbox 294 164 586 198">
     <span class='ocr_line' id='line_1_1' title="bbox 294 164 586 198; baseline -0.003 -2"><span class='ocrx_word' id='word_1_1' title='bbox 294 171 340 197; x_wconf 58' lang='lat' dir='ltr'>An.</span> <span class='ocrx_word' id='word_1_2' title='bbox 362 171 391 197; x_wconf 82' lang='lat' dir='ltr'>c.</span> <span class='ocrx_word' id='word_1_3' title='bbox 410 171 476 198; x_wconf 75' lang='lat' dir='ltr'>icco</span> <span class='ocrx_word' id='word_1_4' title='bbox 522 164 562 197; x_wconf 69' lang='lat'>03</span> <span class='ocrx_word' id='word_1_5' title='bbox 574 164 586 195; x_wconf 72' lang='grc' dir='ltr'>1Δ</span> 
     </span>
    </p>
   </div>
   <div class='ocr_carea' id='block_1_2' title="bbox 300 868 484 919">
    <p class='ocr_par' dir='ltr' id='par_1_2' title="bbox 300 868 484 919">
     <span class='ocr_line' id='line_1_2' title="bbox 300 868 484 892; baseline -0.011 -4"><span class='ocrx_word' id='word_1_6' title='bbox 300 868 411 888; x_wconf 70' lang='lat' dir='ltr'>Deci-otum</span> <span class='ocrx_word' id='word_1_7' title='bbox 423 871 484 892; x_wconf 82' lang='lat' dir='ltr'>prae-</span> 
     </span>
     <span class='ocr_line' id='line_1_3' title="bbox 300 893 483 919; baseline -0.005 -5"><span class='ocrx_word' id='word_1_8' title='bbox 300 896 400 914; x_wconf 78' lang='lat' dir='ltr'>insertum</span> <span class='ocrx_word' id='word_1_9' title='bbox 419 893 483 919; x_wconf 73' lang='lat' dir='ltr'>expli-</span> 
     </span>
    </p>
   </div>
   <div class='ocr_carea' id='block_1_3' title="bbox 312 1664 496 1792">
    <p class='ocr_par' dir='ltr' id='par_1_3' title="bbox 312 1664 496 1792">
     <span class='ocr_line' id='line_1_4' title="bbox 338 1664 495 1689; baseline 0.006 -5"><span class='ocrx_word' id='word_1_10' title='bbox 338 1664 458 1689; x_wconf 64' lang='lat' dir='ltr'>Priviieaia,</span> <span class='ocrx_word' id='word_1_11' title='bbox 467 1665 495 1685; x_wconf 91' lang='lat' dir='ltr'>in-</span> 
     </span>
     <span class='ocr_line' id='line_1_5' title="bbox 312 1691 496 1716; baseline 0.011 -6"><span class='ocrx_word' id='word_1_12' title='bbox 312 1691 370 1710; x_wconf 80' lang='lat' dir='ltr'>dulta</span> <span class='ocrx_word' id='word_1_13' title='bbox 380 1707 384 1713; x_wconf 81' lang='grc'>,</span> <span class='ocrx_word' id='word_1_14' title='bbox 418 1692 496 1716; x_wconf 75' lang='lat' dir='ltr'>gratias</span> 
     </span>
     <span class='ocr_line' id='line_1_6' title="bbox 313 1718 495 1738; baseline 0.011 -2"><span class='ocrx_word' id='word_1_15' title='bbox 313 1718 339 1737; x_wconf 82' lang='lat' dir='ltr'>ab</span> <span class='ocrx_word' id='word_1_16' title='bbox 351 1718 398 1737; x_wconf 78' lang='lat' dir='ltr'>aliis</span> <span class='ocrx_word' id='word_1_17' title='bbox 411 1718 495 1738; x_wconf 62' lang='lat' dir='ltr'>Pontifi-</span> 
     </span>
     <span class='ocr_line' id='line_1_7' title="bbox 313 1744 496 1766; baseline 0.016 -3"><span class='ocrx_word' id='word_1_18' title='bbox 313 1744 372 1764; x_wconf 79' lang='lat' dir='ltr'>cibus</span> <span class='ocrx_word' id='word_1_19' title='bbox 395 1750 496 1766; x_wconf 78' lang='lat' dir='ltr'>concessa</span> 
     </span>
     <span class='ocr_line' id='line_1_8' title="bbox 313 1771 429 1792; baseline 0 -1"><span class='ocrx_word' id='word_1_20' title='bbox 313 1771 429 1792; x_wconf 74' lang='lat' dir='ltr'>coufirmat.</span> 
     </span>
    </p>
   </div>
   <div class='ocr_carea' id='block_1_4' title="bbox 492 220 1258 2605">
    <p class='ocr_par' dir='ltr' id='par_1_4' title="bbox 492 220 1237 846">
     <span class='ocr_line' id='line_1_9' title="bbox 493 220 1232 265; baseline 0.005 -13"><span class='ocrx_word' id='word_1_21' title='bbox 493 220 663 253; x_wconf 71' lang='lat' dir='ltr'>stitutionis</span> <span class='ocrx_word' id='word_1_22' title='bbox 689 225 814 254; x_wconf 88' lang='lat' dir='ltr'>nostrae</span> <span class='ocrx_word' id='word_1_23' title='bbox 840 225 1014 265; x_wconf 88' lang='lat' dir='ltr'>praetextu,</span> <span class='ocrx_word' id='word_1_24' title='bbox 1029 221 1081 255; x_wconf 90' lang='lat' dir='ltr'>illa</span> <span class='ocrx_word' id='word_1_25' title='bbox 1101 222 1131 255; x_wconf 91' lang='lat' dir='ltr'>in</span> <span class='ocrx_word' id='word_1_26' title='bbox 1149 233 1232 256; x_wconf 88' lang='lat' dir='ltr'>com-</span> 
     </span>
     <span class='ocr_line' id='line_1_10' title="bbox 494 273 1232 318; baseline 0.004 -13"><span class='ocrx_word' id='word_1_27' title='bbox 494 273 622 306; x_wconf 88' lang='lat' dir='ltr'>modum</span> <span class='ocrx_word' id='word_1_28' title='bbox 658 274 793 307; x_wconf 81' lang='lat' dir='ltr'>fabricae</span> <span class='ocrx_word' id='word_1_29' title='bbox 826 274 1003 318; x_wconf 78' lang='lat' dir='ltr'>praedictae</span> <span class='ocrx_word' id='word_1_30' title='bbox 1036 275 1119 310; x_wconf 78' lang='lat' dir='ltr'>iuxta</span> <span class='ocrx_word' id='word_1_31' title='bbox 1150 276 1232 308; x_wconf 89' lang='lat' dir='ltr'>illius</span> 
     </span>
     <span class='ocr_line' id='line_1_11' title="bbox 492 326 1232 369; baseline 0.005 -12"><span class='ocrx_word' id='word_1_32' title='bbox 492 326 657 369; x_wconf 83' lang='lat' dir='ltr'>privilegia</span> <span class='ocrx_word' id='word_1_33' title='bbox 683 327 812 360; x_wconf 90' lang='lat' dir='ltr'>minime</span> <span class='ocrx_word' id='word_1_34' title='bbox 837 328 977 361; x_wconf 79' lang='lat' dir='ltr'>converti</span> <span class='ocrx_word' id='word_1_35' title='bbox 1009 328 1144 369; x_wconf 89' lang='lat' dir='ltr'>debere,</span> <span class='ocrx_word' id='word_1_36' title='bbox 1175 339 1232 361; x_wconf 92' lang='lat' dir='ltr'>nec</span> 
     </span>
     <span class='ocr_line' id='line_1_12' title="bbox 494 378 1232 425; baseline 0.007 -15"><span class='ocrx_word' id='word_1_37' title='bbox 494 378 532 410; x_wconf 90' lang='lat' dir='ltr'>ad</span> <span class='ocrx_word' id='word_1_38' title='bbox 558 379 641 411; x_wconf 92' lang='lat' dir='ltr'>illam</span> <span class='ocrx_word' id='word_1_39' title='bbox 668 380 778 422; x_wconf 87' lang='lat' dir='ltr'>quovis</span> <span class='ocrx_word' id='word_1_40' title='bbox 811 380 905 414; x_wconf 89' lang='lat' dir='ltr'>modo</span> <span class='ocrx_word' id='word_1_41' title='bbox 938 386 1079 425; x_wconf 84' lang='lat' dir='ltr'>spectare</span> <span class='ocrx_word' id='word_1_42' title='bbox 1096 408 1103 422; x_wconf 95' lang='lat'>‚</span> <span class='ocrx_word' id='word_1_43' title='bbox 1131 392 1232 425; x_wconf 86' lang='lat' dir='ltr'>neque</span> 
     </span>
     <span class='ocr_line' id='line_1_13' title="bbox 495 432 1233 478; baseline 0.005 -15"><span class='ocrx_word' id='word_1_44' title='bbox 495 432 553 464; x_wconf 85' lang='lat' dir='ltr'>sub</span> <span class='ocrx_word' id='word_1_45' title='bbox 578 432 644 464; x_wconf 88' lang='lat' dir='ltr'>eius</span> <span class='ocrx_word' id='word_1_46' title='bbox 669 433 866 466; x_wconf 88' lang='lat' dir='ltr'>facultatibus</span> <span class='ocrx_word' id='word_1_47' title='bbox 892 434 1118 477; x_wconf 81' lang='lat' dir='ltr'>comprehendi</span> <span class='ocrx_word' id='word_1_48' title='bbox 1143 445 1233 478; x_wconf 89' lang='lat' dir='ltr'>prae-</span> 
     </span>
     <span class='ocr_line' id='line_1_14' title="bbox 496 483 1233 530; baseline 0.005 -14"><span class='ocrx_word' id='word_1_49' title='bbox 496 483 630 525; x_wconf 80' lang='lat' dir='ltr'>tendant,</span> <span class='ocrx_word' id='word_1_50' title='bbox 644 485 675 517; x_wconf 94' lang='lat' dir='ltr'>in</span> <span class='ocrx_word' id='word_1_51' title='bbox 693 486 863 518; x_wconf 88' lang='lat' dir='ltr'>maximum</span> <span class='ocrx_word' id='word_1_52' title='bbox 883 486 979 530; x_wconf 88' lang='lat' dir='ltr'>ipsius</span> <span class='ocrx_word' id='word_1_53' title='bbox 993 487 1131 520; x_wconf 81' lang='lat' dir='ltr'>fabricae</span> <span class='ocrx_word' id='word_1_54' title='bbox 1149 487 1233 520; x_wconf 82' lang='lat' dir='ltr'>dam-</span> 
     </span>
     <span class='ocr_line' id='line_1_15' title="bbox 495 538 1232 583; baseline 0.005 -15"><span class='ocrx_word' id='word_1_55' title='bbox 495 547 568 569; x_wconf 90' lang='lat' dir='ltr'>num</span> <span class='ocrx_word' id='word_1_56' title='bbox 595 542 625 570; x_wconf 89' lang='lat' dir='ltr'>et</span> <span class='ocrx_word' id='word_1_57' title='bbox 647 538 890 581; x_wconf 89' lang='lat' dir='ltr'>praeiudicium:</span> <span class='ocrx_word' id='word_1_58' title='bbox 909 539 982 572; x_wconf 92' lang='lat' dir='ltr'>hinc</span> <span class='ocrx_word' id='word_1_59' title='bbox 999 545 1045 572; x_wconf 89' lang='lat' dir='ltr'>est</span> <span class='ocrx_word' id='word_1_60' title='bbox 1062 539 1147 583; x_wconf 90' lang='lat' dir='ltr'>quod</span> <span class='ocrx_word' id='word_1_61' title='bbox 1167 550 1232 581; x_wconf 89' lang='lat' dir='ltr'>nos,</span> 
     </span>
     <span class='ocr_line' id='line_1_16' title="bbox 497 591 1235 635; baseline 0.003 -13"><span class='ocrx_word' id='word_1_62' title='bbox 497 600 643 632; x_wconf 90' lang='lat' dir='ltr'>omnem,</span> <span class='ocrx_word' id='word_1_63' title='bbox 669 601 749 634; x_wconf 90' lang='lat' dir='ltr'>quae</span> <span class='ocrx_word' id='word_1_64' title='bbox 784 591 1032 635; x_wconf 89' lang='lat' dir='ltr'>praemissorum</span> <span class='ocrx_word' id='word_1_65' title='bbox 1069 592 1235 625; x_wconf 82' lang='lat' dir='ltr'>occasione</span> 
     </span>
     <span class='ocr_line' id='line_1_17' title="bbox 497 645 1232 689; baseline 0.003 -14"><span class='ocrx_word' id='word_1_66' title='bbox 497 649 587 676; x_wconf 86' lang='lat' dir='ltr'>enata</span> <span class='ocrx_word' id='word_1_67' title='bbox 612 649 658 677; x_wconf 85' lang='lat' dir='ltr'>est</span> <span class='ocrx_word' id='word_1_68' title='bbox 682 650 712 678; x_wconf 90' lang='lat' dir='ltr'>et</span> <span class='ocrx_word' id='word_1_69' title='bbox 737 645 868 689; x_wconf 89' lang='lat' dir='ltr'>posthac</span> <span class='ocrx_word' id='word_1_70' title='bbox 893 646 978 678; x_wconf 87' lang='lat' dir='ltr'>nasci</span> <span class='ocrx_word' id='word_1_71' title='bbox 1002 651 1129 689; x_wconf 90' lang='lat' dir='ltr'>posset,</span> <span class='ocrx_word' id='word_1_72' title='bbox 1154 655 1232 678; x_wconf 89' lang='lat' dir='ltr'>con-</span> 
     </span>
     <span class='ocr_line' id='line_1_18' title="bbox 499 697 1237 742; baseline 0.004 -14"><span class='ocrx_word' id='word_1_73' title='bbox 499 697 683 730; x_wconf 84' lang='lat' dir='ltr'>troversiam</span> <span class='ocrx_word' id='word_1_74' title='bbox 708 703 737 731; x_wconf 86' lang='lat' dir='ltr'>et</span> <span class='ocrx_word' id='word_1_75' title='bbox 761 699 999 742; x_wconf 80' lang='lat' dir='ltr'>ambiguitatem</span> <span class='ocrx_word' id='word_1_76' title='bbox 1019 699 1138 739; x_wconf 89' lang='lat' dir='ltr'>tollere,</span> <span class='ocrx_word' id='word_1_77' title='bbox 1159 699 1237 731; x_wconf 90' lang='lat' dir='ltr'>eius-</span> 
     </span>
     <span class='ocr_line' id='line_1_19' title="bbox 499 749 1236 794; baseline 0.004 -12"><span class='ocrx_word' id='word_1_78' title='bbox 499 749 632 794; x_wconf 81' lang='lat' dir='ltr'>demque</span> <span class='ocrx_word' id='word_1_79' title='bbox 669 751 806 786; x_wconf 83' lang='lat' dir='ltr'>fabricae</span> <span class='ocrx_word' id='word_1_80' title='bbox 842 752 1039 786; x_wconf 84' lang='lat' dir='ltr'>indemnitati</span> <span class='ocrx_word' id='word_1_81' title='bbox 1071 752 1236 786; x_wconf 84' lang='lat' dir='ltr'>consulere</span> 
     </span>
     <span class='ocr_line' id='line_1_20' title="bbox 500 803 670 846; baseline 0.018 -12"><span class='ocrx_word' id='word_1_82' title='bbox 500 803 670 846; x_wconf 87' lang='lat' dir='ltr'>cupientes,</span> 
     </span>
    </p>

    <p class='ocr_par' dir='ltr' id='par_1_5' title="bbox 498 856 1249 1636">
     <span class='ocr_line' id='line_1_21' title="bbox 544 856 1238 900; baseline 0.001 -11"><span class='ocrx_word' id='word_1_83' title='bbox 544 856 558 899; x_wconf 60' lang='grc' dir='ltr'>ἓ</span> <span class='ocrx_word' id='word_1_84' title='bbox 583 856 612 889; x_wconf 84' lang='lat'>3.</span> <span class='ocrx_word' id='word_1_85' title='bbox 637 857 740 897; x_wconf 83' lang='lat' dir='ltr'>Motu,</span> <span class='ocrx_word' id='word_1_86' title='bbox 776 857 926 900; x_wconf 83' lang='lat' dir='ltr'>scientia,</span> <span class='ocrx_word' id='word_1_87' title='bbox 960 857 1185 890; x_wconf 83' lang='lat' dir='ltr'>deliberatione</span> <span class='ocrx_word' id='word_1_88' title='bbox 1209 862 1238 890; x_wconf 85' lang='lat' dir='ltr'>et</span> 
     </span>
     <span class='ocr_line' id='line_1_22' title="bbox 498 909 1239 953; baseline 0 -12"><span class='ocrx_word' id='word_1_89' title='bbox 498 910 661 952; x_wconf 87' lang='lat' dir='ltr'>potestatis</span> <span class='ocrx_word' id='word_1_90' title='bbox 684 910 877 953; x_wconf 87' lang='lat' dir='ltr'>plenitudine</span> <span class='ocrx_word' id='word_1_91' title='bbox 902 910 1066 951; x_wconf 83' lang='lat' dir='ltr'>similibus,</span> <span class='ocrx_word' id='word_1_92' title='bbox 1093 909 1239 943; x_wconf 88' lang='lat' dir='ltr'>constitu-</span> 
     </span>
     <span class='ocr_line' id='line_1_23' title="bbox 501 962 1240 1006; baseline 0 -12"><span class='ocrx_word' id='word_1_93' title='bbox 501 962 617 995; x_wconf 83' lang='lat' dir='ltr'>tionem</span> <span class='ocrx_word' id='word_1_94' title='bbox 660 963 886 1006; x_wconf 89' lang='lat' dir='ltr'>praeinsertam</span> <span class='ocrx_word' id='word_1_95' title='bbox 920 963 951 995; x_wconf 89' lang='lat' dir='ltr'>in</span> <span class='ocrx_word' id='word_1_96' title='bbox 983 963 1044 995; x_wconf 90' lang='lat' dir='ltr'>illis</span> <span class='ocrx_word' id='word_1_97' title='bbox 1078 962 1240 995; x_wconf 84' lang='lat' dir='ltr'>dumtaxat</span> 
     </span>
     <span class='ocr_line' id='line_1_24' title="bbox 500 1015 1239 1060; baseline 0.003 -13"><span class='ocrx_word' id='word_1_98' title='bbox 500 1015 628 1057; x_wconf 83' lang='lat' dir='ltr'>legatis,</span> <span class='ocrx_word' id='word_1_99' title='bbox 654 1026 733 1059; x_wconf 88' lang='lat' dir='ltr'>quae</span> <span class='ocrx_word' id='word_1_100' title='bbox 766 1016 959 1060; x_wconf 84' lang='lat' dir='ltr'>pauperibus</span> <span class='ocrx_word' id='word_1_101' title='bbox 985 1017 1015 1049; x_wconf 91' lang='lat' dir='ltr'>in</span> <span class='ocrx_word' id='word_1_102' title='bbox 1047 1026 1162 1059; x_wconf 82' lang='lat' dir='ltr'>genere</span> <span class='ocrx_word' id='word_1_103' title='bbox 1187 1026 1239 1049; x_wconf 86' lang='lat' dir='ltr'>ex-</span> 
     </span>
     <span class='ocr_line' id='line_1_25' title="bbox 503 1070 1241 1114; baseline 0.003 -13"><span class='ocrx_word' id='word_1_104' title='bbox 503 1079 611 1112; x_wconf 79' lang='lat' dir='ltr'>presse</span> <span class='ocrx_word' id='word_1_105' title='bbox 638 1074 667 1101; x_wconf 91' lang='lat' dir='ltr'>et</span> <span class='ocrx_word' id='word_1_106' title='bbox 691 1070 836 1114; x_wconf 83' lang='lat' dir='ltr'>explicite</span> <span class='ocrx_word' id='word_1_107' title='bbox 860 1070 969 1104; x_wconf 85' lang='lat' dir='ltr'>relicta</span> <span class='ocrx_word' id='word_1_108' title='bbox 994 1076 1066 1103; x_wconf 90' lang='lat' dir='ltr'>sunt</span> <span class='ocrx_word' id='word_1_109' title='bbox 1090 1071 1241 1103; x_wconf 87' lang='lat' dir='ltr'>hactenus</span> 
     </span>
     <span class='ocr_line' id='line_1_26' title="bbox 504 1122 1241 1168; baseline 0.004 -14"><span class='ocrx_word' id='word_1_110' title='bbox 504 1127 533 1155; x_wconf 86' lang='lat' dir='ltr'>et</span> <span class='ocrx_word' id='word_1_111' title='bbox 558 1122 589 1154; x_wconf 91' lang='lat' dir='ltr'>in</span> <span class='ocrx_word' id='word_1_112' title='bbox 613 1122 753 1156; x_wconf 88' lang='lat' dir='ltr'>futurum</span> <span class='ocrx_word' id='word_1_113' title='bbox 769 1124 996 1168; x_wconf 85' lang='lat' dir='ltr'>relinquentur,</span> <span class='ocrx_word' id='word_1_114' title='bbox 1013 1124 1076 1157; x_wconf 88' lang='lat' dir='ltr'>sive</span> <span class='ocrx_word' id='word_1_115' title='bbox 1093 1134 1149 1167; x_wconf 91' lang='lat' dir='ltr'>per</span> <span class='ocrx_word' id='word_1_116' title='bbox 1168 1124 1241 1156; x_wconf 86' lang='lat' dir='ltr'>hae-</span> 
     </span>
     <span class='ocr_line' id='line_1_27' title="bbox 503 1176 1244 1222; baseline 0.004 -14"><span class='ocrx_word' id='word_1_117' title='bbox 503 1176 593 1209; x_wconf 91' lang='lat' dir='ltr'>redes</span> <span class='ocrx_word' id='word_1_118' title='bbox 615 1176 679 1209; x_wconf 91' lang='lat' dir='ltr'>sive</span> <span class='ocrx_word' id='word_1_119' title='bbox 693 1187 750 1220; x_wconf 89' lang='lat' dir='ltr'>per</span> <span class='ocrx_word' id='word_1_120' title='bbox 765 1183 974 1221; x_wconf 80' lang='lat' dir='ltr'>exequutores</span> <span class='ocrx_word' id='word_1_121' title='bbox 998 1179 1044 1211; x_wconf 93' lang='lat' dir='ltr'>vel</span> <span class='ocrx_word' id='word_1_122' title='bbox 1059 1178 1136 1211; x_wconf 89' lang='lat' dir='ltr'>alios</span> <span class='ocrx_word' id='word_1_123' title='bbox 1153 1188 1244 1222; x_wconf 89' lang='lat' dir='ltr'>quos-</span> 
     </span>
     <span class='ocr_line' id='line_1_28' title="bbox 505 1229 1244 1274; baseline 0.004 -13"><span class='ocrx_word' id='word_1_124' title='bbox 505 1239 639 1272; x_wconf 85' lang='lat' dir='ltr'>cumque</span> <span class='ocrx_word' id='word_1_125' title='bbox 663 1229 787 1262; x_wconf 86' lang='lat' dir='ltr'>veniant</span> <span class='ocrx_word' id='word_1_126' title='bbox 811 1230 1035 1274; x_wconf 88' lang='lat' dir='ltr'>distribuenda,</span> <span class='ocrx_word' id='word_1_127' title='bbox 1059 1231 1163 1264; x_wconf 89' lang='lat' dir='ltr'>locum</span> <span class='ocrx_word' id='word_1_128' title='bbox 1188 1231 1244 1264; x_wconf 90' lang='lat' dir='ltr'>ob-</span> 
     </span>
     <span class='ocr_line' id='line_1_29' title="bbox 508 1282 1244 1328; baseline 0.003 -13"><span class='ocrx_word' id='word_1_129' title='bbox 508 1282 628 1325; x_wconf 89' lang='lat' dir='ltr'>tinere,</span> <span class='ocrx_word' id='word_1_130' title='bbox 654 1293 717 1316; x_wconf 93' lang='lat' dir='ltr'>non</span> <span class='ocrx_word' id='word_1_131' title='bbox 742 1288 846 1316; x_wconf 88' lang='lat' dir='ltr'>autem</span> <span class='ocrx_word' id='word_1_132' title='bbox 872 1284 910 1316; x_wconf 92' lang='lat' dir='ltr'>ad</span> <span class='ocrx_word' id='word_1_133' title='bbox 945 1285 1005 1317; x_wconf 89' lang='lat' dir='ltr'>alia</span> <span class='ocrx_word' id='word_1_134' title='bbox 1029 1295 1244 1328; x_wconf 87' lang='lat' dir='ltr'>quaecumque</span> 
     </span>
     <span class='ocr_line' id='line_1_30' title="bbox 506 1335 1244 1380; baseline 0.004 -13"><span class='ocrx_word' id='word_1_135' title='bbox 506 1336 608 1378; x_wconf 84' lang='lat' dir='ltr'>legata</span> <span class='ocrx_word' id='word_1_136' title='bbox 632 1346 689 1379; x_wconf 89' lang='lat' dir='ltr'>pro</span> <span class='ocrx_word' id='word_1_137' title='bbox 707 1335 765 1379; x_wconf 90' lang='lat' dir='ltr'>piis</span> <span class='ocrx_word' id='word_1_138' title='bbox 782 1336 932 1380; x_wconf 87' lang='lat' dir='ltr'>operibus</span> <span class='ocrx_word' id='word_1_139' title='bbox 950 1337 1077 1370; x_wconf 90' lang='lat' dir='ltr'>incertis</span> <span class='ocrx_word' id='word_1_140' title='bbox 1093 1337 1244 1370; x_wconf 82' lang='lat' dir='ltr'>hactenus</span> 
     </span>
     <span class='ocr_line' id='line_1_31' title="bbox 507 1389 1246 1435; baseline 0.004 -14"><span class='ocrx_word' id='word_1_141' title='bbox 507 1389 616 1422; x_wconf 82' lang='lat' dir='ltr'>relicta</span> <span class='ocrx_word' id='word_1_142' title='bbox 657 1394 686 1422; x_wconf 85' lang='lat' dir='ltr'>et</span> <span class='ocrx_word' id='word_1_143' title='bbox 723 1390 754 1422; x_wconf 91' lang='lat' dir='ltr'>in</span> <span class='ocrx_word' id='word_1_144' title='bbox 793 1394 952 1434; x_wconf 85' lang='lat' dir='ltr'>posterum</span> <span class='ocrx_word' id='word_1_145' title='bbox 984 1391 1246 1435; x_wconf 83' lang='lat' dir='ltr'>quandocumque</span> 
     </span>
     <span class='ocr_line' id='line_1_32' title="bbox 508 1443 1245 1488; baseline 0.001 -13"><span class='ocrx_word' id='word_1_146' title='bbox 508 1443 712 1486; x_wconf 87' lang='lat' dir='ltr'>relinquenda</span> <span class='ocrx_word' id='word_1_147' title='bbox 732 1443 886 1477; x_wconf 87' lang='lat' dir='ltr'>ullatenus</span> <span class='ocrx_word' id='word_1_148' title='bbox 904 1444 1035 1488; x_wconf 72' lang='lat' dir='ltr'>porrigi</span> <span class='ocrx_word' id='word_1_149' title='bbox 1051 1455 1105 1477; x_wconf 89' lang='lat' dir='ltr'>seu</span> <span class='ocrx_word' id='word_1_150' title='bbox 1123 1444 1245 1478; x_wconf 83' lang='lat' dir='ltr'>extendi</span> 
     </span>
     <span class='ocr_line' id='line_1_33' title="bbox 508 1497 1248 1541; baseline 0 -11"><span class='ocrx_word' id='word_1_151' title='bbox 508 1507 599 1540; x_wconf 87' lang='lat' dir='ltr'>posse</span> <span class='ocrx_word' id='word_1_152' title='bbox 625 1497 671 1529; x_wconf 82' lang='lat' dir='ltr'>vel</span> <span class='ocrx_word' id='word_1_153' title='bbox 697 1497 821 1537; x_wconf 90' lang='lat' dir='ltr'>debere,</span> <span class='ocrx_word' id='word_1_154' title='bbox 843 1503 950 1531; x_wconf 88' lang='lat' dir='ltr'>tenore</span> <span class='ocrx_word' id='word_1_155' title='bbox 968 1498 1179 1541; x_wconf 87' lang='lat' dir='ltr'>praesentium</span> <span class='ocrx_word' id='word_1_156' title='bbox 1199 1498 1248 1531; x_wconf 90' lang='lat' dir='ltr'>de-</span> 
     </span>
     <span class='ocr_line' id='line_1_34' title="bbox 509 1550 1249 1595; baseline 0.004 -13"><span class='ocrx_word' id='word_1_157' title='bbox 509 1550 686 1591; x_wconf 87' lang='lat' dir='ltr'>claramus,</span> <span class='ocrx_word' id='word_1_158' title='bbox 711 1561 746 1583; x_wconf 91' lang='lat' dir='ltr'>ac</span> <span class='ocrx_word' id='word_1_159' title='bbox 769 1556 922 1595; x_wconf 87' lang='lat' dir='ltr'>perpetuo</span> <span class='ocrx_word' id='word_1_160' title='bbox 958 1551 1122 1585; x_wconf 85' lang='lat' dir='ltr'>statuimus</span> <span class='ocrx_word' id='word_1_161' title='bbox 1147 1556 1176 1586; x_wconf 84' lang='lat' dir='ltr'>et</span> <span class='ocrx_word' id='word_1_162' title='bbox 1200 1552 1249 1585; x_wconf 92' lang='lat' dir='ltr'>de-</span> 
     </span>
     <span class='ocr_line' id='line_1_35' title="bbox 511 1603 679 1636; baseline 0.006 -1"><span class='ocrx_word' id='word_1_163' title='bbox 511 1603 679 1636; x_wconf 89' lang='lat' dir='ltr'>cernimus.</span> 
     </span>
    </p>

    <p class='ocr_par' dir='ltr' id='par_1_6' title="bbox 512 1656 1258 2605">
     <span class='ocr_line' id='line_1_36' title="bbox 555 1656 1248 1702; baseline 0.003 -13"><span class='ocrx_word' id='word_1_164' title='bbox 555 1656 613 1700; x_wconf 53' lang='lat' dir='ltr'>§la</span> <span class='ocrx_word' id='word_1_165' title='bbox 635 1657 677 1690; x_wconf 83' lang='lat' dir='ltr'>Ac</span> <span class='ocrx_word' id='word_1_166' title='bbox 694 1668 913 1702; x_wconf 87' lang='lat' dir='ltr'>quaecumque</span> <span class='ocrx_word' id='word_1_167' title='bbox 926 1657 1100 1702; x_wconf 84' lang='lat' dir='ltr'>privilegia,</span> <span class='ocrx_word' id='word_1_168' title='bbox 1119 1658 1248 1701; x_wconf 89' lang='lat' dir='ltr'>indulta,</span> 
     </span>
     <span class='ocr_line' id='line_1_37' title="bbox 512 1711 1249 1755; baseline 0.001 -12"><span class='ocrx_word' id='word_1_169' title='bbox 512 1711 627 1754; x_wconf 81' lang='lat' dir='ltr'>gratias</span> <span class='ocrx_word' id='word_1_170' title='bbox 653 1716 683 1744; x_wconf 90' lang='lat' dir='ltr'>et</span> <span class='ocrx_word' id='word_1_171' title='bbox 706 1711 868 1744; x_wconf 85' lang='lat' dir='ltr'>facultates</span> <span class='ocrx_word' id='word_1_172' title='bbox 893 1711 1070 1755; x_wconf 82' lang='lat' dir='ltr'>praedictae</span> <span class='ocrx_word' id='word_1_173' title='bbox 1094 1711 1249 1754; x_wconf 84' lang='lat' dir='ltr'>fabricae,</span> 
     </span>
     <span class='ocr_line' id='line_1_38' title="bbox 512 1764 1250 1810; baseline 0.003 -14"><span class='ocrx_word' id='word_1_174' title='bbox 512 1764 641 1808; x_wconf 86' lang='lat' dir='ltr'>eiusque</span> <span class='ocrx_word' id='word_1_175' title='bbox 666 1765 903 1807; x_wconf 78' lang='lat' dir='ltr'>congregationi</span> <span class='ocrx_word' id='word_1_176' title='bbox 921 1769 951 1797; x_wconf 87' lang='lat' dir='ltr'>et</span> <span class='ocrx_word' id='word_1_177' title='bbox 975 1765 1161 1798; x_wconf 82' lang='lat' dir='ltr'>officialibus</span> <span class='ocrx_word' id='word_1_178' title='bbox 1186 1766 1250 1810; x_wconf 90' lang='lat' dir='ltr'>qui-</span> 
     </span>
     <span class='ocr_line' id='line_1_39' title="bbox 512 1817 1250 1863; baseline 0.005 -14"><span class='ocrx_word' id='word_1_179' title='bbox 512 1818 629 1857; x_wconf 86' lang='lat' dir='ltr'>busvis,</span> <span class='ocrx_word' id='word_1_180' title='bbox 647 1817 731 1849; x_wconf 86' lang='lat' dir='ltr'>circa</span> <span class='ocrx_word' id='word_1_181' title='bbox 751 1817 976 1861; x_wconf 86' lang='lat' dir='ltr'>applicationes</span> <span class='ocrx_word' id='word_1_182' title='bbox 997 1818 1173 1861; x_wconf 86' lang='lat' dir='ltr'>legatorum</span> <span class='ocrx_word' id='word_1_183' title='bbox 1192 1830 1250 1863; x_wconf 89' lang='lat' dir='ltr'>pro</span> 
     </span>
     <span class='ocr_line' id='line_1_40' title="bbox 514 1871 1252 1916; baseline 0.004 -14"><span class='ocrx_word' id='word_1_184' title='bbox 514 1871 573 1914; x_wconf 90' lang='lat' dir='ltr'>piis</span> <span class='ocrx_word' id='word_1_185' title='bbox 598 1871 746 1914; x_wconf 88' lang='lat' dir='ltr'>operibus</span> <span class='ocrx_word' id='word_1_186' title='bbox 771 1871 897 1903; x_wconf 89' lang='lat' dir='ltr'>incertis</span> <span class='ocrx_word' id='word_1_187' title='bbox 918 1871 994 1914; x_wconf 85' lang='lat' dir='ltr'>&lt;non</span> <span class='ocrx_word' id='word_1_188' title='bbox 1019 1876 1121 1904; x_wconf 88' lang='lat' dir='ltr'>tamen</span> <span class='ocrx_word' id='word_1_189' title='bbox 1139 1883 1252 1916; x_wconf 90' lang='lat' dir='ltr'>paupe-</span> 
     </span>
     <span class='ocr_line' id='line_1_41' title="bbox 514 1923 1249 1967; baseline 0.004 -12"><span class='ocrx_word' id='word_1_190' title='bbox 514 1923 602 1956; x_wconf 90' lang='lat' dir='ltr'>ribus</span> <span class='ocrx_word' id='word_1_191' title='bbox 627 1923 657 1955; x_wconf 90' lang='lat' dir='ltr'>in</span> <span class='ocrx_word' id='word_1_192' title='bbox 683 1933 809 1966; x_wconf 83' lang='lat' dir='ltr'>genere,</span> <span class='ocrx_word' id='word_1_193' title='bbox 834 1923 913 1956; x_wconf 86' lang='lat' dir='ltr'>sicut</span> <span class='ocrx_word' id='word_1_194' title='bbox 937 1934 1034 1967; x_wconf 87' lang='lat' dir='ltr'>supra</span> <span class='ocrx_word' id='word_1_195' title='bbox 1059 1924 1249 1958; x_wconf 88' lang='lat' dir='ltr'>declaratum</span> 
     </span>
     <span class='ocr_line' id='line_1_42' title="bbox 515 1975 1253 2020; baseline 0.003 -12"><span class='ocrx_word' id='word_1_196' title='bbox 515 1977 574 2020; x_wconf 87' lang='lat' dir='ltr'>est)</span> <span class='ocrx_word' id='word_1_197' title='bbox 593 1975 775 2009; x_wconf 91' lang='lat' dir='ltr'>relictorum</span> <span class='ocrx_word' id='word_1_198' title='bbox 802 1976 833 2008; x_wconf 92' lang='lat' dir='ltr'>in</span> <span class='ocrx_word' id='word_1_199' title='bbox 858 1976 1059 2009; x_wconf 90' lang='lat' dir='ltr'>commodum</span> <span class='ocrx_word' id='word_1_200' title='bbox 1085 1981 1114 2011; x_wconf 79' lang='lat' dir='ltr'>ct</span> <span class='ocrx_word' id='word_1_201' title='bbox 1137 1978 1253 2010; x_wconf 90' lang='lat' dir='ltr'>utilita-</span> 
     </span>
     <span class='ocr_line' id='line_1_43' title="bbox 516 2028 1252 2073; baseline 0.004 -13"><span class='ocrx_word' id='word_1_202' title='bbox 516 2035 577 2060; x_wconf 81' lang='lat' dir='ltr'>tem</span> <span class='ocrx_word' id='word_1_203' title='bbox 603 2028 701 2072; x_wconf 84' lang='lat' dir='ltr'>ipsius</span> <span class='ocrx_word' id='word_1_204' title='bbox 725 2028 872 2069; x_wconf 88' lang='lat' dir='ltr'>fabricae,</span> <span class='ocrx_word' id='word_1_205' title='bbox 898 2040 914 2061; x_wconf 87' lang='lat' dir='ltr'>a</span> <span class='ocrx_word' id='word_1_206' title='bbox 940 2029 1108 2073; x_wconf 88' lang='lat' dir='ltr'>praedictis</span> <span class='ocrx_word' id='word_1_207' title='bbox 1134 2035 1163 2063; x_wconf 90' lang='lat' dir='ltr'>et</span> <span class='ocrx_word' id='word_1_208' title='bbox 1185 2031 1252 2064; x_wconf 90' lang='lat' dir='ltr'>aliis</span> 
     </span>
     <span class='ocr_line' id='line_1_44' title="bbox 515 2082 1254 2127; baseline 0.005 -14"><span class='ocrx_word' id='word_1_209' title='bbox 515 2082 678 2125; x_wconf 80' lang='lat' dir='ltr'>quibusvis</span> <span class='ocrx_word' id='word_1_210' title='bbox 692 2082 839 2115; x_wconf 76' lang='lat' dir='ltr'>Romanis</span> <span class='ocrx_word' id='word_1_211' title='bbox 854 2082 1057 2115; x_wconf 84' lang='lat' dir='ltr'>Pontificibus</span> <span class='ocrx_word' id='word_1_212' title='bbox 1074 2083 1254 2127; x_wconf 90' lang='lat' dir='ltr'>praedeces-</span> 
     </span>
     <span class='ocr_line' id='line_1_45' title="bbox 516 2135 1254 2179; baseline 0.005 -11"><span class='ocrx_word' id='word_1_213' title='bbox 516 2135 640 2168; x_wconf 88' lang='lat' dir='ltr'>soribus</span> <span class='ocrx_word' id='word_1_214' title='bbox 665 2135 779 2169; x_wconf 80' lang='lat' dir='ltr'>nostris</span> <span class='ocrx_word' id='word_1_215' title='bbox 804 2136 914 2179; x_wconf 90' lang='lat' dir='ltr'>quovis</span> <span class='ocrx_word' id='word_1_216' title='bbox 940 2136 1036 2169; x_wconf 65' lang='lat' dir='ltr'>modo⁴</span> <span class='ocrx_word' id='word_1_217' title='bbox 1059 2147 1208 2171; x_wconf 88' lang='lat' dir='ltr'>concessa</span> <span class='ocrx_word' id='word_1_218' title='bbox 1225 2144 1254 2172; x_wconf 88' lang='lat' dir='ltr'>et</span> 
     </span>
     <span class='ocr_line' id='line_1_46' title="bbox 517 2189 1255 2236; baseline 0.005 -15"><span class='ocrx_word' id='word_1_219' title='bbox 517 2199 690 2230; x_wconf 85' lang='lat' dir='ltr'>concessas,</span> <span class='ocrx_word' id='word_1_220' title='bbox 716 2189 840 2222; x_wconf 88' lang='lat' dir='ltr'>iliorum</span> <span class='ocrx_word' id='word_1_221' title='bbox 867 2195 991 2223; x_wconf 89' lang='lat' dir='ltr'>tenores</span> <span class='ocrx_word' id='word_1_222' title='bbox 1016 2196 1045 2223; x_wconf 88' lang='lat' dir='ltr'>et</span> <span class='ocrx_word' id='word_1_223' title='bbox 1064 2190 1149 2225; x_wconf 86' lang='lat' dir='ltr'>datas</span> <span class='ocrx_word' id='word_1_224' title='bbox 1169 2203 1255 2236; x_wconf 88' lang='lat' dir='ltr'>prae-</span> 
     </span>
     <span class='ocr_line' id='line_1_47' title="bbox 517 2242 1254 2288; baseline 0.004 -13"><span class='ocrx_word' id='word_1_225' title='bbox 517 2242 657 2275; x_wconf 89' lang='lat' dir='ltr'>sentibus</span> <span class='ocrx_word' id='word_1_226' title='bbox 682 2253 741 2286; x_wconf 92' lang='lat' dir='ltr'>pro</span> <span class='ocrx_word' id='word_1_227' title='bbox 758 2243 850 2286; x_wconf 83' lang='lat' dir='ltr'>plene</span> <span class='ocrx_word' id='word_1_228' title='bbox 871 2248 900 2275; x_wconf 91' lang='lat' dir='ltr'>et</span> <span class='ocrx_word' id='word_1_229' title='bbox 916 2243 1105 2277; x_wconf 85' lang='lat' dir='ltr'>sufficienter</span> <span class='ocrx_word' id='word_1_230' title='bbox 1129 2255 1254 2288; x_wconf 85' lang='lat' dir='ltr'>expres-</span> 
     </span>
     <span class='ocr_line' id='line_1_48' title="bbox 518 2296 1255 2338; baseline 0.004 -10"><span class='ocrx_word' id='word_1_231' title='bbox 518 2296 559 2328; x_wconf 86' lang='lat' dir='ltr'>sis</span> <span class='ocrx_word' id='word_1_232' title='bbox 585 2301 614 2328; x_wconf 86' lang='lat' dir='ltr'>et</span> <span class='ocrx_word' id='word_1_233' title='bbox 638 2296 763 2329; x_wconf 89' lang='lat' dir='ltr'>insertis</span> <span class='ocrx_word' id='word_1_234' title='bbox 788 2296 949 2338; x_wconf 87' lang='lat' dir='ltr'>habentes,</span> <span class='ocrx_word' id='word_1_235' title='bbox 973 2297 1124 2331; x_wconf 88' lang='lat' dir='ltr'>adversus</span> <span class='ocrx_word' id='word_1_236' title='bbox 1144 2299 1255 2333; x_wconf 85' lang='lat' dir='ltr'>cousti-</span> 
     </span>
     <span class='ocr_line' id='line_1_49' title="bbox 520 2348 1255 2395; baseline 0.005 -15"><span class='ocrx_word' id='word_1_237' title='bbox 520 2348 669 2381; x_wconf 86' lang='lat' dir='ltr'>tutionem</span> <span class='ocrx_word' id='word_1_238' title='bbox 696 2349 940 2392; x_wconf 86' lang='lat' dir='ltr'>praeinsertam,</span> <span class='ocrx_word' id='word_1_239' title='bbox 966 2350 1099 2394; x_wconf 87' lang='lat' dir='ltr'>indeque</span> <span class='ocrx_word' id='word_1_240' title='bbox 1124 2357 1255 2395; x_wconf 88' lang='lat' dir='ltr'>sequuta</span> 
     </span>
     <span class='ocr_line' id='line_1_50' title="bbox 520 2402 1254 2448; baseline 0.004 -14"><span class='ocrx_word' id='word_1_241' title='bbox 520 2412 747 2446; x_wconf 85' lang='lat' dir='ltr'>quaecumque,</span> <span class='ocrx_word' id='word_1_242' title='bbox 765 2402 796 2434; x_wconf 92' lang='lat' dir='ltr'>in</span> <span class='ocrx_word' id='word_1_243' title='bbox 817 2402 992 2446; x_wconf 81' lang='lat' dir='ltr'>integrum,</span> <span class='ocrx_word' id='word_1_244' title='bbox 1017 2414 1052 2437; x_wconf 87' lang='lat' dir='ltr'>ac</span> <span class='ocrx_word' id='word_1_245' title='bbox 1076 2404 1254 2448; x_wconf 87' lang='lat' dir='ltr'>pristinum,</span> 
     </span>
     <span class='ocr_line' id='line_1_51' title="bbox 521 2456 1255 2501; baseline 0.005 -14"><span class='ocrx_word' id='word_1_246' title='bbox 521 2466 676 2499; x_wconf 88' lang='lat' dir='ltr'>eumque,</span> <span class='ocrx_word' id='word_1_247' title='bbox 701 2456 732 2488; x_wconf 90' lang='lat' dir='ltr'>in</span> <span class='ocrx_word' id='word_1_248' title='bbox 758 2467 830 2500; x_wconf 90' lang='lat' dir='ltr'>quo,</span> <span class='ocrx_word' id='word_1_249' title='bbox 855 2462 1021 2501; x_wconf 88' lang='lat' dir='ltr'>antequam</span> <span class='ocrx_word' id='word_1_250' title='bbox 1047 2458 1154 2491; x_wconf 89' lang='lat' dir='ltr'>eadem</span> <span class='ocrx_word' id='word_1_251' title='bbox 1180 2469 1255 2491; x_wconf 91' lang='lat' dir='ltr'>con-</span> 
     </span>
     <span class='ocr_line' id='line_1_52' title="bbox 523 2507 1256 2554; baseline 0.007 -15"><span class='ocrx_word' id='word_1_252' title='bbox 523 2507 640 2540; x_wconf 90' lang='lat' dir='ltr'>stitutio</span> <span class='ocrx_word' id='word_1_253' title='bbox 673 2514 852 2550; x_wconf 86' lang='lat' dir='ltr'>emanaret,</span> <span class='ocrx_word' id='word_1_254' title='bbox 885 2510 1123 2554; x_wconf 88' lang='lat' dir='ltr'>quomodolibet</span> <span class='ocrx_word' id='word_1_255' title='bbox 1147 2517 1256 2552; x_wconf 88' lang='lat' dir='ltr'>erant,</span> 
     </span>
     <span class='ocr_line' id='line_1_53' title="bbox 523 2562 1258 2605; baseline 0.01 -14"><span class='ocrx_word' id='word_1_256' title='bbox 523 2565 646 2601; x_wconf 87' lang='lat' dir='ltr'>statum,</span> <span class='ocrx_word' id='word_1_257' title='bbox 672 2565 779 2603; x_wconf 82' lang='lat' dir='ltr'>motu,</span> <span class='ocrx_word' id='word_1_258' title='bbox 803 2562 954 2605; x_wconf 77' lang='lat' dir='ltr'>scientia,</span> <span class='ocrx_word' id='word_1_259' title='bbox 979 2563 1204 2598; x_wconf 82' lang='lat' dir='ltr'>deliberatione</span> <span class='ocrx_word' id='word_1_260' title='bbox 1229 2570 1258 2598; x_wconf 86' lang='lat' dir='ltr'>et</span> 
     </span>
    </p>
   </div>
   <div class='ocr_carea' id='block_1_5' title="bbox 1261 1337 1270 1944">
    <p class='ocr_par' dir='ltr' id='par_1_7' title="bbox 1261 1337 1270 1944">
     <span class='ocr_line' id='line_1_54' title="bbox 1261 1337 1270 1944; baseline 0 0"><span class='ocrx_word' id='word_1_261' title='bbox 1261 1337 1270 1944; x_wconf 95' lang='lat' dir='ltr'> </span> 
     </span>
    </p>
   </div>
   <div class='ocr_carea' id='block_1_6' title="bbox 1069 174 1425 199">
    <p class='ocr_par' dir='ltr' id='par_1_8' title="bbox 1069 174 1425 199">
     <span class='ocr_line' id='line_1_55' title="bbox 1069 174 1425 199; baseline 0.003 -1"><span class='ocrx_word' id='word_1_262' title='bbox 1069 174 1247 199; x_wconf 79' lang='lat' dir='ltr'>BULLARIUM</span> <span class='ocrx_word' id='word_1_263' title='bbox 1272 174 1425 199; x_wconf 78' lang='lat' dir='ltr'><strong>ROMANUM</strong></span> 
     </span>
    </p>
   </div>
   <div class='ocr_carea' id='block_1_7' title="bbox 1266 222 2000 373">
    <p class='ocr_par' dir='ltr' id='par_1_9' title="bbox 1266 222 2000 373">
     <span class='ocr_line' id='line_1_56' title="bbox 1266 222 1998 270; baseline 0.007 -15"><span class='ocrx_word' id='word_1_264' title='bbox 1266 222 1428 266; x_wconf 88' lang='lat' dir='ltr'>potestatis</span> <span class='ocrx_word' id='word_1_265' title='bbox 1444 222 1638 267; x_wconf 88' lang='lat' dir='ltr'>plenitudine</span> <span class='ocrx_word' id='word_1_266' title='bbox 1650 224 1779 268; x_wconf 89' lang='lat' dir='ltr'>paribus</span> <span class='ocrx_word' id='word_1_267' title='bbox 1796 225 1998 270; x_wconf 85' lang='lat' dir='ltr'>restituimus,</span> 
     </span>
     <span class='ocr_line' id='line_1_57' title="bbox 1267 275 1997 320; baseline 0.007 -13"><span class='ocrx_word' id='word_1_268' title='bbox 1267 275 1447 319; x_wconf 86' lang='lat' dir='ltr'>reponimus</span> <span class='ocrx_word' id='word_1_269' title='bbox 1472 280 1502 308; x_wconf 92' lang='lat' dir='ltr'>et</span> <span class='ocrx_word' id='word_1_270' title='bbox 1525 276 1665 319; x_wconf 86' lang='lat' dir='ltr'>plenarie</span> <span class='ocrx_word' id='word_1_271' title='bbox 1689 277 1933 320; x_wconf 84' lang='lat' dir='ltr'>reintegramus,</span> <span class='ocrx_word' id='word_1_272' title='bbox 1957 279 1997 312; x_wconf 92' lang='lat' dir='ltr'>il-</span> 
     </span>
     <span class='ocr_line' id='line_1_58' title="bbox 1266 329 2000 373; baseline 0.005 -13"><span class='ocrx_word' id='word_1_273' title='bbox 1266 329 1356 371; x_wconf 83' lang='lat' dir='ltr'>taque</span> <span class='ocrx_word' id='word_1_274' title='bbox 1371 355 1378 369; x_wconf 92' lang='lat'>,</span> <span class='ocrx_word' id='word_1_275' title='bbox 1404 334 1557 372; x_wconf 90' lang='lat' dir='ltr'>quatenus</span> <span class='ocrx_word' id='word_1_276' title='bbox 1582 340 1662 373; x_wconf 91' lang='lat' dir='ltr'>opus</span> <span class='ocrx_word' id='word_1_277' title='bbox 1687 330 1747 371; x_wconf 89' lang='lat' dir='ltr'>sit,</span> <span class='ocrx_word' id='word_1_278' title='bbox 1772 331 2000 373; x_wconf 87' lang='lat' dir='ltr'>revalidamus,</span> 
     </span>
    </p>
   </div>
   <div class='ocr_carea' id='block_1_8' title="bbox 1266 381 1999 478">
    <p class='ocr_par' dir='ltr' id='par_1_10' title="bbox 1266 381 1999 478">
     <span class='ocr_line' id='line_1_59' title="bbox 1266 381 1999 428; baseline 0.004 -15"><span class='ocrx_word' id='word_1_279' title='bbox 1266 392 1301 414; x_wconf 93' lang='lat' dir='ltr'>ac</span> <span class='ocrx_word' id='word_1_280' title='bbox 1327 381 1434 414; x_wconf 91' lang='lat' dir='ltr'>itidem</span> <span class='ocrx_word' id='word_1_281' title='bbox 1459 387 1611 426; x_wconf 88' lang='lat' dir='ltr'>perpetuo</span> <span class='ocrx_word' id='word_1_282' title='bbox 1640 383 1862 416; x_wconf 81' lang='lat' dir='ltr'>confirmamus</span> <span class='ocrx_word' id='word_1_283' title='bbox 1888 389 1918 416; x_wconf 89' lang='lat' dir='ltr'>et</span> <span class='ocrx_word' id='word_1_284' title='bbox 1940 394 1999 428; x_wconf 90' lang='lat' dir='ltr'>ap-</span> 
     </span>
     <span class='ocr_line' id='line_1_60' title="bbox 1268 433 1448 478; baseline 0.006 -12"><span class='ocrx_word' id='word_1_285' title='bbox 1268 433 1448 478; x_wconf 84' lang='lat' dir='ltr'>probamus.</span> 
     </span>
    </p>
   </div>
   <div class='ocr_carea' id='block_1_9' title="bbox 1312 486 2192 532">
    <p class='ocr_par' dir='ltr' id='par_1_11' title="bbox 1312 486 2192 532">
     <span class='ocr_line' id='line_1_61' title="bbox 1312 486 2192 532; baseline 0.009 -13"><span class='ocrx_word' id='word_1_286' title='bbox 1312 487 1326 530; x_wconf 63' lang='lat' dir='ltr'>g</span> <span class='ocrx_word' id='word_1_287' title='bbox 1351 486 1379 519; x_wconf 85' lang='lat'>5.</span> <span class='ocrx_word' id='word_1_288' title='bbox 1405 487 1612 521; x_wconf 87' lang='lat' dir='ltr'>Decernentes</span> <span class='ocrx_word' id='word_1_289' title='bbox 1630 488 1749 532; x_wconf 88' lang='lat' dir='ltr'>pariter</span> <span class='ocrx_word' id='word_1_290' title='bbox 1769 488 1893 522; x_wconf 84' lang='lat' dir='ltr'>easdem</span> <span class='ocrx_word' id='word_1_291' title='bbox 1918 499 2005 532; x_wconf 85' lang='lat' dir='ltr'>prae-</span> <span class='ocrx_word' id='word_1_292' title='bbox 2045 504 2152 526; x_wconf 69' lang='lat' dir='ltr'>neemiam</span> <span class='ocrx_word' id='word_1_293' title='bbox 2167 505 2192 527; x_wconf 69' lang='lat' dir='ltr'>ir-</span> 
     </span>
    </p>
   </div>
   <div class='ocr_carea' id='block_1_10' title="bbox 2019 530 2090 551">
    <p class='ocr_par' dir='ltr' id='par_1_12' title="bbox 2019 530 2090 551">
     <span class='ocr_line' id='line_1_62' title="bbox 2019 530 2090 551; baseline 0 0"><span class='ocrx_word' id='word_1_294' title='bbox 2019 530 2090 551; x_wconf 76' lang='lat' dir='ltr'>ritans.</span> 
     </span>
    </p>
   </div>
   <div class='ocr_carea' id='block_1_11' title="bbox 1268 540 2026 2610">
    <p class='ocr_par' dir='ltr' id='par_1_13' title="bbox 1268 540 2026 2610">
     <span class='ocr_line' id='line_1_63' title="bbox 1268 540 2002 585; baseline 0.004 -13"><span class='ocrx_word' id='word_1_295' title='bbox 1268 545 1370 573; x_wconf 84' lang='lat' dir='ltr'>sentes</span> <span class='ocrx_word' id='word_1_296' title='bbox 1394 540 1529 582; x_wconf 88' lang='lat' dir='ltr'>litteras,</span> <span class='ocrx_word' id='word_1_297' title='bbox 1555 546 1585 574; x_wconf 88' lang='lat' dir='ltr'>et</span> <span class='ocrx_word' id='word_1_298' title='bbox 1609 541 1640 573; x_wconf 91' lang='lat' dir='ltr'>in</span> <span class='ocrx_word' id='word_1_299' title='bbox 1665 541 1709 574; x_wconf 88' lang='lat' dir='ltr'>eis</span> <span class='ocrx_word' id='word_1_300' title='bbox 1734 546 1880 575; x_wconf 88' lang='lat' dir='ltr'>contenta</span> <span class='ocrx_word' id='word_1_301' title='bbox 1904 552 2002 585; x_wconf 88' lang='lat' dir='ltr'>quae-</span> 
     </span>
     <span class='ocr_line' id='line_1_64' title="bbox 1269 593 2006 637; baseline 0.004 -13"><span class='ocrx_word' id='word_1_302' title='bbox 1269 603 1413 636; x_wconf 89' lang='lat' dir='ltr'>cumque,</span> <span class='ocrx_word' id='word_1_303' title='bbox 1439 593 1532 626; x_wconf 89' lang='lat' dir='ltr'>etiam</span> <span class='ocrx_word' id='word_1_304' title='bbox 1550 605 1587 627; x_wconf 85' lang='lat' dir='ltr'>ex</span> <span class='ocrx_word' id='word_1_305' title='bbox 1604 604 1640 627; x_wconf 89' lang='lat' dir='ltr'>eo</span> <span class='ocrx_word' id='word_1_306' title='bbox 1657 593 1741 637; x_wconf 90' lang='lat' dir='ltr'>quod</span> <span class='ocrx_word' id='word_1_307' title='bbox 1758 594 1889 637; x_wconf 89' lang='lat' dir='ltr'>quilibet</span> <span class='ocrx_word' id='word_1_308' title='bbox 1913 594 2006 628; x_wconf 86' lang='lat' dir='ltr'>etiam</span> 
     </span>
     <span class='ocr_line' id='line_1_65' title="bbox 1270 645 2008 689; baseline 0.003 -12"><span class='ocrx_word' id='word_1_309' title='bbox 1270 645 1395 688; x_wconf 91' lang='lat' dir='ltr'>speciali</span> <span class='ocrx_word' id='word_1_310' title='bbox 1420 651 1449 678; x_wconf 91' lang='lat' dir='ltr'>et</span> <span class='ocrx_word' id='word_1_311' title='bbox 1472 646 1631 679; x_wconf 76' lang='lat' dir='ltr'>individua</span> <span class='ocrx_word' id='word_1_312' title='bbox 1667 646 1824 680; x_wconf 88' lang='lat' dir='ltr'>mentione</span> <span class='ocrx_word' id='word_1_313' title='bbox 1858 646 1945 689; x_wconf 88' lang='lat' dir='ltr'>digni</span> <span class='ocrx_word' id='word_1_314' title='bbox 1975 646 2008 680; x_wconf 89' lang='lat' dir='ltr'>in</span> 
     </span>
     <span class='ocr_line' id='line_1_66' title="bbox 1269 698 2008 741; baseline 0.004 -11"><span class='ocrx_word' id='word_1_315' title='bbox 1269 698 1449 741; x_wconf 86' lang='lat' dir='ltr'>praemissis</span> <span class='ocrx_word' id='word_1_316' title='bbox 1474 699 1623 732; x_wconf 84' lang='lat' dir='ltr'>interesse</span> <span class='ocrx_word' id='word_1_317' title='bbox 1640 699 1801 740; x_wconf 88' lang='lat' dir='ltr'>habentes,</span> <span class='ocrx_word' id='word_1_318' title='bbox 1818 709 1872 732; x_wconf 85' lang='lat' dir='ltr'>seu</span> <span class='ocrx_word' id='word_1_319' title='bbox 1891 699 2008 733; x_wconf 89' lang='lat' dir='ltr'>habere</span> 
     </span>
     <span class='ocr_line' id='line_1_67' title="bbox 1270 751 2009 796; baseline 0.005 -14"><span class='ocrx_word' id='word_1_320' title='bbox 1270 751 1380 793; x_wconf 90' lang='lat' dir='ltr'>quovis</span> <span class='ocrx_word' id='word_1_321' title='bbox 1396 751 1489 785; x_wconf 91' lang='lat' dir='ltr'>modo</span> <span class='ocrx_word' id='word_1_322' title='bbox 1514 752 1761 796; x_wconf 87' lang='lat' dir='ltr'>praetendentes,</span> <span class='ocrx_word' id='word_1_323' title='bbox 1779 752 1840 785; x_wconf 89' lang='lat' dir='ltr'>illis</span> <span class='ocrx_word' id='word_1_324' title='bbox 1858 762 1922 785; x_wconf 91' lang='lat' dir='ltr'>non</span> <span class='ocrx_word' id='word_1_325' title='bbox 1938 762 2009 786; x_wconf 88' lang='lat' dir='ltr'>con-</span> 
     </span>
     <span class='ocr_line' id='line_1_68' title="bbox 1271 803 2010 845; baseline 0.003 -9"><span class='ocrx_word' id='word_1_326' title='bbox 1271 803 1435 844; x_wconf 85' lang='lat' dir='ltr'>senserint,</span> <span class='ocrx_word' id='word_1_327' title='bbox 1459 814 1517 837; x_wconf 87' lang='lat' dir='ltr'>nec</span> <span class='ocrx_word' id='word_1_328' title='bbox 1541 805 1579 838; x_wconf 84' lang='lat' dir='ltr'>ad</span> <span class='ocrx_word' id='word_1_329' title='bbox 1604 815 1640 838; x_wconf 90' lang='lat' dir='ltr'>ea</span> <span class='ocrx_word' id='word_1_330' title='bbox 1657 804 1757 839; x_wconf 87' lang='lat' dir='ltr'>vocati</span> <span class='ocrx_word' id='word_1_331' title='bbox 1782 810 1812 837; x_wconf 86' lang='lat' dir='ltr'>et</span> <span class='ocrx_word' id='word_1_332' title='bbox 1835 804 1942 845; x_wconf 89' lang='lat' dir='ltr'>auditi,</span> <span class='ocrx_word' id='word_1_333' title='bbox 1958 814 2010 838; x_wconf 87' lang='lat' dir='ltr'>ne-</span> 
     </span>
     <span class='ocr_line' id='line_1_69' title="bbox 1272 857 2010 901; baseline 0.003 -13"><span class='ocrx_word' id='word_1_334' title='bbox 1272 866 1332 899; x_wconf 87' lang='lat' dir='ltr'>que</span> <span class='ocrx_word' id='word_1_335' title='bbox 1357 866 1478 897; x_wconf 89' lang='lat' dir='ltr'>causae,</span> <span class='ocrx_word' id='word_1_336' title='bbox 1502 862 1632 901; x_wconf 89' lang='lat' dir='ltr'>propter</span> <span class='ocrx_word' id='word_1_337' title='bbox 1656 868 1732 901; x_wconf 88' lang='lat' dir='ltr'>quas</span> <span class='ocrx_word' id='word_1_338' title='bbox 1756 857 1842 901; x_wconf 89' lang='lat' dir='ltr'>ipsae</span> <span class='ocrx_word' id='word_1_339' title='bbox 1866 867 2010 901; x_wconf 88' lang='lat' dir='ltr'>praesen-</span> 
     </span>
     <span class='ocr_line' id='line_1_70' title="bbox 1273 910 2010 951; baseline 0.001 -10"><span class='ocrx_word' id='word_1_340' title='bbox 1273 914 1318 942; x_wconf 87' lang='lat' dir='ltr'>tes</span> <span class='ocrx_word' id='word_1_341' title='bbox 1342 915 1536 951; x_wconf 87' lang='lat' dir='ltr'>emanarunt,</span> <span class='ocrx_word' id='word_1_342' title='bbox 1561 910 1751 943; x_wconf 84' lang='lat' dir='ltr'>sufficienter</span> <span class='ocrx_word' id='word_1_343' title='bbox 1779 915 1831 942; x_wconf 87' lang='lat' dir='ltr'>aut</span> <span class='ocrx_word' id='word_1_344' title='bbox 1855 910 2010 943; x_wconf 89' lang='lat' dir='ltr'>ullatenus</span> 
     </span>
     <span class='ocr_line' id='line_1_71' title="bbox 1273 962 2012 1003; baseline 0.001 -8"><span class='ocrx_word' id='word_1_345' title='bbox 1273 962 1424 995; x_wconf 89' lang='lat' dir='ltr'>adductae</span> <span class='ocrx_word' id='word_1_346' title='bbox 1455 967 1485 995; x_wconf 90' lang='lat' dir='ltr'>et</span> <span class='ocrx_word' id='word_1_347' title='bbox 1516 962 1700 996; x_wconf 84' lang='lat' dir='ltr'>iustificatae</span> <span class='ocrx_word' id='word_1_348' title='bbox 1734 962 1871 1003; x_wconf 85' lang='lat' dir='ltr'>fuerint,</span> <span class='ocrx_word' id='word_1_349' title='bbox 1896 972 1951 995; x_wconf 92' lang='lat' dir='ltr'>seu</span> <span class='ocrx_word' id='word_1_350' title='bbox 1975 972 2012 996; x_wconf 88' lang='lat' dir='ltr'>ex</span> 
     </span>
     <span class='ocr_line' id='line_1_72' title="bbox 1273 1014 2012 1060; baseline 0 -12"><span class='ocrx_word' id='word_1_351' title='bbox 1273 1015 1334 1048; x_wconf 80' lang='lat' dir='ltr'>alia</span> <span class='ocrx_word' id='word_1_352' title='bbox 1358 1026 1557 1060; x_wconf 90' lang='lat' dir='ltr'>quacumque</span> <span class='ocrx_word' id='word_1_353' title='bbox 1580 1016 1778 1060; x_wconf 88' lang='lat' dir='ltr'>quantumvis</span> <span class='ocrx_word' id='word_1_354' title='bbox 1798 1016 1860 1060; x_wconf 77' lang='lat' dir='ltr'>pia,</span> <span class='ocrx_word' id='word_1_355' title='bbox 1881 1014 2012 1048; x_wconf 72' lang='lat' dir='ltr'>iuridica</span> 
     </span>
     <span class='ocr_line' id='line_1_73' title="bbox 1275 1069 2015 1113; baseline -0.001 -11"><span class='ocrx_word' id='word_1_356' title='bbox 1275 1075 1304 1102; x_wconf 90' lang='lat' dir='ltr'>et</span> <span class='ocrx_word' id='word_1_357' title='bbox 1327 1069 1524 1113; x_wconf 82' lang='lat' dir='ltr'>privilegiata</span> <span class='ocrx_word' id='word_1_358' title='bbox 1555 1071 1669 1112; x_wconf 75' lang='lat' dir='ltr'>causa,</span> <span class='ocrx_word' id='word_1_359' title='bbox 1695 1070 1822 1111; x_wconf 84' lang='lat' dir='ltr'>colore,</span> <span class='ocrx_word' id='word_1_360' title='bbox 1849 1073 2015 1113; x_wconf 82' lang='lat' dir='ltr'>praetextu</span> 
     </span>
     <span class='ocr_line' id='line_1_74' title="bbox 1276 1122 2014 1167; baseline 0 -12"><span class='ocrx_word' id='word_1_361' title='bbox 1276 1122 1323 1155; x_wconf 90' lang='lat' dir='ltr'>vel</span> <span class='ocrx_word' id='word_1_362' title='bbox 1341 1123 1451 1167; x_wconf 88' lang='lat' dir='ltr'>capite,</span> <span class='ocrx_word' id='word_1_363' title='bbox 1469 1123 1561 1156; x_wconf 90' lang='lat' dir='ltr'>etiam</span> <span class='ocrx_word' id='word_1_364' title='bbox 1587 1123 1619 1156; x_wconf 92' lang='lat' dir='ltr'>in</span> <span class='ocrx_word' id='word_1_365' title='bbox 1644 1133 1776 1167; x_wconf 87' lang='lat' dir='ltr'>corpore</span> <span class='ocrx_word' id='word_1_366' title='bbox 1796 1122 1873 1156; x_wconf 87' lang='lat' dir='ltr'>iuris</span> <span class='ocrx_word' id='word_1_367' title='bbox 1897 1122 2014 1163; x_wconf 88' lang='lat' dir='ltr'>clauso,</span> 
     </span>
     <span class='ocr_line' id='line_1_75' title="bbox 1277 1175 2014 1218; baseline 0 -10"><span class='ocrx_word' id='word_1_368' title='bbox 1277 1176 1370 1209; x_wconf 88' lang='lat' dir='ltr'>etiam</span> <span class='ocrx_word' id='word_1_369' title='bbox 1400 1177 1559 1218; x_wconf 87' lang='lat' dir='ltr'>enormis,</span> <span class='ocrx_word' id='word_1_370' title='bbox 1584 1176 1822 1210; x_wconf 88' lang='lat' dir='ltr'>enormissimae</span> <span class='ocrx_word' id='word_1_371' title='bbox 1852 1180 1882 1209; x_wconf 87' lang='lat' dir='ltr'>et</span> <span class='ocrx_word' id='word_1_372' title='bbox 1911 1175 2014 1209; x_wconf 88' lang='lat' dir='ltr'>totalis</span> 
     </span>
     <span class='ocr_line' id='line_1_76' title="bbox 1278 1228 2016 1274; baseline -0.001 -12"><span class='ocrx_word' id='word_1_373' title='bbox 1278 1229 1433 1271; x_wconf 89' lang='lat' dir='ltr'>laesionis,</span> <span class='ocrx_word' id='word_1_374' title='bbox 1457 1230 1543 1264; x_wconf 92' lang='lat' dir='ltr'>nullo</span> <span class='ocrx_word' id='word_1_375' title='bbox 1569 1240 1706 1274; x_wconf 90' lang='lat' dir='ltr'>unquam</span> <span class='ocrx_word' id='word_1_376' title='bbox 1729 1235 1872 1273; x_wconf 87' lang='lat' dir='ltr'>tempore</span> <span class='ocrx_word' id='word_1_377' title='bbox 1892 1228 1930 1261; x_wconf 90' lang='lat' dir='ltr'>de</span> <span class='ocrx_word' id='word_1_378' title='bbox 1946 1228 2016 1262; x_wconf 86' lang='lat' dir='ltr'>sub-</span> 
     </span>
     <span class='ocr_line' id='line_1_77' title="bbox 1279 1282 2016 1327; baseline 0 -11"><span class='ocrx_word' id='word_1_379' title='bbox 1279 1283 1428 1327; x_wconf 89' lang='lat' dir='ltr'>reptionis</span> <span class='ocrx_word' id='word_1_380' title='bbox 1464 1284 1511 1316; x_wconf 86' lang='lat' dir='ltr'>vel</span> <span class='ocrx_word' id='word_1_381' title='bbox 1547 1283 1740 1327; x_wconf 88' lang='lat' dir='ltr'>obreptionis</span> <span class='ocrx_word' id='word_1_382' title='bbox 1775 1288 1828 1316; x_wconf 86' lang='lat' dir='ltr'>aut</span> <span class='ocrx_word' id='word_1_383' title='bbox 1864 1282 2016 1316; x_wconf 88' lang='lat' dir='ltr'>nullitatis</span> 
     </span>
     <span class='ocr_line' id='line_1_78' title="bbox 1280 1335 2016 1379; baseline 0 -10"><span class='ocrx_word' id='word_1_384' title='bbox 1280 1337 1365 1379; x_wconf 90' lang='lat' dir='ltr'>vitio,</span> <span class='ocrx_word' id='word_1_385' title='bbox 1382 1347 1437 1369; x_wconf 90' lang='lat' dir='ltr'>seu</span> <span class='ocrx_word' id='word_1_386' title='bbox 1457 1336 1636 1370; x_wconf 88' lang='lat' dir='ltr'>intentionis</span> <span class='ocrx_word' id='word_1_387' title='bbox 1660 1339 1785 1370; x_wconf 88' lang='lat' dir='ltr'>nostrae</span> <span class='ocrx_word' id='word_1_388' title='bbox 1802 1335 1850 1368; x_wconf 88' lang='lat' dir='ltr'>vel</span> <span class='ocrx_word' id='word_1_389' title='bbox 1867 1335 2016 1369; x_wconf 85' lang='lat' dir='ltr'>interesse</span> 
     </span>
     <span class='ocr_line' id='line_1_79' title="bbox 1280 1390 2018 1434; baseline 0.001 -11"><span class='ocrx_word' id='word_1_390' title='bbox 1280 1391 1460 1423; x_wconf 89' lang='lat' dir='ltr'>habentium</span> <span class='ocrx_word' id='word_1_391' title='bbox 1504 1400 1695 1431; x_wconf 88' lang='lat' dir='ltr'>consensus,</span> <span class='ocrx_word' id='word_1_392' title='bbox 1735 1390 1835 1423; x_wconf 87' lang='lat' dir='ltr'>aliove</span> <span class='ocrx_word' id='word_1_393' title='bbox 1877 1390 2018 1434; x_wconf 86' lang='lat' dir='ltr'>quolibet.</span> 
     </span>
     <span class='ocr_line' id='line_1_80' title="bbox 1281 1444 2016 1489; baseline 0 -13"><span class='ocrx_word' id='word_1_394' title='bbox 1281 1444 1484 1489; x_wconf 90' lang='lat' dir='ltr'>quantumvis</span> <span class='ocrx_word' id='word_1_395' title='bbox 1508 1454 1634 1487; x_wconf 89' lang='lat' dir='ltr'>magno,</span> <span class='ocrx_word' id='word_1_396' title='bbox 1659 1444 1782 1477; x_wconf 88' lang='lat' dir='ltr'>formali</span> <span class='ocrx_word' id='word_1_397' title='bbox 1807 1447 1836 1477; x_wconf 87' lang='lat' dir='ltr'>et</span> <span class='ocrx_word' id='word_1_398' title='bbox 1868 1444 2016 1477; x_wconf 89' lang='lat' dir='ltr'>substan-</span> 
     </span>
     <span class='ocr_line' id='line_1_81' title="bbox 1282 1497 2019 1540; baseline 0.001 -10"><span class='ocrx_word' id='word_1_399' title='bbox 1282 1498 1356 1539; x_wconf 88' lang='lat' dir='ltr'>tiali,</span> <span class='ocrx_word' id='word_1_400' title='bbox 1381 1508 1417 1531; x_wconf 88' lang='lat' dir='ltr'>ac</span> <span class='ocrx_word' id='word_1_401' title='bbox 1441 1497 1674 1540; x_wconf 84' lang='lat' dir='ltr'>inexcogitabili</span> <span class='ocrx_word' id='word_1_402' title='bbox 1699 1497 1820 1530; x_wconf 86' lang='lat' dir='ltr'>defectu</span> <span class='ocrx_word' id='word_1_403' title='bbox 1844 1497 1956 1539; x_wconf 89' lang='lat' dir='ltr'>notari,</span> <span class='ocrx_word' id='word_1_404' title='bbox 1976 1497 2019 1531; x_wconf 89' lang='lat' dir='ltr'>in-</span> 
     </span>
     <span class='ocr_line' id='line_1_82' title="bbox 1282 1551 2018 1595; baseline 0.001 -11"><span class='ocrx_word' id='word_1_405' title='bbox 1282 1552 1386 1595; x_wconf 80' lang='lat' dir='ltr'>fringi,</span> <span class='ocrx_word' id='word_1_406' title='bbox 1411 1551 1609 1595; x_wconf 81' lang='lat' dir='ltr'>impugnari,</span> <span class='ocrx_word' id='word_1_407' title='bbox 1634 1551 1807 1594; x_wconf 88' lang='lat' dir='ltr'>retractari,</span> <span class='ocrx_word' id='word_1_408' title='bbox 1833 1551 1864 1584; x_wconf 93' lang='lat' dir='ltr'>in</span> <span class='ocrx_word' id='word_1_409' title='bbox 1887 1556 2018 1585; x_wconf 86' lang='lat' dir='ltr'>contro-</span> 
     </span>
     <span class='ocr_line' id='line_1_83' title="bbox 1283 1604 2020 1646; baseline 0.001 -8"><span class='ocrx_word' id='word_1_410' title='bbox 1283 1605 1416 1638; x_wconf 80' lang='lat' dir='ltr'>versiam</span> <span class='ocrx_word' id='word_1_411' title='bbox 1442 1604 1604 1646; x_wconf 89' lang='lat' dir='ltr'>revocari,</span> <span class='ocrx_word' id='word_1_412' title='bbox 1628 1609 1681 1637; x_wconf 87' lang='lat' dir='ltr'>aut</span> <span class='ocrx_word' id='word_1_413' title='bbox 1704 1604 1742 1637; x_wconf 87' lang='lat' dir='ltr'>ad</span> <span class='ocrx_word' id='word_1_414' title='bbox 1767 1604 1918 1638; x_wconf 86' lang='lat' dir='ltr'>terminos</span> <span class='ocrx_word' id='word_1_415' title='bbox 1943 1604 2020 1639; x_wconf 90' lang='lat' dir='ltr'>iuris</span> 
     </span>
     <span class='ocr_line' id='line_1_84' title="bbox 1285 1658 2020 1702; baseline 0.001 -11"><span class='ocrx_word' id='word_1_416' title='bbox 1285 1658 1402 1699; x_wconf 84' lang='lat' dir='ltr'>reduci,</span> <span class='ocrx_word' id='word_1_417' title='bbox 1421 1669 1476 1691; x_wconf 88' lang='lat' dir='ltr'>seu</span> <span class='ocrx_word' id='word_1_418' title='bbox 1493 1658 1642 1691; x_wconf 86' lang='lat' dir='ltr'>adversus</span> <span class='ocrx_word' id='word_1_419' title='bbox 1658 1658 1726 1691; x_wconf 88' lang='lat' dir='ltr'>illas</span> <span class='ocrx_word' id='word_1_420' title='bbox 1748 1658 1929 1702; x_wconf 82' lang='lat' dir='ltr'>aperitionis</span> <span class='ocrx_word' id='word_1_421' title='bbox 1946 1658 2020 1702; x_wconf 88' lang='lat' dir='ltr'>oris,</span> 
     </span>
     <span class='ocr_line' id='line_1_85' title="bbox 1284 1711 2022 1756; baseline 0.001 -12"><span class='ocrx_word' id='word_1_422' title='bbox 1284 1711 1488 1744; x_wconf 86' lang='lat' dir='ltr'>restitutionis</span> <span class='ocrx_word' id='word_1_423' title='bbox 1512 1711 1543 1744; x_wconf 90' lang='lat' dir='ltr'>in</span> <span class='ocrx_word' id='word_1_424' title='bbox 1567 1711 1735 1754; x_wconf 88' lang='lat' dir='ltr'>integrum,</span> <span class='ocrx_word' id='word_1_425' title='bbox 1754 1712 1800 1744; x_wconf 85' lang='lat' dir='ltr'>vel</span> <span class='ocrx_word' id='word_1_426' title='bbox 1825 1711 1907 1744; x_wconf 90' lang='lat' dir='ltr'>aliud</span> <span class='ocrx_word' id='word_1_427' title='bbox 1925 1711 2022 1756; x_wconf 89' lang='lat' dir='ltr'>quod-</span> 
     </span>
     <span class='ocr_line' id='line_1_86' title="bbox 1285 1764 2021 1809; baseline 0.001 -12"><span class='ocrx_word' id='word_1_428' title='bbox 1285 1775 1419 1809; x_wconf 88' lang='lat' dir='ltr'>cumque</span> <span class='ocrx_word' id='word_1_429' title='bbox 1444 1764 1530 1807; x_wconf 90' lang='lat' dir='ltr'>iuris,</span> <span class='ocrx_word' id='word_1_430' title='bbox 1548 1765 1630 1805; x_wconf 86' lang='lat' dir='ltr'>facti,</span> <span class='ocrx_word' id='word_1_431' title='bbox 1645 1775 1699 1797; x_wconf 89' lang='lat' dir='ltr'>seu</span> <span class='ocrx_word' id='word_1_432' title='bbox 1712 1764 1829 1807; x_wconf 86' lang='lat' dir='ltr'>gratiae</span> <span class='ocrx_word' id='word_1_433' title='bbox 1847 1765 2021 1799; x_wconf 87' lang='lat' dir='ltr'>remedium</span> 
     </span>
     <span class='ocr_line' id='line_1_87' title="bbox 1285 1817 2023 1862; baseline 0 -11"><span class='ocrx_word' id='word_1_434' title='bbox 1285 1818 1468 1862; x_wconf 83' lang='lat' dir='ltr'>impetrari,</span> <span class='ocrx_word' id='word_1_435' title='bbox 1494 1828 1548 1851; x_wconf 90' lang='lat' dir='ltr'>seu</span> <span class='ocrx_word' id='word_1_436' title='bbox 1577 1817 1669 1851; x_wconf 90' lang='lat' dir='ltr'>etiam</span> <span class='ocrx_word' id='word_1_437' title='bbox 1706 1823 1813 1859; x_wconf 91' lang='lat' dir='ltr'>motu,</span> <span class='ocrx_word' id='word_1_438' title='bbox 1838 1818 1968 1851; x_wconf 76' lang='lat' dir='ltr'>scientia</span> <span class='ocrx_word' id='word_1_439' title='bbox 1992 1823 2023 1852; x_wconf 88' lang='lat' dir='ltr'>et</span> 
     </span>
     <span class='ocr_line' id='line_1_88' title="bbox 1285 1871 2022 1915; baseline 0.001 -11"><span class='ocrx_word' id='word_1_440' title='bbox 1285 1871 1446 1915; x_wconf 88' lang='lat' dir='ltr'>potestatis</span> <span class='ocrx_word' id='word_1_441' title='bbox 1477 1871 1670 1915; x_wconf 88' lang='lat' dir='ltr'>plenitudine</span> <span class='ocrx_word' id='word_1_442' title='bbox 1695 1871 1850 1904; x_wconf 86' lang='lat' dir='ltr'>similibus</span> <span class='ocrx_word' id='word_1_443' title='bbox 1874 1882 2022 1906; x_wconf 86' lang='lat' dir='ltr'>concesso</span> 
     </span>
     <span class='ocr_line' id='line_1_89' title="bbox 1286 1924 2023 1969; baseline 0.003 -12"><span class='ocrx_word' id='word_1_444' title='bbox 1286 1924 1467 1969; x_wconf 85' lang='lat' dir='ltr'>quempiam</span> <span class='ocrx_word' id='word_1_445' title='bbox 1493 1924 1523 1957; x_wconf 92' lang='lat' dir='ltr'>in</span> <span class='ocrx_word' id='word_1_446' title='bbox 1548 1924 1663 1958; x_wconf 88' lang='lat' dir='ltr'>iudicio</span> <span class='ocrx_word' id='word_1_447' title='bbox 1700 1925 1747 1957; x_wconf 92' lang='lat' dir='ltr'>vel</span> <span class='ocrx_word' id='word_1_448' title='bbox 1772 1930 1859 1957; x_wconf 87' lang='lat' dir='ltr'>extra</span> <span class='ocrx_word' id='word_1_449' title='bbox 1882 1925 1958 1958; x_wconf 92' lang='lat' dir='ltr'>illud</span> <span class='ocrx_word' id='word_1_450' title='bbox 1978 1925 2023 1959; x_wconf 85' lang='lat' dir='ltr'>uti</span> 
     </span>
     <span class='ocr_line' id='line_1_90' title="bbox 1287 1978 2022 2023; baseline -0.001 -11"><span class='ocrx_word' id='word_1_451' title='bbox 1287 1989 1388 2023; x_wconf 86' lang='lat' dir='ltr'>posse,</span> <span class='ocrx_word' id='word_1_452' title='bbox 1413 1978 1467 2011; x_wconf 88' lang='lat' dir='ltr'>sed</span> <span class='ocrx_word' id='word_1_453' title='bbox 1492 1978 1574 2022; x_wconf 91' lang='lat' dir='ltr'>ipsas</span> <span class='ocrx_word' id='word_1_454' title='bbox 1598 1983 1776 2022; x_wconf 87' lang='lat' dir='ltr'>praesentes</span> <span class='ocrx_word' id='word_1_455' title='bbox 1800 1978 1919 2012; x_wconf 87' lang='lat' dir='ltr'>litteras</span> <span class='ocrx_word' id='word_1_456' title='bbox 1941 1989 2022 2012; x_wconf 89' lang='lat' dir='ltr'>sem-</span> 
     </span>
     <span class='ocr_line' id='line_1_91' title="bbox 1286 2032 2024 2076; baseline 0.001 -11"><span class='ocrx_word' id='word_1_457' title='bbox 1286 2043 1343 2076; x_wconf 90' lang='lat' dir='ltr'>per</span> <span class='ocrx_word' id='word_1_458' title='bbox 1367 2032 1495 2073; x_wconf 80' lang='lat' dir='ltr'>firmas,</span> <span class='ocrx_word' id='word_1_459' title='bbox 1521 2032 1637 2065; x_wconf 86' lang='lat' dir='ltr'>validas</span> <span class='ocrx_word' id='word_1_460' title='bbox 1663 2036 1692 2066; x_wconf 87' lang='lat' dir='ltr'>et</span> <span class='ocrx_word' id='word_1_461' title='bbox 1716 2032 1867 2073; x_wconf 83' lang='lat' dir='ltr'>efficaces,</span> <span class='ocrx_word' id='word_1_462' title='bbox 1892 2032 2024 2067; x_wconf 86' lang='lat' dir='ltr'>existere</span> 
     </span>
     <span class='ocr_line' id='line_1_92' title="bbox 1288 2085 2025 2129; baseline 0.001 -11"><span class='ocrx_word' id='word_1_463' title='bbox 1288 2091 1315 2118; x_wconf 90' lang='lat' dir='ltr'>et</span> <span class='ocrx_word' id='word_1_464' title='bbox 1341 2086 1418 2127; x_wconf 84' lang='lat' dir='ltr'>fore,</span> <span class='ocrx_word' id='word_1_465' title='bbox 1445 2096 1580 2129; x_wconf 89' lang='lat' dir='ltr'>suosque</span> <span class='ocrx_word' id='word_1_466' title='bbox 1604 2085 1763 2129; x_wconf 89' lang='lat' dir='ltr'>plenarios</span> <span class='ocrx_word' id='word_1_467' title='bbox 1781 2090 1811 2118; x_wconf 90' lang='lat' dir='ltr'>et</span> <span class='ocrx_word' id='word_1_468' title='bbox 1827 2085 1966 2129; x_wconf 89' lang='lat' dir='ltr'>integros</span> <span class='ocrx_word' id='word_1_469' title='bbox 1985 2086 2025 2119; x_wconf 88' lang='lat' dir='ltr'>ef-</span> 
     </span>
     <span class='ocr_line' id='line_1_93' title="bbox 1288 2138 2024 2182; baseline 0.001 -11"><span class='ocrx_word' id='word_1_470' title='bbox 1288 2139 1386 2172; x_wconf 87' lang='lat' dir='ltr'>fectus</span> <span class='ocrx_word' id='word_1_471' title='bbox 1411 2138 1517 2171; x_wconf 91' lang='lat' dir='ltr'>sortiri</span> <span class='ocrx_word' id='word_1_472' title='bbox 1543 2144 1572 2171; x_wconf 89' lang='lat' dir='ltr'>et</span> <span class='ocrx_word' id='word_1_473' title='bbox 1596 2138 1747 2181; x_wconf 85' lang='lat' dir='ltr'>obtinere,</span> <span class='ocrx_word' id='word_1_474' title='bbox 1768 2149 1804 2172; x_wconf 90' lang='lat' dir='ltr'>ac</span> <span class='ocrx_word' id='word_1_475' title='bbox 1829 2139 2024 2182; x_wconf 87' lang='lat' dir='ltr'>supradictae</span> 
     </span>
     <span class='ocr_line' id='line_1_94' title="bbox 1289 2192 2025 2236; baseline 0.001 -11"><span class='ocrx_word' id='word_1_476' title='bbox 1289 2193 1424 2226; x_wconf 88' lang='lat' dir='ltr'>fabricae</span> <span class='ocrx_word' id='word_1_477' title='bbox 1449 2192 1629 2236; x_wconf 86' lang='lat' dir='ltr'>plenissime</span> <span class='ocrx_word' id='word_1_478' title='bbox 1654 2192 1833 2236; x_wconf 79' lang='lat' dir='ltr'>suffragari,</span> <span class='ocrx_word' id='word_1_479' title='bbox 1860 2192 1965 2236; x_wconf 89' lang='lat' dir='ltr'>sicque</span> <span class='ocrx_word' id='word_1_480' title='bbox 1993 2193 2025 2226; x_wconf 90' lang='lat' dir='ltr'>in</span> 
     </span>
     <span class='ocr_line' id='line_1_95' title="bbox 1288 2246 2025 2290; baseline 0.001 -12"><span class='ocrx_word' id='word_1_481' title='bbox 1288 2246 1468 2290; x_wconf 88' lang='lat' dir='ltr'>praemissis</span> <span class='ocrx_word' id='word_1_482' title='bbox 1493 2246 1623 2288; x_wconf 88' lang='lat' dir='ltr'>censeri,</span> <span class='ocrx_word' id='word_1_483' title='bbox 1641 2251 1734 2290; x_wconf 89' lang='lat' dir='ltr'>atque</span> <span class='ocrx_word' id='word_1_484' title='bbox 1754 2246 1796 2280; x_wconf 88' lang='lat' dir='ltr'>ita</span> <span class='ocrx_word' id='word_1_485' title='bbox 1813 2251 1842 2279; x_wconf 89' lang='lat' dir='ltr'>et</span> <span class='ocrx_word' id='word_1_486' title='bbox 1858 2256 1920 2279; x_wconf 92' lang='lat' dir='ltr'>non</span> <span class='ocrx_word' id='word_1_487' title='bbox 1936 2246 2025 2280; x_wconf 86' lang='lat' dir='ltr'>aliter</span> 
     </span>
     <span class='ocr_line' id='line_1_96' title="bbox 1289 2298 2026 2343; baseline 0.003 -12"><span class='ocrx_word' id='word_1_488' title='bbox 1289 2310 1344 2343; x_wconf 91' lang='lat' dir='ltr'>per</span> <span class='ocrx_word' id='word_1_489' title='bbox 1363 2309 1578 2343; x_wconf 88' lang='lat' dir='ltr'>quoscumque</span> <span class='ocrx_word' id='word_1_490' title='bbox 1600 2298 1718 2332; x_wconf 87' lang='lat' dir='ltr'>iudices</span> <span class='ocrx_word' id='word_1_491' title='bbox 1738 2299 1914 2332; x_wconf 86' lang='lat' dir='ltr'>ordinarios</span> <span class='ocrx_word' id='word_1_492' title='bbox 1930 2304 1960 2333; x_wconf 87' lang='lat' dir='ltr'>et</span> <span class='ocrx_word' id='word_1_493' title='bbox 1975 2299 2026 2333; x_wconf 84' lang='lat' dir='ltr'>de-</span> 
     </span>
     <span class='ocr_line' id='line_1_97' title="bbox 1290 2352 2026 2396; baseline 0.001 -11"><span class='ocrx_word' id='word_1_494' title='bbox 1290 2354 1416 2395; x_wconf 78' lang='lat' dir='ltr'>legatOS,</span> <span class='ocrx_word' id='word_1_495' title='bbox 1442 2352 1533 2385; x_wconf 87' lang='lat' dir='ltr'>etiam</span> <span class='ocrx_word' id='word_1_496' title='bbox 1552 2362 1715 2385; x_wconf 88' lang='lat' dir='ltr'>causarum</span> <span class='ocrx_word' id='word_1_497' title='bbox 1736 2352 1840 2396; x_wconf 88' lang='lat' dir='ltr'>palatii</span> <span class='ocrx_word' id='word_1_498' title='bbox 1864 2352 2026 2396; x_wconf 86' lang='lat' dir='ltr'>apostolici</span> 
     </span>
     <span class='ocr_line' id='line_1_98' title="bbox 1290 2405 2022 2446; baseline 0 -7"><span class='ocrx_word' id='word_1_499' title='bbox 1290 2406 1457 2446; x_wconf 89' lang='lat' dir='ltr'>auditores,</span> <span class='ocrx_word' id='word_1_500' title='bbox 1483 2416 1518 2438; x_wconf 85' lang='lat' dir='ltr'>ac</span> <span class='ocrx_word' id='word_1_501' title='bbox 1542 2406 1681 2439; x_wconf 88' lang='lat' dir='ltr'>eiusdem</span> <span class='ocrx_word' id='word_1_502' title='bbox 1707 2405 1735 2439; x_wconf 88' lang='lat' dir='ltr'>S.</span> <span class='ocrx_word' id='word_1_503' title='bbox 1762 2407 1795 2440; x_wconf 82' lang='lat' dir='ltr'>R.</span> <span class='ocrx_word' id='word_1_504' title='bbox 1822 2407 1854 2439; x_wconf 90' lang='lat' dir='ltr'>E.</span> <span class='ocrx_word' id='word_1_505' title='bbox 1877 2406 2022 2439; x_wconf 83' lang='lat' dir='ltr'>cardina-</span> 
     </span>
     <span class='ocr_line' id='line_1_99' title="bbox 1290 2458 2025 2503; baseline 0.001 -12"><span class='ocrx_word' id='word_1_506' title='bbox 1290 2460 1345 2499; x_wconf 88' lang='lat' dir='ltr'>les,</span> <span class='ocrx_word' id='word_1_507' title='bbox 1364 2459 1457 2492; x_wconf 89' lang='lat' dir='ltr'>etiam</span> <span class='ocrx_word' id='word_1_508' title='bbox 1478 2458 1515 2491; x_wconf 91' lang='lat' dir='ltr'>de</span> <span class='ocrx_word' id='word_1_509' title='bbox 1541 2459 1637 2491; x_wconf 91' lang='lat' dir='ltr'>latere</span> <span class='ocrx_word' id='word_1_510' title='bbox 1654 2459 1784 2502; x_wconf 79' lang='lat' dir='ltr'>legatos,</span> <span class='ocrx_word' id='word_1_511' title='bbox 1797 2464 1827 2492; x_wconf 88' lang='lat' dir='ltr'>et</span> <span class='ocrx_word' id='word_1_512' title='bbox 1843 2459 1920 2493; x_wconf 88' lang='lat' dir='ltr'>alios</span> <span class='ocrx_word' id='word_1_513' title='bbox 1936 2469 2025 2503; x_wconf 90' lang='lat' dir='ltr'>quos-</span> 
     </span>
     <span class='ocr_line' id='line_1_100' title="bbox 1291 2511 2021 2556; baseline 0.001 -12"><span class='ocrx_word' id='word_1_514' title='bbox 1291 2512 1367 2545; x_wconf 89' lang='lat' dir='ltr'>libet</span> <span class='ocrx_word' id='word_1_515' title='bbox 1391 2512 1498 2555; x_wconf 88' lang='lat' dir='ltr'>quavis</span> <span class='ocrx_word' id='word_1_516' title='bbox 1519 2511 1703 2545; x_wconf 87' lang='lat' dir='ltr'>auctoritate</span> <span class='ocrx_word' id='word_1_517' title='bbox 1721 2517 1751 2544; x_wconf 87' lang='lat' dir='ltr'>et</span> <span class='ocrx_word' id='word_1_518' title='bbox 1774 2517 1926 2556; x_wconf 87' lang='lat' dir='ltr'>potestate</span> <span class='ocrx_word' id='word_1_519' title='bbox 1949 2512 2021 2545; x_wconf 90' lang='lat' dir='ltr'>fun-</span> 
     </span>
     <span class='ocr_line' id='line_1_101' title="bbox 1291 2564 2024 2610; baseline 0.001 -13"><span class='ocrx_word' id='word_1_520' title='bbox 1291 2570 1398 2609; x_wconf 79' lang='lat' dir='ltr'>gentes</span> <span class='ocrx_word' id='word_1_521' title='bbox 1423 2570 1452 2597; x_wconf 89' lang='lat' dir='ltr'>et</span> <span class='ocrx_word' id='word_1_522' title='bbox 1476 2564 1736 2610; x_wconf 86' lang='lat' dir='ltr'>quandocumque</span> <span class='ocrx_word' id='word_1_523' title='bbox 1761 2565 1932 2608; x_wconf 84' lang='lat' dir='ltr'>functuros⁷</span> <span class='ocrx_word' id='word_1_524' title='bbox 1950 2564 2024 2598; x_wconf 88' lang='lat' dir='ltr'>sub-</span> 
     </span>
    </p>
   </div>
   <div class='ocr_carea' id='block_1_12' title="bbox 2010 179 2189 212">
    <p class='ocr_par' dir='ltr' id='par_1_14' title="bbox 2010 179 2189 212">
     <span class='ocr_line' id='line_1_102' title="bbox 2010 179 2189 212; baseline 0.034 -6"><span class='ocrx_word' id='word_1_525' title='bbox 2010 179 2060 208; x_wconf 80' lang='lat' dir='ltr'>An.</span> <span class='ocrx_word' id='word_1_526' title='bbox 2080 181 2109 209; x_wconf 84' lang='lat' dir='ltr'>G.</span> <span class='ocrx_word' id='word_1_527' title='bbox 2125 181 2189 212; x_wconf 73' lang='lat'>1660</span> 
     </span>
    </p>
   </div>
  </div>
 </body>
</html>
