2243 3205
260 138 309 164 An.
329 137 356 164 C.
377 137 442 165 1661

283 199 394 220 Decretum
407 199 445 219 hoc

262 226 300 246 sub
320 231 393 251 poenis
410 226 446 244 trti-

263 258 342 272 sermrt
354 253 445 272 munitat.

302 1681 450 1706 ‘transumptu-

268 1712 311 1729 rum
327 1707 385 1730 sstlcs.

294 2051 381 2073 Sanctio
398 2058 446 2079 poe·

267 2084 280 2099 u
289 2079 329 2100 tlts.

491 129 558 163 654

505 187 520 230 ξ
544 187 596 219 13.
622 186 821 228 lniungentes
840 191 869 218 et
885 186 1064 220 mandantes
1079 188 1195 220 eisdem

462 240 592 281 legatis,
626 240 891 282 gubernatoribus
923 246 952 273 et
986 241 1142 274 iudicibus
1168 241 1197 273 in

463 296 525 325 toto
543 292 628 324 Statu
644 298 751 325 nostro
765 293 983 326 Ecclesiastico
1001 303 1083 326 nunc
1098 299 1127 326 et
1141 304 1197 337 pro

461 350 602 389 tempore
627 346 842 387 existentibus,
868 352 897 379 et
924 357 1033 380 eorum
1060 347 1197 386 cuilibet,

460 402 494 432 ut
518 399 800 439 confirmationem,
826 401 1057 434 revocationem
1076 406 1105 432 et
1124 400 1199 433 obli-

461 452 617 494 gationem
644 457 766 485 nostras
792 453 989 494 huiusmodi,
1022 454 1143 496 aliaque
1168 453 1197 485 in

461 505 678 548 praesentibus
696 506 807 538 litteris
825 510 978 548 contenta,
997 507 1034 539 ab
1052 506 1198 539 omnIbus

461 557 497 590 ad
519 569 597 601 quos
614 564 734 601 spectat
751 563 779 591 et
796 569 853 602 pro
878 565 1018 602 tempore
1036 559 1198 602 spectabit,

461 610 554 642 etiam
578 621 635 654 per
652 621 800 643 censuras
820 612 1057 651 ecclesiasticas,
1078 612 1199 654 aliaque

461 668 639 707 opportuna
665 664 742 697 iuris
760 670 789 697 et
811 665 879 698 sacti
899 665 1047 705 remedia,
1066 665 1200 697 firmiter

462 721 491 748 et
516 716 736 749 inviolabiliter
760 718 919 750 observari
946 718 1066 750 saciant.

506 770 520 812 ἓ
548 770 599 802 M.
629 771 697 803 Non
730 770 925 803 obstantibus
953 770 1098 803 omuibus
1122 780 1201 813 quae

461 822 612 866 praedicti
638 823 750 864 Sixtus,
776 824 928 863 Clemens,
957 824 1078 865 Paulus,
1106 823 1201 856 Urba-

462 885 521 907 nus
546 881 575 908 et
600 876 799 908 Innocentius
824 876 1082 920 praedecessores
1108 876 1138 908 in
1159 876 1202 908 di-

463 929 519 961 ctis
544 939 653 962 eorum
680 929 791 962 litteris
809 930 1050 962 volueruntnon
1066 929 1200 969 obstare,

463 982 636 1025 ceterisque
657 983 822 1014 contrariis
843 982 1103 1026 quibuscumque.

507 1036 521 1079 ἓ
546 1036 596 1069 15.
617 1037 766 1069 Volumus
783 1042 885 1069 autem
904 1037 988 1080 quod
1010 1042 1201 1081 praesentes,

464 1094 630 1132 postquam
657 1090 752 1122 valvis
771 1091 920 1123 ecclesiae
941 1090 1157 1123 Lateranensis
1174 1095 1203 1123 et

462 1142 609 1175 basilicae
634 1143 787 1187 Principis
816 1144 1039 1187 Apostolorum
1061 1144 1099 1176 de
1120 1143 1202 1177 Urbe

462 1206 584 1228 necnon
609 1196 639 1228 in
664 1197 730 1229 acie
759 1197 863 1240 Campi
896 1197 1006 1230 Florae
1040 1198 1149 1230 affixae
1174 1202 1203 1230 et

463 1249 640 1292 publicatae
666 1250 799 1289 suerint,
830 1261 1045 1294 quoscumque
1078 1255 1137 1284 tam
1172 1250 1202 1283 in

463 1303 602 1336 Romana
629 1303 716 1335 curia
743 1308 771 1335 et
797 1303 882 1336 Statu
918 1304 1079 1347 praedicto
1109 1315 1200 1347 quam

463 1361 549 1388 extra
573 1367 626 1389 eos
651 1357 817 1389 existentes
843 1357 973 1400 perinde
1006 1357 1146 1399 obligent
1172 1362 1201 1390 etv

463 1413 593 1449 arctent,
617 1420 652 1441 ac
677 1409 700 1441 si
726 1411 895 1453 unicuique
920 1421 1029 1443 eorum
1056 1421 1202 1454 persona-

463 1462 535 1494 liter
549 1467 579 1495 et
593 1463 776 1496 nominatim
796 1463 953 1496 intimatae
974 1464 1114 1504 fuissent,
1128 1475 1199 1497 611111

464 1515 634 1548 verisimile
658 1526 721 1549 non
747 1516 784 1548 sit
810 1517 839 1548 id
865 1527 1029 1549 remanere
1055 1517 1202 1560 incogni-

464 1573 541 1608 tum,
567 1569 650 1612 quod
681 1573 742 1602 tam
767 1575 909 1613 patenter
930 1570 1076 1603 omnibus
1100 1571 1202 1614 publi-

465 1625 562 1655 catur.

510 1675 599 1718 546.
634 1676 784 1708 Volumus
816 1677 944 1719 insuper
974 1676 1057 1720 quod
1095 1687 1202 1709 earum

466 1729 630 1771 exemplis,
655 1729 747 1761 etiam
778 1729 946 1772 impressis,
972 1740 1065 1761 manu
1090 1730 1203 1762 notarii

465 1781 581 1824 publici
607 1787 637 1814 et
662 1781 765 1824 sigillo
783 1782 914 1815 alicuius
936 1793 1086 1826 personae
1110 1783 1141 1815 in
1161 1783 1205 1815 di-

465 1835 581 1876 gnitate
615 1835 824 1868 ccclcsiastica
848 1836 1033 1869 constitutae
1067 1836 1204 1877 munitis,

466 1887 572 1919 eadem
608 1898 738 1931 prorsus
774 1888 849 1920 tides
885 1889 1091 1931 adhibeatur,
1126 1900 1205 1932 quae

466 1940 606 1983 ipsismet
631 1941 847 1984 praesentibus
875 1942 1089 1982 adhiberetur,
1110 1943 1134 1974 si
1163 1953 1206 1975 es-

466 1999 532 2026 sent
557 1994 714 2028 exhibitae
739 1995 784 2027 vel
812 2000 963 2027 ostensae.

509 2048 524 2088 ,ξ
548 2047 599 2080 17.
625 2047 706 2080 Nulli
730 2058 806 2090 ergo
831 2048 958 2081 omnino
984 2048 1145 2080 hominum
1172 2048 1206 2080 li-

466 2106 534 2133 ceat
547 2100 626 2133 hanc
642 2101 788 2143 paginam
807 2106 932 2134 nostrae
947 2102 1204 2142 confirmationis,

465 2153 713 2196 approbationis,
740 2154 886 2195 mandati,
912 2155 1130 2195 revocationis,
1155 2165 1206 2187 an-

464 2207 654 2246 nullationis,
679 2207 868 2249 abolitionis,
890 2208 1110 2248 adstrictionis,
1127 2208 1205 2241 ohli-

465 2259 599 2302 gationis
624 2265 653 2292 et
677 2260 792 2292 decreti
819 2260 990 2303 infringere
1015 2261 1060 2293 vel
1080 2261 1106 2293 ei
1127 2272 1204 2293 ausu

465 2312 633 2345 temerario
660 2313 826 2345 contraire.
857 2313 887 2346 Si
921 2314 990 2357 quis
1015 2320 1118 2347 autem
1144 2314 1204 2347 hoc

465 2369 617 2398 attentare
652 2366 920 2409 praesumpserit,
957 2366 1202 2409 indignationem

466 2417 687 2461 omnipotentis
719 2419 772 2451 Dei
805 2429 840 2452 ac
868 2419 1032 2452 beatorum
1067 2419 1150 2452 Petri
1176 2424 1205 2452 et

467 2469 550 2501 Paoli
575 2472 788 2514 apostolorum
816 2472 881 2504 cius
907 2483 939 2504 se
963 2472 1083 2505 noverit
1102 2472 1204 2505 incur-

467 2532 584 2555 surum.

1045 139 1223 164 BULLARIUM
1248 138 1401 164 ROMANUM

1270 188 1381 220 Datum
1392 188 1519 228 Romae,
1532 188 1615 231 apud
1628 187 1656 220 S.
1667 187 1793 220 Mariam
1807 188 1969 230 Maiorem,

1232 250 1313 273 anno
1327 240 1553 273 Incarnationis
1567 240 1746 273 Dominicae
1762 251 1887 284 nnccxx,
1905 251 1972 275 xvu

1234 293 1380 326 kalendas
1403 293 1561 334 februarii,
1584 293 1784 337 pontificatus
1800 294 1898 327 nostri
1922 304 1972 327 an-

1233 358 1272 380 no
1298 356 1339 379 v1.

1270 409 1329 435 Dat.
1347 409 1389 435 die
1408 408 1438 435 16
1455 408 1569 435 ianuarii
1588 408 1664 441 1661,
1682 408 1777 444 pontif.
1795 416 1865 435 anno
1884 415 1920 435 vr.

1528 550 1686 584 CCCXXX.

1234 630 1418 663 Declaratio
1442 631 1556 663 statuti
1587 631 1728 663 civitatis
1758 631 1973 665 Bononiensis

1279 683 1479 716 excluderetis
1502 684 1639 726 seminas
1662 688 1792 727 propter
1813 684 1973 717 masculos

1279 747 1299 769 α
1322 735 1551 770 successione&

1436 816 1601 843 Alexander
1617 816 1694 850 Papa
1710 817 1772 850 vn,

1377 860 1413 887 ad
1433 861 1565 888 futuram
1584 861 1630 888 rei
1650 861 1831 888 memoriam.

1280 930 1453 964 Constantis
1479 930 1549 963 fidei
1583 936 1613 963 et
1638 931 1778 964 sincerae
1802 930 1974 965 devotionis

1236 983 1386 1025 affectus,
1419 994 1511 1026 quem
1545 983 1649 1016 dilecti
1682 983 1736 1016 filii
1769 983 1975 1027 quadraginta

1237 1036 1293 1068 viri
1319 1036 1480 1079 regiminis
1513 1036 1718 1069 Bononiensis
1752 1047 1828 1080 erga
1858 1047 1914 1070 nos
1945 1041 1976 1072 et

1236 1090 1407 1123 Romanam
1444 1100 1555 1132 gerere
1587 1090 1835 1134 comprobantur
1869 1091 1975 1124 Eccle-

1237 1144 1326 1183 siam,
1350 1149 1552 1187 promeretur
1573 1149 1606 1176 ut
1626 1154 1678 1177 eos
1698 1144 1841 1188 specialis
1869 1144 1975 1178 favore

1238 1197 1356 1240 gratiae
1381 1197 1513 1230 libenter
1538 1207 1779 1241 prosequamur.

1281 1251 1295 1292 ἓ
1320 1250 1349 1283 1.
1374 1250 1449 1283 Cum
1475 1250 1578 1293 itaque
1603 1260 1662 1293 pro
1686 1255 1775 1294 parte
1799 1249 1976 1294 praedicto-

1237 1313 1306 1335 rum
1328 1302 1534 1346 quadraginta
1550 1303 1690 1335 virorum
1704 1303 1794 1336 nobis
1814 1303 1975 1336 humiliter

1236 1356 1443 1400 supplicatum
1469 1356 1563 1388 suerit
1590 1361 1624 1389 ut
1649 1356 1853 1399 dignaremur
1877 1356 1976 1390 decla-

1237 1420 1307 1442 rare
1333 1414 1481 1442 statutum
1508 1409 1607 1442 dictae
1632 1409 1781 1452 civitatis,
1807 1409 1975 1443 excludens

1238 1463 1365 1496 seminas
1390 1469 1519 1507 propter
1551 1463 1706 1496 masculos
1738 1463 1769 1495 in
1801 1463 1974 1497 successio-

1237 1516 1329 1548 nibus
1354 1516 1392 1548 ab
1417 1516 1572 1555 intestato,
1592 1516 1861 1559 comprehendere
1879 1516 1972 1549 etiam

1238 1569 1388 1610 feminas,
1413 1580 1492 1613 quae
1516 1569 1554 1601 de
1579 1573 1720 1613 tempore
1752 1569 1872 1602 delatae
1905 1580 1976 1603 suc-

1238 1622 1387 1656 cessionis
1412 1623 1627 1666 reperirentur
1651 1623 1682 1654 in
1707 1627 1787 1655 statu
1817 1622 1975 1665 religioso,

1239 1675 1284 1707 vel
1310 1675 1385 1708 alias
1403 1681 1566 1718 exemptae
1586 1685 1603 1707 a
1623 1675 1837 1709 iurisdictione
1854 1675 1974 1708 laicali:

1239 1728 1311 1761 hinc
1335 1734 1381 1761 est
1412 1729 1495 1771 quod
1520 1739 1586 1769 nos,
1612 1729 1891 1772 supplicationibus
1915 1728 1975 1762 hu-

1239 1781 1374 1814 iusmodi
1400 1781 1549 1821 inclinati,
1574 1791 1610 1814 ac
1634 1781 1817 1815 eorumdem
1843 1781 1976 1825 quadra-

1239 1834 1324 1876 ginta
1349 1834 1488 1867 virorum
1514 1834 1690 1877 singulares
1714 1845 1864 1878 personas
1880 1845 1897 1867 a
1912 1834 1977 1878 qui-

1240 1887 1344 1919 busvis
1362 1887 1703 1928 excommunicationis,
1717 1887 1930 1931 suspensionis
1947 1892 1977 1920 et

1240 1939 1408 1980 interdicti,
1423 1940 1553 1983 aliisque
1570 1940 1789 1973 ecclesiasticis
1806 1939 1975 1981 sententiis,

1240 1993 1380 2026 censuris
1405 1998 1434 2025 ct
1458 1993 1608 2036 poenis,a
1626 1993 1693 2026 iure
1707 1994 1753 2026 vel
1779 1993 1817 2026 ab
1838 1993 1976 2034 homine,

1239 2047 1346 2089 quavis
1371 2046 1535 2079 occasione
1550 2047 1597 2079 vel
1619 2047 1803 2088 causalatis,
1817 2047 1841 2079 si
1862 2047 1975 2090 quibus

1240 2100 1476 2142 quomodolibet
1499 2100 1664 2133 innodatae
1688 2100 1832 2142 existunt,
1849 2099 1888 2132 ad
1907 2099 1978 2133 esse-

1240 2158 1323 2185 ctum
1350 2152 1561 2196 praesentium
1592 2152 1753 2185 dumtaxat
1783 2162 1974 2196 consequen-

1239 2206 1323 2248 dum,
1338 2206 1449 2239 harum
1475 2206 1556 2239 serie
1580 2206 1775 2239 absolventes
1800 2211 1830 2239 et
1853 2205 1976 2239 absolu-

1239 2264 1284 2291 tas
1309 2260 1374 2292 sore
1399 2265 1570 2301 censentes,
1595 2259 1633 2292 de
1658 2259 1910 2303 congregationis
1929 2269 1976 2293 su-

1238 2322 1294 2355 per
1307 2312 1486 2346 huiusmodi
1507 2313 1635 2355 negotio
1653 2323 1670 2345 a
1686 2313 1776 2346 nobis
1802 2311 1977 2357 specialiter

1239 2365 1424 2409 deputatae,
1449 2375 1529 2408 quae
1554 2365 1636 2398 idem
1666 2365 1828 2408 negotium
1852 2369 1975 2398 mature

1238 2418 1394 2459 discussit,
1420 2419 1561 2461 consilio,
1587 2419 1771 2453 auctoritate
1795 2417 1975 2462 apostolica,

1279 2537 1284 2560 1
1310 2535 1347 2560 Ex
1368 2534 1474 2568 chest.
1496 2534 1521 2560 111
1541 2535 1644 2561 Secret.
1666 2533 1740 2560 Brev.

1986 141 2034 167 An.
2049 141 2077 168 C.
2095 143 2157 172 166¹
2192 155 2193 158 ¹

2013 941 2147 965 Prooemium.

2015 1257 2150 1285 supplicatio.
