2185 3188
13 188 61 215 An.
78 187 104 214 C.
128 186 195 214 1656

35 1257 121 1279 nciam
142 1263 187 1278 sus·

10 1285 127 1310 pensionem
149 1290 186 1310 pro

11 1311 105 1338 epiflcopo
127 1311 187 1332 Auxi-

12 1343 70 1358 mano
89 1337 114 1358 ab
130 1344 187 1358 exer-

9 1364 58 1384 citio
79 1364 187 1390 pontifica-

10 1390 65 1412 hum.

791 185 977 208 ALEXANDRR
1003 185 1045 208 Vll
1072 185 1120 208 Pr.

207 233 372 276 contigerit
397 232 551 266 attentari.
570 234 603 266 In
621 233 813 266 contrarium
836 233 944 266 sacien-

205 288 287 321 tibus
304 297 367 321 non
390 287 587 320 obstantibus
611 287 872 331 quibuscumque.

248 341 358 374 Datum
377 341 494 374 Romae
511 340 593 384 apud
615 341 643 374 S.
664 340 800 380 Petrum,
818 340 876 372 sub
895 350 945 372 an-

204 393 278 426 nulo
303 393 481 434 piscatoris,
506 393 555 426 die
584 403 661 427 xxxi
683 385 789 426 'martii
816 403 942 435 amomi,

204 447 404 492 pontificatus
428 448 526 481 nostri
551 458 632 481 anno
659 458 677 480 1.

242 510 297 536 [tat.
317 510 359 537 die
376 510 403 537 31
425 510 510 537 martii
532 510 608 544 1656,
625 509 718 545 pontis.
736 518 804 536 anno
823 518 839 536 ι.

524 653 619 687 xciv.

203 731 373 764 Relaoeatio
397 730 619 774 suspensionis
635 740 694 773 pro
714 730 858 773 episcopo
878 729 944 762 Au-

245 785 379 817 artmano
404 785 442 816 ab
466 784 617 817 exercitio
639 783 892 827 pontificalium,
917 784 945 815 sc*

245 839 274 870 si
297 849 396 882 qaam
419 838 562 870 incurrit
587 838 624 870 ob
649 837 840 870 exercitium
865 847 944 880 pon-

247 892 419 934 tificalium
452 892 485 924 in
519 891 649 924 ecclesis}
683 891 841 924 Ilcinensi
873 895 944 934 post

245 955 340 977 snam
367 945 616 977 translationem
632 944 650 977 ¹.

201 1015 372 1044 Venerabili
382 1016 469 1044 fratri
481 1016 606 1043 Antonio
619 1016 757 1050 episcopo
769 1015 942 1050 Auximano,

388 1070 554 1097 Alexander
584 1071 662 1104 Papa
694 1070 756 1097 VII.

413 1133 600 1160 Venerabilis
626 1133 731 1164 frater,

238 1178 366 1205 salutem
388 1181 418 1205 et
438 1178 635 1211 apostoticam
655 1178 907 1205 benedictionem,

247 1248 261 1291 g
278 1248 307 1280 1.
324 1248 411 1288 Cum,
430 1249 511 1280 sicut
528 1248 718 1292 accepimus,
732 1254 897 1292 postquam
916 1254 944 1281 te

202 1311 218 1333 a
235 1301 368 1342 vinculo,
383 1312 445 1345 quo
463 1302 613 1334 ecclesiae
628 1302 782 1342 llcinensi,
800 1302 849 1335 cui
871 1308 944 1336 tunc

202 1365 358 1398 praeeras,
385 1355 550 1395 tenebaris,
564 1355 771 1397 absolventes,
790 1355 828 1388 ad
848 1356 945 1389 eccle-

202 1408 280 1441 siam
310 1409 516 1442 Auximanam
553 1415 626 1442 tunc
661 1410 796 1453 pastoris
832 1410 944 1444 solatio

202 1461 380 1496 destitutam
414 1463 652 1503 transtulimus,
681 1469 713 1495 tu
738 1463 944 1497 absolutionis

202 1522 232 1547 et
257 1516 469 1549 translationis
501 1516 680 1549 huiusmodi
714 1517 843 1559 ignarus
867 1528 943 1562 pon-

202 1568 327 1602 tificalia
351 1569 382 1602 in
406 1569 490 1603 dicta
515 1570 647 1603 ecclesia
678 1570 821 1604 llcinensi
847 1582 939 1604 exer-

201 1623 304 1656 cueris
321 1650 328 1663 ‚
360 1628 390 1656 et
413 1623 581 1656 nonnullos
605 1623 757 1657 dioecesis
782 1624 943 1658 llcinensis

200 1676 239 1708 ad
259 1676 387 1710 ordines
405 1677 497 1711 etiam
519 1688 635 1719 sacros,
655 1678 730 1711 alias
750 1683 855 1712 tamen
873 1679 941 1720 rite,

200 1731 412 1773 promoveris,
438 1742 504 1772 nos,
531 1743 589 1776 pro
614 1732 765 1775 singulari
783 1743 846 1776 quo
866 1736 893 1767 tc
911 1733 942 1765 in

201 1784 332 1818 Domino
356 1785 580 1829 prosequimur
602 1791 751 1830 paternae
781 1786 942 1819 charitatis

201 1838 324 1879 affectu,
342 1838 433 1871 statui
460 1844 524 1879 tuo,
545 1850 579 1872 ac
605 1850 662 1883 per
688 1843 726 1880 te,
744 1845 777 1872 ut
801 1840 941 1883 praeser-

201 1895 261 1933 tur,
289 1897 521 1936 promotorum,
543 1898 694 1936 quantum
720 1903 790 1926 cum
808 1893 942 1926 Domino

201 1956 379 1989 possumus,
404 1947 570 1980 consulere
596 1947 756 1988 volentes,
789 1952 881 1990 teque
906 1958 941 1981 ac

201 1999 270 2032 illos
295 2000 483 2044 specialibus
508 2000 665 2033 favoribus
683 2005 712 2033 et
737 2001 847 2044 gratiis
871 2012 942 2045 pro-

201 2053 288 2097 sequi
303 2054 451 2096 volentes,
470 2059 497 2087 et
521 2060 658 2087 vestrum
678 2054 853 2098 singulares
870 2066 941 2099 per»

200 2117 292 2140 sonas
305 2118 321 2140 a
339 2108 500 2151 quibusvis
518 2108 861 2149 excommunicationis,
879 2120 942 2142 sus-

201 2161 360 2203 pensionis
384 2166 414 2193 ct
447 2161 619 2203 interdicti,
645 2162 776 2205 aliisque
800 2162 942 2195 ecclesia-

201 2213 286 2247 sticis
302 2215 473 2255 sententiis,
494 2215 636 2248 censuris
656 2221 685 2248 et
703 2216 821 2259 poenis,
836 2227 853 2249 a
875 2217 941 2250 iure

202 2268 249 2300 rel
269 2268 308 2300 ab
326 2268 463 2309 homine,
477 2269 585 2312 quavis
599 2269 762 2302 occasione
785 2270 830 2303 vel
848 2272 940 2303 causa

202 2321 281 2362 latis,
298 2322 322 2355 si
340 2322 453 2366 quibus
469 2323 705 2366 quomodolibet
723 2323 861 2357 innodati
879 2324 941 2357 exi-

202 2374 289 2418 stitis,
310 2375 348 2408 ad
374 2375 518 2408 effectum
543 2377 755 2419 praesentium
778 2377 942 2411 dumtaxat

202 2429 476 2473 consequendum,
502 2429 614 2462 liaruni
639 2430 719 2463 serie
743 2430 941 2464 absolventes

202 2488 231 2515 et
245 2483 415 2517 ahsotutos²
431 2484 497 2517 sore
511 2489 684 2523 censenteS,
699 2490 783 2517 motu
799 2485 939 2528 proprio,

240 2559 247 2581 1
273 2555 309 2582 Ex
329 2555 435 2589 Regest.
458 2556 485 2582 in
506 2556 609 2582 Secret.
634 2555 709 2582 Brev.

237 2603 252 2625 2
272 2601 364 2634 Apum.
385 2601 441 2635 lege
463 2601 606 2627 absolutas
627 2608 662 2626 εκ.
682 2602 724 2634 rj.

1631 174 1688 206 141

978 243 1013 265 ac
1039 243 1074 265 ex
1101 234 1186 265 certa
1211 232 1341 265 scientia
1367 232 1484 272 nostra,
1506 232 1561 264 tibi
1587 242 1721 275 suspen-

978 284 1097 319 sionem
1124 285 1162 318 ab
1187 285 1336 318 exercitio
1355 285 1594 329 pontificalium,
1613 290 1643 317 et
1659 295 1677 317 a
1695 290 1723 317 te

978 339 1131 382 promotis
1162 338 1200 371 ab
1233 339 1382 372 exercitio
1418 344 1637 382 susceptorum
1671 349 1721 372 or-

978 392 1098 433 dinum,
1124 393 1148 426 si
1174 403 1267 436 quam
1293 398 1461 436 propterea
1485 391 1724 436 quomodolibet

978 446 1165 488 incurristis,
1187 446 1360 490 apostolica
1386 447 1592 486 auctoritate,
1614 451 1722 479 tenore

979 500 1207 543 praesentium,
1242 500 1440 539 relaxamus,
1468 506 1559 543 teque
1584 510 1619 532 ac
1653 499 1723 532 illos

978 564 994 585 a
1022 553 1276 597 quibuscumque
1301 553 1369 586 aliis
1395 553 1537 586 censuris
1563 558 1591 585 ct
1612 552 1722 596 poenis

978 606 1215 647 ecclesiasticis,
1245 607 1270 639 si
1295 617 1372 649 quas
1397 611 1527 649 propter
1551 605 1723 649 praemissa

979 660 1083 692 forsan
1108 659 1279 692 incurrisse
1306 659 1376 699 dici,
1403 660 1534 699 censeri,
1556 665 1608 691 aut
1632 658 1722 691 intel-

977 713 1031 755 ligi
1057 713 1200 757 possetis,
1222 713 1253 746 in
1278 719 1412 756 utroque
1438 713 1506 746 soro
1531 712 1722 746 absolvimus

978 772 1007 800 et
1032 767 1168 800 totaliter
1200 767 1392 807 liberamus,
1418 767 1578 810 dictasque
1605 776 1722 810 poenas

979 821 1065 854 vobis
1090 827 1118 854 et
1146 827 1282 853 vestrum
1309 820 1435 853 cuilibet
1456 821 1592 863 gratiose
1619 819 1723 852 remit-

978 874 1071 907 timus
1096 878 1125 908 ct
1150 873 1376 914 condonamus,
1391 884 1426 906 ac
1448 873 1609 906 vobiscum
1628 883 1723 916 super

979 928 1222 971 irregularitate,
1248 928 1273 961 si
1298 939 1391 971 quam
1417 928 1461 960 sic
1486 925 1662 971 suspensis'
1681 927 1724 959 in-

979 981 1108 1015 terdicta
1133 981 1371 1025 quomodolibet
1396 981 1572 1014 exercendo
1598 986 1723 1014 eontra-

979 1034 1074 1077 xistis,
1100 1035 1138 1068 ad
1162 1046 1395 1079 quemcumque
1425 1035 1570 1068 effectum
1595 1034 1722 1079 dispen-

978 1100 1092 1129 samus,
1123 1095 1216 1133 teque
1241 1100 1276 1123 ac
1302 1089 1370 1122 illos
1394 1094 1574 1133 opportune
1599 1088 1723 1121 rehabi-

979 1143 1121 1183 litamus,
1146 1154 1269 1177 necnon
1296 1143 1367 1183 tibi,
1389 1148 1435 1183 ut,
1465 1142 1615 1186 quamdiu
1639 1142 1722 1186 apud

979 1197 1142 1230 ecclesiam
1169 1197 1353 1231 Ilcinensem
1376 1196 1541 1238 resederis,
1563 1196 1723 1240 pontifica-

979 1250 1029 1291 lia,
1054 1251 1112 1283 ad²
1133 1261 1368 1295 quamcumque
1394 1249 1643 1283 iurisdictionem
1662 1250 1723 1294 spi-

980 1304 1124 1337 ritualem
1150 1310 1180 1338 et
1205 1304 1447 1338 ecclesiasticam
1474 1304 1633 1348 episcopo,
1653 1303 1722 1336 11ςί-

978 1358 1066 1390 nensi
1083 1369 1141 1402 pro
1159 1364 1302 1402 tempore
1320 1358 1461 1391 existenti
1479 1363 1720 1401 competentem,

979 1412 1008 1443 in
1034 1412 1158 1444 civitate
1183 1417 1212 1444 et
1243 1411 1378 1445 dioecesi
1404 1411 1548 1444 llcinensi
1581 1422 1616 1444 ac
1646 1422 1721 1454 erga

978 1465 1121 1498 subditos
1153 1465 1363 1498 iurisdietioni
1396 1464 1535 1509 episcopi
1562 1465 1722 1498 llcinensis

978 1528 1124 1551 exercere
1149 1518 1247 1551 libere
1274 1523 1303 1551 et
1327 1518 1410 1551 licite
1427 1518 1528 1561 possis
1553 1523 1583 1551 et
1609 1518 1720 1560 valeas,

978 1571 1106 1615 perinde
1132 1582 1166 1604 ac
1192 1571 1216 1604 si
1242 1571 1344 1604 adliuc
1369 1571 1471 1604 eidem
1500 1572 1651 1605 ecclesiae
1675 1572 1717 1604 ll-

977 1625 1095 1658 cinensi
1120 1635 1294 1669 praeesses,
1315 1624 1490 1658 facultatem
1517 1625 1720 1658 concedimus

977 1683 1006 1713 et
1030 1678 1241 1722 impertimur.

1021 1733 1081 1777 {⁹2-
1107 1734 1174 1767 Non
1192 1732 1389 1766 obstantibus
1416 1732 1606 1776 apostolicis,
1628 1743 1663 1765 ac
1689 1733 1719 1765 in

977 1786 1205 1819 universalibus
1237 1785 1547 1830 provincialibusque
1580 1792 1609 1818 et
1633 1796 1721 1830 syno-

975 1840 1098 1874 dalibus
1131 1840 1272 1874 conciliis
1307 1840 1418 1882 editis,
1444 1840 1644 1883 generalibus
1674 1840 1718 1873 vel

975 1894 1175 1938 specialibus,
1202 1893 1478 1927 constitutionibus
1499 1898 1528 1925 et
1552 1892 1720 1926 ordinatio-

975 1948 1077 1988 nibus,
1103 1957 1236 1990 necnon,
1262 1952 1416 1991 quatenus
1439 1957 1519 1991 opus
1545 1947 1593 1989 sit,
1619 1946 1719 1980 dietae

975 2002 1126 2036 ecclesiae
1170 2002 1353 2042 llcinensis‚
1392 2002 1484 2035 etiam
1521 2001 1718 2041 iuramento,

975 2056 1215 2089 confirmatione
1245 2055 1434 2099 apostolica,
1459 2055 1506 2088 vel
1532 2054 1640 2098 quavis
1664 2054 1718 2087 sn·-

976 2110 1082 2142 mitate
1107 2110 1166 2142 alia
1196 2109 1365 2149 roboratis,
1386 2108 1508 2141 statutis
1533 2112 1562 2141 et
1587 2118 1717 2142 consue-

976 2163 1154 2204 tudinibus,
1183 2163 1357 2207 ceterisque
1390 2163 1557 2196 contrariis
1589 2162 1718 2205 quibus-

976 2228 1122 2260 cumque.

1018 2271 1130 2303 Datum
1163 2271 1281 2304 Romae
1317 2270 1398 2314 apud
1430 2270 1458 2303 S.
1486 2270 1633 2311 Petrum,
1660 2267 1717 2301 sub

975 2325 1090 2357 annulo
1116 2324 1300 2363 piscatoris,
1326 2323 1374 2356 die
1403 2335 1417 2355 v
1442 2323 1552 2367 aprilis
1587 2332 1716 2363 minervi,

974 2377 1175 2420 pontificatus
1199 2377 1297 2409 nostri
1323 2387 1404 2409 anno
1431 2386 1449 2408 1.

1010 2441 1067 2467 Dat.
1089 2441 1105 2468 5
1124 2441 1217 2475 aprilis
1240 2440 1316 2473 1856,
1339 2440 1433 2473 pontis.
1455 2448 1526 2467 anno
1547 2448 1565 2466 1.

1012 2558 1020 2582 1
1046 2556 1156 2582 Videtur
1176 2555 1264 2590 potius
1284 2555 1429 2589 legendum
1449 2556 1580 2590 suspensi
1599 2561 1635 2583 ta.
1653 2556 1701 2589 72).

1011 2600 1023 2626 ἓ
1046 2600 1135 2627 Potius
1157 2600 1271 2635 legerem
1293 2610 1324 2626 ar
1347 2609 1392 2634 pro
1414 2600 1450 2626 tul
1475 2607 1508 2634 ¹n.
1527 2602 1575 2634 i)

1742 184 1788 209 An.
1803 184 1830 210 G.
1857 184 1923 211 1656

1757 1741 1777 1760 C>
1788 1742 1873 1761 n'rartis
1883 1742 1918 1761 de-

1735 1772 1802 1789 roza'.
