2263 3215
276 223 323 249 An.
345 222 372 249 C.
396 223 462 251 1655
508 214 549 248 58
1053 220 1228 244 mammeti
1256 219 1408 244 ROMANUM

474 271 583 303 diebus
599 280 615 302 a
636 267 835 302 testatoribus
852 276 906 299 seu
922 266 1099 309 legantibus
1118 278 1207 310 prae-
1241 272 1334 306 runt,
1359 265 1480 298 etiamsi
1514 273 1607 307 super
1637 263 1698 296 illis
1723 263 1754 295 in
1778 273 1977 308 quacumque

477 323 610 366 scriptis,
635 321 710 354 solvi
736 325 765 353 et
792 320 969 362 consignari
995 320 1118 352 debere.
1243 318 1385 352 instantia
1411 318 1447 349 lis
1473 317 1607 360 pendeat
1630 316 1777 356 indecisa,
1802 316 1919 348 servari
1949 321 1979 349 et

321 391 352 411 oi,
382 394 460 408 mmm
519 376 586 419 {3-
615 374 702 413 Quod
728 373 751 405 si
777 373 816 405 ol]
835 383 955 405 moram
974 383 1029 406 seu
1049 373 1208 416 negligen—
1242 373 1345 414 locum
1381 370 1498 403 habere
1534 370 1678 402 volumus
1710 374 1739 402 et
1774 369 1978 402 declaramus

278 417 461 466 li‘ssns'ifl'ssl'ffisssss
477 429 548 461 tiam
572 427 740 460 haeredum
767 432 816 458 aut
839 432 1077 470 exequutorum,
1096 437 1149 459 seu
1178 436 1208 457 a·
1232 408 1360 458 ‘finieris
1385 427 1489 457 autem
1514 422 1653 455 eiusdem
1673 422 1808 455 fabricae
1825 433 1880 455 seu
1898 422 1980 455 illius

405 501 416 513 a
429 471 462 511 f}
476 481 589 513 liorum
607 479 830 521 obligatorum,
847 479 894 511 vel
913 478 1004 511 etiam
1020 479 1059 511 ob
1077 483 1209 511 mortem
1245 477 1367 519 collegii
1395 476 1579 520 privilegiis,
1598 475 1706 518 gratiis
1724 480 1753 508 et
1774 475 1980 516 facultatibus,

1992 217 2041 243 An.
2064 217 2176 246 (1.1655

293 532 317 545 ae
347 523 367 543 in
395 521 460 540 sub-i-

280 553 336 572 „qum
352 549 453 573 aengien.
477 544 607 573 corum,
633 533 746 576 quibus
782 543 953 576 pauperum
986 532 1158 566 nominatio
1183 535 1210 564 ct

314 1350 336 1370 In
348 1349 470 1375 reliquis-te-

291 1377 343 1401 natis
368 1376 412 1396 iura
441 1375 469 1395 fa-

289 1404 361 1424 bricae
393 1404 470 1422 intacta

291 1431 407 1450 censui-rat.

337 2361 348 2373 υ
364 2353 439 2380 quilius
449 2357 483 2371 ca-

380 2380 482 2400 cananu-

357 2407 422 2426 locum
446 2406 482 2426 hu-

301 2433 358 2454 beat.

301 2381 358 2400 sibu-

477 587 596 626 elertio‚
611 596 665 618 seu
683 586 767 627 alias,
785 586 960 628 legatorum
979 585 1120 618 executio
1131 595 1212 618 com-

477 640 570 672 missa
595 639 697 680 fuerit⁷
723 639 906 672 eorumdem
931 639 1106 681 legatorum
1131 638 1211 670 solu-

478 694 593 726 tionem
612 703 665 725 seu
684 693 950 735 consignationem
972 693 1054 725 ultra
1071 691 1210 724 debitum

479 750 602 789 tempus
626 745 745 778 differri
771 746 818 777 vel
846 745 993 789 impediri
1031 745 1211 787 contingat,

480 799 625 832 volumus
648 804 677 830 et
702 798 885 830 mandamus
909 804 942 831 ut
966 799 1108 831 locorum
1127 797 1212 831 Ordi-

479 853 569 894 narii,
585 857 623 894 et⁷
640 852 699 883 illis
717 851 941 893 deficientibus,
959 851 1165 884 commissarii
1185 856 1214 883 et

482 905 613 939 ministri
632 904 809 948 praedictae
826 904 973 945 fabricae,
990 904 1021 937 in
1042 904 1165 937 casibus
1183 904 1214 944 in

481 959 594 1003 quibus
619 959 693 990 alias
717 958 963 1001 praemissorum
989 957 1156 1001 exequutio
1177 957 1214 990 de

482 1013 550 1045 iure
575 1016 603 1044 et
627 1011 796 1043 secundum
823 1011 983 1044 facultates
1008 1011 1146 1043 eiusdem
1176 1011 1216 1043 fa-

482 1065 586 1098 bricae
611 1064 648 1096 ad
673 1075 726 1097 eos
751 1064 935 1105 devolvitur,
960 1065 1150 1098 voluntatem
1176 1070 1216 1097 te-

482 1123 634 1153 statorum
660 1122 689 1152 et
714 1118 958 1161 relinquentium
983 1118 1085 1161 legata
1109 1117 1214 1151 liuius-

482 1173 564 1206 modi
580 1172 617 1204 ad
635 1171 835 1205 commodum
851 1177 879 1204 et
895 1171 1081 1204 beneficium
1096 1182 1217 1204 eorum-

483 1227 552 1259 dem
578 1236 749 1270 pauperum
776 1225 945 1265 dumtaxat,
966 1229 1060 1268 prout
1076 1231 1218 1258 servatur

484 1281 514 1313 in
539 1280 606 1312 aliis
631 1280 739 1322 legatis
764 1280 865 1321 certis⁷
891 1285 1095 1322 exequantur.

529 1333 543 1376 ξ
566 1333 595 1365 4.
622 1334 729 1373 Porro,
743 1333 845 1376 quoad
871 1333 971 1375 legata
995 1344 1052 1376 pro
1070 1333 1128 1376 piis
1145 1343 1219 1376 ope-

485 1387 572 1419 ribus
597 1386 626 1418 in
652 1397 765 1429 genere
790 1386 882 1418 etiam
908 1386 945 1418 ad
969 1387 1145 1426 arbitrium,
1167 1396 1220 1419 no-

486 1440 709 1479 minationem,
735 1439 916 1472 electionem
943 1450 997 1472 seu
1029 1440 1214 1472 declaratio-

485 1504 555 1526 nem
574 1500 731 1526 certorum
749 1499 978 1536 cxequutorum
1007 1503 1061 1525 seu
1087 1493 1219 1526 aliorum

488 1547 702 1591 specificandis
727 1551 756 1580 et
785 1547 979 1579 declarandis
1004 1547 1122 1587 relicta,
1146 1547 1218 1579 nul-

486 1601 550 1633 lum
569 1601 725 1644 praesenti
750 1602 857 1633 nostra
880 1601 1102 1633 constitutione
1120 1600 1221 1633 eidem

486 1654 620 1686 fabricae
651 1654 876 1697 praeiudiciui'n
909 1654 1044 1696 inferre,
1082 1654 1223 1697 nihilque

487 1717 582 1750 super
613 1707 650 1739 iis
674 1707 711 1739 de
743 1717 822 1739 novo
851 1712 985 1739 statuere
1013 1707 1222 1746 intendimus;

487 1759 627 1803 quinimo
652 1760 755 1793 omnia
786 1765 816 1792 et
847 1760 969 1803 singula
1000 1760 1066 1793 eius
1097 1760 1166 1792 iura
1195 1765 1224 1792 et

488 1813 651 1857 privilegia
676 1824 732 1857 per
749 1813 895 1846 Summos
912 1814 1077 1846 Pontifices
1094 1814 1224 1857 praede-

490 1876 630 1899 cessores
654 1871 779 1899 nostros
804 1867 953 1899 hactenus
985 1867 1015 1899 in
1045 1867 1225 1910 praemissis

492 1929 639 1952 concessa
661 1929 909 1962 praeservanms,
927 1920 957 1952 in
975 1921 1097 1953 casibus
1121 1925 1225 1953 tamen

493 1973 523 2004 in
548 1972 659 2015 quibus
683 1978 909 2015 exequutores,
934 1984 988 2006 seu
1012 1974 1063 2006 alii
1096 1974 1224 2017 praefati

493 2024 608 2067 quibus
632 2025 783 2068 competit
806 2026 934 2057 facultas
959 2027 1065 2070 (quam
1091 2038 1148 2070 per
1172 2027 1226 2059 hu-

494 2077 627 2110 iusmodi
645 2078 808 2121 privilegia
828 2079 962 2112 fabricae
980 2081 1156 2114 nullatenus
1173 2081 1227 2113 im-

494 2130 594 2174 pediri
621 2131 787 2173 volumus),
802 2132 884 2163 illan]
909 2143 1055 2166 exercere
1072 2139 1101 2166 et
1118 2134 1154 2166 ad
1173 2145 1227 2167 no-

495 2184 708 2224 minationem,
734 2185 935 2226 electionem,
960 2196 1012 2218 seu
1037 2187 1224 2221 declaratio-

494 2248 564 2270 nem
590 2237 735 2270 devenire
759 2238 867 2277 nolint,
893 2239 938 2270 vel
962 2240 1046 2272 nulla
1070 2241 1149 2274 facta
1174 2242 1227 2274 de-

497 2291 665 2324 claratione
679 2290 878 2323 decesserint.

542 2343 556 2387 ἓ
580 2343 608 2376 5.
635 2344 720 2376 Ilanc
741 2354 814 2376 vero
834 2344 1096 2386 constitutionem,
1117 2352 1178 2379 tam
1200 2348 1229 2380 in

498 2396 620 2428 casibus
634 2395 745 2428 futuris
759 2401 788 2428 et
804 2396 952 2440 deinceps
969 2398 1229 2442 contingentibus,

498 2460 590 2493 quam
608 2450 638 2482 in
663 2450 877 2493 praesentibus
897 2455 927 2482 et
944 2452 1130 2494 praeteritis,
1146 2464 1231 2495 prae-

500 2508 641 2546 terquam
668 2503 697 2535 in
722 2503 766 2535 eis
790 2503 900 2546 legatis
941 2509 970 2536 et
1003 2505 1118 2538 relictis
1153 2516 1231 2548 quae

499 2555 648 2588 hactenus
672 2566 688 2588 a
713 2556 850 2599 praefata
873 2556 991 2589 fabrica
1010 2567 1064 2589 seu
1093 2557 1159 2590 eius
1180 2558 1232 2590 mi-
1265 2568 1353 2596 tatum
1369 2570 1445 2604 (m.)

500 2608 606 2642 nistris
619 2608 732 2652 agnita,
746 2614 902 2654 acceptata
919 2615 948 2643 et
962 2609 1159 2654 incorporata
1172 2611 1233 2645 fue-

1247 530 1277 562 in
1302 529 1339 562 iis
1364 540 1442 572 quae
1477 528 1696 573 praesentibus
1720 538 1783 561 non
1807 527 1978 561 adversan-

1245 589 1306 623 tur,
1327 583 1448 615 nullum
1474 592 1513 615 ne
1538 582 1702 614 minimum
1734 580 1859 624 quidem
1884 592 1979 626 prae-

1246 636 1394 669 iudicium
1420 646 1478 680 per
1501 640 1680 679 praesentes
1698 633 1836 667 illatum¹
1853 640 1906 667 aut
1922 634 1982 667 illis

1246 689 1432 732 derogatum
1459 698 1543 727 esse,
1569 698 1623 720 seu
1648 687 1802 730 intelligi,
1827 687 1910 730 dici,
1934 687 1982 720 vel

1247 742 1367 776 censeri
1393 752 1495 786 posse,
1521 741 1574 774 sed
1597 741 1666 774 illas
1683 746 1713 773 et
1732 740 1785 773 illa
1808 740 1840 773 in
1856 751 1913 774 suo
1933 751 1984 774 ro-

1247 796 1323 829 bore
1356 800 1386 827 et
1413 794 1561 827 firmitate
1595 804 1759 827 remanere
1785 793 1900 827 debere
1924 793 1981 827 de-

1248 848 1406 882 cernimus
1431 853 1461 880 et
1484 847 1591 880 itidem
1616 847 1821 880 declaramus.

1292 903 1307 946 §
1332 902 1360 935 6.
1386 902 1594 935 Decet-nentes
1617 901 1709 935 etiam
1734 905 1916 945 praesentes
1935 901 1985 934 lit-

1249 961 1330 989 teras
1355 960 1385 988 et
1409 955 1439 988 in
1464 955 1524 988 illis
1555 959 1699 988 contenta
1730 955 1816 987 nullo
1847 964 1985 998 unquam

1250 1014 1389 1053 tempore
1421 1008 1538 1052 (etiam
1563 1018 1599 1040 ex
1625 1018 1661 1040 eo
1687 1007 1771 1051 quod
1796 1017 1986 1040 oeconomus

1249 1067 1278 1095 et
1302 1062 1353 1094 alii
1378 1061 1526 1094 officiales
1550 1061 1708 1104 praefatae
1733 1059 1880 1099 fabricae,
1905 1065 1986 1093 cete-

1250 1115 1356 1159 rique³
1381 1116 1411 1147 in
1438 1115 1618 1159 praemissis
1646 1115 1795 1147 interesse
1816 1114 1986 1156 habentes,

1251 1180 1304 1202 seu
1329 1169 1445 1201 habere
1475 1168 1714 1212 quomodolibet
1739 1168 1987 1211 praetendentes,

1251 1223 1288 1255 ad
1315 1233 1350 1255 ea
1366 1222 1466 1255 vocati
1485 1227 1514 1254 et
1531 1221 1639 1261 auditi,
1657 1231 1840 1265 causaeque,
1858 1226 1988 1265 propter

1253 1286 1330 1319 quas
1355 1275 1482 1308 eaedem
1508 1281 1689 1319 praesentes
1714 1279 1908 1316 emanarunt,
1934 1274 1987 1307 ad-

1253 1329 1431 1368 di1ctae,vel
1445 1328 1644 1369 sufficienter,
1663 1333 1715 1360 aut
1728 1328 1819 1360 etiam
1835 1328 1989 1361 ullatenus

1255 1382 1437 1415 iustificatae
1461 1392 1522 1414 non
1550 1382 1685 1425 fuerint)
1707 1381 1744 1414 de
1765 1380 1989 1424 subreptionis,

1254 1436 1448 1479 obreptionis
1480 1446 1534 1467 seu
1562 1435 1713 1468 nullitatis
1746 1434 1842 1474 vitio,
1867 1439 1920 1466 aut
1943 1435 1989 1466 in-

1255 1489 1400 1521 tentionis
1434 1492 1560 1522 nostrae
1586 1488 1634 1520 vel
1666 1487 1776 1531 quovis
1801 1487 1861 1520 alio
1886 1497 1987 1531 quan-

1256 1542 1369 1574 tumvis
1394 1541 1587 1574 substantiali
1612 1541 1734 1573 defectu
1757 1540 1870 1581 notari,
1888 1541 1989 1574 velex

1256 1605 1456 1638 quocumque
1480 1594 1541 1626 alio
1565 1594 1666 1637 capite
1690 1593 1781 1626 etiam
1803 1593 1834 1625 in
1859 1603 1992 1637 corpore

1258 1648 1335 1680 iuris
1360 1649 1465 1681 clauso
1491 1647 1680 1691 impugnari,
1705 1646 1850 1688 rescindi,
1876 1647 1991 1680 invali-

1257 1701 1334 1743 dari,
1360 1701 1398 1734 ad
1422 1701 1574 1734 terminos
1596 1701 1672 1733 iuris
1689 1700 1808 1741 reduci,
1832 1700 1863 1732 in
1880 1700 1928 1733 ius
1945 1700 1992 1733 vel

1258 1754 1502 1788 controversiam
1526 1754 1648 1795 vocari,
1674 1765 1726 1787 seu
1751 1754 1900 1786 adversus
1924 1753 1993 1786 illas

1258 1807 1440 1851 aperitionis
1464 1807 1537 1848 oris,
1553 1807 1756 1840 restitutionis
1773 1806 1804 1838 in
1824 1806 1993 1849 integrum,

1260 1861 1304 1893 vel
1325 1860 1409 1893 aliud
1430 1860 1652 1904 quodcumque
1669 1859 1756 1901 iuris,
1777 1860 1848 1892 facti
1866 1860 1911 1892 vel
1928 1869 1997 1902 gra-

1259 1915 1317 1947 tiae
1335 1914 1510 1946 remedium
1531 1914 1704 1957 impetrari,
1720 1924 1775 1946 seu
1797 1913 1889 1946 etiam
1907 1917 1995 1946 motu

1260 1967 1353 2000 simili
1378 1977 1528 2000 concesso
1551 1967 1731 2010 quempiam
1750 1966 1780 1998 in
1808 1966 1923 1999 iudicio
1948 1966 1996 1999 vel

1260 2026 1346 2053 extra
1371 2019 1447 2052 illud
1471 2020 1514 2052 uti
1540 2029 1642 2063 posse,
1667 2020 1721 2052 sed
1745 2019 1870 2052 easdem
1899 2029 1997 2063 prae-

1261 2079 1362 2106 sentes
1379 2083 1504 2117 semper
1524 2072 1647 2113 firmas,
1671 2072 1788 2105 validas
1806 2077 1836 2105 et
1856 2072 1998 2106 efficaces

1261 2127 1394 2160 existere
1412 2130 1441 2160 et
1458 2126 1535 2167 fore,
1561 2136 1696 2169 suosque
1719 2125 1877 2169 plenarios
1901 2129 1931 2160 et
1954 2126 1999 2158 in-

1262 2186 1368 2223 tegros
1388 2179 1516 2212 effectus
1540 2179 1646 2212 sortiri
1667 2184 1697 2212 et
1721 2179 1873 2220 obtinere,
1897 2189 1999 2223 neque

1262 2234 1318 2266 sub
1341 2233 1489 2266 similium
1514 2233 1562 2265 vel
1586 2232 1785 2266 dissimilium
1809 2232 2000 2266 constitutio-

1262 2297 1337 2319 num
1363 2285 1636 2326 revocationibus,
1661 2285 1938 2329 suspensionibus,
1963 2285 2000 2318 li-

1264 2340 1487 2380 mitationibus‚
1500 2339 1768 2382 derogationibus,
1783 2345 1835 2372 aut
1848 2339 1916 2372 aliis
1930 2349 2001 2372 con-

1265 2394 1368 2426 trariis
1393 2393 1649 2438 dispositionibus
1674 2393 1915 2437 comprehendi,
1947 2393 2000 2426 sed

1265 2457 1389 2490 semper
1406 2447 1444 2479 ab
1464 2446 1525 2478 illis
1550 2450 1706 2490 exceptas,
1724 2451 1765 2488 et,
1790 2445 1912 2489 quoties
1930 2445 2000 2478 illae

1297 2525 1308 2551 1
1330 2525 1472 2561 perperam
1487 2525 1550 2553 edit.
1572 2525 1649 2552 Μαίη.
1666 2525 1732 2560 legit
1749 2525 1871 2552 illarum
1895 2532 1944 2560 pro
1960 2525 1999 2552 il-

1298 2621 1314 2647 2
1334 2620 1401 2649 Male
1421 2622 1485 2650 edit.
1507 2622 1586 2651 Main.
1608 2622 1673 2659 legit
1691 2622 1844 2658 ceterisque
1866 2621 1903 2658 (a.
1916 2621 1965 2658 r.)-

2023 914 2132 946 Clausulas
2146 919 2184 942 ap·

2001 945 2066 970 pouit.
