2185 3188
47 201 95 228 An.
113 201 140 227 C.
165 200 232 228 1655

93 581 108 602 Α
136 582 230 603 censuris

47 608 138 638 absolvit
153 611 173 630 οι
194 614 230 629 an-

47 637 100 656 unit.

829 199 844 221 Α
850 199 1014 222 [Exatx‘nssn
1039 198 1082 221 VII
1107 199 1155 221 Pr,

243 252 289 281 set
319 246 459 291 paritatis
491 250 659 290 votorum,
693 245 789 279 modo
822 250 852 280 et
884 246 987 279 forma

244 300 390 345 superius
415 300 570 344 expressis
595 303 783 334 servaretur.
803 300 906 340 Quare
930 309 986 333 no-

244 354 291 387 bis
322 354 403 387 idem
432 354 563 387 Ioannes
588 359 776 398 procurator
803 353 986 386 huiusmodi

244 408 407 440 humiliter
425 408 594 451 supplicari
613 407 694 449 fecit,
708 413 742 440 ut
758 408 788 440 in
806 406 987 451 praemissis

245 465 421 505 opportune
446 461 613 505 providere
637 461 675 494 de
699 460 891 504 benignitate
915 470 988 504 apo-

245 514 354 549 stolica
379 515 592 558 dignaremur.

289 568 303 611 ξ
327 567 356 601 3.
383 569 444 602 Nos
459 568 565 611 igitur,
586 568 730 601 cumdem
750 567 896 601 Ioannem
918 578 1005 612 pro-i

245 627 423 655 curatorem
445 621 631 666 specialibus
651 621 809 656 favoribus
830 628 859 655 et
879 621 987 665 gratiis
1005 640 1006 643 =

246 675 394 720 prosequi
416 676 564 717 volentes,
586 680 616 708 et
640 685 657 708 a
681 675 842 718 quibusvis
867 686 989 708 excom-

247 728 487 771 municationis,
513 728 729 772 suspensionis
754 732 784 762 et
808 728 987 770 interdicti,

247 783 378 826 aliisque
403 781 621 816 ecclesiasticis
651 782 823 823 sententiis,
849 782 989 815 censuris

247 842 277 870 ct
299 837 420 880 poenis,
445 847 462 869 a
486 836 555 869 iure
580 836 628 868 vel
653 835 691 868 ab
716 836 854 878 homine,
880 835 990 880 quavis

247 889 411 924 occasione
431 890 477 923 vel
504 891 598 923 causa
623 889 702 931 latis,
727 889 752 922 si
777 889 892 934 quibus
916 900 991 933 quo-

248 943 419 977 modolibet
444 943 610 976 innodatus
635 943 755 984 existit,
779 943 818 976 ad
843 943 1009 977 effectum*

248 997 460 1041 praesentium
479 997 639 1030 dumtaxat
656 997 923 1041 consequendum,
940 997 992 1030 lia-

249 1062 320 1084 rum
338 1051 418 1084 serie
434 1051 631 1084 absolventes
646 1049 653 1068 ¹
679 1056 708 1084 et
725 1051 903 1085 absolutum
924 1051 991 1085 sore

250 1110 421 1145 censentes,
443 1104 622 1138 huiusmodi
644 1104 928 1149 supplicationibus
950 1105 992 1137 in-

250 1158 372 1200 clinati,
392 1158 430 1192 de
455 1158 681 1192 venerabilium
706 1158 839 1191 fratrum
865 1163 990 1192 nostro-

251 1223 320 1246 rum
355 1217 478 1245 sanctae
510 1213 668 1246 Romanae
700 1211 857 1245 Ecclesiae
883 1212 990 1245 cardi-

250 1266 367 1299 nalium
392 1266 531 1310 negociis
556 1271 586 1299 et
610 1265 892 1299 consultationibus
920 1267 988 1310 epi-

252 1331 419 1364 scoporum
453 1325 482 1353 et
513 1320 707 1364 regularium
737 1319 989 1364 praepositorum

253 1374 400 1415 consilio,
424 1373 508 1418 quod
536 1373 574 1406 de
603 1378 707 1408 cetero
734 1374 764 1406 in
790 1373 912 1407 casibus
938 1384 992 1417 pa-

254 1426 353 1460 ritatis
378 1431 521 1459 votorum
552 1438 648 1471 supra
675 1427 848 1471 expressis,
874 1427 897 1460 si
923 1433 993 1470 post

256 1484 318 1512 tres
347 1479 519 1520 sessiones,
547 1480 579 1512 in
607 1490 740 1523 quarum
771 1480 901 1523 singulis
934 1480 993 1513 tria

256 1531 404 1565 scrutinia
430 1532 497 1564 fieri
523 1532 664 1575 debeant,
685 1538 718 1565 ut
737 1533 924 1576 praefertur,
946 1544 994 1566 re-

255 1585 369 1619 solutio
401 1585 550 1618 canonica
582 1596 645 1619 non
679 1586 891 1627 emanaverit,
921 1592 995 1620 tunc

256 1648 335 1671 unus
361 1649 397 1671 cx
423 1639 575 1672 ministris
601 1640 846 1683 provincialibus
871 1651 994 1673 succes-

255 1691 328 1733 sive,
344 1697 373 1725 et
397 1692 572 1726 alternatim
590 1704 647 1736 per
664 1699 802 1737 turnum,
824 1694 906 1728 iuxta
928 1704 995 1727 sua-

257 1756 325 1779 rum
357 1746 591 1789 provinciarum
625 1747 862 1791 antiquitatem,
888 1754 993 1781 votum

255 1806 285 1832 ct
309 1799 493 1842 suffragium
519 1800 635 1833 habere
664 1800 775 1832 debeat
800 1801 829 1833 in
855 1802 995 1844 praefato

255 1853 433 1886 definitor-io
461 1864 519 1897 pro
548 1854 600 1886 illa
630 1854 715 1895 vice,
746 1854 862 1898 absque
892 1860 993 1887 tamen

255 1906 319 1939 ulta
342 1907 561 1950 praerogativa
589 1912 641 1940 aut
664 1907 917 1942 denominatione
942 1908 995 1941 de-

255 1959 391 1994 finitoris
422 1961 598 2003 generalis,
626 1961 730 2004 idque,
757 1961 847 1995 toties
871 1962 995 2006 quotics

257 2022 346 2047 casus
371 2014 509 2047 evenerit
542 2014 659 2058 paritas
684 2020 828 2048 votorum
854 2026 909 2048 seu
934 2015 994 2048 sus-

256 2066 448 2110 sragiorum,
474 2067 568 2101 modo
593 2073 622 2101 et
646 2069 747 2102 forma
772 2069 917 2112 superius
942 2080 994 2102 ex-

256 2120 372 2164 pressis
396 2126 548 2163 servetur,
574 2122 754 2166 servarique
778 2123 898 2164 debeat,
924 2134 996 2168 apo-

256 2174 364 2207 stolica
388 2175 571 2208 auctoritate
587 2203 594 2216 ,
627 2181 734 2210 tenore
758 2177 993 2220 praesentium,

257 2228 430 2270 statuimus,
456 2229 649 2273 disponimus
674 2236 703 2263 et
727 2230 919 2263 ordinamus.

301 2281 316 2324 ἓ
347 2281 376 2313 4.
409 2282 586 2315 Mandantes
616 2289 785 2327 propterea
818 2284 847 2316 in
881 2284 995 2317 virtute

257 2339 380 2368 sanctae
405 2335 610 2379 obedientiae,
631 2348 666 2369 ac
691 2337 748 2370 sul)
772 2337 995 2381 indignationis

257 2393 393 2430 nostrae,
418 2389 548 2433 aliisque
573 2390 705 2424 arbitrio
730 2390 849 2424 nostri²
875 2391 994 2435 poenis,

258 2442 404 2475 omnibus
428 2447 458 2475 ct
482 2443 633 2486 singulis,
658 2444 696 2477 ad
721 2455 799 2488 quos
824 2449 942 2489 spectat
967 2450 996 2478 ct

258 2507 316 2541 pro
341 2503 481 2542 tempore
507 2498 673 2542 spectabit,
698 2504 731 2532 ut
755 2500 927 2544 praemissa
952 2500 996 2533 sic

295 2570 304 2595 1
325 2568 394 2596 Edit.
415 2569 494 2597 ltluin.
511 2569 576 2605 legit
590 2571 793 2599 absolvendum
807 2573 848 2608 (n.
864 2575 911 2605 T.).

292 2614 308 2640 2
329 2613 365 2641 De
385 2622 458 2642 more
479 2615 558 2643 solito
579 2615 721 2651 legendum
741 2619 837 2646 nostro
860 2618 894 2653 (a.
911 2619 958 2652 τ.).

1688 187 1729 219 67

1018 256 1074 290 per
1098 256 1154 278 nos
1180 248 1303 286 statuta,
1323 244 1474 289 disposita
1494 249 1524 277 et
1546 244 1688 278 ordinata
1709 244 1764 277 ob-

1019 304 1145 333 servent
1176 302 1206 333 et
1237 299 1275 332 ab
1308 298 1376 332 aliis
1407 298 1568 332 observari
1599 301 1710 332 curent
1734 302 1763 331 et

1021 352 1142 385 saciant.

1065 406 1080 450 ξ,
1097 405 1125 439 5.
1147 406 1359 439 Decernentes
1377 411 1558 450 praesentes
1575 406 1697 438 litteras
1717 415 1764 438 va-

1021 459 1108 502 lidas,
1126 460 1234 493 firmas
1259 465 1289 493 et
1312 460 1454 493 efficaces
1475 460 1608 492 existere
1632 464 1662 492 ct
1687 459 1763 502 sore,

1021 525 1157 558 suosque
1174 513 1333 558 plenarios
1350 519 1380 547 et
1397 514 1538 556 integros
1555 513 1684 546 etl'ectus
1702 523 1765 546 sor-

1022 568 1072 600 tiri
1099 573 1128 601 et
1152 568 1310 608 obtinere,
1336 567 1442 611 sicque
1467 577 1524 610 per
1549 576 1766 610 quoscumque

1023 621 1140 655 iudices
1157 622 1335 655 ordinarios
1353 626 1382 654 et
1399 621 1570 664 delegatos,
1588 620 1680 654 ctiam
1698 631 1767 653 cau-

1023 686 1128 709 sarum
1154 676 1260 720 palatii
1286 675 1450 720 apostolici
1477 674 1654 716 auditores,
1680 674 1764 707 iudi-

1024 729 1087 762 cari
1105 735 1135 762 et
1152 729 1276 762 definiri
1294 729 1419 770 debere,
1438 733 1468 762 et
1484 728 1608 761 irritum
1627 732 1657 760 et
1677 727 1767 760 inane

1024 784 1048 815 si
1070 794 1159 817 secus
1180 794 1274 828 super
1293 783 1341 816 his
1362 794 1379 816 a
1399 793 1569 827 quoquam,
1589 781 1698 825 quavis
1718 791 1769 813 au-

1024 836 1188 877 ctoritate,
1214 836 1347 870 scienter
1372 836 1418 868 vcl
1445 835 1644 879 ignoranter,
1671 833 1769 867 conti-

1024 890 1106 933 gerit
1129 890 1283 923 attentari.

1069 944 1084 988 g
1108 944 1136 978 6.
1163 944 1231 977 Non
1259 943 1457 978 obstantibus
1486 942 1658 987 praecitato
1684 941 1769 986 capi-

1025 997 1090 1030 tulo
1108 1007 1161 1031 XLI
1181 997 1282 1030 dictae
1307 997 1435 1040 regulae
1450 1024 1457 1038 ,
1479 1007 1514 1029 ac
1539 995 1770 1030 constitutioni-

1025 1050 1083 1083 bus
1107 1056 1138 1084 et
1161 1050 1414 1084 ordinationibus
1434 1049 1626 1094 apostolicis,
1647 1059 1770 1082 necnon

1025 1103 1149 1138 Ordinis
1174 1109 1204 1139 et
1228 1104 1483 1148 congregationis
1507 1103 1706 1143 huiusmodi,
1732 1113 1768 1136 e-

1025 1158 1098 1191 tiam
1121 1159 1308 1200 iuramento,
1326 1157 1567 1191 confirmatione
1587 1156 1770 1201 apostolica,

1026 1212 1072 1245 vel
1091 1212 1199 1257 quavis
1217 1212 1367 1246 firmitate
1384 1211 1445 1244 alia
1463 1211 1630 1252 roboratis,
1648 1209 1771 1244 statutis

1025 1272 1055 1299 et
1073 1266 1364 1307 consuetudinibus,
1382 1265 1557 1310 privilegiis
1575 1275 1711 1309 quoque,
1730 1265 1772 1297 in-

1025 1319 1120 1352 dultis
1137 1323 1166 1353 et
1182 1319 1294 1352 litteris
1311 1318 1492 1362 apostolicis
1518 1318 1549 1351 in
1577 1317 1770 1351 contrarium

1025 1374 1272 1418 praemissorum
1313 1372 1553 1418 quomodolibet
1592 1372 1750 1406 concessis
1764 1398 1772 1412 ,

1027 1428 1220 1462 confirmatis
1245 1433 1275 1461 et
1299 1428 1468 1469 innovatis;
1489 1427 1606 1472 quibus
1626 1427 1772 1461 omnibus

1027 1485 1056 1515 et
1080 1482 1221 1525 singulis,
1247 1481 1374 1515 illorum
1400 1487 1525 1514 tenores
1553 1481 1772 1526 praesentibus

1028 1546 1086 1579 pro
1112 1536 1203 1580 plene
1229 1539 1259 1569 et
1283 1535 1475 1568 sufficienter
1499 1534 1654 1579 expressis
1682 1545 1717 1568 ac
1734 1534 1772 1567 de

1029 1589 1124 1622 verbo
1148 1590 1186 1622 ad
1211 1589 1342 1622 verbum
1367 1589 1493 1622 insertis
1517 1589 1686 1629 habentes,
1711 1588 1773 1621 illis

1028 1643 1102 1676 alias
1127 1644 1158 1677 in
1176 1654 1233 1677 suo
1251 1643 1365 1676 robore
1382 1643 1610 1686 permansuris,
1627 1643 1686 1676 hac
1706 1642 1773 1675 vice

1029 1697 1192 1730 dumtaxat
1214 1696 1391 1741 specialiter
1414 1702 1444 1729 et
1470 1707 1615 1741 expresse
1640 1696 1774 1739 deroga-

1030 1761 1112 1791 mus;
1131 1751 1307 1794 ceterisque
1325 1750 1491 1783 contrariis
1509 1750 1771 1794 quibuscumque.

1074 1804 1184 1836 Datum
1197 1804 1325 1846 Romae,
1336 1803 1419 1846 apud
1431 1803 1459 1836 S.
1469 1803 1597 1835 Mariam
1611 1803 1772 1844 Maiorem,

1029 1857 1087 1889 sub
1111 1857 1226 1890 annulo
1251 1857 1439 1898 Piscatoris,
1465 1856 1515 1889 die
1541 1866 1609 1890 xxu
1635 1862 1773 1901 septeni-

1029 1910 1094 1944 bris
1111 1920 1226 1952 MDCLV,
1244 1910 1447 1955 pontificatus
1462 1911 1561 1944 nostri
1580 1921 1662 1944 anno
1675 1921 1694 1944 1.

1065 1972 1125 2000 Dat.
1142 1972 1185 2000 die
1199 1973 1233 2000 2⁴2
1248 1973 1410 2009 septembris
1428 1973 1506 2009 1655,
1523 1973 1619 2009 pontis.
1636 1981 1707 2002 anno
1723 1979 1740 2001 1.

1328 2117 1470 2151 XXXVII.

1030 2197 1240 2241 Confirmatio
1266 2199 1532 2243 Cortyregyatiotzis
1552 2199 1717 2232 Missiom's
1737 2200 1773 2233 in

1075 2251 1205 2293 Gallia,
1234 2263 1305 2286 omn
1332 2253 1570 2287 nonnullorum
1596 2253 1772 2287 dubiorum

1072 2306 1270 2340 resolutione
1280 2305 1299 2340 ¹.

1224 2387 1389 2415 Alexander
1408 2388 1488 2422 Papa
1507 2388 1575 2419 vn,

1171 2431 1208 2458 ad
1227 2431 1359 2459 futuram
1380 2432 1423 2460 rei
1447 2433 1629 2460 memoriam.

1074 2501 1115 2534 Ex
1139 2502 1306 2535 commissa
1327 2503 1417 2536 nobis
1438 2514 1455 2536 a
1475 2515 1625 2548 supremo
1646 2504 1772 2538 Pastore

1030 2554 1178 2588 dominici
1207 2555 1314 2599 gregis
1343 2557 1419 2589 curat
1443 2557 1481 2589 ad
1507 2568 1542 2590 ea
1567 2557 1702 2591 libenter
1726 2558 1772 2590 in-

1069 2619 1075 2643 t
1101 2618 1136 2645 Ex
1158 2618 1262 2654 Regest,
1287 2619 1311 2645 in
1333 2619 1433 2647 Secret.
1457 2620 1533 2648 Brev.

1781 195 1827 222 An.
1842 196 1860 221 <t
1897 195 1961 224 i÷=55

1838 419 1963 440 Praesenias

1779 446 1860 468 validas
1886 447 1964 471 >decla-

1780 476 1819 495 rat.

1858 955 1973 976 Contrariis

1785 983 1880 1007 derogat,

1816 2509 1956 2530 Prooemium.
