2243 3205
25 181 74 209 An.
92 179 122 206 C.
139 178 206 206 1659

51 930 135 952 Articuli
147 930 210 950 utriu-

0 959 7 970 '
29 963 69 985 que
79 957 209 978 concordati,

819 175 1007 203 ALEXANDER
1031 175 1075 200 VI]
1101 176 1149 201 PP.

221 232 308 267 nunt,
333 226 470 270 capitulo
493 232 602 260 nostro
626 227 721 260 animi
745 227 846 262 nostri
870 236 965 271 pene-

221 279 311 313 tralia
326 290 480 321 reserare,
494 283 523 313 'et
536 285 735 323 emergentes
750 280 861 314 exinde
875 290 964 324 prae-

221 333 382 366 iudiciales
408 343 481 366 sane
505 333 658 377 sequelas,
676 345 756 377 quae
775 344 838 367 non
865 333 963 366 levius

221 396 314 430 quam
340 397 399 430 pro
423 386 468 419 rei
494 386 645 429 gravitate
677 387 882 430 cogitationes
906 396 962 418 no-

221 444 302 472 stras
326 445 490 483 premunt,
515 439 670 483 prolixius
695 439 860 480 intimare,
889 438 962 471 insi-

224 493 353 537 mulque
373 492 482 526 eadem
508 494 605 537 opera
623 503 804 537 proponere
822 503 857 525 ea
873 502 964 536 quae,

222 556 281 590 pro
306 546 445 589 gratioso
473 551 668 590 paternoque
697 556 761 590 quo
786 547 816 578 in
841 556 894 578 eos
919 545 965 577 in-

224 599 379 632 clinamur
403 598 526 638 affectu,
545 598 577 631 in
597 599 697 632 vicem
722 598 815 632 huius
834 598 964 631 dominii

224 652 361 696 capitulo
387 652 506 696 (prout
538 652 678 685 inferiori
706 652 824 696 scripto
860 651 962 685 conti-

224 706 340 749 netur)
366 705 600 739 intenderamus
625 705 750 738 offerre.
783 706 858 739 Cum
892 715 966 738 vero

224 758 459 792 adhortationes
475 757 611 801 desuper
628 758 752 791 habitae
776 758 966 802 aequissimo

224 812 263 845 ab
290 812 350 844 illis
374 811 479 844 animo
503 811 675 852 admissae,
704 811 914 855 prudentique
938 816 968 844 ct

225 866 349 899 matura
374 865 600 898 deliberatione
620 864 792 908 exagitata¹
812 865 945 905 suerint,

268 919 331 952 Nos
355 928 451 962 super
476 917 586 950 iisdem
613 929 684 951 cum
720 918 811 951 dictis
835 928 965 962 praepo-

225 973 295 1013 sito,
312 972 431 1005 decano
448 972 576 1012 seniori,
594 976 624 1005 et
646 971 784 1016 capitulo
808 972 966 1014 universo,

225 1026 348 1070 alteque
367 1025 542 1059 memorata
559 1025 615 1058 sua
634 1025 793 1058 electorali
808 1024 921 1068 gratia,
935 1030 969 1058 ut

225 1080 372 1124 episcopo
397 1079 618 1123 Herbipolensi
640 1078 887 1112 clementissimo
912 1079 967 1112 do-

225 1134 310 1167 mino
334 1137 453 1174 nostro,
476 1132 663 1177 praehabito
686 1138 811 1166 maturo
837 1133 967 1166 consilio

225 1191 255 1220 et
271 1186 511 1228 deliberatione,
530 1197 600 1220 cum
621 1186 716 1230 plena
736 1196 848 1220 causae
865 1186 969 1229 cogni-

226 1239 320 1281 tione,
341 1240 372 1273 in
393 1240 456 1272 vim
479 1240 559 1283 legis
575 1239 658 1284 pacti
683 1244 713 1273 et
737 1239 842 1273 statuti
859 1250 968 1284 perpe-

226 1293 271 1327 tui
291 1293 530 1327 immutabiliter
562 1297 590 1327 et
615 1293 867 1327 irrevocabiliter
892 1303 966 1326 con-

226 1348 368 1381 venimus
400 1352 430 1382 et
461 1347 674 1381 conclusimus
699 1347 730 1380 in
755 1352 967 1391 perpetuum,

227 1401 267 1434 ab
287 1402 424 1445 utraque
449 1401 541 1434 etiarn
567 1406 666 1445 parte,
683 1406 717 1434 ut
737 1401 813 1434 illud
831 1401 873 1433 ita
897 1411 969 1434 con-

228 1460 353 1488 ventum
380 1460 410 1488 et
441 1455 624 1488 conclusum
658 1460 688 1488 et
719 1454 969 1488 irrevocabiliter

227 1514 422 1554 acceptatum
449 1509 655 1551 inconcusse,
687 1509 807 1549 solide,
836 1509 969 1541 firmiter

228 1568 258 1596 et
271 1563 406 1596 fideliter
422 1563 619 1604 observetur,
637 1563 668 1595 in
685 1563 786 1596 forma
801 1562 968 1595 iuramenti

228 1622 275 1650 est
292 1616 503 1661 promissum:

273 1681 291 1703 1.
310 1669 481 1713 Praecipue
498 1679 572 1702 vero
589 1675 619 1702 et
633 1669 738 1714 primo
754 1669 835 1710 loco,
852 1669 970 1702 dictum

229 1723 289 1756 iam
319 1723 493 1756 dominium
520 1722 690 1757 Grunsuelt
721 1733 792 1755 cum
826 1722 972 1755 omnibus

229 1777 294 1811 suis
306 1777 433 1810 annexis
447 1782 477 1810 et
494 1776 653 1817 connexis,
669 1776 768 1810 nihilo
785 1776 909 1820 penitus
923 1787 973 1809 ex-

229 1831 301 1864 inde
314 1831 447 1871 secluso,
461 1830 522 1863 iam
536 1841 619 1863 nunc
633 1836 663 1863 et
677 1830 838 1874 perpetuis
852 1840 973 1863 succes-

231 1885 304 1918 sivis
320 1884 530 1928 temporibus,
547 1884 648 1925 nobis,
666 1884 816 1917 ecclesiae
835 1889 972 1924 nostrae,

231 1948 438 1981 cameracque
450 1937 624 1970 redditibus
635 1937 875 1970 immutabiliter
884 1937 973 1970 cedet

231 1996 261 2025 et
274 1990 422 2024 manebit.
439 1991 501 2024 Nos
514 2001 599 2031 ver0‚
615 2002 812 2024 successores
830 1991 928 2024 nostri
944 1996 973 2024 et

231 2054 366 2085 camera,
376 2043 469 2077 liuius
483 2043 600 2086 vigore,
612 2044 649 2076 ad
663 2045 842 2086 augendum
854 2045 971 2077 cultum

232 2096 384 2136 (livinum,
403 2107 437 2129 ex
464 2096 660 2140 praescripto
685 2097 770 2130 modi
796 2101 826 2131 et
854 2098 973 2130 formae

232 2157 265 2184 ut
295 2150 462 2194 sequitur,
488 2150 623 2194 capitulo
656 2156 765 2184 nostro
798 2161 972 2194 eorumque

233 2193 468 2237 successoribus
501 2203 679 2236 tenebimur
703 2209 732 2237 et
758 2204 973 2246 obligabimur

233 2258 282 2290 die
300 2262 480 2290 sanctorum
499 2256 611 2290 Kiliani
629 2262 659 2290 et
675 2257 845 2297 sociorum,
859 2258 897 2289 ab
914 2257 973 2290 hoc

234 2311 302 2355 ipso
327 2320 420 2344 tttDCLt
446 2310 634 2354 incipiendo,
662 2311 830 2354 quotannis
855 2321 890 2343 cx
922 2321 974 2343 no-

233 2366 297 2397 stra
323 2369 352 2397 et
377 2364 527 2397 ecclesiae
555 2369 679 2397 nostrae
711 2365 858 2404 camera,
888 2364 973 2396 omni

234 2418 415 2452 difficultate
431 2417 543 2461 sopita,
561 2417 692 2458 extrudi,
713 2418 791 2450 solvi
816 2421 846 2451 ct
868 2428 974 2450 nume-

235 2473 297 2505 rari
334 2471 516 2505 curabimus
547 2471 610 2504 duo
643 2471 739 2504 millia
772 2476 802 2504 et
826 2471 974 2515 quadrin-

272 2590 281 2616 1
306 2588 417 2615 Videtur
437 2586 580 2624 legendum
599 2587 762 2623 caeaqitatae
782 2588 820 2620 (a.
837 2587 886 2622 L).

997 230 1108 269 gentos
1133 225 1312 270 imperiales
1336 226 1479 270 legitima
1504 226 1631 260 moneta
1654 227 1739 260 sran-

997 279 1115 322 conica,
1142 279 1339 323 imperialem
1364 280 1538 314 octodecim
1564 280 1739 314 batriorum

997 332 1099 376 pretio
1125 333 1347 376 computando,
1374 333 1495 378 absque
1520 334 1583 366 ulla
1609 333 1741 366 diminu-

998 386 1082 419 tione
1100 385 1147 418 vel
1174 386 1328 429 expensis,
1342 392 1434 430 atque
1452 387 1494 419 ita
1510 387 1642 430 singulis
1658 387 1741 420 dein-

998 448 1071 481 ceps
1096 438 1186 470 annis
1211 438 1435 479 continuando,
1452 439 1552 472 donec
1576 440 1668 472 nobis
1693 450 1741 472 oc-

998 492 1083 526 casio
1116 497 1306 535 suggeratur
1343 493 1417 524 tanti
1450 493 1565 526 valoris
1600 493 1741 526 redditus

999 545 1179 589 (accedente
1203 550 1308 577 tamen
1333 550 1452 583 nostro,
1471 546 1610 589 episcopi
1630 552 1659 579 et
1676 556 1742 579 suc-

999 609 1161 632 cessorum
1186 603 1369 631 nostrorum
1403 599 1578 641 consensu)
1604 599 1741 642 capitulo

1000 651 1186 689 coemendi,
1213 651 1306 694 idque
1331 651 1355 683 si
1380 651 1542 683 facultates
1566 652 1658 684 etiam
1686 662 1739 684 no-

1001 710 1083 738 strae
1100 705 1153 737 tali
1172 710 1315 748 tempore
1331 714 1475 736 camerae
1496 704 1662 745 adfuerint,
1679 705 1744 748 qui-

1001 759 1059 791 bus
1075 758 1127 790 illa
1144 768 1267 791 summa
1285 758 1315 790 in
1333 762 1417 790 sorte
1435 759 1491 789 sua
1508 757 1657 790 radicitus
1675 768 1744 801 sup-

1002 812 1177 855 primatur,
1204 811 1270 844 istis
1302 810 1566 854 conspirantibus,
1592 816 1622 844 et
1646 821 1681 843 ex
1707 821 1744 844 eo

1002 871 1162 910 tempore,
1185 876 1244 898 nec
1268 865 1424 904 anterius,
1451 875 1594 897 camerae
1618 870 1744 898 nostrae

1002 919 1160 962 integrum
1179 919 1248 959 erit,
1267 918 1479 951 intercedente
1499 918 1656 951 solutione
1681 928 1745 951 sor-

1002 973 1041 1005 tis
1066 972 1276 1015 quadraginta
1296 972 1430 1005 millium
1456 972 1678 1016 imperialium,
1697 973 1744 1005 vel

1001 1031 1073 1060 octo
1091 1031 1121 1059 et
1136 1026 1345 1070 quadraginta
1365 1026 1498 1059 millium
1517 1026 1674 1060 dictorum
1692 1027 1745 1060 sso-

1002 1091 1152 1114 renorum
1170 1080 1436 1121 franconicorum,
1451 1090 1572 1113 annuae
1586 1090 1654 1113 sese
1671 1080 1746 1114 duo-

1002 1144 1072 1166 rum
1098 1133 1232 1166 millium
1258 1139 1288 1166 et
1312 1133 1617 1177 quadringentorum
1644 1133 1741 1167 flore-

1002 1197 1115 1221 norum
1132 1187 1293 1231 pensionis
1318 1197 1415 1220 onere
1439 1186 1637 1227 exsolvendi;
1656 1197 1745 1230 prae-

1002 1241 1084 1276 dicta
1108 1252 1183 1275 vero
1200 1242 1312 1285 pensio
1332 1251 1387 1275 seu
1412 1242 1584 1285 praestatio
1608 1241 1746 1275 duorum

1003 1295 1135 1328 millium
1164 1295 1358 1329 florenorum
1377 1295 1595 1339 praesentibus
1619 1294 1747 1328 canoni-

1002 1349 1046 1381 cis
1071 1348 1309 1392 capitularibus,
1329 1348 1367 1382 iis
1391 1359 1507 1392 nempe
1534 1348 1588 1392 qui
1612 1348 1644 1381 in
1668 1348 1747 1382 sesto

1002 1402 1099 1435 sancti
1118 1402 1231 1435 Kiliani
1246 1402 1376 1446 eiusque
1390 1406 1517 1436 octavae
1530 1402 1568 1435 de
1580 1402 1662 1435 facto
1678 1412 1748 1446 sup-

1003 1455 1164 1499 plicationi
1181 1455 1324 1499 publicae
1338 1455 1550 1495 interfuerint,
1561 1460 1681 1488 tantum
1695 1455 1748 1488 ob-

1003 1508 1138 1549 venient,
1158 1508 1196 1541 ad
1217 1519 1360 1542 normam
1381 1508 1576 1551 elargitionis
1602 1507 1749 1552 pecunia-

1005 1562 1068 1595 riae
1082 1567 1112 1594 et
1125 1562 1315 1604 reddituum,
1334 1572 1414 1606 quae
1428 1561 1594 1595 cathedrae
1609 1561 1682 1594 dicti
1697 1562 1749 1594 Pe-

1004 1615 1044 1648 tri
1069 1615 1233 1650 festivitate
1258 1615 1501 1656 distribuuntur,
1526 1615 1747 1658 quadringenti

1005 1673 1108 1704 autem
1132 1669 1245 1703 ssoreni
1275 1669 1393 1703 residui
1418 1670 1577 1703 canonicis
1601 1669 1749 1703 domicel-

1006 1722 1124 1756 laribus
1143 1723 1196 1767 qui
1225 1723 1334 1766 vigore
1359 1727 1547 1758 statutorum
1568 1728 1749 1767 praesentes

1007 1777 1037 1809 in
1054 1776 1185 1810 ecclesia
1206 1777 1363 1810 adfuerint
1380 1777 1491 1810 cedant
1508 1777 1589 1811 inter
1604 1777 1675 1810 illos
1690 1787 1748 1821 pro

1006 1832 1074 1863 rata
1094 1830 1247 1874 temporis
1268 1830 1436 1864 dividendi.

1050 1894 1081 1917 11.
1105 1885 1168 1918 Nos
1192 1885 1401 1928 praepositus,
1419 1884 1555 1918 decanus
1579 1884 1695 1925 senior,
1719 1890 1749 1917 et

1007 1938 1177 1982 capitulum
1196 1948 1212 1971 e
1229 1943 1340 1971 contra
1356 1938 1404 1971 his
1422 1938 1498 1982 ipsis
1522 1942 1615 1982 atque
1636 1938 1748 1971 harum

1007 1992 1115 2035 vigore
1135 1991 1311 2024 litterarum
1334 1992 1561 2035 promittimuS,
1579 1991 1609 2024 in
1630 2001 1750 2034 nosque

1006 2044 1201 2088 recepimus¹
1220 2044 1350 2088 viginti²
1366 2045 1419 2077 illa
1443 2044 1644 2078 dominorum
1662 2044 1749 2084 festa,

1006 2108 1086 2141 quae
1110 2101 1235 2141 praeter
1260 2097 1419 2141 antiquam
1445 2102 1475 2130 et
1491 2097 1680 2130 laudabilem
1698 2097 1750 2130 ob-

1007 2150 1238 2191 servationem,
1263 2151 1410 2184 retroacti
1444 2150 1595 2194 temporis
1628 2150 1749 2193 iniqui-

1007 2209 1077 2245 tate,
1096 2204 1210 2236 abolita
1228 2215 1263 2236 ex
1285 2214 1343 2236 usu
1362 2210 1391 2236 et
1407 2204 1633 2238 consuetudine
1657 2204 1748 2247 plane

1007 2257 1162 2298 abierunt,
1183 2262 1216 2289 ut
1243 2257 1272 2289 in
1298 2261 1459 2291 contractu
1485 2257 1631 2300 originali
1653 2257 1748 2290 conti-

1007 2316 1099 2344 netur
1124 2311 1182 2343 rite
1208 2311 1348 2343 instituta
1365 2311 1546 2344 celebritate
1571 2310 1673 2344 denuo
1699 2321 1746 2343 re·

1008 2363 1163 2404 novanda,
1180 2374 1278 2408 eaque
1303 2364 1384 2397 inter
1410 2364 1517 2407 viginti
1543 2369 1679 2408 quatuor
1703 2375 1749 2398 ca-

1007 2417 1168 2462 pitulares,
1193 2422 1264 2450 octo
1289 2417 1440 2450 nimirum
1465 2416 1682 2461 presbyteros,
1703 2423 1749 2451 to-

1008 2471 1167 2515 tidemque
1203 2471 1352 2504 diaconos
1384 2476 1413 2504 ct
1448 2471 1659 2505 subdiaconos
1690 2471 1749 2504 hac

1047 2544 1054 2568 t
1078 2541 1190 2569 Videtur
1209 2541 1353 2576 legendum
1369 2550 1528 2576 rcctptmus
1542 2542 1579 2577 (a.
1597 2542 1646 2576 Τ.).

1043 2587 1060 2614 2
1074 2587 1113 2614 Ex
1123 2595 1200 2624 seqq.
1212 2586 1320 2622 legend.
1330 2587 1398 2614 foret
1410 2587 1515 2622 viginti
1526 2590 1651 2623 quatuor
1661 2588 1747 2623 (tt.r.).

1641 167 1706 202 455
1751 176 1801 203 An.
1823 175 1852 203 C.
1870 176 1936 204 ¹⁶59
