2243 3205
863 182 959 207 INDEX
985 181 1182 206 RUBRICARUM

253 235 355 268 XVIII.
384 234 502 269 Contra
527 234 710 278 superiores
733 235 995 279 congregationis

344 289 596 322 (Iadestinorum
622 288 750 321 Ordinis
773 290 873 322 sancti
899 291 996 323 Bene-

344 342 430 383 dicti,
456 342 522 386 qui,
546 343 668 375 favores
690 349 776 375 extra
796 353 888 375 suum
910 342 997 375 Ordi-

341 405 413 428 nem
437 396 647 436 attendentes,
672 395 788 434 officia,
813 395 996 439 dignitates,

341 459 377 481 ac
394 448 511 491 gratias
528 449 724 488 concedunt,
743 453 773 482 et
797 454 907 482 eontra
926 460 995 482 eos-

340 503 411 535 dem
438 503 612 535 monachos
638 501 740 534 dictos
767 501 891 534 favores
912 513 995 535 con-

340 555 513 600 quirentes,
539 554 593 588 30.

251 610 329 643 XIX.
358 609 483 643 Erectio
508 609 664 644 ecclesiae
694 609 886 643 cathon-atis
912 610 995 642 Lito-

341 663 529 697 mericensis
555 663 588 696 in
615 673 713 706 regno
733 663 916 702 Boliemiae,
938 663 991 695 31.

251 717 310 750 XX.
335 717 542 750 ConfirmatIO
577 716 694 750 decreti
733 716 993 759 congregationis

341 771 566 814 episcoporum
600 776 628 803 et
667 770 860 812 regularium
899 780 995 813 super

340 825 477 858 transitu
509 822 758 857 Mendicantium
787 824 824 856 ad
862 823 995 857 (111111111-

341 878 462 918 sianos,
489 877 542 911 34.

252 932 329 966 XXI.
353 932 587 966 Declarationes
620 931 737 965 decreti
771 937 900 965 sanctae
930 941 994 963 me-

341 985 462 1018 moriae
497 985 674 1018 Innocentii
706 987 810 1028 Papae
842 986 866 1017 X
899 994 995 1028 super

342 1039 540 1073 subiectione
583 1038 813 1072 nonnullorum
851 1049 994 1072 conven—

341 1092 670 1126 tuumiurisdictioni
697 1092 857 1126 Ordinarii
884 1093 957 1133 loci,
977 1103 994 1125 a

341 1148 431 1179 sacra
457 1146 704 1189 congregatione
729 1156 824 1190 super
844 1151 927 1179 statu
946 1156 995 1178 re-

339 1199 498 1243 gularium
524 1199 640 1239 editae,
666 1205 760 1244 atque
785 1211 802 1232 a
828 1199 881 1232 SS.
904 1199 937 1232 D.
959 1199 993 1233 N.

340 1252 547 1296 approbatae,
574 1252 627 1287 36.

250 1305 339 1340 XXII.
372 1306 513 1339 Absolvit
547 1306 723 1350 capitulum
757 1312 786 1340 et
824 1307 993 1340 canonicos

339 1360 373 1392 B.
394 1360 508 1393 Mariae
532 1359 571 1392 de
597 1360 691 1392 Pilari
721 1359 855 1394 civitatis
879 1360 994 1393 Caese-

341 1419 559 1457 raugnstanae
583 1424 600 1446 a
632 1413 777 1446 censuris
810 1419 840 1446 et
883 1414 993 1457 poenis

340 1467 381 1500 ob
406 1478 555 1500 recursus
576 1467 615 1499 ad
634 1467 757 1500 iudices
776 1467 874 1500 laicos
899 1469 993 1500 causa

341 1521 501 1564 pendente
533 1520 672 1554 indecisa
697 1521 727 1553 in
754 1531 861 1554 sacrae
895 1522 994 1555 Rotae

341 1575 503 1608 Romanae
539 1574 700 1608 auditorio
732 1585 827 1618 super
861 1575 994 1607 dirersis

336 1629 602 1671 praeeminentis&
619 1633 645 1660 el
660 1628 896 1671 praecedentiae
921 1639 992 1661 cum

338 1681 477 1724 capitulo
507 1687 537 1714 et
566 1681 730 1714 canonicis
762 1682 914 1715 ecclesiae
936 1681 990 1715 SS.

339 1733 513 1767 Salvatoris
538 1735 681 1768 eiusdem
707 1735 853 1775 civitatis,
879 1735 930 1768 38.

250 1785 354 1820 XXIII.
379 1787 555 1821 Committit
578 1788 717 1820 auditori
746 1789 844 1821 Rotae
879 1789 993 1822 Itoma-
1017 1769 1019 1781 Ι

340 1851 450 1873 manae
472 1841 583 1874 Bichio
601 1847 636 1874 ut
651 1841 792 1874 absolvat
815 1841 991 1884 capitulum

339 1900 370 1926 et
394 1894 569 1927 canonicos
607 1894 641 1927 B.

340 1946 476 1980 civitatis
492 1947 802 1991 Caesaraugustanae
815 1959 832 1981 a
849 1949 992 1981 censuris

340 2006 369 2033 et
395 2001 506 2044 poenis
530 2001 685 2041 incursis,
712 2001 753 2035 ob
778 2013 928 2035 recursus
953 2003 991 2036 ad
1017 2018 1019 2025 .

341 2054 464 2087 iudices
491 2055 589 2088 laicos
616 2056 648 2087 in
673 2058 766 2088 causa
792 2067 886 2101 super
905 2058 993 2090 anti-

339 2109 493 2151 quiss-imai
520 2109 768 2142 czitltedralilate
797 2121 868 2143 cum
897 2122 992 2144 cano-

338 2161 418 2195 nicis
436 2162 489 2195 SS.
514 2162 686 2195 Salvatoris
699 2162 839 2195 ciusdem
857 2164 992 2197 civitatis

340 2225 447 2248 coram
469 2215 538 2259 ipso
563 2216 702 2249 indecisa
730 2217 896 2260 pendente,
921 2218 974 2251 39.

250 2267 350 2301 XXIV.
378 2269 524 2302 Facultas
550 2271 670 2303 nuncio
696 2271 782 2314 regni
817 2272 989 2313 roloniae,

339 2328 375 2355 ut
400 2323 551 2355 concedat
577 2325 661 2357 clero
687 2324 764 2357 dieti
788 2325 876 2368 regni
895 2326 990 2358 liren-

341 2377 414 2408 tiam
430 2377 591 2410 tribuendi
609 2378 791 2411 subsidium
810 2379 874 2421 regi
896 2390 991 2423 spon-

340 2435 369 2462 te
394 2440 452 2473 pro
477 2431 569 2463 unica
596 2431 685 2472 vice,
720 2438 750 2465 et
775 2442 832 2475 pro
865 2434 990 2466 summa

337 2494 420 2526 quae
446 2483 504 2527 ipsi
526 2485 609 2518 clero
628 2485 790 2518 videbitur
810 2485 988 2527 dumtaxat,

338 2535 391 2569 39.

247 2589 332 2624 XXV.
360 2591 552 2633 Decretum,
579 2597 612 2627 ut
636 2592 739 2636 legata
764 2600 794 2628 et
826 2594 987 2638 elemosy-

677 1894 793 1927 Mariae
825 1895 863 1927 de
896 1895 991 1927 Pilari
1017 1927 1019 1932 ,

1680 174 1739 208 8021

1135 246 1206 272 nae,
1231 237 1262 269 in
1289 236 1432 280 partibus
1459 237 1645 272 Ilollandiae
1670 239 1785 272 facien-

1137 290 1187 326 da,
1215 289 1247 321 in
1268 290 1458 323 beneficiUm
1482 291 1645 324 missionis
1666 296 1696 323 et
1716 302 1790 334 pau-

1136 352 1247 385 perum
1274 343 1426 375 auxilium
1453 351 1624 387 erogentur
1649 345 1788 385 ibidem,

1137 401 1235 439 utque
1261 398 1449 431 missionarii
1478 399 1581 441 legata
1603 399 1789 433 huiusmodi

1135 459 1199 481 non
1224 457 1387 493 acceptent
1408 452 1527 494 absque
1546 451 1635 485 Sedis
1657 453 1789 495 Aposto-

1136 502 1215 535 licae
1239 503 1378 544 licentia,
1402 505 1453 537 lio.

1047 555 1145 588 XXVI.
1159 556 1366 591 Confirmatio
1385 558 1626 601 privilegiorum
1643 560 1787 593 omnium

1135 620 1360 643 concessorum
1399 617 1462 644 tam
1493 614 1670 654 guardiano
1706 615 1787 647 sacri

1134 663 1247 696 Montis
1267 664 1341 696 Sion
1361 676 1457 707 quam
1480 665 1642 707 tratribus
1664 677 1787 701 necnon

1135 716 1211 749 locis
1237 716 1353 750 Terrae
1370 717 1514 759 Sanctae,
1531 718 1585 751 42.

1046 768 1160 801 XXVII.
1196 768 1402 803 Confirmatio
1431 772 1668 806 constitutionis
1693 783 1788 816 super

1135 823 1257 856 ambitu
1277 824 1506 857 monachornm
1526 826 1787 870 Congregationis

1134 878 1322 911 reformatae
1348 878 1447 912 sancti
1474 879 1628 912 Bernardi
1658 881 1786 914 Ordinis

1134 929 1363 972 Cisterciensis,
1392 931 1444 970 43,

1036 978 1175 1016 XXVIII.
1219 984 1408 1018 Commissio
1448 986 1567 1019 nuncio
1608 987 1785 1028 Franciae,

1134 1043 1167 1071 ut
1198 1039 1429 1072 monasterium
1455 1040 1642 1073 monialium
1673 1041 1702 1074 S.
1732 1042 1788 1075 Me-

1134 1092 1248 1134 nulphi
1274 1092 1401 1125 Ordinis
1426 1094 1526 1126 sancti
1552 1094 1729 1135 Benedicti,
1752 1105 1787 1127 ac

1135 1152 1255 1189 septem
1279 1147 1441 1190 prioratus
1468 1148 1506 1180 ab
1531 1147 1585 1180 illo
1607 1148 1788 1192 dependen-

1135 1206 1200 1237 tes,
1230 1211 1310 1243 quae
1343 1201 1414 1233 Sedi
1444 1201 1647 1244 Apostolicae
1672 1203 1783 1235 subia-

1135 1258 1218 1292 cent,
1238 1264 1293 1296 per
1315 1264 1358 1293 se,
1381 1255 1426 1286 x‘el
1445 1255 1555 1295 alium,
1574 1265 1627 1288 seu
1650 1256 1728 1288 alios
1747 1256 1788 1289 vi-

1133 1306 1216 1347 sitet,
1244 1306 1296 1338 44.

1045 1359 1142 1392 XXIX.
1164 1360 1329 1393 Innovatio
1346 1360 1523 1393 litterarum
1550 1361 1726 1395 Innocentii
1751 1361 1785 1404 X,

1135 1413 1222 1457 quod
1238 1413 1515 1453 commendatarii,
1529 1416 1721 1448 monasteria
1738 1416 1790 1449 Or-

1100 1465 1102 1467 ’
1134 1466 1218 1499 dinis
1252 1467 1472 1500 Cisterciensis
1505 1468 1536 1500 in
1566 1469 1788 1502 commendam

1134 1519 1337 1561 obtinentes,
1376 1521 1496 1553 nullam
1531 1520 1563 1553 in
1597 1522 1790 1555 monasteria

1135 1574 1193 1606 sibi
1213 1575 1449 1614 commendata,
1470 1575 1577 1618 quoad
1597 1586 1708 1608 corum
1726 1587 1789 1608 mo-

1134 1627 1268 1667 nachos,
1281 1627 1534 1661 iurisdictionem
1546 1635 1724 1670 exerceant,
1736 1629 1788 1662 46.

1045 1680 1130 1712 XXX.
1159 1680 1324 1713 Concessio
1357 1681 1599 1724 privilegiorum
1626 1693 1683 1726 pro
1707 1693 1788 1716 nona

1134 1734 1232 1766 nullis
1252 1734 1317 1766 suis
1337 1734 1561 1775 familiaribus,
1587 1735 1641 1768 47.

1044 1787 1147 1819 XXXI.
1176 1787 1349 1820 Moderatio
1379 1789 1566 1821 facultatum
1596 1789 1788 1823 reverendae

1134 1840 1272 1874 fabricae
1297 1841 1448 1875 basilicae
1474 1842 1628 1886 Principis
1654 1843 1787 1885 Aposto-

1134 1894 1237 1927 lorum
1265 1894 1304 1926 de
1328 1895 1411 1929 Urbe
1437 1896 1518 1928 circa
1544 1896 1646 1938 legata
1667 1907 1788 1939 paupe-

1133 1948 1221 1981 ribus
1246 1949 1277 1981 in
1304 1960 1419 1992 genere
1444 1950 1536 1989 sacta,
1561 1948 1615 1982 fif».

1045 2001 1159 2033 XXXII.
1177 2001 1382 2034 Confirmatio
1398 2002 1518 2035 decreti
1540 2002 1715 2035 Innocentii
1734 2002 1787 2034 Pa-

1134 2065 1193 2097 pae
1218 2054 1241 2086 X
1276 2066 1372 2098 super
1398 2055 1670 2088 administratione
1695 2055 1786 2087 celle-

1134 2108 1288 2141 rari0rum
1308 2109 1562 2152 congregationis
1583 2108 1786 2148 CassinensiS,

1134 2162 1187 2195 50.

1044 2215 1172 2251 XXXIII.
1194 2216 1401 2250 Confirmatio
1416 2216 1632 2250 conclusionis
1654 2215 1783 2259 capituli

1132 2270 1280 2304 Barensis
1314 2281 1412 2314 super
1445 2270 1673 2313 aggregatione
1698 2276 1786 2302 orto-

1132 2325 1233 2357 ‹Iecim
1260 2326 1516 2369 presbytta'oruin
1550 2326 1588 2357 ad
1622 2323 1784 2356 servitium

1132 2377 1234 2411 dictae
1261 2379 1422 2413 ecclesiae,
1445 2378 1495 2409 (32.

1044 2430 1173 2463 XXXIV.
1192 2431 1444 2464 Communiratio
1459 2436 1488 2463 et
1504 2430 1670 2463 translatio
1686 2429 1786 2463 11111111-

1134 2486 1315 2529 gentiarum
1350 2485 1425 2517 alifis
1458 2495 1681 2518 concessarum
1708 2495 1784 2517 con-

1133 2539 1309 2583 gregationi
1329 2538 1464 2571 tlratorii
1479 2538 1603 2571 Domini
1622 2539 1721 2571 nostri
1742 2538 1784 2570 Ie-

1130 2605 1166 2627 su
1192 2592 1304 2626 Christi
1332 2592 1361 2625 in
1388 2602 1486 2636 regno
1502 2591 1663 2631 Franciae,
1684 2590 1735 2623 59.
