2243 3205
262 204 309 229 Αιι.
322 203 348 230 C.
373 203 438 230 ¹658

289 637 353 656 Totus
369 643 388 655 ιιι
409 636 445 656 [tri

262 666 281 683 et
297 664 382 689 proximi
396 663 445 683 ‹lizi-

261 690 322 710 ritate
335 690 444 715 flagrabat.

296 1328 316 1349 ln
339 1334 444 1355 paup-:ies

260 1355 365 1378 liberalis,
394 1360 443 1379 orna

260 1387 351 1407 sel'bhlssfl
361 1387 444 1408 parm?-

485 194 549 226 lion

459 260 588 283 suorum
616 248 816 282 familiarium
841 251 984 294 exemplo
1008 261 1047 284 nc
1072 251 1122 284 alii
1155 251 1197 283 in-

459 303 509 336 fici
533 306 660 346 possent
683 307 846 336 vereretur
882 304 1028 347 egregius
1052 304 1197 348 puritatis

459 361 589 397 amator,
610 366 710 399 neque
730 356 768 388 ad
788 356 899 390 horam
918 357 1015 390 ullum
1034 357 1198 401 impudici-

460 409 500 441 tia
525 408 681 442 foedatum
706 408 791 442 domi
817 420 891 443 suae
911 409 1096 450 detinuerit;
1121 410 1197 453 quin

460 466 488 494 ct
515 461 617 506 ipsum
654 461 759 494 fratris
790 461 912 503 silium,
936 463 1080 496 lasciviae
1106 463 1197 506 culpa

459 518 611 555 notatum,
626 514 720 548 domo
744 515 872 559 expulit,
898 521 927 549 et
950 516 1083 560 patriam
1101 525 1194 559 repc-

460 572 526 600 tere
546 567 612 600 sine
638 568 729 600 mora
754 569 865 611 coegit.

504 620 519 663 ἓ
545 619 596 653 19..
621 620 819 665 Quapropter
844 621 888 654 sic
913 621 944 654 in
969 621 1076 654 labore
1096 626 1126 654 et
1146 630 1197 653 ae-

460 673 582 706 rumnis
597 699 605 714 ,
630 673 661 706 in
686 674 801 717 vigiliis
825 679 855 707 et
879 674 1016 715 ieiuniis,
1041 683 1198 717 arguens,

459 725 638 766 obsecrans,
652 725 816 770 increpans
840 727 872 759 in
897 727 981 760 omni
1002 726 1152 770 patientia
1169 732 1199 759 et

459 778 624 820 doctrina,
649 779 796 812 omnibus
821 779 925 813 omnia
949 779 1047 812 factus
1079 783 1141 821 est,
1167 783 1200 811 ut

459 841 568 864 omnes
582 832 790 875 lucrifaceret,
809 838 838 865 et
857 833 936 865 alter
957 832 1050 865 veluti
1076 831 1198 873 Paulus,

459 884 581 918 divinus
606 885 781 919 intellectus
796 890 826 919 et
842 885 939 918 divini
956 884 1073 918 amoris
1089 894 1199 918 cereus

458 943 711 982 nuncuparetur,
729 939 871 983 adeoque
888 938 941 972 Dei
959 948 1065 971 amore
1086 937 1198 981 flagra-

459 990 521 1033 bat,
547 994 581 1025 ut
603 991 719 1035 passim
744 991 848 1024 dicere
866 992 990 1031 soleret,
1011 990 1068 1023 sibi
1085 1000 1198 1034 prope-

460 1043 589 1076 modum
617 1044 810 1077 tolerabilius
837 1044 934 1077 videri
970 1054 1002 1077 se
1031 1044 1062 1076 in
1098 1044 1195 1076 inser-

459 1106 533 1129 num
552 1096 677 1138 dimitti,
694 1108 787 1141 quam
813 1107 874 1130 non
895 1097 1027 1140 diligere
1043 1097 1151 1137 Deum,
1169 1100 1199 1129 et

459 1159 535 1193 prae
560 1150 685 1193 ignibus
709 1155 738 1183 et
763 1150 927 1184 tormentis
940 1150 1016 1183 illud
1037 1160 1133 1183 unum
1151 1160 1200 1182 ex-

459 1213 627 1247 pavescere
639 1204 734 1248 quod‚
751 1204 803 1248 qui
821 1204 1001 1238 cruciantur
1023 1205 1053 1237 in
1067 1205 1198 1245 inferno,

458 1259 556 1292 Deum
583 1259 726 1292 oderunt,

503 1315 518 1358 ἓ
547 1314 593 1348 13.
620 1315 656 1348 Et
680 1326 751 1349 ecce
775 1314 845 1348 data
870 1320 917 1348 est
936 1315 963 1348 ei
983 1326 1042 1359 pax
1064 1314 1197 1348 foederis

459 1368 594 1410 Domini,
607 1372 636 1403 et
652 1369 709 1402 fuit
727 1368 770 1401 illi
787 1373 913 1413 pactum
932 1368 1097 1401 sacerdotii
1117 1378 1198 1400 sem-

458 1420 602 1466 piterni‘‚
621 1422 694 1466 quia
711 1422 826 1455 zelatus
848 1427 891 1454 est
917 1432 975 1466 pro
998 1422 1062 1455 Deo
1087 1432 1144 1454 suo
1169 1424 1198 1455 et

458 1475 594 1519 expiavit
608 1476 709 1508 scelus
723 1474 876 1508 ΙίΙίιιΓιιιιιεἰ
889 1475 998 1515 Israel,
1013 1479 1042 1509 et
1055 1475 1128 1518 quia
1145 1475 1197 1508 mi-

458 1528 662 1561 sericordiam
688 1528 807 1569 habuit,
826 1528 961 1561 erudivit
980 1529 1068 1573 quasi
1092 1534 1197 1572 pastor

458 1592 588 1625 gregem
613 1592 714 1624 suum,
734 1582 856 1616 Christo
870 1581 1003 1615 Domino
1024 1581 1154 1615 dilectus
1169 1586 1198 1615 et

459 1635 679 1680 obtemperans
705 1635 789 1680 pavit
812 1646 929 1679 agnos,
954 1635 1101 1680 pavitque
1125 1646 1198 1669 oves

459 1688 564 1733 ipsius.
590 1689 675 1722 Adeo
700 1689 783 1722 enim
808 1689 867 1722 suit
888 1689 918 1722 in
943 1699 1097 1733 pauperes
1122 1689 1198 1722 libe-

459 1742 542 1785 ralis,
554 1748 582 1775 ct
595 1752 793 1786 parcuserga
810 1753 842 1775 se
860 1742 974 1786 ipsum,
993 1748 1034 1783 ut,
1051 1753 1114 1786 quo
1131 1753 1199 1786 egc-

458 1796 516 1837 nis,
538 1807 673 1840 quorum
697 1808 729 1829 se
746 1801 908 1840 parentem
924 1796 1063 1839 gerebat,
1081 1797 1199 1840 largius

460 1849 649 1890 subveniret,
675 1850 793 1882 laceras
817 1848 961 1882 indueret
987 1854 1097 1890 vesteS,
1123 1859 1200 1892 quas

459 1903 596 1948 propriis
611 1903 753 1936 manibus
768 1902 932 1945 sarciebat,
944 1902 1069 1935 unicum
1081 1903 1198 1946 pileum

459 1957 590 2000 proprio
616 1956 685 1990 usui
709 1956 793 1990 domi
816 1960 1000 1997 asservaret,
1018 1956 1198 1989 cubiculum

460 2011 571 2044 storeis
598 2011 741 2044 vestitum
767 2010 927 2050 incoleret,
951 2020 1047 2054 super
1064 2020 1201 2042 sarmen-

461 2064 499 2097 tis
525 2064 554 2096 in
580 2065 663 2097 terra
678 2064 862 2108 quiesceret,
880 2069 910 2096 et
929 2074 1021 2107 saepe
1045 2073 1201 2107 pauperes

462 2117 606 2150 convivas
627 2128 662 2150 cx
680 2117 789 2150 eadem
814 2116 919 2160 patina
949 2116 1053 2149 cibum
1075 2126 1200 2149 sumere

461 2170 674 2216 permitteret,
700 2171 765 2214 ipse
791 2180 864 2203 vero
882 2170 959 2203 adeo
976 2180 1069 2213 parce
1095 2179 1200 2202 come-

462 2224 568 2266 deret,
594 2229 626 2257 ut
651 2225 737 2258 senio
762 2229 792 2257 ct
816 2224 996 2257 infirmitate
1021 2224 1200 2265 confectus,

462 2277 556 2311 unico
585 2288 684 2323 coque
709 2277 832 2311 modico
857 2276 975 2310 ferculo
1002 2286 1140 2309 mensam
1159 2276 1202 2308 in-

463 2331 541 2364 strui
560 2330 750 2375 permiserit,
764 2335 794 2363 ct
813 2340 986 2363 oeconomo
1005 2339 1093 2363 secus
1114 2329 1202 2362 υιιιιιἼ

501 2430 509 2455 1
535 2430 564 2457 In
585 2430 692 2465 vulgata
712 2437 784 2455 num.
805 2435 869 2461 xxv,
888 2428 919 2454 13
939 2427 1038 2462 legitur
1051 2427 1201 2462 sempiter-

464 2483 534 2502 num
553 2477 591 2508 (n.
608 2477 656 2501 TA.

500 2522 515 2545 2
536 2519 691 2554 Legendum
707 2520 836 2554 fitiorum
848 2522 875 2545 ut
889 2527 964 2545 num.
982 2526 1042 2551 xxv,
1056 2517 1087 2545 13
1101 2519 1141 2552 (n.
1152 2518 1200 2551 T.).

501 2564 516 2590 3
536 2565 575 2590 An
599 2563 651 2598 legi
667 2563 764 2591 debeat
783 2572 849 2590 curn
873 2571 920 2598 pro
935 2571 1010 2592 cnm,
1034 2562 1137 2589 incerta
1160 2569 1203 2587 res

466 2612 506 2635 est
521 2608 555 2643 (a.
572 2608 619 2642 r.).

1040 203 1216 227 BULLAHIUM
1243 203 1395 227 ROMANUM

1230 250 1376 295 precibus
1386 250 1527 283 suadenti
1541 251 1664 295 saepius
1679 251 1884 295 responderit:
1901 252 1968 286 Ini-

1230 314 1332 347 quum
1347 313 1419 344 esse,
1430 307 1466 336 ut
1479 313 1588 336 servus
1599 304 1771 348 pinyuiori
1781 305 1858 347 cibo,
1869 316 1968 349 quam

1231 357 1357 390 domini
1380 358 1433 391 sui
1454 369 1630 402 pauperes,
1656 363 1848 391 vesceretur:
1874 359 1968 392 lintea

1231 421 1247 442 e
1272 410 1403 454 proprio
1428 411 1522 443 cubili
1539 411 1716 451 desumens,
1733 415 1762 445 et
1784 410 1913 444 indusiis
1937 421 1969 445 se

1231 463 1334 507 ipsum
1355 473 1480 505 exuens,
1498 474 1533 497 ea
1554 464 1747 508 pauperibus
1766 464 1970 507 largiebatur,

1232 521 1316 549 ratus
1338 526 1383 556 ea,
1401 527 1479 559 quac
1496 527 1670 561 pauperum
1688 522 1786 558 erant,
1800 517 1877 550 citra
1894 517 1971 550 iniu-

1232 569 1309 601 riam
1329 569 1388 602 illis
1407 569 1555 613 denegari
1581 580 1642 603 non
1667 580 1768 614 posse,
1786 570 1817 602 in
1841 580 1903 614 quo
1923 570 1970 603 sui

1232 621 1417 654 sanctissimi
1442 622 1641 665 patriarchae
1671 622 1835 665 Augustini
1862 622 1968 666 persc-

1232 679 1299 707 ctus
1334 674 1434 707 extitit
1466 675 1604 708 imitator
1638 680 1667 708 et
1692 675 1792 715 filius,
1817 674 1901 718 quod
1927 674 1970 707 nil

1233 737 1323 759 suum
1361 727 1555 770 aestimavit,
1581 728 1645 761 imo
1682 732 1782 761 totum
1817 727 1973 771 reputavit

1233 790 1400 813 commune
1417 790 1486 813 eum
1513 781 1663 813 fratribus
1673 791 1680 821 3
1706 780 1790 814 unde
1818 785 1848 814 et
1871 780 1972 814 sancti

1232 833 1375 877 Gregorii
1402 834 1503 877 Magni
1525 834 1655 877 vestigia
1680 839 1840 878 sequutus,
1862 834 1973 867 catalo-

1232 897 1305 929 gum
1319 897 1493 931 pauperum
1508 887 1649 920 omnium
1663 897 1757 931 penes
1767 896 1799 920 se
1807 886 1972 927 retinebat,

1232 944 1266 972 ut
1282 939 1413 983 singulis
1433 951 1491 984 pro
1516 945 1653 983 egestate
1677 940 1843 973 consulere
1857 945 1970 984 posset.

1233 993 1396 1025 Praeterea
1417 993 1529 1036 puellis
1554 993 1662 1036 egenis
1686 993 1790 1026 dotem
1815 1003 1874 1037 pro
1899 1003 1972 1027 con-

1232 1045 1349 1078 ditione
1373 1046 1598 1090 suppeditabat.
1617 1046 1756 1090 Curaque
1772 1045 1869 1079 Mauri
1886 1056 1972 1090 prae-

1232 1098 1294 1130 dati
1320 1104 1422 1131 essent
1445 1098 1595 1143 oppidum
1620 1098 1739 1133 Collera
1757 1108 1831 1131 suae
1855 1098 1973 1132 dioece-

1232 1151 1283 1193 sis,
1298 1156 1327 1184 et
1340 1151 1494 1195 plurimos
1510 1152 1627 1185 incolas
1645 1151 1783 1196 captivos
1800 1151 1972 1192 duxissent,

1232 1205 1390 1247 ingentem
1423 1215 1592 1238 aureorum
1627 1205 1687 1238 vim
1713 1205 1743 1237 in
1769 1205 1830 1237 illis
1857 1215 1874 1237 e
1898 1204 1972 1248 iugo

1232 1259 1390 1292 servitutis
1416 1259 1608 1292 redimendis
1627 1259 1799 1292 liberaliter
1822 1258 1970 1302 profudit.

1231 1313 1370 1357 Cumque
1402 1313 1594 1357 experientia
1626 1312 1783 1346 didicisset
1817 1321 1972 1355 pauperes

1231 1366 1361 1399 seminas
1379 1371 1524 1399 natorum
1556 1366 1586 1399 in
1609 1366 1736 1409 publica
1754 1365 1802 1398 via
1819 1365 1972 1409 proiecto-

1231 1430 1301 1452 rum
1324 1419 1416 1452 vitam
1435 1420 1607 1463 negligere,
1628 1419 1666 1451 ad
1679 1429 1711 1452 se
1729 1429 1845 1463 pueros
1865 1418 1970 1452 afferri

1231 1473 1352 1505 curavit
1372 1477 1402 1506 et
1421 1473 1572 1516 grandem
1592 1473 1742 1516 pecuniae
1763 1482 1919 1505 summam
1940 1472 1971 1505 in

1232 1525 1268 1559 iis
1291 1526 1409 1559 alendis
1434 1525 1593 1570 impendit.

1276 1580 1290 1623 ἓ
1315 1579 1366 1612 14.
1391 1579 1463 1613 Tria
1488 1580 1586 1613 erexit
1611 1579 1761 1622 collegia,
1786 1588 1866 1622 quae
1896 1579 1967 1623 pin-

1232 1633 1344 1676 guibus
1369 1633 1485 1668 dotavit
1508 1633 1727 1678 proventibus:
1754 1633 1891 1677 primum
1918 1633 1971 1666 Va-

1232 1687 1354 1730 lentiae,
1379 1688 1511 1721 alterum
1536 1687 1709 1731 Compluti,
1735 1686 1860 1719 tertium
1885 1685 1971 1720 Orio-

1233 1741 1294 1779 lae;
1321 1751 1337 1773 c
1361 1740 1474 1784 quibus
1492 1740 1549 1773 viri
1569 1745 1632 1773 tum
1653 1739 1809 1784 probitate
1826 1744 1890 1772 tum
1916 1739 1969 1773 do·

1233 1794 1331 1828 ctrina
1348 1797 1541 1838 praestantes
1558 1793 1686 1837 plurimi
1704 1793 1860 1837 prodiere.

1277 1847 1292 1891 ξ
1308 1844 1359 1880 15.
1377 1847 1534 1890 Insignem
1553 1847 1632 1879 lianc
1652 1846 1708 1879 viri
1730 1845 1902 1879 secundum
1918 1857 1972 1879 cor

1233 1911 1324 1933 suum
1350 1900 1495 1944 pietatem
1515 1900 1565 1932 illc
1591 1899 1672 1932 idem
1691 1899 1849 1943 piissimus
1870 1899 1972 1932 Domi-

1233 1965 1312 1995 nus,
1338 1954 1391 1997 qui
1417 1958 1446 1986 et
1470 1953 1542 1987 facit
1567 1953 1723 1986 mirabilia
1749 1962 1862 1995 magna
1885 1953 1972 1986 solus

1234 2014 1264 2040 et
1288 2013 1334 2040 est
1358 2007 1511 2039 mirabilis
1537 2007 1567 2039 in
1593 2006 1706 2040 sanctis
1731 2006 1804 2046 suis,
1829 2005 1970 2048 singula-

1235 2061 1320 2094 ribus
1353 2061 1540 2094 testimoniis
1571 2061 1693 2093 divinae
1718 2070 1791 2093 suae
1817 2059 1972 2100 dexterae,

1234 2118 1358 2159 praeter
1375 2121 1557 2148 consuetum
1579 2124 1743 2147 causarum
1765 2112 1971 2147 secundarum

1234 2168 1376 2201 ordinem
1391 2167 1560 2211 operantis,
1574 2166 1821 2210 acceptissimam
1832 2165 1889 2198 sibi
1905 2176 1972 2199 esse

1235 2221 1440 2255 confirmavit.
1458 2219 1503 2253 Ad
1529 2219 1749 2252 sublevandam
1776 2218 1858 2251 enim
1885 2219 1973 2251 mise-

1236 2275 1342 2307 rabilis
1366 2273 1498 2306 feminae
1526 2272 1675 2305 familiam
1711 2272 1827 2304 sactum
1853 2277 1916 2312 est,
1942 2276 1974 2304 ut

1235 2328 1400 2363 subcustos
1417 2327 1565 2360 frumenti
1583 2326 1858 2370 archiepiscopalis
1878 2326 1916 2358 ab
1935 2336 1973 2359 eo

1236 2383 1411 2415 mitteretur
1436 2381 1473 2413 ad
1498 2380 1662 2420 horreum,
1679 2379 1763 2423 quod
1788 2378 1883 2423 paulo
1902 2384 1973 2411 ante

1236 2446 1367 2468 vacuui‘u
1393 2434 1517 2478 penitus
1534 2433 1714 2478 reliquerat,
1732 2443 1794 2476 quo
1814 2443 1884 2466 cum
1902 2442 1972 2476 per-

1236 2488 1380 2527 venisset,
1405 2498 1421 2520 e
1446 2487 1557 2520 ianuae
1574 2486 1662 2519 rimis
1678 2496 1775 2529 grana
1792 2485 1968 2519 exuberan-

1237 2541 1277 2574 tia
1299 2552 1369 2574 cum
1388 2541 1621 2574 suboeconomo
1640 2544 1669 2572 et
1686 2539 1755 2571 aliis
1773 2537 1970 2581 conspicatus

1236 2600 1291 2637 est,
1307 2600 1337 2627 ct
1350 2594 1423 2627 dum
1438 2594 1560 2627 ianuam
1576 2593 1698 2637 aperire
1711 2592 1843 2633 student,
1858 2591 1969 2634 magna

1988 205 2036 231 An.
2050 204 2076 230 C.
2100 205 2163 234 ¹658

2027 1589 2077 1608 't‘ria
2104 1588 2165 1608 erexit

1987 1615 2084 1640 collegia.

2015 1854 2069 1874 Deus
2080 1855 2166 1882 {rituum

1988 1880 2132 1906 multiplicavit
2147 1885 2166 1900 m

1988 1908 2072 1928 horren.
