2243 3205
17 181 66 210 An.
81 179 110 209 G.
131 177 200 207 1659

49 1575 127 1597 Mouva
141 1574 204 1596 buius

25 1601 187 1624 constitutionis.

805 176 992 202 ALEXANDER
1016 177 1063 200 vn
1085 177 1133 200 PP.

210 226 332 261 statutis
345 231 375 259 et
388 225 678 267 consuetudinibus,
691 226 865 270 privilegiis
878 236 952 270 quo-

210 291 281 325 que,
299 280 428 314 indultis
445 287 475 315 et
501 281 615 314 litteris
634 280 815 325 apostolicis
833 279 863 312 in
880 289 952 313 con-

211 334 344 368 trarium
364 334 613 378 praemissorum
631 333 869 378 quomodolibet
882 343 952 366 con-

212 387 328 428 cessis,
349 387 543 421 confirmatis
575 392 605 420 et
629 387 806 427 innox·atis;
839 386 952 430 quibus

212 441 361 475 omnibus
378 446 408 475 et
424 442 567 485 singulis,
582 441 709 475 illorum
722 446 848 474 tenores
864 449 953 483 prae-

212 495 352 528 sentibus
376 506 435 539 pro
460 495 552 539 plene
569 500 599 528 et
615 494 806 528 sufficienter
827 504 954 538 expres-

213 548 254 582 sis
279 559 314 582 ac
334 548 373 582 ad
393 549 523 582 verbum
550 548 675 581 insertis
706 548 868 588 habentes,
894 546 954 579 illis

213 602 288 635 alias
306 602 336 635 in
354 613 411 636 suo
431 603 547 636 robore
563 601 794 646 permansuris,
809 601 848 634 ad
868 611 956 645 prae-

213 655 384 689 missorum
417 655 574 696 effectum,
602 655 662 689 hac
685 655 753 688 vice
784 655 955 697 dumtaxat,

213 709 392 753 specialiter
404 714 434 742 et
447 719 595 753 expresse
612 709 813 752 derogamus;
831 709 956 742 ceteris-

213 774 275 808 que
299 763 466 798 contrariis
490 763 755 808 quibuscumque.

257 817 370 850 Datum
395 818 534 858 Romae,
558 817 642 861 apud
666 817 695 850 S.
711 817 838 850 Mariam
862 816 957 849 Maio-

214 881 291 910 rem,
302 871 360 904 sub
375 871 491 904 annulo
505 871 682 911 Piscator-is,
696 870 746 904 die
763 880 841 903 xvm
853 870 957 903 martii

213 933 340 965 uncmx,
356 923 558 968 pontificatus
575 923 675 957 nostri
688 933 770 956 anno
785 933 827 956 lv.

250 985 308 1012 Dat.
329 986 373 1013 die
395 986 426 1013 18
446 986 535 1013 martii
555 986 630 1018 1659,
654 986 751 1021 pontif.
767 993 838 1012 anno
853 991 889 1012 lv.

488 1103 690 1137 CCXXXVIII.

219 1175 310 1216 Quod
333 1175 464 1209 alumni
480 1180 509 1208 et
531 1175 724 1208 convictores
748 1174 958 1217 colleyz'orum

260 1229 298 1262 de
320 1229 494 1263 Somascha
516 1229 643 1273 possint
668 1228 705 1261 in
729 1238 841 1260 eorum
858 1232 959 1261 orato-

260 1283 322 1315 riis
346 1282 491 1325 confiteri
528 1285 595 1314 tam
630 1280 823 1324 presbyteris
855 1280 960 1313 dictae

263 1335 529 1379 Congreyationis
560 1345 659 1379 quam
684 1334 762 1367 aliis
787 1333 824 1367 ab
857 1333 954 1367 Ordi-

262 1388 358 1421 nario
382 1387 577 1432 approbatis.

412 1458 581 1487 Alexander
599 1459 678 1493 Papa
698 1459 765 1491 vn,

361 1504 398 1532 ad
417 1504 551 1531 futuram
569 1504 613 1531 rei
633 1503 816 1531 memoriam.

276 1566 378 1607 Alias,
403 1571 569 1610 postquam
603 1565 701 1599 felicis
732 1565 961 1598 recordationis

220 1620 333 1653 Paulus
351 1620 435 1664 Papa
454 1620 478 1653 V
503 1620 729 1664 praedecessor
745 1624 862 1661 noster,
881 1619 962 1652 inter

219 1674 279 1707 alia
303 1673 479 1718 privilegia,
500 1673 744 1717 Congregationi
771 1673 960 1706 clericorum

219 1727 416 1770 regularium
441 1727 480 1760 de
505 1727 675 1761 Somascha
699 1727 775 1759 alias
804 1727 833 1760 S.
859 1726 961 1759 Maioli

220 1780 382 1825 Papiensis
414 1784 669 1825 nuncupatorum
703 1786 900 1813 concesserat
931 1786 964 1812 ut

221 1834 336 1877 singuli
361 1834 537 1879 presbyteri
560 1834 693 1878 professi
712 1834 813 1867 dictae
830 1834 963 1877 Congre-

221 1888 358 1931 gationis
383 1888 530 1922 omnibus
554 1893 583 1922 et
612 1888 867 1932 quibuscumque
890 1898 962 1932 per-

222 1940 308 1974 sonis
341 1941 527 1984 degentibus
562 1946 593 1973 et
624 1941 895 1974 commorantibus
932 1941 963 1973 in

222 1994 517 2039 orphanotrophiis,
542 1994 731 2035 seminariis,
748 1995 916 2028 academiis
934 2000 964 2027 et

223 2047 440 2080 convictorum
461 2047 613 2090 collegiis,
631 2047 688 2080 sub
707 2049 793 2088 cura,
809 2047 964 2091 regimine

222 2106 253 2134 et
277 2100 548 2134 administratione
579 2101 681 2135 dictae
705 2101 964 2144 Congregationis

222 2154 450 2197 existentibus,
476 2160 635 2188 extremae
659 2155 817 2188 unctionis
841 2164 965 2187 necnon

223 2207 317 2240 etiam
332 2213 477 2252 tempore
491 2207 648 2241 Pascliatis
667 2212 697 2240 et
714 2207 965 2240 Resurrectionis
981 2222 983 2235 a

221 2260 405 2295 Dominicae
427 2261 594 2294 festivitate
611 2261 827 2295 sanctissimae
846 2261 966 2293 Eucha-

221 2313 329 2347 ristiae
356 2319 552 2348 sacramenta
576 2314 697 2358 absque
724 2314 830 2357 aliquo
861 2323 984 2347 censu-x

222 2377 331 2401 rarum
356 2367 486 2402 incursu
511 2367 693 2400 ministrare
718 2372 865 2411 possent,

268 2422 283 2465 ἐ
300 2421 328 2454 1.
348 2421 473 2455 Urbano
489 2422 571 2465 Papa
585 2421 649 2454 Vlll
663 2419 898 2464 praedecessori
917 2430 968 2463 pa-

223 2475 301 2508 riter
318 2480 428 2509 nostro
441 2485 500 2519 pro
518 2479 607 2519 parte
626 2480 700 2507 tunc
721 2473 882 2507 existentis
899 2483 968 2517 pro-

225 2529 379 2563 curatoris
393 2528 548 2572 generalis
560 2527 738 2572 praedictae
748 2527 968 2571 Congregatio-

224 2583 272 2618 nis
298 2583 458 2627 exposito,
483 2581 568 2626 quod
591 2592 609 2616 a
640 2580 799 2616 nonnullis
823 2572 987 2622 locorum!

986 224 1159 258 Ordinariis
1195 231 1400 259 revocaretur
1435 226 1466 259 in
1507 226 1663 266 dubium,
1691 236 1729 258 an

984 289 1041 322 per
1055 278 1267 322 supradictam
1281 280 1517 313 concessionem
1535 279 1728 324 presbyteris

985 332 1153 376 praedictis
1178 333 1329 376 implicite
1355 334 1447 367 etiam
1473 344 1622 367 concessa
1647 338 1730 366 esset

985 386 1111 419 licentia
1135 386 1257 429 privata
1282 388 1420 421 oratoria
1451 388 1483 420 in
1515 388 1728 432 orphanotro-

988 439 1090 483 phiis⁷
1117 439 1304 480 seminariis,
1329 440 1497 473 academiis
1522 446 1552 473 et
1576 441 1732 474 convicto-

990 504 1061 526 rum
1076 493 1217 536 collegiis
1231 493 1424 535 huiusmodi,
1435 495 1621 538 pracsertim
1631 494 1732 528 dictae

991 547 1250 590 Congregationis
1273 557 1337 580 non
1362 548 1511 591 propriis,
1536 548 1682 588 habendi,
1701 549 1732 580 in

991 600 1098 645 eisque
1122 605 1357 634 sacrosanctum
1391 602 1504 634 missae
1541 602 1732 634 sacrificium

990 653 1082 687 etiam
1109 659 1195 687 extra
1219 659 1343 698 tempus
1363 655 1520 698 paschatis
1541 655 1732 687 celebrandi:

991 708 1073 740 idem
1095 707 1239 741 Urbanus
1264 707 1501 751 praedecessor,
1527 708 1732 751 supplicatio-

990 762 1082 796 nibus
1097 762 1169 795 dicti
1188 761 1406 806 procuratoris
1431 762 1586 804 generalis
1608 762 1735 794 nomine

991 816 1050 848 sibi
1076 826 1172 859 super
1197 816 1257 849 hoc
1282 815 1445 848 humiliter
1469 815 1624 859 porrectis
1650 815 1735 848 incli-

991 875 1092 911 natus,
1119 870 1218 903 eidem
1241 869 1484 913 Congregationi
1510 869 1594 913 quod
1620 869 1686 913 ipsa
1704 869 1735 901 in

992 923 1284 967 orphanotrophiis,
1310 923 1497 965 seminariis,
1521 922 1689 955 academiis
1707 928 1736 955 et

992 976 1207 1010 convictorum
1241 976 1382 1019 collegiis
1414 976 1617 1013 huiusmodi,
1643 976 1734 1008 etiam

992 1040 1055 1064 non
1079 1030 1219 1075 propriis
1248 1030 1349 1064 dictae
1373 1030 1654 1073 Congregationis,
1679 1030 1736 1063 sub

992 1085 1059 1118 eius
1084 1090 1188 1118 tamen
1205 1087 1291 1127 cura,
1310 1084 1466 1128 regimine
1488 1089 1517 1117 et
1542 1083 1737 1116 administra-

993 1139 1078 1172 tione
1094 1138 1311 1180 existentibus,
1326 1139 1464 1172 oratoria
1475 1138 1595 1182 privata
1609 1138 1736 1177 habere,

994 1192 1154 1235 ipsiusque
1174 1191 1433 1235 Congregationis
1457 1191 1634 1235 presbyteri
1668 1201 1738 1234 pro-

994 1245 1064 1278 fessi
1077 1245 1108 1277 in
1119 1245 1163 1278 eis
1178 1249 1411 1278 sacrosanctum
1426 1245 1538 1277 missae
1548 1244 1737 1276 sacrificium

994 1298 1024 1330 in
1053 1309 1262 1342 personarum
1288 1298 1319 1330 in
1348 1298 1438 1331 dictis
1471 1297 1738 1341 orphanotropiis,

994 1351 1182 1392 seminariis,
1201 1351 1369 1385 academiis
1387 1356 1417 1384 et
1442 1351 1659 1384 convictorum
1679 1350 1739 1383 col-

994 1405 1084 1448 legiis
1109 1405 1291 1449 degentium
1309 1411 1339 1439 et
1359 1405 1625 1438 commorantium
1652 1415 1740 1447 prae-

995 1459 1117 1500 sentia,
1154 1465 1217 1493 tam
1260 1460 1340 1494 intra
1375 1470 1469 1503 quam
1495 1465 1581 1492 extra
1615 1464 1740 1502 tempus

996 1513 1154 1546 Paschatis
1173 1519 1202 1546 et
1223 1513 1475 1546 Resurrectionis
1497 1512 1677 1546 Dominicac
1702 1512 1741 1544 se·

995 1567 1161 1600 stivitates'
1187 1567 1379 1607 huiusmodi,
1405 1567 1565 1600 celebrare
1588 1567 1686 1599 libere
1711 1570 1741 1600 ct

995 1619 1079 1653 licite
1103 1625 1231 1663 possent
1255 1625 1285 1653 et
1310 1621 1460 1660 valerent,
1486 1620 1664 1660 declaravit,
1690 1630 1737 1659 ac,

996 1679 1148 1717 quatenus
1166 1684 1246 1717 opus
1264 1680 1355 1715 esset,
1374 1673 1417 1706 eis
1432 1673 1470 1705 de
1488 1683 1569 1706 novo
1587 1673 1742 1705 concessit

997 1733 1026 1761 et
1047 1727 1185 1766 indulsit,
1211 1733 1306 1771 prout
1330 1727 1360 1759 in
1386 1728 1484 1771 ipsius
1510 1727 1627 1760 Urbani
1654 1737 1741 1770 prae-

997 1781 1171 1814 decessoris
1189 1781 1300 1814 litteris
1321 1781 1458 1824 desuper
1478 1781 1509 1812 in
1528 1781 1621 1813 simili
1640 1781 1741 1813 forma

997 1834 1103 1867 Brevis
1117 1845 1183 1868 xx11
1206 1834 1385 1867 decembris
1402 1844 1557 1867 rmexxxu
1576 1834 1740 1877 expeditis,

997 1898 1132 1932 quarum
1160 1893 1301 1921 tenorem
1320 1887 1542 1931 praesentibus
1568 1898 1625 1931 pro
1651 1888 1741 1931 plene

998 1946 1027 1973 et
1052 1941 1244 1974 sufficienter
1270 1951 1417 1985 expresso
1450 1946 1479 1973 et
1512 1941 1664 1974 verbatim
1696 1941 1742 1973 in—

998 1999 1082 2028 serto
1107 1994 1217 2027 haberi
1243 1995 1399 2037 volumus,
1420 1994 1607 2028 continetur.

1043 2049 1057 2092 ἓ
1082 2048 1111 2082 2.
1136 2049 1213 2082 Cum
1239 2052 1364 2089 autem,
1390 2048 1471 2081 sicut
1503 2049 1634 2084 dilectus
1659 2048 1742 2081 filius

999 2103 1109 2136 Petrus
1134 2103 1320 2136 Franciscus
1346 2102 1425 2136 Moia
1446 2106 1634 2145 procurator
1651 2113 1742 2144 gene—

1000 2156 1073 2189 ralis
1095 2161 1290 2189 memoratae
1308 2156 1568 2199 Congregationis
1582 2156 1672 2189 nobis
1689 2166 1742 2188 nu-

982 2220 1055 2252 ,per
1081 2209 1193 2252 exponi
1225 2209 1318 2250 fecit,
1344 2210 1486 2242 nonnulli
1517 2210 1659 2242 locorum
1690 2209 1743 2241 Or-

1000 2262 1113 2295 dinarii
1138 2263 1240 2295 adhuc
1263 2267 1410 2297 revocent
1430 2263 1462 2295 in
1487 2262 1615 2295 dubium
1635 2268 1741 2294 utrum

1000 2313 1119 2345 alumni
1144 2319 1174 2345 et
1199 2314 1413 2353 convictores,
1439 2314 1491 2356 qui
1517 2314 1547 2345 in
1574 2313 1742 2357 praedictis

1001 2366 1142 2409 collegiis
1167 2367 1361 2406 educantur,
1386 2372 1513 2410 peecata
1538 2377 1592 2399 sua
1618 2367 1743 2411 presby-

1003 2420 1076 2453 teris
1093 2430 1151 2463 per
1168 2419 1350 2453 Ordinarios
1367 2420 1548 2463 approbatis
1574 2420 1604 2452 in
1625 2420 1743 2453 eisdem

1002 2473 1144 2516 collegiis
1169 2473 1436 2507 sacramentaliter
1451 2473 1591 2507 confiteri
1611 2474 1743 2514 valeant,

1003 2526 1131 2570 ipseque
1146 2526 1255 2559 Petrus
1272 2526 1458 2560 Franciscus
1481 2532 1668 2570 procurator
1692 2537 1744 2570 ge-

1039 2591 1049 2616 1
1074 2589 1107 2617 Ut
1127 2597 1210 2624 supra
1224 2588 1342 2625 legerem
1362 2590 1548 2624 festivitatem
1568 2591 1605 2625 (a.
1621 2590 1670 2625 τ.).

1633 167 1693 201 451
1744 177 1795 204 An.
1811 178 1839 205 c.
1861 178 1929 207 1659

1784 2054 1926 2080 Suppttcatm.
