2243 3205
240 184 289 211 an.
306 184 333 211 c.
356 184 424 212 1659
469 174 535 208 446

290 1048 305 1068 A
327 1047 420 1067 censuri»-

236 1074 334 1095 absolvit.

438 233 576 266 discessu
600 243 663 267 non
689 233 768 267 levia
793 234 905 269 sentiat
929 234 1128 270 incommoda
1149 241 1179 270 et

437 285 622 320 detrimenta
629 298 636 327 ;
656 297 792 331 cumque
809 288 956 322 universa
969 289 1177 333 Congregatio

436 339 602 374 Doctrinae
626 341 817 375 Christianae
843 342 1036 384 huiusmodi,
1054 354 1117 387 quo
1135 343 1178 375 in-

437 394 611 427 commodis
635 399 665 427 et
689 394 886 429 detrimentis
917 396 1099 430 huiusmodi
1132 407 1178 429 re-

438 447 576 480 medium
601 448 797 490 adhibeatur,
818 449 947 494 ipsaque
967 450 1177 494 Congregatio

438 500 683 544 obligationibus
697 502 761 535 suis
786 502 963 536 satisfacere
978 509 1008 536 et
1021 514 1057 536 ex
1075 503 1178 536 lauda-

436 553 491 586 bili
504 564 561 588 suo
576 554 717 589 instituto
735 566 805 589 cum
828 556 940 590 maiori
955 557 1176 601 operariorum

436 618 570 642 numero
579 609 756 644 animarum
771 611 861 644 saluti
874 616 903 644 et
916 611 1057 644 culturae
1070 610 1177 643 vineae

435 661 560 696 Domini
591 674 703 697 vacare
734 665 852 706 valeat,
885 675 918 698 se
949 665 1042 698 firmo
1073 664 1177 708 aliquo

436 715 648 751 stabilimento
673 727 690 750 a
714 718 806 752 nobis
831 718 947 751 muniri
976 727 1178 761 summopere

435 768 601 804 desideret:
615 771 706 804 nobis
718 776 886 816 propterea
897 771 1077 815 praedictus
1086 771 1178 803 Fran-

437 823 538 857 ciscus
564 824 705 858 eiusdem
734 825 900 858 universae
920 824 1178 867 Congregationis

436 877 563 911 nomine
588 878 751 912 humiliter
770 878 939 923 supplicari
964 878 1046 919 fecit,
1064 883 1098 911 ut
1118 878 1177 922 ipsi

436 931 678 975 Congregationi
716 932 746 965 in
782 932 966 976 praemissis
1001 936 1179 976 opportune

437 984 606 1028 providere
631 990 661 1018 et
685 990 718 1018 ut
744 986 823 1018 infra
848 986 1012 1028 indulgere
1037 986 1074 1018 de
1095 985 1179 1018 beni-

437 1038 555 1080 gnitate
572 1039 744 1082 apostolica
762 1039 976 1082 dignaremur.
992 1039 1053 1072 Nos
1072 1039 1177 1081 igitur,

436 1091 615 1135 praedictae
635 1092 895 1135 Congregationis
915 1092 994 1126 votis
1014 1092 1072 1125 hac
1094 1092 1124 1124 in
1144 1103 1178 1125 re

436 1145 651 1179 favorabiliter
664 1156 803 1178 annuere
813 1146 984 1190 cupientes,
998 1146 1178 1190 dictumque

437 1198 639 1232 Franciscum
666 1210 682 1232 a
704 1199 866 1243 quibusvis
884 1195 1179 1233 excommunicatio-

436 1252 506 1294 nis,
536 1252 751 1296 suspensionis
775 1257 806 1285 et
834 1252 1013 1294 interdicti,
1047 1253 1177 1297 aliisque

437 1306 656 1339 ecclesiasticis
670 1306 841 1347 sententiis,
856 1307 998 1340 censuris
1016 1312 1045 1339 et
1058 1307 1176 1350 poenis,

437 1369 453 1392 a
478 1360 546 1392 iure
571 1360 617 1392 vel
643 1360 681 1393 ab
706 1360 854 1401 homine,
880 1361 988 1404 quavis
1013 1362 1177 1395 occasione

436 1413 483 1446 vel
509 1415 602 1446 causa
629 1414 720 1454 latis,
751 1414 774 1447 si
800 1414 916 1457 quibus
940 1415 1177 1458 quomodolibet

436 1466 602 1500 innodatus
621 1467 734 1509 existit,
749 1467 785 1499 ad
805 1467 949 1501 effectum
962 1468 1175 1511 praesentium

436 1520 597 1553 dumtaxat
621 1520 890 1564 consequendum,
904 1521 1016 1553 harum
1033 1522 1113 1554 serio
1127 1521 1177 1554 ab·

435 1573 591 1608 solventes
623 1579 652 1607 et
681 1574 862 1607 absolutum
895 1574 961 1607 fore
994 1579 1155 1609 censentes
1168 1602 1175 1616 ‚

435 1626 617 1660 huiusmodi
642 1627 923 1671 supplicationibus
948 1628 1108 1669 inclinati,
1138 1628 1176 1661 de

435 1679 661 1713 venerabilium
683 1682 815 1714 fratrum
841 1687 1023 1715 nostrorum
1042 1682 1071 1715 S.
1090 1683 1123 1716 Ρι.
1142 1683 1174 1715 Ε.

435 1734 641 1767 cardinalium
668 1735 802 1778 negotiis
832 1740 863 1768 et
895 1736 1176 1769 consultationibus

435 1782 655 1832 episcoporum
674 1793 703 1821 et
713 1789 906 1831 regularium
922 1789 1174 1833 praepositorum

435 1842 577 1883 consilio,
599 1843 724 1876 attentis
749 1847 779 1875 et
803 1843 877 1876 visis
894 1851 951 1886 per
968 1843 1094 1876 eosdem
1112 1854 1176 1876 car-

434 1895 552 1929 dinales
566 1896 719 1929 mandatis
733 1896 921 1940 specialibus
936 1901 966 1929 et
978 1896 1085 1930 liberis
1102 1907 1175 1930 con-

434 1948 578 1983 sensibus
603 1960 619 1982 a
644 1949 776 1992 singulis
800 1949 947 1982 domibus
977 1953 1007 1984 et
1035 1950 1175 1993 collegiis

435 2003 592 2046 praefatae
606 2003 864 2046 Congregationis
885 2003 1073 2036 clericorum
1091 2014 1176 2037 secu-

435 2055 548 2088 larium
567 2056 732 2090 Doctrinae
749 2056 942 2090 Christianae
960 2055 991 2088 in
1009 2056 1107 2089 Gallia
1118 2067 1176 2101 per

435 2115 555 2142 secreta
576 2109 726 2153 suffragia
740 2110 955 2154 capitulariter
968 2110 1124 2154 praestitis
1138 2111 1175 2143 ad

436 2163 517 2196 infra
533 2163 666 2208 petenda
680 2164 776 2204 factis,
796 2164 826 2196 in
840 2166 974 2207 persona
993 2164 1065 2197 dicti
1083 2165 1176 2197 Fran-

435 2216 508 2249 cisci
529 2216 620 2249 Avias
633 2216 805 2250 sacerdotis
822 2222 852 2249 et
866 2218 1083 2260 procuratoris
1097 2218 1176 2251 eius-

434 2269 505 2303 dem
515 2270 785 2314 Congregationis,
795 2271 981 2304 auctoritate
991 2271 1174 2315 apostolica,

435 2329 545 2358 tenore
569 2324 793 2368 praesentium,
814 2324 1016 2358 concedimus
1033 2335 1091 2368 pro
1108 2336 1174 2358 ma-

435 2376 493 2410 iori
519 2377 730 2410 stabilimento
761 2382 791 2409 et
822 2378 1060 2411 conservatione
1084 2389 1175 2422 prae-

435 2430 514 2463 fatae
539 2430 802 2474 congregationiS‚
819 2436 862 2471 ut,
880 2430 980 2464 firmis
1001 2431 1172 2465 secundum

435 2484 615 2517 universum
642 2487 783 2518 tenorem
817 2484 945 2518 omnino
975 2485 1173 2518 manentibus

435 2536 546 2570 litteris
570 2538 600 2569 in
625 2538 726 2570 forma
752 2538 859 2570 Brevis
884 2538 1049 2571 memorati
1074 2539 1168 2572 Inno-

434 2589 528 2623 centii
545 2590 797 2633 praedecessoris
817 2601 913 2634 super
938 2591 1072 2635 negotiis
1092 2592 1173 2626 eius-

1024 187 1202 212 mmmmm!
1225 186 1381 213 ROMANUM

1211 236 1281 269 dem
1299 235 1559 279 Congregationis
1576 236 1728 270 emanatis
1744 236 1804 270 sub
1824 237 1873 270 die
1887 247 1951 271 xxx

1211 289 1287 322 iunii
1303 299 1465 330 unchvu,
1483 294 1513 322 et
1532 290 1664 330 servata,
1676 299 1741 322 non
1754 290 1949 323 obstantibus

1210 342 1472 386 quibuscumque,
1486 353 1504 375 a
1520 342 1652 386 singulis
1666 342 1805 376 eiusdem
1818 343 1950 386 Congre-

1211 395 1344 437 gationis
1375 401 1438 429 tam
1468 396 1685 440 praesentibus
1709 406 1802 440 quam
1837 396 1950 429 futuris

1211 448 1319 481 eadem
1353 449 1481 482 omnino
1514 449 1641 482 habitus
1666 449 1786 490 forma,
1819 457 1880 493 qua
1912 449 1950 482 de

1210 502 1366 545 praesenti
1381 502 1412 535 in
1426 503 1573 536 omnibus
1602 502 1666 536 suis
1682 502 1828 536 domibus
1846 507 1876 535 et
1892 502 1952 536 col-

1211 555 1300 598 legiis
1333 556 1430 589 utitur
1463 555 1806 599 dicta·C0ngregatio‚
1842 566 1951 589 omnes

1210 613 1273 641 tam
1293 609 1345 652 qui
1370 609 1401 641 in
1422 609 1564 642 eamdem
1583 610 1864 653 Congregationem
1881 615 1952 654 post

1211 662 1310 695 dictas
1334 663 1453 696 litteras
1478 663 1540 696 iam
1574 668 1644 696 sunt
1677 663 1826 704 admissi,
1856 674 1950 707 quam

1211 715 1264 759 qui
1289 716 1320 748 in
1341 716 1481 749 futurum
1502 717 1716 760 admittentur,
1734 716 1859 760 expleto
1876 727 1951 761 pro-

1211 769 1346 803 bationis
1370 779 1469 812 anno,
1494 769 1519 802 si
1544 769 1647 803 idonei
1673 769 1791 814 reperti
1816 769 1951 811 fuerint,

1211 823 1355 856 emittant
1373 823 1444 866 [tria
1468 829 1539 857 vota
1561 823 1715 868 simplicia
1745 823 1951 865 obedientiae,

1211 876 1407 920 paupertatis
1432 881 1462 911 et
1487 877 1656 918 castitatis,
1686 877 1951 921 quemadmodum

1212 929 1250 962 ab
1274 929 1362 963 initio
1387 929 1669 963 eius-fundationis
1693 940 1792 974 usque
1809 930 1847 963 ad
1862 930 1952 964 unio-

1212 994 1282 1017 nem
1321 994 1391 1017 cum
1428 984 1608 1028 supradicta
1633 983 1883 1027 Congregatione
1914 983 1952 1016 de

1211 1038 1402 1079 Somascl1a‚
1429 1042 1458 1070 et
1480 1042 1551 1081 post
1580 1037 1766 1071 divisionem
1797 1048 1896 1082 usque
1921 1036 1952 1069 in

1212 1097 1409 1134 praesentem
1445 1090 1527 1124 diem
1563 1091 1665 1124 facere
1701 1095 1952 1131 consueverunt,

1211 1155 1334 1178 necnon
1358 1149 1464 1178 votum
1491 1155 1545 1177 seu
1566 1145 1777 1178 iuramentum
1796 1145 1827 1178 in'
1841 1145 1950 1179 eadem

1211 1199 1462 1242 Congregatione
1483 1199 1616 1233 seculari
1637 1205 1790 1243 perpetuo
1810 1210 1954 1244 perseve-

1211 1253 1311 1295 randi,
1336 1263 1398 1286 non
1417 1252 1660 1296 dispensandum
1679 1253 1726 1285 vel
1747 1253 1951 1286 relaxandum

1211 1316 1228 1338 a
1256 1316 1456 1349 quocumque
1484 1306 1562 1347 alio,
1588 1306 1680 1339 etiam
1713 1306 1821 1349 vigore
1846 1307 1951 1340 cuius-

1211 1371 1345 1404 cumque
1361 1360 1483 1402 indulti,
1503 1360 1562 1393 nisi
1588 1370 1605 1392 a
1630 1360 1697 1393 solo
1714 1360 1855 1394 Romano
1875 1361 1951 1394 Pon·

1211 1413 1314 1455 tifice,
1340 1418 1392 1446 aut
1416 1424 1433 1445 a
1458 1413 1596 1457 capitulo
1621 1414 1759 1456 generali
1793 1414 1841 1447 vel
1873 1414 1950 1447 defi-

1210 1467 1326 1499 nitorio
1358 1472 1550 1500 memoratae
1577 1466 1851 1510 Congregationis;
1877 1478 1948 1501 cum

1210 1520 1365 1561 facultate,
1390 1526 1424 1553 ut
1444 1521 1510 1553 eius
1528 1520 1643 1563 clerici,
1662 1525 1734 1564 post
1749 1527 1820 1554 vota
1836 1521 1950 1555 emissa

1210 1578 1240 1606 et
1263 1574 1474 1608 iuramentum
1498 1579 1532 1607 ut
1556 1584 1651 1618 supra
1678 1574 1880 1618 praestitum,
1911 1575 1949 1609 de

1210 1628 1334 1661 licentia
1358 1629 1529 1672 praepositi
1554 1629 1709 1672 generalis
1742 1629 1790 1667 vel
1822 1629 1949 1673 provin-

1210 1681 1295 1714 cialis
1322 1681 1361 1714 ad
1389 1691 1498 1715 omnes
1526 1692 1632 1715 sacros
1657 1686 1686 1714 et
1715 1681 1949 1727 presbyteratus

1209 1735 1346 1775 ordines,
1361 1736 1490 1768 servatis
1509 1735 1679 1776 servandis,
1700 1735 1880 1779 promoveri
1896 1746 1949 1769 va-

1208 1788 1292 1821 leant
1308 1789 1346 1821 ad
1364 1789 1488 1821 titulum
1503 1789 1662 1832 praefatae
1678 1788 1947 1832 Congregationis‚

1208 1841 1249 1874 ita
1273 1847 1377 1875 tamen
1401 1847 1436 1875 ut
1460 1842 1491 1875 in
1520 1842 1606 1883 locis,
1631 1842 1685 1875 uhi
1710 1848 1803 1876 erunt
1823 1843 1948 1879 ‚duodo-

1208 1895 1309 1929 decim
1331 1896 1369 1929 de
1389 1896 1517 1936 familia,
1532 1901 1595 1929 tres
1612 1896 1773 1930 dumtaxat
1790 1897 1894 1930 clerici
1910 1896 1948 1930 ad

1209 1960 1315 1983 sacros
1341 1950 1468 1983 ordines
1491 1950 1673 1993 promoveri
1697 1951 1820 1983 valeant
1847 1950 1887 1983 ad
1916 1950 1950 1984 ti-

1210 2004 1309 2037 lulum
1326 2004 1483 2048 praefatae
1498 2004 1768 2047 Congregationis,
1783 2004 1846 2037 duo
1863 2014 1948 2046 vero,

1208 2057 1263 2089 ubi
1288 2057 1381 2090 fuerit
1407 2057 1512 2091 minor
1542 2068 1708 2098 numerus,
1734 2063 1764 2090 et
1789 2057 1891 2091 adhuc
1916 2063 1949 2090 ut

1209 2111 1381 2155 capitulum
1407 2111 1554 2155 generale
1579 2112 1627 2144 vel
1657 2111 1868 2149 definitorium
1894 2111 1949 2144 mi-

1208 2164 1291 2197 nime
1327 2164 1487 2208 dispenset
1521 2164 1585 2197 sive
1618 2165 1736 2197 relaxet
1767 2164 1948 2198 huiusmodi

1208 2222 1315 2251 votum
1330 2227 1384 2250 seu
1401 2217 1614 2250 iuramentum
1630 2217 1722 2251 alicui
1740 2228 1777 2251 ex
1794 2217 1949 2261 promotis

1208 2270 1246 2303 ad
1271 2280 1377 2303 sacros
1402 2270 1540 2311 ordines,
1563 2270 1622 2303 nisi
1647 2271 1735 2314 prius
1753 2270 1812 2303 sibi
1834 2271 1949 2304 consti-

1208 2324 1281 2357 terit
1305 2324 1398 2356 etiam
1420 2334 1455 2357 ex
1479 2323 1592 2357 litteris
1615 2324 1878 2357 testimonialibus
1895 2324 1949 2358 Or-

1208 2376 1320 2409 dinarii
1357 2377 1417 2409 loci
1449 2387 1520 2410 eum
1555 2377 1680 2410 aliunde
1715 2377 1833 2410 habere
1867 2377 1949 2411 unde

1208 2430 1373 2464 commode
1387 2431 1554 2464 sustentari
1569 2431 1683 2475 possit:
1702 2431 1785 2475 quod
1799 2431 1823 2465 si
1836 2431 1948 2475 aliquis

1207 2485 1386 2518 huiusmodi
1416 2485 1495 2518 votis
1519 2489 1549 2519 et
1572 2485 1749 2518 iuramento
1765 2485 1896 2526 emissis,
1914 2489 1947 2516 ut

1206 2539 1402 2582 praefertur,
1421 2537 1505 2572 sine¹
1523 2539 1755 2582 dispensatione
1772 2544 1802 2571 et
1826 2538 1946 2571 relaxa·

1240 2601 1253 2629 1
1269 2600 1337 2629 Male
1352 2600 1419 2630 edit.
1434 2600 1513 2630 Μαίη.
1530 2600 1595 2637 legit
1613 2601 1672 2629 sive
1688 2601 1725 2637 (a.
1742 2600 1790 2635 τ.).

1966 188 2015 216 An.
2031 188 2059 215 C.
2082 188 2152 217 165⁹

2002 570 2079 591 Clerici
2097 570 2149 592 con-

1966 598 2095 623 gregationis
2106 597 2150 618 ido-

1966 624 1999 644 nei
2011 623 2093 650 expleto
2103 629 2150 650 pro·

1966 650 2058 671 battonis
2095 655 2150 671 anno

1966 677 2061 698 emittere
2073 677 2152 698 debent.

1966 705 2006 724 tria
2032 705 2081 724 vota
2108 704 2150 724 una

1966 736 2013 751 cum
2031 730 2150 751 iuramento

1966 756 2116 784 perseverandi
2130 756 2151 777 in

1967 784 2041 805 eadem
2061 782 2150 809 Congre-

1967 811 2057 837 ganono..

1992 1373 2019 1394 Et
2031 1371 2149 1399 promoveri

1966 1401 2015 1420 tunc
2050 1401 2149 1426 poterunt

1965 1427 1992 1447 ad
2027 1431 2100 1447 sacros
2129 1427 2149 1446 et

1978 1452 2136 1479 presbyteratus

1966 1479 2049 1500 ordines
2090 1479 2149 1499 titulo

1965 1506 2035 1526 dictae
2059 1505 2150 1531 Congre-

1965 1533 2064 1559 gationis.

1990 1905 2066 1928 Modus
2078 1909 2148 1928 autem

1964 1933 2011 1980 illios
2022 1939 2148 1960 promoven-

1965 1968 1969 1980 Ι
1981 1968 1993 1981 Ι.

1990 2280 2032 2300 Nec
2056 2286 2068 2301 a
2092 2279 2148 2301 iura·

1963 2309 2033 2328 mento
2074 2309 2147 2332 postea

1964 2333 2050 2354 dissolvi
2072 2333 2111 2353 ntsi
2127 2339 2148 2353 e·

1963 2359 2034 2380 ltunde
2053 2359 2148 2380 habeant

1964 2386 2018 2407 unde
2030 2385 2095 2406 alere.
