2202 3190
416 153 480 188 8:34.

464 214 627 247 rationum
662 223 719 247 seu
757 213 998 247 ordinationum
1043 214 1114 248 uni-

458 267 618 301 versitatis
636 272 668 300 et
684 267 852 300 hominum
875 269 951 302 artis
972 269 1114 302 vaccina-

460 321 580 354 riorum
606 320 646 353 de
671 320 764 360 Urbe,
791 320 866 354 427.

375 374 526 408 CCXXIX.
543 373 748 407 Confirmatio
763 374 883 408 decreti
899 373 1019 407 domini
1047 385 1114 408 car-

461 426 578 460 dinalis
620 428 811 470 protectoris
851 428 949 462 totius
988 428 1114 461 Ordinis

462 480 562 514 sancti
580 480 740 513 Francisci
759 491 823 524 quo
840 481 1022 514 declaratur
1043 492 1116 515 con-

463 533 643 566 stitutiones
664 533 834 567 Clementis
852 534 918 566 vllt
944 539 974 566 et
999 533 1116 576 Grego-

462 586 501 618 rii
526 586 595 625 XV,
624 585 741 629 quibus
764 586 874 620 aboliti
907 587 1032 620 fuerant
1062 597 1116 630 pa-

462 644 525 671 tres
549 638 805 681 provinciarum,
836 639 869 672 in
894 645 1059 683 posterum
1084 638 1117 671 in

461 692 625 736 provincia
643 693 740 726 Tertii
758 692 884 727 Ordinis
904 693 1004 726 sancti
1022 693 1118 725 Fran—

464 746 540 780 cisci
558 746 597 779 de
617 746 817 780 Poenitentia
834 747 866 780 in
891 757 989 789 regno
1006 747 1118 780 Portu-

464 798 577 841 galliae
602 798 827 833 inviolabiliter
866 799 1026 832 observari
1057 799 1119 832 de-

462 851 548 893 bere,
575 851 650 886 430.

378 904 518 939 CCXXX.
551 905 696 938 Declarat
726 915 791 938 non
821 914 888 939 esse
914 906 1021 939 locum
1055 915 1120 939 ere-

466 957 565 992 ctioni
591 963 805 991 conventuum
831 957 1018 1001 Aquitaniae
1048 969 1122 1002 pro-

465 1011 586 1045 vinciae
611 1012 658 1045 Ss.
686 1011 837 1045 Ludovici
870 1017 901 1045 et
932 1012 1063 1045 Elzearii
1090 1013 1123 1045 in

469 1065 569 1100 Callia
594 1067 692 1100 Tertii
717 1066 845 1100 Ordinis
873 1066 904 1099 S.
939 1066 1121 1106 Francisci,

465 1124 495 1152 et
518 1119 651 1163 proinde
672 1120 882 1164 provinciales
899 1130 958 1164 pro
981 1125 1123 1163 tempore

467 1183 612 1206 exercere
625 1172 741 1206 debere
758 1183 848 1206 suam
866 1172 1122 1206 iurisdictionem

467 1228 500 1260 in
532 1232 598 1261 tota
628 1227 813 1271 provincia,
844 1227 941 1260 etiam
966 1227 999 1260 in
1032 1226 1123 1261 dictis

468 1281 676 1316 conventibus
700 1282 900 1325 Aquitaniae,
926 1281 1001 1315 432.

380 1335 531 1369 CCXXXI.
561 1336 600 1369 Ut
625 1336 746 1369 alumni
773 1335 898 1379 collegii
931 1336 1123 1370 Graecorum

469 1389 508 1423 de
532 1389 616 1423 Urbe
649 1389 748 1423 ritum
780 1389 917 1423 latinum
953 1390 1037 1423 circa
1073 1390 1124 1423 ie-

469 1443 555 1476 iunia
579 1449 610 1476 et
635 1443 859 1477 abstinentiam
877 1454 894 1477 a
915 1443 994 1477 cibis
1020 1444 1123 1477 vetitis

471 1502 658 1540 sequantur,
684 1496 760 1530 433.

382 1549 556 1584 CCXXXII.
576 1550 661 1584 Nova
678 1550 797 1584 erectio
816 1550 940 1595 collegii
958 1551 1125 1595 apostolici

472 1603 636 1637 minorum
664 1603 984 1647 poenitentiariorum
1015 1605 1126 1638 basili-

450 1657 454 1660 ”
474 1667 528 1689 cae
548 1656 708 1700 Principis
730 1658 957 1701 Apostolorum
975 1657 1014 1691 de
1031 1658 1127 1699 Urbe,

474 1720 547 1743 cum
580 1710 742 1744 nonnullis
774 1710 1034 1744 ordinationibus

474 1763 617 1797 eiusdem
643 1764 771 1807 collegii
796 1764 951 1806 gubernio
976 1770 1006 1798 et
1030 1764 1128 1799 officii

473 1816 662 1849 eorumdem
688 1817 1010 1860 poenitentiariorum
1041 1828 1129 1851 exer-

475 1869 562 1909 citio,
586 1869 661 1903 434.

387 1922 571 1956 CCXXXIII.
606 1923 786 1957 Nonnullae
819 1924 1039 1958 ordinationes
1071 1935 1129 1968 pro

474 1976 609 2018 collegio
634 1977 809 2020 apostolico
836 1977 999 2011 minorum
1018 1978 1130 2021 poeni-

477 2029 702 2063 tentiariorum
734 2041 844 2064 sacrae
868 2031 988 2066 Domus
1001 2032 1130 2066 -Laure-

477 2088 578 2124 tanae,
605 2082 680 2116 439.

387 2135 569 2171 CCXXXIV.
581 2136 754 2170 Confirmat
770 2137 878 2170 omnia
890 2138 1052 2182 privilegia
1064 2149 1132 2172 mo-

476 2190 654 2223 nachorum
675 2189 934 2225 Silvestrinorum
955 2191 1081 2226 Ordinis
1098 2192 1129 2226 S.

479 2242 652 2283 Benedicti,
680 2243 886 2287 extenditque
909 2245 954 2279 eis
979 2255 1016 2278 ac
1050 2256 1134 2279 com-

480 2296 624 2330 municat
642 2297 752 2331 omnia
768 2303 799 2330 et
813 2297 939 2341 singula
954 2298 1131 2342 privilegia,

481 2350 598 2392 gratias
624 2355 654 2383 ct
687 2350 812 2384 indulta
848 2357 912 2385 tam
947 2351 1135 2386 Mendican-

483 2401 562 2434 tium
587 2413 684 2446 quam
709 2413 773 2437 non
798 2404 1047 2438 Mendicantium
1073 2405 1132 2439 Or-

482 2453 609 2489 dinibus
646 2462 676 2490 et
711 2456 1021 2501 Congregationibus
1054 2468 1135 2490 con—

484 2517 582 2547 cessa,
609 2508 685 2542 443.
988 2520 990 2522 '

395 2558 561 2594 CCXXXV.
590 2561 629 2594 Ut
663 2562 771 2596 clerici
794 2563 1051 2608 congregationis
1076 2565 1137 2598 cle-

1069 1721 1127 1755 pro
1173 1755 1177 1760 ι

964 163 1142 187 BULLAMUM
1168 163 1319 188 ROMANUM

1255 213 1395 248 ricorum
1420 212 1612 247 secularium
1634 211 1803 247 Doctrinae
1823 212 1908 247 Chri-

1256 266 1377 299 stianae
1402 265 1436 298 in
1460 265 1559 298 Gallia
1583 264 1729 298 emittant
1752 264 1813 298 tria
1836 269 1909 299 vota

1257 319 1413 363 simplicia
1438 329 1510 352 curn
1544 318 1724 351 iuramento
1756 328 1910 362 perseve-

1255 372 1359 412 randi,
1384 378 1415 405 et
1439 371 1620 416 promoveri
1646 370 1770 415 possint
1787 370 1826 403 ad
1851 381 1907 404 or-

1257 426 1348 459 dines
1372 425 1410 459 ad
1437 425 1564 458 titulum
1596 423 1698 457 dictae
1726 433 1907 467 congrega-

1257 479 1364 520 tionis,
1386 478 1462 511 445.

1170 532 1349 568 CCXXXVI.
1368 530 1575 566 Confirmatio
1592 529 1823 564 reformationis
1840 540 1912 574 pro-

1259 585 1380 619 vinciae
1404 584 1540 617 fratrum
1565 584 1722 618 Minorum
1747 582 1912 616 strictioris

1258 637 1479 672 observantiae
1503 637 1658 677 Austriae,
1677 646 1750 670 cum
1770 636 1913 670 declara-

1261 692 1347 725 tione
1365 690 1451 734 quod
1469 690 1653 724 moderetur
1669 689 1750 723 sicut
1772 690 1914 733 reliquae

1260 744 1442 789 provinciae
1465 745 1655 777 reformatae
1683 743 1826 777 eiusdem
1850 742 1915 776 Or-

1263 797 1359 839 dinis,
1386 796 1461 830 447.

1173 852 1364 887 CCXXXVII.
1383 851 1475 891 Quod
1499 851 1610 884 fratres
1627 849 1765 883 Minores
1787 848 1913 883 Discal-

1262 905 1341 939 ceati
1367 904 1468 938 sancti
1496 903 1660 937 Francisci
1690 902 1916 948 Hispaniarum

1264 970 1329 993 non
1346 959 1468 1003 possint
1492 958 1628 992 transire
1653 957 1692 992 ad
1717 957 1811 990 aliam
1835 955 1918 989 reli--

1265 1014 1401 1057 gionem,
1414 1012 1476 1045 nisi
1493 1012 1532 1045 de
1551 1011 1678 1044 licentia
1699 1010 1829 1044 maioris
1846 1020 1917 1053 par-

1263 1067 1302 1100 tis
1318 1071 1444 1111 patrum
1462 1065 1618 1099 vocalium
1636 1063 1823 1104 definitorii‚
1837 1062 1912 1096 450.

1177 1120 1384 1155 CCXXXVIII.
1414 1120 1505 1159 Quod
1534 1118 1655 1152 alumni
1672 1123 1703 1153 et
1719 1119 1917 1152 convictores

1265 1174 1473 1218 collegiorum
1490 1174 1529 1207 de
1553 1173 1725 1208 Somascha
1742 1172 1868 1218 possint
1884 1172 1918 1206 in

1265 1239 1377 1262 eorum
1402 1227 1548 1262 oratoriis
1580 1227 1725 1261 confiteri
1742 1232 1807 1260 tam
1832 1236 1919 1270 pres-

1264 1283 1384 1329 hyteris
1410 1282 1514 1316 dictae
1538 1282 1799 1326 Congregationis
1821 1294 1918 1327 quam

1264 1337 1333 1371 aliis
1357 1337 1396 1370 ab
1422 1336 1590 1371 Ordinario
1615 1335 1818 1380 approbatis,
1843 1335 1918 1370 451.

1177 1391 1361 1426 CCXXXIX.
1400 1391 1492 1430 Quod
1515 1395 1713 1424 correctores
1744 1389 1921 1433 provincia-

1265 1446 1310 1478 les
1336 1444 1370 1477 in
1399 1444 1517 1478 Ordine
1548 1445 1685 1478 fratrum
1716 1443 1921 1477 Minimorum

1265 1497 1366 1532 sancti
1385 1497 1547 1531 Francisci
1573 1497 1613 1530 de
1625 1497 1724 1530 Paula
1744 1496 1784 1529 de
1801 1502 1918 1540 cetero,

1267 1552 1426 1596 completo
1443 1558 1473 1586 et
1489 1558 1597 1586 exacto
1616 1561 1728 1584 eorum
1742 1550 1852 1585 ufficio
1867 1561 1923 1596 per

1267 1617 1319 1639 sex
1343 1615 1445 1638 annos
1466 1604 1651 1638 immediate
1675 1609 1856 1648 sequentes,
1883 1603 1923 1638 ab

1267 1659 1381 1694 eodem
1406 1669 1538 1693 munere
1562 1665 1680 1692 vacare·
1697 1658 1848 1698 debeant,
1866 1669 1922 1692 an-

1270 1719 1399 1757 tequam
1417 1712 1457 1745 ad
1474 1711 1658 1745 huiusmodi
1676 1721 1794 1745 munus
1816 1711 1922 1746 denuo

1269 1767 1342 1809 eligi
1368 1765 1506 1809 possint,
1533 1765 1609 1798 452.

1181 1818 1291 1854 CCXL.
1317 1818 1525 1853 Confirmatio
1561 1818 1774 1861 quarumdam
1796 1817 1920 1862 capitu-

1268 1871 1428 1905 lationum
1464 1871 1545 1905 inter
1580 1871 1752 1904 electorem
1788 1871 1926 1913 Magan-

1270 1925 1373 1959 tinum
1395 1924 1580 1969 episcopum
1603 1924 1866 1969 Herbipolensem
1889 1935 1926 1958 ac

1270 1979 1447 2023 capitulum
1471 1978 1577 2013 dictae
1602 1978 1842 2024 Herbipolensis
1866 1989 1926 2013 ec-

1270 2032 1396 2074 clesiae,
1419 2032 1495 2066 454.

1182 2086 1303 2122 CCXLI.
1327 2086 1510 2130 Acceptatio
1536 2085 1750 2120 donationum
1786 2085 1859 2120 Sedi
1886 2084 1926 2118 Α-
1979 2071 1984 2077 ’

1271 2139 1444 2184 postolicae
1485 2139 1640 2173 [actarum
1675 2148 1693 2172 a
1732 2138 1926 2183 quibusdam

1273 2203 1308 2226 ex
1334 2193 1453 2226 familia
1471 2192 1511 2226 de
1536 2193 1640 2227 Flisco
1658 2204 1695 2226 ex
1712 2192 1832 2237 oppido
1852 2193 1927 2226 Mas-

1274 2257 1388 2280 serano
1419 2246 1627 2280 Vercellensis
1656 2246 1809 2280 dioecesis
1840 2246 1872 2279 in
1897 2250 1928 2280 et

1275 2310 1371 2344 super
1400 2299 1503 2332 feudis
1534 2299 1735 2343 principatus
1767 2299 1843 2333 dicti
1871 2310 1928 2344 op-

1277 2353 1344 2396 pidi
1362 2358 1392 2386 et
1410 2352 1649 2386 marchionatus
1669 2351 1858 2396 Crepacorii,
1874 2363 1928 2387 eo-

1275 2416 1414 2450 rumque
1439 2407 1529 2440 terris
1554 2411 1583 2439 et
1609 2405 1809 2446 adiacentiis,
1834 2405 1909 2440 458.

1188 2458 1328 2493 CCXLll.
1354 2458 1529 2492 Confirmat
1550 2463 1667 2491 statuta
1686 2458 1771 2492 edita
1787 2458 1821 2491 in
1845 2459 1930 2503 capi-

1276 2512 1343 2545 tulo
1363 2511 1502 2554 generali
1521 2512 1673 2546 Toletano
1691 2520 1750 2555 pro
1765 2511 1926 2555 provincia

1277 2564 1307 2599 S.
1331 2562 1473 2599 Thomae
1496 2565 1639 2610 Apostoli
1658 2564 1692 2598 in
1711 2564 1801 2598 India
1820 2564 1926 2598 Orien-
