2243 3205
62 159 111 188 Au.
133 158 162 186 C.
181 157 249 185 1659

93 910 177 931 statuta
191 914 236 935 pro-

54 937 135 957 vinctae
150 936 235 957 alterari

55 965 112 984 vetat
125 963 170 983 sine
185 968 234 983 con-

54 995 115 1011 sensu
124 989 236 1010 vocalium.

70 2459 128 2483 Quod
139 2460 233 2480 minister

53 2486 155 2511 generalis
170 2486 234 2511 elige-

53 2517 74 2541 re
85 2513 150 2537 possit
164 2516 234 2539 patres

54 2538 182 2561 diffinitores.

855 154 1040 181 ALEXANDER
1063 155 1108 179 VII
1132 155 1180 180 PP.

253 203 379 248 gulares
403 196 570 238 cuiuslibe‘t
596 203 722 237 illarum
742 213 908 248 personae,
931 214 996 237 om-

253 257 345 291 nibus
368 262 399 291 et
422 257 555 301 singulis
579 257 820 302 praerogativis,
839 256 996 301 praeemi-

253 311 377 351 uentus,
393 310 578 355 privilegiis,
596 311 861 355 exemptionibus,
878 310 994 343 immu-

253 364 413 406 nitatibus,
437 365 575 408 indultis,
594 364 860 405 concessionibus,
880 364 994 397 favori-

253 417 312 451 bus
321 422 352 451 et
363 418 473 461 gratiis
487 417 701 462 spiritualibus
713 422 742 451 et
757 417 994 462 temporalibus,

254 470 370 514 quibus
393 471 446 503 alii
471 470 653 504 huiusmodi
687 470 823 503 ministri
860 470 993 514 provin-

254 523 348 557 ciales
366 534 403 557 ac
430 523 584 557 dictarum
610 523 778 558 domorum
799 523 994 567 regularium

253 576 434 620 superiores
467 582 498 610 et
532 577 707 620 singulares
742 586 896 621 personae
929 576 994 617 uti,

252 629 314 662 frui
335 634 365 663 et
389 629 527 673 gaudere
552 631 654 664 solent
678 635 708 663 et
731 635 863 674 possunt
880 640 916 663 ac
943 641 996 674 po-

252 688 357 717 terunt
376 684 614 728 quomodolibet
638 685 671 717 in
695 684 849 725 futurum,
876 684 994 728 pariter

252 741 282 771 et
316 737 531 781 pariformiter
567 748 603 771 ac
640 748 740 782 aeque
775 737 994 782 principaliter

251 790 319 823 sine
342 790 406 823 ulla
429 801 561 834 prorsus
594 790 772 824 differentia
798 791 852 831 uti,
876 790 939 823 frui
965 795 994 823 et

251 843 389 887 gaudere
412 844 587 888 respective
610 843 731 887 possint
755 849 785 876 et
809 844 948 884 valeant,

295 897 363 942 §5-
399 897 550 941 Quodque
583 908 667 931 nunc
701 903 730 931 et
764 908 822 941 pro
850 902 992 941 tempore

251 951 385 986 existens
420 951 562 984 minister
600 951 755 994 generalis
790 951 991 995 praedictus,

249 1011 302 1038 aut
326 1004 503 1038 visitatores
527 1004 567 1037 ab
593 1014 631 1038 eo
655 1004 748 1037 etiam
769 1015 828 1048 pro
848 1009 991 1048 tempore

249 1058 402 1101 mittendi,
418 1061 542 1099 statuta,
559 1057 799 1092 constitutiones
816 1062 846 1090 et
866 1057 991 1091 ordina—

250 1113 349 1146 tiones
365 1111 506 1145 eiusdem
530 1110 712 1156 provinciae
729 1111 918 1145 reformatae
931 1112 990 1145 Au-

248 1166 353 1207 striae‚
368 1166 515 1210 illiusque
534 1165 702 1199 domorum
722 1165 917 1208 regularium
933 1165 990 1198 hu-

248 1219 385 1254 iusmodi
409 1219 685 1253 constitutionibus
709 1219 910 1262 generalibus
928 1219 988 1253 Re-

247 1274 455 1308 formatorum
473 1283 536 1308 non
554 1272 761 1314 adversantia,
778 1273 838 1305 nisi
859 1273 897 1306 de
914 1283 987 1306 con-

247 1337 341 1361 sensu
360 1327 489 1361 maioris
505 1326 604 1372 partis
620 1326 755 1360 fratrum
772 1326 928 1361 vocalium
946 1326 989 1360 di-

248 1386 315 1414 ctae
351 1380 532 1425 provinciae
565 1380 755 1413 reformatae
787 1380 932 1413 Austriae
956 1380 988 1412 in

247 1445 358 1468 eorum
372 1434 516 1478 capitulis
530 1433 775 1478 provincialibus
788 1433 987 1477 praestando,

247 1489 381 1522 alterare
400 1488 449 1521 vel
466 1488 644 1530 immutare,
660 1492 713 1520 aut
730 1486 857 1520 eosdem
875 1487 987 1520 fratres

246 1541 286 1576 ab
310 1552 421 1576 eorum
446 1541 541 1574 modo
559 1540 693 1581 vivendi,
713 1540 885 1574 dummodo
903 1541 987 1573 iuxta

247 1596 372 1630 easdem
397 1595 625 1630 declarationes
649 1595 774 1636 vivant,
799 1594 987 1636 disturbare,

246 1660 368 1684 necnon
385 1649 469 1694 quod
489 1649 602 1682 fratres
620 1648 759 1682 eiusdem
776 1648 902 1682 Ordinis
922 1659 988 1681 san-

247 1703 286 1738 cti
312 1703 470 1737 Francisci
500 1702 538 1735 de
569 1701 774 1736 Observantia
797 1703 986 1746 nuncupati,

246 1757 327 1790 infra
350 1756 465 1790 limites
490 1755 630 1789 eiusdem
663 1766 719 1789 seu
748 1755 878 1788 alterius
912 1766 986 1799 pro—

246 1810 369 1844 vinciae
392 1810 570 1851 existentes,
595 1809 781 1844 collecturas
811 1820 866 1843 seu
890 1820 986 1853 quae-

247 1870 350 1898 sturas
374 1864 413 1897 ad
437 1864 548 1898 domos
572 1863 735 1907 regulares
752 1863 892 1896 eiusdem
912 1874 985 1907 pro-

246 1918 366 1952 vinciae
380 1918 634 1951 Reformatorum
647 1917 913 1950 Discalceatorum
930 1918 987 1950 Au-

247 1972 341 2005 striae
365 1976 551 2015 spectantes,
572 1971 711 2015 exceptis
728 1971 772 2004 eis
796 1981 813 2003 a
837 1971 986 2004 fratribus

246 2025 428 2070 provinciae
462 2026 605 2058 Austriae
640 2024 822 2058 huiusmodi
847 2025 878 2057 in
903 2024 986 2058 dicto

247 2089 358 2113 eorum
384 2078 519 2122 capitulo
539 2077 725 2122 provinciali
749 2078 854 2112 forsan
880 2088 987 2111 conce-

247 2132 367 2175 dendis,
389 2142 555 2176 occupare,
581 2137 634 2165 aut
658 2131 785 2164 eosdem
805 2131 916 2164 fratres
933 2132 988 2164 Re-

246 2187 399 2221 formatos
423 2186 633 2219 Discalceatos
650 2185 831 2229 provinciae
844 2185 987 2219 Austriae

247 2241 382 2284 desuper
418 2239 605 2283 perturbare
633 2239 720 2272 nullo
744 2249 883 2282 unquam
909 2243 987 2271 tem-

248 2303 326 2337 pore
351 2293 472 2336 possint
495 2302 553 2325 nec
578 2291 709 2333 valeant,
738 2291 913 2335 apostolica
934 2301 988 2324 au-

248 2346 412 2385 ctoritate,
437 2350 545 2378 tenore
575 2345 809 2388 praesentium,
835 2350 989 2388 perpetuo

249 2399 450 2433 concedimus
474 2403 504 2431 et
529 2398 742 2440 indulgemus.

293 2453 308 2497 ἓ
332 2452 361 2485 6.
387 2453 430 2485 Ac
454 2452 582 2495 insuper
606 2451 707 2484 cidem
729 2450 874 2484 ministro
894 2460 989 2493 gene-

248 2506 317 2546 rali,
331 2509 364 2539 ut
382 2505 559 2538 ministrum
575 2503 809 2548 provincialem,
827 2503 988 2537 custodem

250 2563 280 2595 et
303 2559 489 2592 diffinitores
514 2558 614 2592 dictae
642 2558 822 2601 provinciae
846 2558 989 2591 Austriae

332 2621 411 2651 Bull.
432 2622 515 2650 Rom.
559 2621 617 2650 Vol.
638 2620 713 2649 XVI.
876 2620 909 2648 57

1678 147 1743 181 449

1031 213 1140 236 creare
1156 208 1186 236 et
1205 203 1333 247 eligere,
1354 210 1520 250 ceteraque
1540 205 1646 239 omnia
1663 210 1692 239 et
1715 206 1774 239 sin-

1030 256 1103 300 gula
1127 256 1158 290 in
1182 258 1365 301 praemissis
1382 264 1412 292 et
1429 259 1511 292 circa
1536 270 1571 293 ea
1595 259 1773 293 necessaria

1029 315 1059 343 et
1082 310 1321 353 quomodolibet
1346 315 1534 355 opportuna,
1560 312 1682 345 etiamsi
1698 312 1772 345 talia

1029 363 1090 396 sint
1114 363 1163 396 vel
1186 363 1324 405 fuerint,
1350 375 1430 408 quae
1455 367 1555 409 magis
1581 366 1748 410 specialem
1764 393 1771 407 ,

1028 416 1219 461 specificam,
1243 417 1435 451 individuam
1461 425 1491 452 et
1515 430 1696 464 expressam
1717 430 1766 453 rc-

1028 470 1190 514 quirerent
1214 471 1418 513 mentionem,
1442 472 1556 513 facere,
1576 473 1691 514 dicere,
1717 484 1770 506 or-

1028 523 1138 557 dinare
1163 527 1193 558 et
1217 525 1329 568 exequi
1362 524 1460 558 libere
1485 531 1515 558 et
1550 526 1634 559 licite
1670 526 1770 570 possit

1029 581 1059 610 et
1083 576 1213 618 valeat¹,
1237 577 1363 621 plenam
1378 604 1385 618 ,
1411 578 1543 611 liberam
1569 584 1599 611 et
1631 579 1769 623 amplam

1028 631 1213 665 auctoritate
1238 636 1268 664 et
1293 636 1402 664 tenore
1431 632 1600 675 praedictis
1625 633 1769 666 concedi-

1028 695 1099 717 mus
1123 689 1153 717 et
1176 684 1377 728 impertimur
1402 684 1561 717 licentiam
1588 691 1617 718 et
1641 686 1770 719 faculta-

1028 741 1113 777 tem;
1149 737 1190 771 ita
1225 742 1330 770 tamen
1369 742 1402 770 ut
1440 738 1553 771 fratres
1588 739 1770 782 provinciae

1027 789 1209 823 huiusmodi
1235 790 1510 824 constitutionibus
1535 796 1565 824 et
1595 791 1768 824 ordinatio-

1026 843 1118 877 nibus
1144 843 1176 876 in
1201 843 1337 888 capitulo
1355 844 1420 877 sive
1445 845 1691 887 congregatione
1720 855 1770 888 ge-

1026 897 1126 930 nerali
1151 897 1249 939 factis,
1274 908 1354 941 quae
1379 897 1529 931 strictiori
1551 898 1769 931 observantiae

1025 960 1088 984 non
1112 950 1329 993 adversantur,
1345 951 1540 992 subiaceant,
1567 951 1605 984 ad
1629 952 1769 985 illarum-

1025 1015 1086 1049 que
1111 1005 1363 1039 observationem
1386 1006 1515 1039 omnino
1540 1009 1714 1040 teneantur.

1069 1058 1083 1102 ἓ
1109 1058 1136 1091 7.
1163 1059 1373 1092 Decernentes
1402 1059 1598 1102 provinciam
1623 1060 1767 1093 Austriae

1023 1111 1216 1155 praedictam
1242 1112 1375 1146 decretis
1401 1118 1430 1145 ct
1459 1112 1725 1146 declarationibus
1750 1123 1768 1146 a

1023 1166 1114 1199 nobis
1136 1171 1166 1199 et
1190 1167 1339 1200 Romanis
1356 1167 1560 1200 Pontificibus
1586 1167 1767 1211 praedeces-

1023 1219 1147 1253 soribus
1172 1224 1202 1254 et
1225 1221 1461 1254 successoribus
1484 1221 1601 1254 nostris
1625 1231 1684 1264 pro
1715 1230 1767 1254 re-

1022 1273 1264 1306 formationibus
1291 1278 1320 1306 et
1345 1273 1495 1308 custodiis
1520 1274 1626 1307 Italiae
1646 1284 1768 1307 emana-

1023 1326 1061 1359 tis
1085 1337 1141 1359 seu
1166 1326 1359 1360 emanaturis
1390 1327 1569 1360 nullatenus
1593 1327 1767 1361 subiectam

1022 1384 1052 1412 et
1077 1380 1340 1424 comprehensam
1366 1391 1434 1414 esse
1459 1381 1507 1414 vel
1532 1381 1609 1421 sore,
1635 1391 1670 1414 ac
1697 1392 1768 1425 pro-

1022 1433 1197 1476 vincialem,
1216 1434 1378 1467 custodem
1405 1439 1435 1467 ct
1455 1434 1649 1476 definitores,
1674 1435 1767 1468 alios-

1022 1498 1083 1532 que
1107 1488 1290 1531 superiores
1315 1493 1344 1521 et
1369 1488 1481 1521 fratres
1506 1488 1689 1532 provinciae
1706 1489 1767 1522 Re-

1021 1541 1173 1575 formatae
1197 1542 1340 1574 Austriae
1361 1541 1541 1575 huiusmodi
1560 1552 1576 1574 a
1594 1553 1766 1586 quoquam,

1021 1594 1131 1637 quavis
1156 1594 1249 1627 etiam
1275 1595 1536 1639 archiepiscopali
1564 1600 1616 1628 aut
1644 1595 1765 1639 episco-

1020 1647 1083 1691 pali
1098 1647 1146 1681 vel
1163 1647 1256 1680 etiam
1273 1648 1384 1680 maiori
1403 1648 1589 1682 auctoritate
1607 1648 1765 1692 fungente,

1021 1701 1157 1745 desuper
1181 1701 1352 1742 molestari,
1374 1702 1568 1745 perturbari,
1598 1702 1766 1745 inquietari

1020 1759 1074 1787 aut
1098 1754 1244 1798 impediri
1268 1765 1331 1787 non
1356 1765 1457 1798 posse,
1476 1755 1583 1798 sieque
1602 1766 1659 1799 per
1675 1766 1768 1799 quos-

1021 1818 1156 1851 cumque
1181 1807 1301 1841 iudices
1326 1813 1355 1841 et
1380 1808 1616 1842 commissarios
1643 1808 1766 1842 ordina-

1020 1862 1084 1895 rios
1109 1866 1138 1894 et
1172 1861 1353 1904 delegatos,
1379 1861 1500 1894 sublata
1531 1862 1576 1895 eis
1600 1868 1628 1895 et
1655 1873 1766 1895 eorum

1021 1915 1148 1948 cuilibet
1182 1915 1291 1959 quavis
1326 1915 1418 1948 aliter
1444 1915 1601 1948 iudicandi
1623 1921 1653 1949 et
1674 1916 1767 1949 inter-

1020 1968 1163 2012 pretandi
1187 1968 1333 2002 facultate
1362 1973 1392 2002 et
1408 1969 1604 2010 auctoritate,
1634 1969 1766 2002 iudicari

1021 2027 1051 2055 et
1067 2022 1191 2055 deliniri
1217 2022 1343 2064 debere,
1368 2033 1404 2056 ac
1429 2022 1554 2056 irritum
1572 2028 1601 2056 et
1622 2023 1723 2063 inane,
1741 2023 1765 2056 si

1021 2087 1110 2109 secus
1127 2086 1222 2120 super
1239 2076 1287 2110 his
1305 2087 1321 2109 a
1339 2087 1506 2121 quoquam,
1533 2077 1642 2120 quavis
1662 2084 1766 2110 aucto-

1022 2130 1124 2171 ritate,
1149 2131 1283 2164 scienter
1313 2131 1361 2164 vel
1382 2131 1576 2174 ignoranter,
1597 2131 1766 2174 contigerit

1021 2184 1177 2217 attentari.

1067 2237 1081 2281 ἓ
1106 2236 1134 2269 8.
1160 2237 1229 2271 Non
1257 2236 1454 2270 obstantibus
1487 2236 1764 2270 constitutionibus

1022 2295 1053 2323 ct
1080 2289 1330 2323 ordinationibus
1347 2290 1538 2334 apostolicis,
1557 2301 1592 2323 ac
1617 2290 1691 2323 dicti
1712 2291 1766 2324 Or-

1023 2342 1104 2375 dinis
1129 2343 1276 2386 illiusquc
1302 2343 1538 2387 provinciarum
1564 2343 1764 2386 quarumvis,

1023 2396 1115 2429 ctiam
1144 2397 1341 2438 iuramento,
1373 2396 1614 2430 confirmatione
1639 2402 1765 2441 aposto-

1023 2449 1100 2491 lica,
1126 2450 1172 2483 vel
1202 2450 1311 2494 quavis
1332 2450 1480 2483 firmitate
1501 2449 1561 2482 alia
1587 2449 1764 2493 roboratis,

1062 2568 1070 2592 ¹
1095 2565 1165 2592 Edit.
1186 2565 1265 2592 Μαίη.
1287 2565 1353 2600 tegit
1368 2565 1479 2600 possint
1492 2570 1517 2592 et
1534 2567 1648 2594 valeant
1661 2567 1698 2601 (a.
1714 2567 1764 2601 T.)-

1790 157 1842 184 An.
1859 157 1886 184 C.
1906 158 1974 186 1659

1785 1097 1788 1101 ³
1856 1070 1968 1092 Decretum

1784 1099 1876 1118 1rr1tans,

1806 2243 1920 2265 Contrariis
1928 2244 1963 2264 de·

1782 2273 1847 2296 rogat.
