2243 3205
268 213 316 240 An.
334 213 363 240 C.
387 213 454 240 1659

339 381 453 402 Contrarii-

269 409 364 433 derogat.

303 2351 418 2376 Expositio.

500 204 563 236 432

468 261 576 305 quavis
596 261 791 301 auctoritate,
818 260 953 293 scienter
977 261 1023 294 vel
1051 261 1202 304 ignoran-

469 320 526 355 ter,
555 313 722 357 eontigerit
747 313 901 347 attentari.

512 368 527 412 5
542 367 570 400 4.
589 369 656 401 Non
674 367 876 410 obstantibus,
891 373 1044 412 quatenus
1062 378 1141 411 opus
1158 367 1206 407 sit,

466 421 616 465 praedicti
655 420 840 454 recolendae
880 421 1051 454 memoriae
1090 420 1205 453 Urbani

467 474 568 518 Papae
592 474 657 507 VIII
682 473 935 518 praedecessoris
968 473 1073 508 itidem
1107 473 1205 506 nostri

467 533 497 560 et
521 527 683 572 quibusvis
714 527 989 562 constitutionibus
1020 532 1050 560 et
1081 526 1206 560 ordina-

468 580 605 614 tionibus
630 580 822 625 apostolicis,
843 591 879 614 ac
903 579 1084 624 provinciae
1101 584 1131 612 et
1150 579 1206 612 Or-

467 632 549 667 dini⁴
569 633 760 676 huiusmodi,
775 633 867 667 etiam
886 633 1074 672 iuramento,
1093 631 1206 665 confir-

469 687 605 720 matione
634 687 824 731 apostolica,
850 687 897 719 vel
923 685 1030 730 quavis
1060 684 1207 717 firmitate

468 739 527 773 alia
553 740 721 783 roboratis,
736 739 858 772 statutis
872 745 903 773 et
918 737 1207 779 consuetudinibus,

468 793 640 837 privilegiis
664 804 800 838 quoque,
826 792 952 826 indultis
966 797 995 825 et
1009 791 1120 824 litteris
1138 801 1208 836 apo-

468 845 586 879 stolicis
609 846 637 878 in
654 846 847 879 contrarium
869 845 1115 889 praemissorum
1135 854 1209 887 quo-

469 899 642 932 modolibet
655 899 821 942 concessis,
836 898 1029 932 confirmatis
1042 903 1072 931 et
1085 898 1209 930 innova-

468 952 524 993 tis,
551 952 666 997 quibus
683 953 830 986 omnibus
854 958 883 986 et
903 951 1033 996 singulis
1048 979 1055 993 ,
1081 951 1207 984 illorum

470 1009 593 1040 tenores
620 1006 838 1051 praesentibus
868 1017 928 1051 pro
952 1006 1044 1050 plene
1068 1008 1098 1038 et
1127 1004 1209 1037 suffi-

469 1060 588 1092 cienter
612 1060 768 1104 expressis
784 1071 819 1093 ae
837 1060 875 1094 de
893 1060 989 1093 verbo
1014 1060 1052 1093 ad
1077 1058 1207 1091 verbum

470 1112 594 1145 insertis
618 1113 780 1155 habentes,
799 1113 859 1146 illis
875 1113 951 1146 alias
968 1113 998 1146 in
1019 1124 1075 1147 suo
1094 1112 1209 1146 robore

469 1166 686 1210 permansuris
700 1193 707 1207 ,
725 1167 761 1199 ad
783 1167 1030 1211 praemissorum
1052 1166 1208 1208 effectum,

469 1220 527 1253 hac
542 1220 607 1253 vice
623 1220 794 1261 dumtaxat,
813 1221 989 1264 specialiter
1006 1226 1037 1254 et
1061 1231 1209 1264 expresse

469 1273 668 1317 derogamus
686 1274 860 1319 ceterisque
891 1274 1057 1309 contrariis
1082 1274 1210 1318 quibus-

469 1337 613 1371 eumque.

513 1381 624 1414 Datum
637 1381 764 1424 Romae,
774 1382 857 1426 apud
869 1382 896 1415 S.
908 1382 1035 1415 Mariam
1049 1382 1209 1424 Maiorem,

470 1435 528 1467 sub
557 1436 672 1469 annulo
703 1435 873 1479 Picatoris,
904 1436 953 1469 die
980 1446 1035 1469 vni
1060 1435 1210 1469 februarii

470 1499 595 1531 nnctix,
613 1489 815 1533 pontificatus
831 1491 929 1524 nostri
947 1500 1029 1523 anno
1043 1501 1084 1524 iv.

505 1551 562 1579 Dat.
584 1551 627 1579 die
647 1552 662 1579 8
683 1551 812 1580 februarii
837 1552 912 1588 1059,
933 1552 1026 1588 pontif.
1049 1561 1119 1580 anno
1138 1559 1174 1580 ιν.

767 1696 899 1730 CCXXX.

470 1777 623 1811 Declarat
648 1788 712 1811 non
737 1788 801 1811 esse
826 1777 932 1811 locum
962 1778 1115 1810 erectioni
1143 1788 1212 1810 con-

517 1835 671 1864 vencnum
680 1832 706 1865 A
713 1832 885 1874 quitaniae
891 1832 1080 1875 provinciae
1092 1832 1139 1865 Ss.
1152 1832 1212 1864 Lu-

515 1884 620 1918 (Iovici
636 1885 830 1918 etEleazari
845 1886 882 1918 in
900 1885 1012 1919 Gallici
1033 1885 1136 1918 Tertii
1156 1884 1212 1917 Or-

516 1938 605 1971 dinis
621 1939 728 1971 sancti
740 1938 923 1978 ancisci,
940 1942 968 1971 et
988 1938 1124 1981 proinde
1143 1948 1213 1980 pro-

516 1991 672 2024 vinciales
694 2002 754 2035 pro
780 1995 919 2034 tempore
943 2001 1086 2024 exercere
1103 1991 1213 2024 debere

515 2054 611 2076 suam
627 2044 888 2077 iurisdictionem
902 2044 938 2076 in
952 2045 1016 2076 coca
1030 2044 1212 2087 provincz‘d,

516 2097 615 2130 etiam
646 2098 680 2130 in
704 2097 799 2130 dictis
829 2096 1034 2130 conventibus
1068 2097 1212 2140 Aquica-

516 2151 592 2184 nz'ae
604 2150 624 2184 ².

669 2231 834 2259 Alexander
854 2232 934 2265 Papa
956 2231 1017 2264 vn,

615 2276 652 2303 ad
671 2276 803 2303 futuram
824 2276 867 2303 rei
890 2276 1072 2303 memoriam.

519 2348 535 2392 ἓ
558 2348 587 2381 1.
609 2347 729 2392 Exponi
753 2347 844 2381 nobis
868 2357 971 2391 nuper
995 2346 1067 2380 fecit
1084 2346 1216 2380 dilectus

475 2402 558 2435 filius
587 2402 771 2435 Benedictus
802 2401 1040 2444 Lugdunensis,
1075 2400 1216 2432 minister

476 2454 677 2499 provincialis
712 2454 892 2498 provinciae
927 2454 972 2487 Ss.
1004 2453 1152 2486 Ludorici
1187 2457 1218 2485 et

478 2509 614 2542 Eleazari
654 2509 685 2541 in
718 2509 816 2542 Gallia
853 2510 986 2541 fratrum
1022 2507 1116 2540 Tertii
1153 2507 1214 2540 Or-

516 2583 525 2606 1
549 2580 704 2614 tegendum
722 2580 840 2607 Ordinis
854 2580 892 2614 (n.
911 2579 959 2610 τ.).

513 2625 528 2651 2
548 2625 586 2651 Ex
606 2625 713 2659 negesi.
734 2617 767 2651 iu'
780 2625 881 2651 Secret.
899 2623 974 2650 Brev.

1052 213 1229 237 BULLARIUM
1254 212 1407 237 ROMANUM

1240 260 1320 292 dinis
1349 260 1445 292 sancti
1481 260 1649 300 Francisci,
1674 260 1768 303 quod⁷
1800 261 1872 295 licet
1896 260 1979 294 dicta

1241 312 1401 356 provincia
1435 313 1465 345 in
1497 306 1915 356 quibusdanrconcordatis
1949 319 1979 347 et

1241 365 1383 410 capitulis
1409 365 1654 409 provincialibus
1683 371 1854 399 conventus
1885 367 1979 411 Aqui-

1242 419 1341 452 taniae
1358 419 1498 453 eiusdem
1517 419 1641 454 Ordinis
1664 419 1695 452 in
1721 419 1893 454 custodiam
1919 420 1979 453 eri-

1241 483 1315 516 gere
1332 473 1521 515 decreverit,
1542 473 1746 516 congregatio
1771 478 1875 506 tamen
1893 483 1981 506 vene-

1241 526 1387 559 rabilium
1424 527 1556 560 fratrum
1593 532 1775 560 nostrorum
1811 526 1840 560 S.
1878 526 1912 559 R.
1947 526 1980 559 E.

1242 579 1447 613 cardinalium
1479 579 1613 623 negotiis
1642 585 1672 612 et
1701 578 1981 613 consultationibus

1241 632 1464 676 episcoporum
1500 639 1530 666 et
1566 633 1760 676 regularium
1800 632 1982 676 praeposita

1242 685 1431 718 erectionem
1449 686 1630 719 huiusmodi
1650 684 1865 729 multiplicatis
1877 685 1982 718 decre-

1243 739 1280 772 tis
1304 738 1506 782 improbavit.
1536 739 1656 778 Quibus
1680 738 1814 772 decretis
1837 748 1900 771 non
1925 737 1981 771 ob-

1242 792 1407 832 stantibus,
1429 792 1525 836 aliqui
1551 793 1664 825 l‘ratres
1691 791 1837 835 Aquitani
1858 790 1983 825 Ordinis

1241 845 1404 889 praedicti,
1436 846 1493 879 sub
1518 851 1679 890 praetextu
1709 845 1801 878 etiam
1826 854 1980 878 novorum

1242 899 1505 933 concordatorum
1521 925 1529 941 ,
1557 898 1592 932 a¹
1624 898 1745 932 dilectis
1769 898 1887 942 pariter
1910 897 1983 930 filiis

1243 952 1386 986 ministro
1411 951 1548 996 generali
1575 957 1604 985 et
1624 951 1761 996 capitulo
1786 961 1840 984 seu
1864 949 1979 983 defini-

1243 1005 1324 1038 torio
1356 1005 1493 1048 generali
1527 1015 1608 1038 anno
1640 1004 1806 1048 superiore
1841 1012 1983 1037 MDeLviu

1242 1058 1339 1091 Toleti
1371 1058 1477 1092 habito
1509 1058 1635 1092 Ordinis
1665 1058 1797 1090 fratrum
1827 1056 1982 1090 minorum

1243 1111 1382 1145 eiusdem
1408 1111 1504 1145 sancti
1531 1110 1690 1144 Francisci
1715 1110 1753 1143 de
1779 1109 1983 1144 observantia

1243 1170 1493 1209 nuncupatorum
1509 1164 1699 1197 erectionem
1713 1163 1812 1196 dictae
1825 1162 1983 1196 custodiae

1243 1223 1272 1250 et
1296 1218 1530 1262 deputationem
1556 1216 1782 1258 commissarii,
1807 1216 1859 1260 qui
1884 1226 1980 1261 prae-

1243 1271 1342 1304 dictos
1354 1277 1525 1305 conventus
1542 1270 1725 1315 Aquitaniae
1737 1281 1754 1303 a
1768 1269 1984 1303 iurisdictione

1245 1325 1378 1357 ministri
1404 1324 1605 1369 provincialis
1625 1323 1726 1356 dietae
1742 1322 1923 1367 provinciae
1940 1333 1985 1356 se-

1244 1384 1370 1423 pararet
1394 1389 1511 1423 eosque
1536 1383 1671 1421 regeret,
1696 1377 1909 1410 obtinuerunt.

1288 1434 1302 1476 ξ
1327 1433 1356 1465 02.
1381 1433 1456 1466 Cum
1478 1437 1592 1473 autem,
1607 1431 1687 1464 sicut
1706 1430 1814 1464 eadem
1830 1429 1984 1474 expositio

1244 1485 1463 1529 subiungebat,
1489 1486 1606 1518 erectio
1631 1483 1812 1517 huiusmodi
1831 1483 1918 1517 nullo
1932 1493 1984 1527 pa-

1244 1545 1295 1573 eto
1318 1539 1387 1572 fieri
1412 1538 1567 1580 debuerit,
1592 1549 1627 1571 ex
1655 1538 1756 1571 causis
1787 1537 1817 1570 in
1849 1537 1930 1570 sacto
1955 1541 1985 1570 et

1244 1592 1276 1625 in
1300 1593 1369 1625 iure
1393 1603 1499 1626 eoram
1525 1592 1664 1636 praefata
1685 1590 1892 1624 cardinalium
1914 1600 1985 1623 con-

1245 1646 1429 1689 gregatione
1460 1646 1521 1679 late
1554 1645 1717 1687 deductis,
1754 1649 1784 1678 et
1815 1649 1985 1688 propterea

1246 1700 1346 1733 dictus
1363 1699 1549 1732 Benedictus
1566 1698 1709 1731 minister
1727 1697 1929 1742 provincialis
1946 1697 1985 1731 ei-

1246 1754 1316 1786 dem
1342 1753 1491 1786 erectioni
1518 1752 1677 1785 custodiae
1702 1752 1804 1785 loemn
1829 1762 1891 1785 non
1916 1762 1985 1784 esse

1246 1819 1262 1839 a
1279 1807 1369 1841 nobis
1383 1805 1546 1847 declarari,
1565 1806 1687 1849 sibique
1702 1811 1731 1837 et
1748 1805 1816 1838 aliis
1831 1804 1983 1838 ministris

1246 1859 1492 1904 provincialibus
1515 1858 1695 1903 provinciae
1720 1857 1902 1891 huiusmodi
1925 1868 1984 1902 pro

1246 1920 1390 1958 tempore
1410 1912 1612 1947 existentibus
1627 1912 1873 1945 iurisdictionem
1892 1922 1986 1956 super

1246 1967 1416 2012 praedictis
1447 1966 1652 1999 conventibus
1676 1965 1859 2010 Aquitaniae
1884 1971 1986 2009 quate-

1245 2033 1304 2055 nus
1329 2032 1408 2065 opus
1433 2021 1472 2054 sit
1497 2020 1630 2061 restitui,
1650 2030 1685 2052 ac
1702 2019 1952 2053 commissarium
1969 2030 1986 2052 a

1247 2075 1386 2120 praefato
1412 2073 1556 2107 ministro
1586 2072 1725 2116 generali
1752 2077 1781 2105 et
1805 2072 1985 2106 definitorio

1247 2128 1383 2173 generali
1410 2128 1602 2171 deputatum,
1620 2137 1681 2160 non
1706 2126 1901 2160 obstantibus
1915 2136 1986 2159 eon-

1248 2181 1384 2215 cordatis
1415 2179 1623 2225 supradictis,
1657 2179 1784 2212 decreto
1816 2178 1986 2212 definitorii

1248 2234 1403 2279 generalis
1413 2238 1443 2267 et
1456 2233 1524 2266 aliis
1542 2233 1795 2277 quibuscumque
1813 2232 1843 2265 in
1864 2237 1987 2266 contra-

1249 2290 1330 2322 rium
1356 2288 1549 2330 facientibus,
1575 2287 1713 2320 amoveri
1735 2286 1906 2331 plurimum
1931 2286 1986 2320 de-

1249 2343 1387 2376 sideret:
1420 2353 1487 2382 nos,
1521 2341 1622 2385 ipsum
1656 2340 1856 2373 Benedictum
1890 2339 1984 2373 mini-

1249 2405 1348 2432 strum
1374 2397 1597 2441 provincialem
1623 2395 1812 2440 specialibus
1829 2394 1987 2428 favoribus

1250 2458 1280 2486 et
1303 2451 1413 2496 gratiis
1427 2450 1575 2495 prosequi
1590 2450 1739 2490 volentes,
1752 2452 1810 2483 eta
1825 2448 1986 2493 quibusvis

1251 2503 1595 2546 excommunicationis,
1615 2502 1827 2547 suspensionis
1846 2507 1876 2535 et
1897 2501 1987 2534 inter-

1288 2622 1298 2647 1
1319 2621 1384 2647 Male
1399 2620 1463 2647 edit.
1480 2619 1558 2647 Main.
1576 2618 1640 2655 legit
1654 2627 1687 2645 ac
1701 2625 1749 2654 pro
1764 2625 1782 2644 a
1796 2618 1833 2652 (n.
1849 2617 1897 2650 T.).

1990 213 2037 240 An.
2059 213 2088 240 C.
2110 214 2173 242 1659

2026 1440 2164 1466 Supplieatio.
