2243 3205
25 170 72 197 An.
89 169 118 196 C.
140 169 207 196 1659

263 217 343 257 Nos,
368 217 421 260 qui
442 217 586 260 operosis
606 216 726 259 studiis,
752 221 903 260 quantum
929 215 960 247 in

219 268 352 303 Domino
370 279 548 313 possumus,
567 269 758 302 intendimus
777 275 809 301 ut
825 279 860 301 ea
873 278 961 301 saera

219 321 349 364 indulta,
374 333 454 367 quae
479 323 510 355 in
535 323 616 356 felici
642 322 797 366 regimine
818 321 892 355 dicti
909 321 962 354 Or-

221 375 303 409 dinis
321 376 419 409 saneti
432 376 591 410 Francisci
606 387 754 410 concessa
769 379 848 418 sunt,
863 374 961 408 fideli-

222 434 268 462 ter
286 429 504 471 observentur,
524 439 647 463 necnon
672 429 861 474 quandoque
876 438 963 461 rex-o-

222 487 351 523 centur,
376 488 471 526 prout
495 483 694 526 Apostolicae
719 482 789 516 Sedi
815 481 963 526 expedire

221 534 404 568 benevisum
430 541 485 575 est,
511 535 540 568 id
562 536 705 579 exigente
730 535 884 578 regularis
909 534 963 568 ob-

223 588 396 622 servantiae
414 588 551 622 candere
576 595 606 622 et
629 588 864 633 provinciarum
886 588 965 631 regi-

223 642 307 675 mine
326 642 470 684 feliciori⁷
489 642 589 675 dictae
605 642 786 686 provinciae
799 642 964 676 directioni

223 698 253 729 et
277 695 444 729 commodo
462 695 626 728 consulere
644 694 832 739 cupientes¹‚
851 700 966 727 mente-

222 758 283 792 que
298 747 467 780 retinentes
481 747 597 781 dictam
610 747 965 782 constitutionemUrba-

222 799 254 832 ni
270 799 334 832 VIII
348 799 447 832 nostri
461 800 565 844 patrui
579 799 797 844 principaliter
807 805 964 833 exaratam

221 852 318 886 fuisse
330 863 389 897 pro
402 853 571 897 provinciis
586 857 703 888 tantum
719 853 965 887 Observantibus

223 905 446 950 Hispaniarum
472 906 608 940 familiae
632 907 905 948 ultramontanae,
937 912 966 939 et

224 969 287 993 non
299 971 358 1004 pro
372 960 522 993 fratribus
535 960 630 994 Tertii
648 960 782 1002 Ordinis,
797 960 834 993 de
851 961 966 1004 quibus

224 1013 359 1047 debebat
382 1013 452 1047 fieri
478 1005 637 1047 individua
662 1014 790 1055 mentio,
811 1025 882 1047 cum
906 1015 967 1047 sint

226 1067 356 1101 alterius
369 1067 493 1101 Ordinis
511 1072 541 1100 et
561 1068 777 1112 professionis,
795 1068 966 1111 apostoliea

225 1121 412 1155 auctoritate
436 1122 527 1156 nobis
552 1122 583 1154 in
620 1122 677 1155 bac
705 1127 792 1165 parte
818 1124 965 1155 concessa

226 1176 402 1217 statuimus,
428 1176 682 1209 decernimuset
707 1176 904 1209 declaramus
921 1176 966 1208 di-

226 1235 291 1263 etas
315 1230 553 1264 constitutiones
578 1230 743 1263 Clementis
762 1230 825 1263 vill
848 1235 876 1263 et
897 1231 969 1263 Gre-

227 1284 308 1327 gorii
333 1284 393 1325 XV,
418 1284 533 1328 quibus
564 1294 673 1317 omnes
705 1289 810 1328 patres
834 1284 965 1328 provin-

227 1338 347 1371 ciarum
372 1337 556 1377 abolentur,
585 1338 615 1370 in
642 1343 804 1382 posterum
832 1339 862 1371 in
888 1339 969 1372 dicta

228 1391 392 1435 provincia
418 1391 640 1424 inviolabiliter
657 1391 818 1424 observari
844 1392 969 1433 debere,

227 1446 308 1480 acin
322 1447 378 1479 sua
392 1446 483 1479 viridi
497 1445 694 1480 observantia
713 1446 893 1490 persistere,
908 1457 971 1480 non

231 1499 374 1533 obstante
407 1499 489 1532 dicta
519 1499 741 1533 constitutione
770 1500 885 1533 Urbani
907 1501 970 1534 VIII

228 1563 308 1598 quae
322 1552 432 1597 incipit
443 1553 594 1594 Onerosa,
605 1558 673 1593 etc.;
689 1553 748 1596 cui,
761 1554 972 1598 omnibusque

229 1607 329 1652 ipsius
347 1607 505 1649 clausulis,
523 1618 581 1651 pro
598 1609 750 1651 perpetua
772 1608 973 1641 subsistentia

230 1660 423 1704 suffragandi
449 1660 526 1693 iuris
552 1661 650 1704 patris
670 1661 855 1704 antiquioris
880 1667 973 1705 atque

230 1714 486 1759 exprovincialis,
521 1714 551 1746 in
580 1714 637 1747 bac
667 1720 755 1758 parte
786 1715 972 1758 derogatum

231 1779 297 1802 esse
330 1768 495 1810 volumus,
535 1767 738 1810 auctoritate,
764 1778 825 1811 qua
857 1780 973 1812 supra,

231 1822 462 1867 praecipientes
487 1821 642 1854 universis
667 1827 693 1854 et
722 1822 853 1865 singulis
880 1833 972 1866 supe-

233 1876 370 1909 rioribus
391 1881 419 1908 et
444 1875 577 1908 subditis
597 1875 775 1919 praedictae
794 1876 974 1919 provinciae

233 1929 264 1962 in
279 1928 392 1962 virtute
406 1934 530 1961 sanctae
544 1928 749 1971 obedientiae,
760 1935 787 1961 et
803 1929 860 1962 sub
873 1931 973 1973 poena

233 1983 418 2026 privationis
444 1982 631 2022 officiorum,
657 1993 778 2015 necnon
798 1983 882 2016 vocis
904 1984 975 2016 acti-

233 2047 289 2069 vae
314 2041 342 2069 et
367 2035 516 2079 passivae,
537 2042 570 2068 ut
588 2041 767 2079 praesentes
793 2037 912 2069 litteras
927 2036 975 2069 de-

233 2090 318 2123 bitae
342 2090 516 2124 executioni
543 2090 724 2123 demandari
750 2101 785 2123 ac
811 2090 975 2123 inviolabi-

234 2144 307 2177 liter
346 2144 506 2177 observari
545 2150 655 2176 curent
692 2149 721 2176 et
758 2144 878 2177 saciant.
918 2145 977 2177 Pro

235 2208 373 2242 quorum
399 2197 540 2230 omnium
568 2198 752 2231 executione
770 2208 898 2231 oramus
918 2198 977 2241 pri-

237 2251 373 2285 marium
393 2251 611 2294 inquisitorem
630 2251 725 2284 sancti
742 2251 835 2284 officii
853 2251 882 2283 in
895 2251 978 2284 dicto

238 2315 338 2348 regno
362 2305 549 2346 Lusitaniae,
576 2310 608 2337 ut
633 2305 688 2337 lias
714 2309 836 2338 nostras
861 2304 979 2338 litteras

239 2358 442 2392 infallibiliter
482 2368 680 2402 quacumque
721 2358 980 2401 tergiversatione

239 2412 414 2457 postposita
439 2411 599 2444 observari
625 2411 762 2451 studeat,
781 2423 838 2455 pro
860 2422 921 2455 qua
947 2422 980 2444 re

239 2466 412 2511 plenariam
438 2470 576 2498 nostram
603 2465 738 2508 desuper
762 2465 818 2508 ipsi
845 2465 982 2509 imperti-

281 2583 289 2608 1
315 2581 383 2609 Edit.
401 2581 479 2608 Μαίη.
498 2580 561 2616 legit
576 2580 693 2615 cupiens
708 2580 744 2615 (n.
758 2580 806 2615 τ.).

820 167 1007 192 ALEXANDER
1031 167 1074 190 Vll
1099 168 1146 191 PP.

1635 157 1692 191 431

995 226 1066 248 mur
1091 215 1279 256 facultatem,
1305 226 1426 249 necnon
1447 226 1664 260 quoscumque
1686 226 1734 248 re-

994 268 1091 301 belles
1124 268 1187 302 sive
1217 269 1464 302 contradictores
1500 279 1556 313 per
1589 279 1737 302 censuras

995 332 1206 364 compescere,
1232 322 1295 355 sire
1321 323 1380 354 alia
1406 322 1483 355 iuris
1513 322 1651 355 remedia
1680 332 1737 365 pro

996 375 1107 407 harum
1140 375 1316 408 litterarum
1355 375 1553 408 observantia
1587 375 1738 408 adbibere

996 439 1054 472 pro
1079 428 1255 470 cassandis,
1281 428 1458 469 abolendis,
1484 433 1517 461 ut
1541 428 1739 472 praefertur,

996 481 1214 515 huiuscemodi
1228 482 1369 525 patribus
1383 482 1555 526 perpetuis,
1566 492 1740 525 eorumque

998 537 1029 568 in
1053 535 1200 569 omnibus
1224 535 1367 580 capitulis
1393 541 1419 568 et
1450 535 1637 569 delinitoriis
1669 546 1740 579 per-

998 594 1092 633 petuo
1117 589 1309 632 suffragandi
1337 589 1404 621 iure
1434 589 1595 622 cassando.
1627 589 1739 621 Datum

999 643 1115 676 Romae
1140 643 1189 676 die
1215 654 1255 676 xv
1281 642 1458 676 decembris
1480 653 1621 676 nucum
1639 653 1675 676 ex
1694 653 1741 675 ae-

999 696 1090 730 dibus
1115 697 1319 730 cancellariae
1343 695 1543 740 apostolicae.

1044 750 1076 782 E.
1103 749 1269 783 cardinalis
1291 750 1502 791 BAnsseniix'rs,
1524 753 1694 792 protector.

1109 803 1268 836 Aoiirirrs
1293 803 1482 843 Coroasius,
1507 801 1695 835 secretarius
1711 812 1738 832 n:

1044 858 1185 902 Cumque
1217 857 1360 891 firmiora
1390 857 1450 890 sint
1478 867 1525 897 ea,
1550 865 1630 900 quae
1654 855 1741 888 Sedis
1807 868 1940 894 Suppuratio

1000 911 1179 955 praedictae
1211 911 1385 944 munimine
1416 911 1617 950 roborantur,
1649 909 1741 942 nobis
1755 901 1813 941 3523„
1831 895 1940 947 ffl'lfflzl'cl}

1000 969 1170 1008 propterea
1194 965 1295 999 dictus
1321 966 1452 998 Ioannes
1476 963 1639 996 humiliter
1670 973 1742 1006 sup·
1757 948 1941 995 titiissltssneffi‘.

1001 1018 1110 1061 plicari
1137 1018 1218 1059 fecit,
1237 1024 1270 1050 ut
1290 1018 1450 1051 decretum
1469 1016 1649 1049 huiusmodi
1668 1027 1738 1060 apo·

1002 1071 1110 1104 stolica
1144 1072 1329 1105 auctoritate
1362 1071 1550 1104 confirmare
1582 1070 1620 1102 de
1648 1069 1738 1102 beni-

1001 1124 1119 1167 gnitate
1140 1124 1310 1168 apostolica
1332 1124 1546 1166 dignaremur.

1047 1177 1107 1220 §tl
1127 1179 1188 1211 Nos
1210 1177 1315 1220 igitur,
1338 1178 1483 1210 eumdem
1502 1177 1649 1209 Ioannem
1677 1186 1743 1219 spe-
1767 1187 1942 1218 canni-maim-

1003 1232 1134 1265 cialibus
1160 1232 1319 1265 favoribus
1344 1237 1373 1264 et
1391 1231 1500 1274 gratiis
1518 1230 1665 1274 prosequi
1692 1218 1816 1262 VO,¹¹¹*’⁸·

1004 1286 1112 1328 lentes,
1131 1291 1160 1318 et
1177 1296 1193 1318 a
1215 1285 1376 1329 quibusvis
1401 1283 1746 1323 excommunicationis,

1004 1339 1218 1383 suspensionis
1250 1343 1279 1372 et
1304 1337 1470 1378 interdicti,
1497 1337 1628 1380 aliisque
1653 1336 1748 1369 eccle-

1005 1393 1137 1426 siasticis
1162 1392 1341 1432 sententiis,
1367 1392 1508 1425 censuris
1538 1396 1568 1423 et
1599 1390 1707 1434 poenis
1732 1400 1748 1422 a

1007 1447 1073 1479 iure
1100 1447 1146 1479 rel
1164 1446 1203 1478 ab
1222 1445 1349 1478 bomine
1374 1444 1485 1488 quavis
1511 1444 1675 1476 occasione
1701 1442 1748 1475 vel

1007 1501 1099 1533 causa
1124 1499 1203 1541 latis,
1222 1499 1245 1531 si
1265 1498 1378 1542 quibus
1396 1497 1635 1541 quomodolibet
1660 1496 1750 1529 inno-

1007 1553 1097 1586 datus
1130 1553 1248 1593 existit,
1280 1552 1316 1585 ad
1354 1552 1500 1585 effectum
1534 1550 1749 1595 praesentium

1007 1607 1165 1640 dumtaxat
1184 1606 1451 1653 consequendum,
1468 1606 1580 1638 harum
1597 1604 1678 1638 serie
1695 1604 1749 1637 ab·

1007 1662 1162 1695 solventes
1197 1667 1226 1694 et
1260 1661 1438 1694 absolutum
1472 1660 1537 1693 fore
1570 1664 1749 1699 censentes,

1008 1716 1188 1749 huiusmodi
1215 1714 1497 1759 supplicationibus
1522 1714 1674 1753 inclinati,
1699 1713 1749 1745 de-

1009 1775 1128 1803 cretum
1159 1769 1412 1813 praeinsertum,
1445 1779 1515 1800 cum
1545 1767 1691 1800 omnibus
1720 1772 1751 1799 et

1008 1823 1140 1867 singulis
1166 1824 1195 1855 in
1215 1823 1267 1855 illo
1286 1822 1450 1862 contentis,
1472 1825 1579 1855 tenore
1603 1831 1751 1865 praesen-

1009 1878 1084 1912 tium
1100 1877 1326 1910 confirmamus
1344 1880 1373 1909 et
1389 1875 1613 1919 approbamus,
1627 1874 1752 1917 illisque

1009 1931 1196 1964 inviolabilis
1232 1930 1420 1974 apostolieae
1458 1928 1616 1961 firmitatis
1653 1927 1752 1961 robur

1010 1984 1183 2017 adiicimus.

1054 2038 1069 2081 ξ
1092 2036 1121 2070 3.
1148 2038 1357 2070 Decernentes
1382 2036 1542 2069 decretum
1570 2035 1751 2068 huiusmodi
1768 2043 1826 2090 hup
1842 2044 1951 2090 Ξξςθοΐιῖἑιιτέ

1010 2101 1132 2124 necnon
1158 2096 1338 2134 praesentes
1364 2091 1484 2122 litteras
1511 2089 1629 2131 valida⁷
1662 2088 1753 2121 firma
1768 2086 1877 2118 ma'naais

1011 2150 1041 2177 et
1065 2144 1201 2177 efficacia
1227 2144 1359 2177 existere
1380 2149 1410 2176 et.
1435 2144 1511 2183 fore,
1537 2153 1672 2186 suosque
1693 2143 1754 2186 ple-

1012 2198 1116 2230 narios
1138 2203 1167 2230 et
1193 2199 1331 2240 integros
1355 2197 1484 2230 effectus
1505 2196 1610 2229 sortiri
1637 2200 1664 2228 et
1691 2195 1750 2229 ob-

1013 2252 1122 2291 tinere,
1142 2262 1176 2284 ac
1195 2251 1233 2283 ab
1253 2251 1399 2283 omnibus
1421 2256 1449 2283 et
1468 2250 1610 2292 singulis,
1625 2248 1662 2281 ad
1676 2259 1755 2292 quos

1013 2308 1131 2348 spectat
1155 2309 1183 2336 et
1210 2315 1268 2347 pro
1293 2309 1437 2348 tempore
1463 2302 1624 2347 spectabit,
1650 2301 1752 2335 invio-

1014 2357 1148 2390 labiliter
1174 2357 1351 2398 observari,
1378 2358 1485 2401 sicque
1512 2367 1569 2400 per
1591 2366 1757 2400 quoscum-

1014 2422 1073 2455 que
1096 2411 1213 2444 iudices
1231 2410 1408 2444 ordinarios
1426 2415 1452 2442 ct
1473 2410 1644 2452 delegatos,
1663 2410 1756 2442 etiam

1014 2475 1178 2497 causarum
1205 2464 1309 2508 palatii
1335 2463 1499 2507 apostolici
1522 2463 1690 2502 auditores,
1709 2463 1754 2495 iu-

1013 2518 1108 2550 dicari
1140 2524 1170 2549 et
1199 2517 1323 2550 definiri
1352 2517 1488 2557 debere,
1517 2528 1552 2549 ar.
1577 2517 1701 2549 irritum
1727 2522 1757 2550 et

1015 2572 1126 2612 inane,
1152 2571 1176 2603 si
1210 2582 1299 2604 secus
1333 2567 1502 2614 superbis
1535 2581 1552 2602 a
1577 2580 1755 2615 quoquam,

1745 167 1793 194 An.
1816 165 1844 193 C.
1867 165 1933 193 1659
