2185 3188
12 185 62 210 An.
81 183 108 209 C.
130 181 196 209 1656

39 2312 137 2335 Concedit
160 2321 190 2336 re·

29 2346 73 2361 mae
103 2341 191 2363 Sveciau

26 2366 96 2387 'uuum
139 2368 191 2389 San-

15 2395 67 2413 ctum
79 2396 98 2414 et
111 2400 192 2416 sacram

801 177 984 200 Art-rtemann
1012 177 1052 199 itt
1074 177 1119 199 ΓΡ.

205 229 305 262 forma
340 228 376 260 ad
409 228 469 261 hoc
502 226 655 260 servanda
687 227 787 265 soret,
818 225 944 258 illorum

205 282 345 316 omnium
371 286 401 314 et
425 281 622 324 singulorum
650 285 774 314 tenores
802 288 946 322 praescn-

206 335 298 374 tibus,
315 345 350 367 ac
367 334 390 366 si
409 334 447 367 de
465 334 561 367 verbo
579 333 615 366 ad
634 333 764 366 verbum
783 342 817 364 ac
843 332 944 364 forma

205 388 235 421 in
260 387 320 420 illis
352 387 464 420 tradita
490 389 611 420 servata
637 386 890 430 exprimerentur
916 390 945 417 et

205 441 429 480 insererentur,
444 451 502 484 pro
522 440 613 484 plene
635 444 664 471 et
682 438 873 471 sufficienter
895 448 945 470 ex-

204 493 321 538 pressis
336 500 363 526 ct
380 493 503 526 insertis
516 494 676 532 habentes,
690 492 749 524 illis
759 491 834 524 alias
847 491 876 524 in
889 502 944 524 suo

204 547 321 581 robore
359 547 595 591 permansuris,
631 546 668 579 ad
697 545 944 590 praemissorum

205 601 349 635 effectum
375 602 433 634 hac
449 602 516 635 vice
541 600 718 645 specialiter
742 605 772 632 et
796 609 944 643 expresse

204 654 411 698 derogamus3
437 653 613 697 ceterisque
627 652 793 686 contrariis
813 652 944 695 quilms-

203 719 355 752 cumque;

248 760 316 804 53.
341 762 401 794 Aut
430 760 455 793 si
488 759 657 804 praedictis
694 764 723 792 et
754 758 945 802 quibuslibet

204 813 272 846 aliis
293 814 330 847 sit
348 824 364 846 a
380 813 459 846 Sede
473 813 654 857 Apostoliea
668 811 880 845 communiter
892 816 945 843 aut
961 832 962 843 i

204 866 326 899 divisim
352 866 518 906 indultum,
550 866 634 910 qnod
664 864 944 904 excommunicari,
961 888 962 893 ,

203 920 352 964 suspendi
379 925 407 954 et
432 920 575 953 interdici
599 930 663 953 non
687 919 808 963 possint
826 929 883 962 per
900 918 945 950 lit-

203 977 284 1005 teras
308 974 494 1017 apostolicas
513 984 577 1007 non
601 973 748 1006 facientes
772 973 896 1016 plenam
915 976 944 1004 et

202 1037 381 1070 expressam
419 1037 455 1059 ac
487 1027 525 1059 de
558 1027 655 1059 verbo
686 1026 724 1058 ad
749 1025 879 1058 verbum
906 1025 944 1057 de

203 1080 322 1114 indulto
347 1081 527 1115 huiusmodi
552 1081 752 1114 mentionem.

246 1135 357 1167 Datum
383 1136 518 1175 Romae,
546 1134 628 1179 apud
653 1135 681 1167 S.
706 1135 857 1173 Petrum,
886 1134 943 1166 sub

202 1189 318 1222 annulo
350 1189 538 1229 piscatoris,
560 1189 609 1221 die
631 1199 640 1221 1
661 1189 794 1221 ianuarii
816 1198 942 1227 noema,

202 1243 403 1287 pontificatus
427 1243 526 1276 nostri
552 1253 633 1275 anno
651 1253 670 1275 ι.

237 1307 297 1334 Dat.
315 1306 357 1334 die
378 1308 384 1333 t
405 1306 518 1333 ianuarii
538 1307 621 1341 1656,
641 1307 734 1342 pontif.
757 1315 827 1334 anuo
847 1315 864 1334 t.

523 1449 624 1482 LXlIl.

203 1529 340 1562 Mandat
364 1529 642 1572 archipresbytero
668 1533 696 1562 et
721 1530 865 1573 capitulo
894 1531 946 1563 ba-

247 1582 360 1614 silicae
383 1581 416 1615 S.
444 1582 538 1615 Petrz'
561 1582 598 1614 cle
635 1582 734 1621 Vrbe,
763 1587 821 1621 ut,
856 1584 884 1615 si
916 1588 944 1616 ct

247 1635 379 1679 quando
403 1646 423 1668 a
447 1636 562 1678 reqimi
587 1635 715 1668 Sreciae
741 1636 865 1679 suerint
899 1648 944 1670 rc-

247 1689 376 1732 quisz'tz',
401 1688 548 1732 deferant
578 1689 712 1722 Vultum,
736 1690 890 1722 Sanctum
918 1695 945 1723 el

247 1752 375 1775 sacram
401 1741 546 1775 lanceam
570 1753 670 1786 usquc
694 1743 736 1775 ad
759 1744 857 1786 sores,
887 1754 945 1787 per

247 1806 329 1839 quas
353 1805 368 1828 e
393 1795 481 1828 dicta
511 1796 645 1828 basilica
675 1796 776 1829 statar
803 1807 944 1830 accessus

247 1849 289 1882 ad
315 1849 522 1883 tabernacula
548 1850 604 1882 ubi
629 1849 785 1883 collocata
805 1855 891 1890 sunt,
915 1855 945 1883 et

248 1903 303 1936 itti
327 1903 497 1936 ostendant
515 1903 534 1937 ¹.

204 1983 317 2011 Dilecto
337 1984 399 2011 filio
420 1983 681 2019 archipresbytero
703 1992 738 2011 ac
765 1985 897 2018 capituto
914 1988 945 2012 et

240 2029 392 2056 canonicis
412 2028 556 2056 basilicae
575 2028 721 2062 Principis
737 2029 944 2063 Apostolorum

239 2073 273 2101 de
295 2074 382 2105 Urbe,

399 2128 563 2154 Alexander
583 2128 660 2161 Papa
681 2128 743 2155 Vll,

478 2190 594 2217 Dilecte
615 2190 670 2223 fili,

254 2235 383 2262 salutem
399 2237 428 2261 et
444 2235 636 2268 apostolicam
651 2235 900 2263 benedictionem.

251 2305 265 2349 ξ
290 2305 318 2337 t.
345 2305 383 2337 Ut
407 2304 567 2338 carissima
601 2306 630 2337 in
655 2306 777 2339 Christo
803 2306 865 2338 tilia
890 2317 943 2340 no-

207 2362 268 2392 stra
294 2358 449 2392 Christina
474 2358 599 2391 Sveciae
625 2359 732 2402 regina
751 2359 881 2392 illustris
899 2370 946 2393 su-

1627 165 1690 197 ’105

979 234 1100 257 necnon
1127 224 1282 265 lanceam,
1308 235 1368 268 qua
1393 224 1473 256 latus
1498 223 1637 256 eiusdem
1661 222 1721 256 Do-

962 261 964 322 ἶ
980 277 1056 309 mini
1071 277 1169 311 nostri
1185 278 1253 310 lesu
1267 277 1380 311 Christi
1395 277 1425 309 in
1447 287 1539 310 cruce
1557 275 1721 319 pendentis

962 324 1123 374 'apertum
1139 330 1205 370 suit,
1220 341 1279 373 pro
1301 332 1356 363 sua
1377 328 1560 363 devotionc¹
1578 329 1721 362 cominus

961 378 1120 427 Jaspicere
1145 389 1174 416 et
1200 384 1342 416 venerari
1368 384 1483 423 valcat,
1512 382 1600 415 vohis
1630 392 1722 426 prae-

979 437 1112 470 sentium
1139 438 1220 470 serie
1241 437 1437 476 mandamus,
1455 441 1620 480 quatenus,
1641 436 1666 468 si
1691 441 1722 468 et

961 489 963 534 ζ
978 490 1102 534 quando
1117 500 1133 522 a
1147 490 1306 534 praedicta
1327 489 1482 523 Clu-istina
1498 489 1606 532 regina
1627 499 1721 532 super

961 535 1037 587 {hoc
1063 543 1184 576 fueritis
1204 543 1358 586 requisiti,
1376 542 1548 577 sudarium,
1570 552 1623 573 seu
1646 542 1719 573 Vul-

961 589 963 603 ”
979 601 1042 628 tum
1058 596 1215 637 Sanctum,
1232 601 1261 628 et
1274 597 1415 627 lanceam
1434 594 1626 634 huiusmodi,
1640 605 1720 637 quae

961 667 963 671 >
979 650 1009 682 in
1035 649 1165 682 basilica
1180 649 1334 692 Principis
1348 649 1569 692 Apostolorum
1586 648 1623 680 de
1639 648 1720 680 Urbe

960 734 962 740 ,
978 708 1188 743 asservantur,
1210 713 1225 735 e
1245 702 1449 735 tabernaculo
1467 712 1521 734 seu
1540 701 1721 734 tabernacu-

961 757 1025 797 ¹lis⁷
1051 757 1103 789 ubi
1124 767 1207 789 nnnc
1225 756 1429 800 reperiuntur
1445 755 1606 795 collocata,
1620 765 1721 797 usque

961 797 1016 842 'ad
1041 809 1141 850 sores,
1167 820 1223 852 per
1250 819 1327 852 quas
1358 819 1375 841 e
1404 807 1533 841 basilica
1560 807 1721 850 praedicta

978 862 1016 895 ad
1042 862 1166 904 odeum⁷
1192 863 1222 894 in
1247 873 1310 906 quo
1337 861 1570 894 tabernaculum
1597 871 1652 893 seu
1677 866 1722 893 ta-

960 915 1148 948 ·bernacula
1173 915 1353 948 huiusmodi
1380 915 1531 954 existunt,
1556 913 1651 946 datur
1675 924 1722 946 ac-

979 979 1095 1009 cessus,
1122 980 1192 1001 cum
1219 969 1331 1002 debitis
1351 969 1472 1001 honore
1490 973 1520 1000 et
1545 967 1721 1001 reverentia

978 1022 1092 1056 deferri
1119 1023 1255 1063 curetis,
1282 1033 1317 1055 ac
1349 1021 1448 1054 eidem
1472 1020 1645 1055 Clu'istinae
1671 1031 1720 1053 re-

978 1076 1069 1119 ginae
1094 1076 1274 1109 ostendatis.

1023 1130 1037 1172 ,ξ
1068 1129 1097 1162 02.
1132 1129 1199 1162 Non
1224 1129 1420 1162 obstantibus
1444 1127 1720 1162 constitutionibus

978 1188 1007 1215 et
1032 1183 1282 1216 ordinationibus
1306 1182 1496 1226 apostolicis,
1521 1192 1642 1215 necnon
1668 1181 1717 1214 di-

978 1242 1043 1271 ctac
1063 1237 1221 1277 basilicae,
1239 1238 1331 1270 etiam
1354 1237 1540 1277 iuramento,
1558 1237 1722 1270 contii-ma-

979 1291 1062 1324 tione
1079 1291 1269 1334 apostolica,
1294 1291 1341 1323 vel
1362 1290 1471 1334 quavis
1489 1290 1637 1322 firmitate
1661 1289 1722 1323 alia

980 1345 1146 1386 roboratis⁷
1164 1345 1286 1378 statutis
1310 1350 1339 1377 et
1364 1344 1654 1384 consuetudinibus,
1671 1354 1722 1377 ce-

979 1398 1117 1442 terisque
1141 1398 1308 1431 contrariis
1332 1398 1595 1441 quibuscumque.

1023 1452 1133 1484 Datum
1160 1452 1296 1491 Romae,
1321 1451 1403 1495 apud
1429 1452 1457 1484 S.
1485 1451 1633 1491 Petrum,
1663 1451 1720 1484 sub

979 1506 1095 1539 annulo
1116 1506 1295 1549 Piscator-is,
1316 1506 1365 1539 die
1386 1516 1418 1539 111
1440 1506 1572 1539 ianuarii
1594 1516 1720 1547 unctu,

980 1560 1179 1604 pontificatus
1203 1560 1302 1593 nostri
1328 1570 1411 1593 anno
1434 1570 1452 1592 1.

1015 1625 1070 1652 Dat.
1090 1625 1133 1652 (lie
1150 1626 1164 1653 3
1181 1624 1294 1652 ianuarii
1315 1625 1390 1657 ¹650,
1412 1623 1505 1658 pontit.
1523 1631 1592 1650 anuo
1609 1631 1626 1650 1.

1298 1759 1396 1791 LXIV.

979 1840 1127 1873 Licentia
1158 1850 1217 1883 pro
1249 1839 1420 1874 Clzristimt
1455 1839 1571 1882 resjz'na
1596 1838 1723 1871 Svcciae

1023 1894 1242 1937 ingyrecliends,
1270 1894 1394 1937 quoties
1412 1893 1560 1931 voluerit,
1581 1896 1719 1936 cryptas,

1023 1947 1187 1990 cappellas
1212 1951 1242 1979 et
1266 1947 1336 1979 alia
1355 1946 1420 1979 loca
1439 1956 1531 1978 sacra
1549 1956 1723 1989 quaecum-

1023 2012 1084 2044 que
1109 2002 1140 2033 z'n
1171 2001 1250 2034 L'rbe
1275 1999 1482 2033 eristentia?

1055 2081 1232 2108 carissimae
1248 2081 1279 2108 in
1296 2081 1413 2108 Christo
1429 2080 1509 2107 filiae
1525 2082 1648 2107 nostrae

1032 2126 1210 2158 Christinae‚
1240 2126 1364 2153 sveciae
1391 2125 1513 2160 reginae
1543 2124 1668 2157 illustri,

1174 2179 1343 2206 Alexander
1364 2179 1443 2212 Papa
1462 2178 1526 2206 VII.

1072 2242 1231 2270 carissima
1253 2244 1284 2269 in
1305 2241 1422 2269 Christo
1438 2242 1500 2268 filia
1521 2244 1634 2273 nostra,

1015 2288 1146 2315 salutem
1166 2291 1197 2314 et
1218 2287 1413 2320 apostolicam
1437 2286 1686 2313 benedictionem.

1024 2359 1039 2401 ξ
1064 2358 1092 2390 Ἰ.
1119 2358 1238 2390 Eximia
1263 2357 1434 2390 maiestatis
1460 2362 1529 2389 tuae
1562 2356 1591 2389 in
1622 2357 1721 2389 Deum

1737 174 1785 199 An.
1803 173 1829 199 C.
1854 173 1920 200 1656

1807 1136 1921 1166 Derngatio

1737 1165 1896 1184 contrariorum.

1787 2362 1826 2382 lliil
1859 2362 1923 2392 [teul-

1739 2391 1803 2409 tau-in
1838 2395 1922 2412 reculae

15 2418 106 2440 lanceam
122 2421 148 2442 aa
170 2427 192 2442 se
207 2411 328 2444 darium
354 2417 478 2444 sanctae
505 2411 691 2451 Veronicae‚
718 2412 766 2444 eui
793 2412 945 2456 impressa
981 2412 1091 2456 pietas,
1109 2411 1259 2453 singulari
1286 2410 1316 2443 in
1342 2420 1398 2443 nos
1424 2415 1453 2442 ct
1479 2410 1558 2443 lianc
1584 2415 1721 2442 sanctam
1738 2416 1827 2437 &meme
1854 2421 1921 2440 mere-

15 2445 97 2467 deferri.

207 2465 368 2507 estimago
384 2465 486 2498 vultus
501 2465 623 2497 Domini
650 2466 747 2498 nostri
775 2466 842 2498 lcsu
862 2466 947 2499 Cliri-

208 2518 255 2558 sti,
282 2519 405 2550 Vultum
432 2517 578 2550 Sanctum
606 2518 699 2560 vulgo
720 2524 945 2563 nuncupatum,

246 2583 252 2607 l
279 2580 312 2606 lix
337 2581 441 2613 liecest.
465 2581 488 2606 in
511 2580 611 2606 Srrret.
635 2580 709 2607 lli-ev.

311 2636 386 2663 uult.
402 2636 485 2662 ltom.
500 2652 530 2655 —-
554 2635 611 2663 Vot.
630 2634 704 2661 XVI.
870 2636 902 2662 14

1018 2493 1027 2518 1
1048 2490 1111 2517 lleic
1127 2490 1159 2516 ad
1176 2490 1322 2524 marginem
1339 2490 1403 2516 edit.
1422 2490 1504 2516 Main.
1521 2493 1596 2517 notat
1609 2490 1659 2523 sic,
1677 2499 1723 2516 cu-

981 2537 1021 2563 ius
1037 2535 1181 2562 notationis
1198 2535 1268 2561 nulla
1286 2535 1352 2561 ratio
1368 2535 1488 2561 cernitur
1503 2535 1540 2569 (n.
1558 2536 1607 2569 ln).

1016 2582 1031 2607 2
1047 2581 1083 2607 Ex
1102 2580 1207 2615 ltegest.
1226 2581 1252 2606 in
1268 2580 1368 2606 Secret.
1392 2579 1525 2607 Breriuni.
1556 2583 1563 2589 ·
