2243 3205
48 153 95 180 Au.
115 153 143 178 C.
166 150 249 179 16599

243 208 280 231 eo
305 197 352 230 vel
377 197 444 230 eius
469 196 615 230 mandato
637 195 737 229 vocati
763 195 888 236 suerint,
914 204 984 227 con-

243 251 366 291 venire;
400 256 513 283 statuta
538 256 567 283 01
592 249 829 283 constitutiones
861 253 983 281 nostras

242 303 273 336 in
303 303 450 336 omnibus
482 308 512 336 et
540 314 597 347 per
626 302 732 335 omnia
763 300 984 334 inviolabiliter

242 358 428 399 observare,
450 357 623 397 honorem,
641 356 805 389 utilitatem
833 360 863 388 et
886 353 985 396 digni-

243 416 337 443 tatem
363 411 465 455 ipsius,
487 411 612 454 collegii
637 420 760 453 semper
785 415 815 442 et.
845 408 984 441 ubicum-

243 475 304 508 que
337 464 452 497 suerint
474 474 668 507 procurare3
695 462 924 506 exemptionem
955 466 985 494 et

83 533 164 553 Poenae
188 533 229 550 sia·
244 517 422 550 libertatem
440 517 579 550 eiusdem
601 516 696 555 tueri;
721 526 800 560 quae
825 514 930 548 omnia
955 520 985 547 et

47 560 229 607 iiissssi'itiencssssfm
248 571 373 614 singula
389 576 556 615 antequam
577 569 754 603 scribantur
771 570 801 602 in
819 569 984 601 matricula

246 624 457 657 universitatis
475 624 555 656 infra
573 634 625 656 sex
644 624 709 656 dies
723 634 739 655 a
754 623 802 655 die
824 622 984 655 electionis

244 678 376 711 rectoris
405 677 548 711 moderni
579 677 824 721 computandos,
846 676 870 709 si
896 686 984 720 prae-

243 735 346 763 sentes
376 730 509 771 suerint,
542 730 588 763 vel
622 730 702 762 infra
733 729 810 763 alios
837 740 889 762 sex
919 729 984 762 dies

243 789 409 827 postquam
436 783 474 816 ad
499 783 733 816 universitatem
760 783 919 822 venerint,
945 789 985 815 10-

243 842 377 869 neantur
397 837 441 869 sic
466 837 585 876 iurare,
611 837 664 880 qui
685 842 787 869 auten}
810 836 869 868 11110
895 835 981 868 111111-

244 895 384 923 mentum
401 900 462 923 non
481 889 702 933 praestiterint,
720 889 896 922 nullatenus
913 899 985 931 gau-

243 943 337 977 deant
368 943 543 987 privilegiis
567 949 598 976 01
627 943 855 987 praerogativis
888 943 984 986 ipsius

244 997 466 1038 universitatis,
486 1008 544 1031 nec
561 997 740 1030 scribantur
758 997 788 1029 in
808 996 983 1038 matricula,

244 1051 275 1084 in
292 1063 354 1095 qua
379 1051 474 1084 scribi
499 1050 654 1084 debeant¹
675 1050 803 1084 nomina
824 1056 853 1083 01
873 1061 986 1093 cogno-

244 1105 329 1137 mina
346 1105 487 1138 omnium
508 1110 536 1138 01
556 1105 751 1148 singularum
777 1114 984 1148 personarum

244 1158 276 1190 in
293 1158 401 1191 ezldem
427 1158 628 1191 universitate
648 1157 863 1197 residentium,
884 1168 986 1201 neque

245 1217 467 1256 computentur
490 1217 543 1244 aut
567 1211 772 1244 admittantur
801 1211 894 1244 alicui
919 1222 987 1244 cur-

245 1275 307 1308 sus,
326 1275 404 1309 quos
422 1265 582 1309 peregerit
598 1271 764 1309 antequam
790 1264 985 1308 praedictum

246 1319 457 1352 iuramentum
472 1318 672 1362 praestiterit,
690 1322 747 1352 etc.
764 1329 791 1350 »z

290 1373 305 1416 ς
322 1372 351 1405 ⁶2.
370 1372 407 1405 Et
424 1372 455 1405 in
472 1372 582 1405 eadem
597 1372 791 1415 expositione
808 1372 986 1415 subiuncto,

246 1426 340 1470 quod,
355 1437 426 1460 cum
444 1436 481 1459 ex
498 1431 612 1458 statuto
629 1425 810 1458 huiusmodi
829 1426 986 1458 iuramen-

247 1485 313 1512 tum
346 1479 384 1512 de
414 1478 591 1512 exhibenda
620 1478 798 1512 obedientia
827 1479 987 1522 praedicta

245 1532 467 1577 praestandum
488 1533 536 1574 sit,
554 1533 608 1576 qui
626 1543 700 1566 vero
721 1532 797 1565 illud
814 1543 877 1566 non
895 1543 986 1576 prae-

245 1587 370 1627 stiterit,
387 1586 560 1630 privilegiis
585 1591 615 1619 et
638 1585 865 1629 praerogativis
887 1585 986 1630 ipsius

246 1639 459 1672 universitatis
488 1639 666 1672 nullatenus
692 1639 831 1682 gaudere
856 1639 985 1679 debeat,

245 1693 442 1727 dubitaretur
474 1703 512 1726 an
543 1693 624 1726 inter
648 1693 814 1736 privilegia
840 1698 870 1726 et
895 1704 985 1736 prae-

246 1747 403 1790 rogativas
428 1746 608 1780 huiusmodi
639 1746 987 1790 comprehenderenttu·

246 1800 400 1844 stipendia
423 1800 527 1833 debita
552 1810 588 1833 ex
613 1799 763 1843 gradibus
788 1800 986 1833 conserendis

246 1859 277 1887 et
300 1854 420 1888 actibus
444 1853 655 1886 universitatis
679 1853 899 1897 cathedrisque
924 1864 987 1887 mo-

246 1907 401 1948 derandis,
413 1914 482 1947 etc.,
503 1913 532 1940 et
549 1917 587 1939 an
605 1907 748 1940 similiter
766 1918 822 1940 vox
841 1907 940 1940 activa
956 1912 987 1940 et

246 1960 370 2004 passiva
400 1960 439 1993 ad
468 1960 575 1993 munia
605 1966 635 1993 01
671 1960 773 1993 officia
808 1960 986 1993 academiae

245 2014 390 2048 obeunda
410 2014 491 2047 inter
515 2014 750 2058 praerogativas
768 2019 798 2047 et
822 2014 987 2058 privilegia

245 2068 405 2112 praedicta
429 2073 703 2112 computarentur-3
728 2068 862 2112 ideoque
890 2068 987 2112 petita

245 2132 263 2154 a
279 2121 449 2166 praedictis
466 2121 678 2155 cardinalibus
692 2120 863 2155 dubiorum
883 2121 988 2154 huius-

245 2175 331 2209 modi
355 2175 575 2218 declaratione,
601 2179 634 2209 ut
658 2186 767 2209 omnes
800 2175 831 2207 in
856 2178 984 2208 contra-

246 2229 328 2262 rium
343 2229 458 2262 abusus
472 2229 510 2262 de
523 2228 627 2262 medio
645 2229 770 2272 penitus
785 2228 985 2267 tollerentur;

247 2282 402 2314 emanavit
425 2282 463 2314 ab
488 2282 671 2315 eorumdem
697 2281 901 2314 cardinalium
918 2291 988 2313 con-

247 2335 432 2378 gregatione
460 2335 621 2368 decretum
654 2334 769 2368 tenoris
803 2334 961 2378 sequentis
979 2361 986 2375 ‚

249 2388 409 2422 videlicet:

108 1381 231 1409 Sequuntur

50 1415 137 1437 poenae.

56 2444 234 2498 Πῖξξῇξζξᾶᾞζῖζ
293 2442 349 2486 ἓῧ,
366 2455 378 2473 «
394 2442 448 2475 Die
463 2451 537 2476 xxv1
550 2441 614 2475 iulii
628 2451 744 2475 itincrix
758 2451 845 2474 sacra
859 2451 987 2484 congre—

57 2502 124 2522 tionis.

249 2497 333 2539 gatio
357 2496 678 2530 eminentissimorum
703 2496 904 2530 dominorum
923 2506 986 2529 car-

286 2562 295 2586 t
321 2559 431 2588 Videtur
446 2559 589 2595 legendum
605 2559 705 2587 debent
720 2566 759 2593 tn.
777 2558 824 2593 T.).

852 145 1036 170 ALEXANDER
1060 144 1104 168 VII
1128 145 1175 169 PP.

1663 130 1728 164 493
1774 137 1957 166 An.c.1659

1017 193 1167 226 dinalium
1182 192 1262 225 sacri
1275 191 1404 225 Concilii
1417 189 1590 224 Tridentini
1605 189 1757 232 interpre-

1018 252 1082 279 tum
1101 245 1221 279 censuit
1242 244 1391 288 propinas
1412 249 1441 276 et
1456 254 1563 277 vocem
1582 243 1714 275 activam
1729 245 1759 274 et

1017 298 1172 343 passivam
1188 296 1412 341 comprehendi
1431 297 1511 330 inter
1525 294 1758 340 praerogativas

1018 357 1047 385 et
1063 351 1241 396 privilegia,
1261 350 1300 383 de
1320 350 1435 393 quibus
1454 350 1483 382 in
1502 349 1658 382 antedicto
1678 347 1759 391 capi-

1018 407 1084 439 tulo
1102 416 1176 440 Lxlv
1202 408 1391 438 statutorum
1409 403 1443 436 fit
1461 404 1578 437 mentio
1598 416 1625 435 ».

1106 459 1139 492 F.
1154 458 1321 492 cardinalis
1342 458 1531 499 Pacarius,
1549 456 1737 500 praefectus.

1062 513 1077 557 ἓ
1097 512 1126 546 5.
1152 512 1228 546 Cum
1253 515 1368 553 autem,
1389 511 1469 544 sicut
1493 509 1645 554 praedicti
1670 519 1760 552 expo-

1017 572 1126 599 nentes
1150 566 1243 599 nobis
1263 576 1364 609 nuper
1388 564 1503 608 exponi
1528 564 1679 603 fecerunt,
1700 562 1759 605 ipsi

1018 620 1179 653 decretum
1205 618 1405 659 huiusmodi,
1428 628 1486 661 pro
1511 616 1644 649 firmiori
1677 615 1759 648 illius

1018 672 1220 706 subsistentia
1250 677 1279 705 et
1303 671 1543 710 observatione,
1569 668 1760 713 apostolicae

1019 726 1269 760 confirmationis
1286 731 1411 759 nostrae
1433 723 1589 769 praesidio
1615 722 1760 756 roborari

1019 790 1222 824 summopere
1239 779 1432 819 desiderent,
1452 788 1518 820 nos,
1533 776 1699 825 specialem
1719 775 1761 819 ip-

1019 834 1061 866 sis
1084 833 1312 877 exponentibus
1333 832 1465 875 gratiam
1484 832 1586 863 facere
1613 829 1760 869 volentes,

1020 893 1049 920 01
1073 898 1185 921 00111111
1210 886 1387 929 singulares
1412 894 1564 929 personas
1591 895 1609 916 a
1636 883 1762 927 quibus-

1022 940 1074 983 vis,
1100 945 1169 981 etc,
1187 940 1301 973 harum
1328 939 1408 972 serie
1433 938 1632 971 absolventes
1657 943 1686 970 et
1711 937 1761 969 ab·

1020 994 1137 1027 solutas
1162 994 1228 1027 sore
1264 999 1444 1034 censentes,
1476 991 1759 1036 supplicationibus

1020 1058 1131 1081 corum
1149 1047 1276 1080 nomine
1291 1046 1382 1080 nobis
1402 1056 1496 1089 super
1514 1046 1573 1078 1100
1599 1044 1761 1077 humiliter

1020 1101 1174 1145 porrectis
1188 1099 1503 1140 inclinati‚decretum
1519 1099 1760 1142 praeinsertum‚

1020 1154 1206 1188 auctoritate
1222 1153 1403 1198 apostolica,
1417 1158 1525 1186 tenore
1538 1152 1761 1196 praesentium,

1021 1208 1245 1241 confirmamus
1270 1212 1300 1240 et
1324 1207 1556 1250 approbamus,
1582 1205 1690 1249 illique
1715 1205 1761 1237 in-

1023 1261 1175 1295 violabilis
1192 1260 1381 1304 apostolicae
1399 1259 1556 1292 firmitatis
1573 1259 1672 1292 robur
1690 1257 1763 1291 adii-

1021 1315 1130 1357 cimus,
1149 1313 1232 1348 salva
1255 1324 1381 1358 semper
1402 1313 1433 1345 in
1450 1312 1631 1357 praemissis
1651 1317 1759 1345 aucto-

1021 1368 1111 1402 ritate
1143 1367 1398 1411 congregationis
1423 1371 1672 1399 memoratorum
1698 1375 1762 1398 car-

1021 1421 1184 1455 dinalium.

1067 1476 1082 1519 §
1113 1474 1142 1508 6.
1178 1476 1387 1509 Decernentes
1426 1473 1550 1507 easdem
1583 1476 1762 1516 praesentes

1021 1529 1140 1562 litteras
1165 1539 1291 1573 semper
1315 1528 1439 1569 firmas,
1464 1532 1541 1568 etc.‚
1567 1527 1673 1570 sicque
1706 1536 1763 1570 per

1020 1593 1238 1627 quoscumque
1263 1582 1381 1615 iudices
1401 1581 1587 1623 ordinarios,
1606 1585 1675 1621 010,
1696 1579 1765 1612 1111-

1022 1643 1086 1670 111111
1111 1642 1141 1670 01
1170 1637 1269 1677 inane,
1303 1639 1370 1678 010,
1403 1634 1571 1677 contigerit
1603 1633 1760 1667 attentari.

1020 1691 1087 1724 Non
1113 1689 1308 1723 obstantibus
1333 1687 1609 1723 constitutionibus
1634 1692 1664 1720 et
1683 1686 1765 1720 ordi-

1020 1743 1199 1777 nationibus
1224 1742 1417 1787 apostolicis,
1444 1741 1618 1785 ceterisque
1643 1745 1765 1774 contra-

1020 1798 1075 1831 riis
1099 1797 1360 1841 quibuscumque.

1064 1852 1175 1884 Datum
1200 1851 1336 1891 Romae,
1361 1849 1443 1894 apud
1465 1849 1494 1883 S.
1517 1849 1647 1882 Mariam
1668 1848 1762 1882 Mato-

1020 1916 1098 1947 rem,
1116 1905 1174 1938 sub
1199 1904 1316 1937 annulo
1343 1903 1521 1944 Piscatoris,
1554 1902 1603 1936 die
1628 1912 1688 1936 xxv
1713 1912 1765 1934 au-

1020 1959 1102 2002 gusti
1119 1968 1247 2001 MDcmx,
1269 1957 1472 2002 pontificatus
1498 1956 1597 1989 nostri
1632 1966 1715 1989 anno
1734 1965 1763 1988 1.

1057 2022 1113 2049 Dat.
1133 2021 1176 2049 die
1192 2022 1225 2050 25
1240 2020 1348 2057 augusti
1367 2021 1445 2054 1659,
1462 2019 1559 2056 pontif.
1577 2027 1648 2047 anno
1665 2027 1689 2045 1.

1784 1106 1962 1133 Decretumprne-

1778 1137 1876 1153 inscrtum
1889 1137 1951 1153 auu-to

1778 1163 1838 1180 ritate
1860 1160 1961 1185 apostuli-

1777 1193 1801 1207 ca
1818 1187 1928 1206 confirmat
1941 1189 1961 1206 et

1778 1214 1889 1239 approbat.

1792 1508 1794 1510 ‚
1807 1481 1916 1501 Decretum
1936 1480 1961 1500 ir·

1779 1510 1851 1528 rtlaus,

1321 2155 1465 2188 CCLVIII.

1020 2226 1261 2260 Declarationes
1296 2236 1394 2270 super
1426 2224 1649 2258 controversiis
1678 2224 1765 2257 inter

1062 2284 1305 2325 procuratorem
1330 2279 1513 2323 qeneralem
1541 2277 1674 2312 Ordinis
1699 2278 1763 2311 Mt-

1064 2344 1182 2367 norum
1206 2333 1378 2366 strictioris
1409 2331 1628 2365 observantiae
1659 2331 1766 2365 sancti

1063 2388 1235 2422 Francisct'
1262 2398 1299 2420 ac
1321 2386 1557 2430 provincialem
1576 2385 1764 2429 provinciae

1063 2442 1230 2475 Romanae
1254 2444 1283 2473 et
1306 2439 1531 2483 quarclianum
1548 2439 1579 2472 S.
1593 2438 1765 2472 Francisci

1068 2493 1309 2537 Translgsberim
1335 2493 1372 2526 de
1400 2491 1512 2526 [1νῖ)θὶ

1059 2559 1068 2583 1
1092 2556 1128 2584 Ex
1151 2556 1256 2591 Regest.
1279 2556 1305 2582 in
1324 2557 1415 2583 Secret
1450 2556 1524 2583 Brev.
