<?xml version="1.0" encoding="UTF-8"?>
<!DOCTYPE html PUBLIC "-//W3C//DTD XHTML 1.0 Transitional//EN"
    "http://www.w3.org/TR/xhtml1/DTD/xhtml1-transitional.dtd">
<html xmlns="http://www.w3.org/1999/xhtml" xml:lang="en" lang="en">
 <head>
  <title>
</title>
<meta http-equiv="Content-Type" content="text/html;charset=utf-8" />
  <meta name='ocr-system' content='tesseract 3.04.00' />
  <meta name='ocr-capabilities' content='ocr_page ocr_carea ocr_par ocr_line ocrx_word'/>
</head>
<body>
  <div class='ocr_page' id='page_1' title='image "./bullarumdiplomat16cath_0403.png"; bbox 0 0 2243 3205; ppageno 0'>
   <div class='ocr_carea' id='block_1_1' title="bbox 27 248 210 280">
    <p class='ocr_par' dir='ltr' id='par_1_1' title="bbox 27 248 210 280">
     <span class='ocr_line' id='line_1_1' title="bbox 27 248 210 280; baseline -0.022 -1"><span class='ocrx_word' id='word_1_1' title='bbox 27 250 78 280; x_wconf 76' lang='lat' dir='ltr'>An.</span> <span class='ocrx_word' id='word_1_2' title='bbox 93 249 122 277; x_wconf 87' lang='lat' dir='ltr'>C.</span> <span class='ocrx_word' id='word_1_3' title='bbox 145 248 210 276; x_wconf 81' lang='lat'>1658</span> 
     </span>
    </p>
   </div>
   <div class='ocr_carea' id='block_1_2' title="bbox 20 1530 199 1605">
    <p class='ocr_par' dir='ltr' id='par_1_2' title="bbox 20 1530 199 1605">
     <span class='ocr_line' id='line_1_2' title="bbox 53 1530 199 1551; baseline -0.014 0"><span class='ocrx_word' id='word_1_4' title='bbox 53 1530 149 1551; x_wconf 82' lang='lat' dir='ltr'>Concedit</span> <span class='ocrx_word' id='word_1_5' title='bbox 177 1533 199 1550; x_wconf 77' lang='lat' dir='ltr'>ut</span> 
     </span>
     <span class='ocr_line' id='line_1_3' title="bbox 20 1557 198 1584; baseline -0.006 -7"><span class='ocrx_word' id='word_1_6' title='bbox 20 1562 79 1584; x_wconf 74' lang='lat' dir='ltr'>nupta</span> <span class='ocrx_word' id='word_1_7' title='bbox 109 1557 198 1577; x_wconf 73' lang='lat' dir='ltr'>relatum</span> 
     </span>
     <span class='ocr_line' id='line_1_4' title="bbox 20 1583 62 1605; baseline -0.024 -1"><span class='ocrx_word' id='word_1_8' title='bbox 20 1583 62 1605; x_wconf 76' lang='lat' dir='ltr'>ruit.</span> 
     </span>
    </p>
   </div>
   <div class='ocr_carea' id='block_1_3' title="bbox 220 247 1143 339">
    <p class='ocr_par' dir='ltr' id='par_1_3' title="bbox 220 247 1143 339">
     <span class='ocr_line' id='line_1_5' title="bbox 821 247 1143 271; baseline -0.003 -1"><span class='ocrx_word' id='word_1_9' title='bbox 821 248 1003 271; x_wconf 57' lang='lat' dir='ltr'>‚neuwen</span> <span class='ocrx_word' id='word_1_10' title='bbox 1030 247 1071 269; x_wconf 74' lang='lat' dir='ltr'>vn</span> <span class='ocrx_word' id='word_1_11' title='bbox 1098 247 1143 269; x_wconf 83' lang='lat' dir='ltr'>rr.</span> 
     </span>
     <span class='ocr_line' id='line_1_6' title="bbox 220 296 979 339; baseline -0.003 -11"><span class='ocrx_word' id='word_1_12' title='bbox 220 299 370 339; x_wconf 89' lang='lat' dir='ltr'>quuntur,</span> <span class='ocrx_word' id='word_1_13' title='bbox 381 305 440 339; x_wconf 89' lang='lat' dir='ltr'>pro</span> <span class='ocrx_word' id='word_1_14' title='bbox 452 306 586 339; x_wconf 88' lang='lat' dir='ltr'>quorum</span> <span class='ocrx_word' id='word_1_15' title='bbox 603 296 763 329; x_wconf 71' lang='lat' dir='ltr'>laboribus</span> <span class='ocrx_word' id='word_1_16' title='bbox 777 296 958 339; x_wconf 81' lang='lat' dir='ltr'>centuplum</span> <span class='ocrx_word' id='word_1_17' title='bbox 977 298 979 339; x_wconf 63' lang='lat' dir='ltr'>J</span> 
     </span>
    </p>
   </div>
   <div class='ocr_carea' id='block_1_4' title="bbox 220 347 1739 393">
    <p class='ocr_par' dir='ltr' id='par_1_4' title="bbox 220 347 1739 393">
     <span class='ocr_line' id='line_1_7' title="bbox 220 347 1739 393; baseline -0.001 -12"><span class='ocrx_word' id='word_1_18' title='bbox 220 353 249 382; x_wconf 88' lang='lat' dir='ltr'>et</span> <span class='ocrx_word' id='word_1_19' title='bbox 274 348 350 392; x_wconf 89' lang='lat' dir='ltr'>ipsis</span> <span class='ocrx_word' id='word_1_20' title='bbox 381 353 525 382; x_wconf 77' lang='lat' dir='ltr'>aeternae</span> <span class='ocrx_word' id='word_1_21' title='bbox 562 350 641 383; x_wconf 75' lang='lat' dir='ltr'>ritae</span> <span class='ocrx_word' id='word_1_22' title='bbox 677 349 826 393; x_wconf 84' lang='lat' dir='ltr'>gaudium</span> <span class='ocrx_word' id='word_1_23' title='bbox 854 349 961 381; x_wconf 85' lang='lat' dir='ltr'>tribuit</span> <span class='ocrx_word' id='word_1_24' title='bbox 977 349 979 377; x_wconf 76' lang='grc' dir='ltr'>ὲ</span> <span class='ocrx_word' id='word_1_25' title='bbox 995 347 1111 381; x_wconf 86' lang='lat' dir='ltr'>debunt</span> <span class='ocrx_word' id='word_1_26' title='bbox 1135 357 1191 379; x_wconf 89' lang='lat' dir='ltr'>nos</span> <span class='ocrx_word' id='word_1_27' title='bbox 1213 353 1240 379; x_wconf 87' lang='lat' dir='ltr'>et</span> <span class='ocrx_word' id='word_1_28' title='bbox 1266 347 1379 380; x_wconf 85' lang='lat' dir='ltr'>dictam</span> <span class='ocrx_word' id='word_1_29' title='bbox 1406 347 1516 380; x_wconf 73' lang='lat' dir='ltr'>Scdem</span> <span class='ocrx_word' id='word_1_30' title='bbox 1541 348 1597 380; x_wconf 85' lang='lat' dir='ltr'>sibi</span> <span class='ocrx_word' id='word_1_31' title='bbox 1625 347 1739 390; x_wconf 74' lang='lat' dir='ltr'>gratio-</span> 
     </span>
    </p>
   </div>
   <div class='ocr_carea' id='block_1_5' title="bbox 215 402 961 1080">
    <p class='ocr_par' dir='ltr' id='par_1_5' title="bbox 215 402 961 1080">
     <span class='ocr_line' id='line_1_8' title="bbox 219 402 959 446; baseline 0.001 -12"><span class='ocrx_word' id='word_1_32' title='bbox 219 412 279 445; x_wconf 88' lang='lat' dir='ltr'>pro</span> <span class='ocrx_word' id='word_1_33' title='bbox 305 402 459 436; x_wconf 78' lang='lat' dir='ltr'><strong>mercede.</strong></span> <span class='ocrx_word' id='word_1_34' title='bbox 480 403 530 437; x_wconf 84' lang='lat' dir='ltr'>Sic</span> <span class='ocrx_word' id='word_1_35' title='bbox 548 403 644 446; x_wconf 82' lang='lat' dir='ltr'>igitur</span> <span class='ocrx_word' id='word_1_36' title='bbox 663 403 691 435; x_wconf 92' lang='lat' dir='ltr'>in</span> <span class='ocrx_word' id='word_1_37' title='bbox 709 404 822 446; x_wconf 74' lang='lat' dir='ltr'>sponsa</span> <span class='ocrx_word' id='word_1_38' title='bbox 848 402 959 435; x_wconf 81' lang='lat' dir='ltr'>Cliristi</span> 
     </span>
     <span class='ocr_line' id='line_1_9' title="bbox 218 455 959 489; baseline 0 -2"><span class='ocrx_word' id='word_1_39' title='bbox 218 455 357 488; x_wconf 74' lang='lat' dir='ltr'>Ecclesia</span> <span class='ocrx_word' id='word_1_40' title='bbox 377 455 530 489; x_wconf 72' lang='lat' dir='ltr'>militante</span> <span class='ocrx_word' id='word_1_41' title='bbox 547 456 654 488; x_wconf 83' lang='lat' dir='ltr'>fideles</span> <span class='ocrx_word' id='word_1_42' title='bbox 669 456 791 489; x_wconf 78' lang='lat' dir='ltr'>Domini</span> <span class='ocrx_word' id='word_1_43' title='bbox 811 456 959 488; x_wconf 69' lang='lat' dir='ltr'>virtutum</span> 
     </span>
     <span class='ocr_line' id='line_1_10' title="bbox 218 508 956 542; baseline 0 -3"><span class='ocrx_word' id='word_1_44' title='bbox 218 508 412 541; x_wconf 68' lang='lat' dir='ltr'>aromatibus</span> <span class='ocrx_word' id='word_1_45' title='bbox 436 509 612 542; x_wconf 68' lang='lat' dir='ltr'>redolentes</span> <span class='ocrx_word' id='word_1_46' title='bbox 638 519 655 540; x_wconf 91' lang='lat' dir='ltr'>a</span> <span class='ocrx_word' id='word_1_47' title='bbox 680 509 820 541; x_wconf 79' lang='lat' dir='ltr'>Romano</span> <span class='ocrx_word' id='word_1_48' title='bbox 849 508 956 540; x_wconf 86' lang='lat' dir='ltr'>Ponti-</span> 
     </span>
     <span class='ocr_line' id='line_1_11' title="bbox 218 559 961 594; baseline 0 -2"><span class='ocrx_word' id='word_1_49' title='bbox 218 559 276 593; x_wconf 84' lang='lat' dir='ltr'>fice</span> <span class='ocrx_word' id='word_1_50' title='bbox 301 571 482 594; x_wconf 78' lang='lat' dir='ltr'>successore</span> <span class='ocrx_word' id='word_1_51' title='bbox 501 561 531 593; x_wconf 87' lang='grc' dir='ltr'>Β,</span> <span class='ocrx_word' id='word_1_52' title='bbox 548 561 629 593; x_wconf 79' lang='lat' dir='ltr'>Petri</span> <span class='ocrx_word' id='word_1_53' title='bbox 653 566 682 594; x_wconf 87' lang='lat' dir='ltr'>et</span> <span class='ocrx_word' id='word_1_54' title='bbox 703 562 770 593; x_wconf 87' lang='lat' dir='ltr'>lesu</span> <span class='ocrx_word' id='word_1_55' title='bbox 788 560 900 594; x_wconf 86' lang='lat' dir='ltr'>Christi</span> <span class='ocrx_word' id='word_1_56' title='bbox 921 560 961 592; x_wconf 74' lang='lat' dir='ltr'>ri-</span> 
     </span>
     <span class='ocr_line' id='line_1_12' title="bbox 218 613 959 658; baseline -0.001 -12"><span class='ocrx_word' id='word_1_57' title='bbox 218 614 303 647; x_wconf 87' lang='lat' dir='ltr'>cario</span> <span class='ocrx_word' id='word_1_58' title='bbox 323 615 354 647; x_wconf 90' lang='lat' dir='ltr'>in</span> <span class='ocrx_word' id='word_1_59' title='bbox 372 614 461 648; x_wconf 92' lang='lat' dir='ltr'>bonis</span> <span class='ocrx_word' id='word_1_60' title='bbox 479 613 660 647; x_wconf 67' lang='grc' dir='ltr'>Γονρτιηίιιι·ί</span> <span class='ocrx_word' id='word_1_61' title='bbox 678 613 837 658; x_wconf 82' lang='lat' dir='ltr'>operibus,</span> <span class='ocrx_word' id='word_1_62' title='bbox 852 613 889 646; x_wconf 89' lang='lat' dir='ltr'>ad</span> <span class='ocrx_word' id='word_1_63' title='bbox 908 613 959 646; x_wconf 85' lang='lat' dir='ltr'>illa</span> 
     </span>
     <span class='ocr_line' id='line_1_13' title="bbox 216 667 959 710; baseline 0.001 -12"><span class='ocrx_word' id='word_1_64' title='bbox 216 667 430 700; x_wconf 73' lang='lat' dir='ltr'>favorabiliter</span> <span class='ocrx_word' id='word_1_65' title='bbox 454 670 711 710; x_wconf 71' lang='lat' dir='ltr'>promoveantur,</span> <span class='ocrx_word' id='word_1_66' title='bbox 730 667 875 709; x_wconf 71' lang='lat' dir='ltr'>gratiosis</span> <span class='ocrx_word' id='word_1_67' title='bbox 900 672 959 699; x_wconf 89' lang='lat' dir='ltr'>tra-</span> 
     </span>
     <span class='ocr_line' id='line_1_14' title="bbox 218 719 958 763; baseline -0.001 -11"><span class='ocrx_word' id='word_1_68' title='bbox 218 724 341 752; x_wconf 87' lang='lat' dir='ltr'>ctentur</span> <span class='ocrx_word' id='word_1_69' title='bbox 364 719 534 761; x_wconf 79' lang='lat' dir='ltr'>favoribus,</span> <span class='ocrx_word' id='word_1_70' title='bbox 560 725 589 752; x_wconf 91' lang='lat' dir='ltr'>et</span> <span class='ocrx_word' id='word_1_71' title='bbox 621 725 818 763; x_wconf 76' lang='lat' dir='ltr'>opportunae</span> <span class='ocrx_word' id='word_1_72' title='bbox 843 720 958 752; x_wconf 78' lang='lat' dir='ltr'>tutelae</span> 
     </span>
     <span class='ocr_line' id='line_1_15' title="bbox 217 772 959 815; baseline 0 -11"><span class='ocrx_word' id='word_1_73' title='bbox 217 772 390 805; x_wconf 83' lang='lat' dir='ltr'>munimine</span> <span class='ocrx_word' id='word_1_74' title='bbox 407 772 608 813; x_wconf 82' lang='lat' dir='ltr'>roborentur,</span> <span class='ocrx_word' id='word_1_75' title='bbox 622 778 655 805; x_wconf 91' lang='lat' dir='ltr'>ut</span> <span class='ocrx_word' id='word_1_76' title='bbox 674 773 703 804; x_wconf 91' lang='lat' dir='ltr'>in</span> <span class='ocrx_word' id='word_1_77' title='bbox 721 772 806 815; x_wconf 85' lang='lat' dir='ltr'>pacis</span> <span class='ocrx_word' id='word_1_78' title='bbox 823 772 959 815; x_wconf 81' lang='lat' dir='ltr'>pulchri-</span> 
     </span>
     <span class='ocr_line' id='line_1_16' title="bbox 218 824 958 869; baseline -0.001 -12"><span class='ocrx_word' id='word_1_79' title='bbox 218 825 325 859; x_wconf 83' lang='lat' dir='ltr'>tudine</span> <span class='ocrx_word' id='word_1_80' title='bbox 348 825 544 869; x_wconf 77' lang='lat' dir='ltr'>quiescentes</span> <span class='ocrx_word' id='word_1_81' title='bbox 562 825 670 858; x_wconf 88' lang='lat' dir='ltr'>liberis</span> <span class='ocrx_word' id='word_1_82' title='bbox 689 831 718 857; x_wconf 92' lang='lat' dir='ltr'>et</span> <span class='ocrx_word' id='word_1_83' title='bbox 738 824 850 868; x_wconf 87' lang='lat' dir='ltr'>quietis</span> <span class='ocrx_word' id='word_1_84' title='bbox 876 835 958 857; x_wconf 87' lang='lat' dir='ltr'>men-</span> 
     </span>
     <span class='ocr_line' id='line_1_17' title="bbox 217 877 958 922; baseline 0.001 -12"><span class='ocrx_word' id='word_1_85' title='bbox 217 877 299 910; x_wconf 82' lang='lat' dir='ltr'>tibus</span> <span class='ocrx_word' id='word_1_86' title='bbox 323 888 455 922; x_wconf 87' lang='lat' dir='ltr'>pensum</span> <span class='ocrx_word' id='word_1_87' title='bbox 474 879 633 912; x_wconf 78' lang='lat' dir='ltr'>exsolvant</span> <span class='ocrx_word' id='word_1_88' title='bbox 650 878 809 911; x_wconf 85' lang='lat' dir='ltr'>Altissimo</span> <span class='ocrx_word' id='word_1_89' title='bbox 836 877 958 911; x_wconf 78' lang='lat' dir='ltr'>debitae</span> 
     </span>
     <span class='ocr_line' id='line_1_18' title="bbox 216 930 957 975; baseline 0.001 -13"><span class='ocrx_word' id='word_1_90' title='bbox 216 930 393 971; x_wconf 69' lang='lat' dir='ltr'>servitutis,</span> <span class='ocrx_word' id='word_1_91' title='bbox 408 942 592 975; x_wconf 80' lang='lat' dir='ltr'>sacramque</span> <span class='ocrx_word' id='word_1_92' title='bbox 610 931 794 974; x_wconf 76' lang='lat' dir='ltr'>religionem</span> <span class='ocrx_word' id='word_1_93' title='bbox 810 941 957 974; x_wconf 85' lang='lat' dir='ltr'>suprema</span> 
     </span>
     <span class='ocr_line' id='line_1_19' title="bbox 215 983 957 1028; baseline 0.001 -13"><span class='ocrx_word' id='word_1_94' title='bbox 215 983 335 1027; x_wconf 84' lang='lat' dir='ltr'>plantat</span> <span class='ocrx_word' id='word_1_95' title='bbox 366 984 565 1028; x_wconf 86' lang='lat' dir='ltr'>Apostolicae</span> <span class='ocrx_word' id='word_1_96' title='bbox 590 984 677 1017; x_wconf 84' lang='lat' dir='ltr'>Sedis</span> <span class='ocrx_word' id='word_1_97' title='bbox 711 983 902 1024; x_wconf 77' lang='lat' dir='ltr'>auctoritaS,</span> <span class='ocrx_word' id='word_1_98' title='bbox 928 989 957 1016; x_wconf 89' lang='lat' dir='ltr'>et</span> 
     </span>
     <span class='ocr_line' id='line_1_20' title="bbox 215 1035 958 1080; baseline 0 -12"><span class='ocrx_word' id='word_1_99' title='bbox 215 1036 384 1080; x_wconf 84' lang='lat' dir='ltr'>plantatam</span> <span class='ocrx_word' id='word_1_100' title='bbox 404 1036 503 1070; x_wconf 90' lang='lat' dir='ltr'>nutrit</span> <span class='ocrx_word' id='word_1_101' title='bbox 521 1036 686 1069; x_wconf 83' lang='lat' dir='ltr'>dulcedine</span> <span class='ocrx_word' id='word_1_102' title='bbox 708 1035 877 1077; x_wconf 82' lang='lat' dir='ltr'>charitatis,</span> <span class='ocrx_word' id='word_1_103' title='bbox 895 1035 958 1079; x_wconf 89' lang='lat' dir='ltr'>pie-</span> 
     </span>
    </p>
   </div>
   <div class='ocr_carea' id='block_1_6' title="bbox 215 1088 975 1134">
    <p class='ocr_par' dir='ltr' id='par_1_6' title="bbox 215 1088 975 1134">
     <span class='ocr_line' id='line_1_21' title="bbox 215 1088 975 1134; baseline 0 -13"><span class='ocrx_word' id='word_1_104' title='bbox 215 1088 285 1122; x_wconf 88' lang='lat' dir='ltr'>tatis</span> <span class='ocrx_word' id='word_1_105' title='bbox 310 1089 480 1123; x_wconf 88' lang='lat' dir='ltr'>lenimento</span> <span class='ocrx_word' id='word_1_106' title='bbox 505 1089 718 1134; x_wconf 87' lang='lat' dir='ltr'>prosequitur,</span> <span class='ocrx_word' id='word_1_107' title='bbox 743 1094 773 1122; x_wconf 88' lang='lat' dir='ltr'>et</span> <span class='ocrx_word' id='word_1_108' title='bbox 797 1099 834 1122; x_wconf 86' lang='lat' dir='ltr'>eo</span> <span class='ocrx_word' id='word_1_109' title='bbox 857 1089 975 1122; x_wconf 84' lang='lat' dir='ltr'>liben-.</span> 
     </span>
    </p>
   </div>
   <div class='ocr_carea' id='block_1_7' title="bbox 213 1141 957 1292">
    <p class='ocr_par' dir='ltr' id='par_1_7' title="bbox 213 1141 957 1292">
     <span class='ocr_line' id='line_1_22' title="bbox 215 1141 956 1186; baseline 0 -12"><span class='ocrx_word' id='word_1_110' title='bbox 215 1141 276 1174; x_wconf 90' lang='lat' dir='ltr'>tius</span> <span class='ocrx_word' id='word_1_111' title='bbox 301 1147 331 1174; x_wconf 88' lang='lat' dir='ltr'>et</span> <span class='ocrx_word' id='word_1_112' title='bbox 355 1142 521 1186; x_wconf 85' lang='lat' dir='ltr'>benignius</span> <span class='ocrx_word' id='word_1_113' title='bbox 553 1143 677 1176; x_wconf 87' lang='lat' dir='ltr'>ianuam</span> <span class='ocrx_word' id='word_1_114' title='bbox 711 1142 737 1175; x_wconf 94' lang='lat' dir='ltr'>ei</span> <span class='ocrx_word' id='word_1_115' title='bbox 763 1142 869 1186; x_wconf 82' lang='lat' dir='ltr'>pandit</span> <span class='ocrx_word' id='word_1_116' title='bbox 894 1142 956 1186; x_wconf 91' lang='lat' dir='ltr'>spi—</span> 
     </span>
     <span class='ocr_line' id='line_1_23' title="bbox 213 1193 956 1239; baseline 0.001 -13"><span class='ocrx_word' id='word_1_117' title='bbox 213 1193 375 1227; x_wconf 87' lang='lat' dir='ltr'>ritualium</span> <span class='ocrx_word' id='word_1_118' title='bbox 402 1195 594 1238; x_wconf 85' lang='lat' dir='ltr'>gratiarum‚</span> <span class='ocrx_word' id='word_1_119' title='bbox 619 1206 681 1239; x_wconf 89' lang='lat' dir='ltr'>quo</span> <span class='ocrx_word' id='word_1_120' title='bbox 706 1195 828 1228; x_wconf 78' lang='lat' dir='ltr'>fidelius</span> <span class='ocrx_word' id='word_1_121' title='bbox 854 1200 881 1227; x_wconf 91' lang='lat' dir='ltr'>et</span> <span class='ocrx_word' id='word_1_122' title='bbox 907 1205 956 1227; x_wconf 88' lang='lat' dir='ltr'>se-</span> 
     </span>
     <span class='ocr_line' id='line_1_24' title="bbox 214 1247 957 1292; baseline 0 -12"><span class='ocrx_word' id='word_1_123' title='bbox 214 1247 318 1280; x_wconf 89' lang='lat' dir='ltr'>dulius</span> <span class='ocrx_word' id='word_1_124' title='bbox 338 1258 395 1292; x_wconf 88' lang='lat' dir='ltr'>per</span> <span class='ocrx_word' id='word_1_125' title='bbox 419 1249 500 1281; x_wconf 80' lang='lat' dir='ltr'>viam</span> <span class='ocrx_word' id='word_1_126' title='bbox 522 1248 666 1292; x_wconf 81' lang='lat' dir='ltr'>graditur</span> <span class='ocrx_word' id='word_1_127' title='bbox 683 1248 805 1282; x_wconf 87' lang='lat' dir='ltr'>Domini</span> <span class='ocrx_word' id='word_1_128' title='bbox 833 1248 957 1281; x_wconf 86' lang='lat' dir='ltr'>manda·</span> 
     </span>
    </p>
   </div>
   <div class='ocr_carea' id='block_1_8' title="bbox 215 1301 974 1346">
    <p class='ocr_par' dir='ltr' id='par_1_8' title="bbox 215 1301 974 1346">
     <span class='ocr_line' id='line_1_25' title="bbox 215 1301 974 1346; baseline 0.003 -13"><span class='ocrx_word' id='word_1_129' title='bbox 215 1305 328 1341; x_wconf 88' lang='lat' dir='ltr'>torum,</span> <span class='ocrx_word' id='word_1_130' title='bbox 350 1306 388 1344; x_wconf 86' lang='lat' dir='ltr'>et,</span> <span class='ocrx_word' id='word_1_131' title='bbox 407 1312 464 1346; x_wconf 86' lang='lat' dir='ltr'>per</span> <span class='ocrx_word' id='word_1_132' title='bbox 488 1302 745 1345; x_wconf 74' lang='lat' dir='ltr'>longanimitatis,</span> <span class='ocrx_word' id='word_1_133' title='bbox 771 1301 974 1335; x_wconf 65' lang='lat' dir='ltr'>humilitatis,</span> 
     </span>
    </p>
   </div>
   <div class='ocr_carea' id='block_1_9' title="bbox 213 1354 956 1668">
    <p class='ocr_par' dir='ltr' id='par_1_9' title="bbox 214 1354 956 1507">
     <span class='ocr_line' id='line_1_26' title="bbox 214 1354 954 1399; baseline -0.001 -12"><span class='ocrx_word' id='word_1_134' title='bbox 214 1359 243 1387; x_wconf 89' lang='lat' dir='ltr'>et</span> <span class='ocrx_word' id='word_1_135' title='bbox 260 1354 427 1399; x_wconf 85' lang='lat' dir='ltr'>patientiae</span> <span class='ocrx_word' id='word_1_136' title='bbox 452 1355 609 1398; x_wconf 84' lang='lat' dir='ltr'>meritum,</span> <span class='ocrx_word' id='word_1_137' title='bbox 629 1356 776 1388; x_wconf 69' lang='lat' dir='ltr'>virtutum</span> <span class='ocrx_word' id='word_1_138' title='bbox 803 1355 901 1388; x_wconf 81' lang='lat' dir='ltr'>tendit</span> <span class='ocrx_word' id='word_1_139' title='bbox 918 1355 954 1387; x_wconf 80' lang='lat' dir='ltr'>ad</span> 
     </span>
     <span class='ocr_line' id='line_1_27' title="bbox 214 1409 956 1453; baseline 0.001 -13"><span class='ocrx_word' id='word_1_140' title='bbox 214 1409 360 1450; x_wconf 86' lang='lat' dir='ltr'>culmina,</span> <span class='ocrx_word' id='word_1_141' title='bbox 378 1414 407 1442; x_wconf 90' lang='lat' dir='ltr'>et</span> <span class='ocrx_word' id='word_1_142' title='bbox 427 1409 484 1442; x_wconf 90' lang='lat' dir='ltr'>sibi</span> <span class='ocrx_word' id='word_1_143' title='bbox 506 1409 637 1453; x_wconf 88' lang='lat' dir='ltr'>aliisque</span> <span class='ocrx_word' id='word_1_144' title='bbox 661 1409 805 1441; x_wconf 80' lang='lat' dir='ltr'>fidelibus</span> <span class='ocrx_word' id='word_1_145' title='bbox 835 1409 956 1441; x_wconf 83' lang='lat' dir='ltr'>thesau-</span> 
     </span>
     <span class='ocr_line' id='line_1_28' title="bbox 214 1462 910 1507; baseline 0 -13"><span class='ocrx_word' id='word_1_146' title='bbox 214 1473 283 1495; x_wconf 87' lang='lat' dir='ltr'>rum</span> <span class='ocrx_word' id='word_1_147' title='bbox 310 1462 457 1506; x_wconf 83' lang='lat' dir='ltr'>impetrat</span> <span class='ocrx_word' id='word_1_148' title='bbox 482 1463 660 1496; x_wconf 84' lang='lat' dir='ltr'>caelestium</span> <span class='ocrx_word' id='word_1_149' title='bbox 686 1463 910 1507; x_wconf 83' lang='lat' dir='ltr'>praemiorum.</span> 
     </span>
    </p>

    <p class='ocr_par' dir='ltr' id='par_1_10' title="bbox 213 1516 955 1668">
     <span class='ocr_line' id='line_1_29' title="bbox 258 1516 954 1560; baseline -0.001 -12"><span class='ocrx_word' id='word_1_150' title='bbox 258 1517 273 1560; x_wconf 60' lang='grc' dir='ltr'>ἓ</span> <span class='ocrx_word' id='word_1_151' title='bbox 299 1517 326 1548; x_wconf 85' lang='grc'>7.</span> <span class='ocrx_word' id='word_1_152' title='bbox 348 1516 427 1549; x_wconf 88' lang='lat' dir='ltr'>Sane</span> <span class='ocrx_word' id='word_1_153' title='bbox 452 1517 489 1549; x_wconf 87' lang='lat' dir='ltr'>ad</span> <span class='ocrx_word' id='word_1_154' title='bbox 514 1522 656 1550; x_wconf 89' lang='lat' dir='ltr'>nostrum</span> <span class='ocrx_word' id='word_1_155' title='bbox 683 1517 875 1560; x_wconf 88' lang='lat' dir='ltr'>apostolatus</span> <span class='ocrx_word' id='word_1_156' title='bbox 900 1527 954 1548; x_wconf 88' lang='lat' dir='ltr'>au-</span> 
     </span>
     <span class='ocr_line' id='line_1_30' title="bbox 215 1569 955 1614; baseline -0.001 -12"><span class='ocrx_word' id='word_1_157' title='bbox 215 1570 314 1603; x_wconf 90' lang='lat' dir='ltr'>ditum</span> <span class='ocrx_word' id='word_1_158' title='bbox 341 1570 450 1604; x_wconf 88' lang='lat' dir='ltr'>relatio</span> <span class='ocrx_word' id='word_1_159' title='bbox 475 1571 536 1603; x_wconf 88' lang='lat' dir='ltr'>fide</span> <span class='ocrx_word' id='word_1_160' title='bbox 561 1571 655 1613; x_wconf 80' lang='lat' dir='ltr'>digna</span> <span class='ocrx_word' id='word_1_161' title='bbox 680 1570 846 1614; x_wconf 76' lang='lat' dir='ltr'>perduxit,</span> <span class='ocrx_word' id='word_1_162' title='bbox 872 1569 955 1613; x_wconf 86' lang='lat' dir='ltr'>quod</span> 
     </span>
     <span class='ocr_line' id='line_1_31' title="bbox 213 1623 954 1668; baseline -0.001 -12"><span class='ocrx_word' id='word_1_163' title='bbox 213 1623 317 1657; x_wconf 88' lang='lat' dir='ltr'>dilecti</span> <span class='ocrx_word' id='word_1_164' title='bbox 338 1624 393 1656; x_wconf 84' lang='lat' dir='ltr'>tilii</span> <span class='ocrx_word' id='word_1_165' title='bbox 415 1624 527 1657; x_wconf 83' lang='lat' dir='ltr'>fratres</span> <span class='ocrx_word' id='word_1_166' title='bbox 545 1625 572 1657; x_wconf 80' lang='lat' dir='ltr'>S,</span> <span class='ocrx_word' id='word_1_167' title='bbox 590 1624 674 1657; x_wconf 83' lang='lat' dir='ltr'>Pauli</span> <span class='ocrx_word' id='word_1_168' title='bbox 693 1624 788 1668; x_wconf 89' lang='lat' dir='ltr'>primi</span> <span class='ocrx_word' id='word_1_169' title='bbox 806 1623 954 1656; x_wconf 81' lang='lat' dir='ltr'>eremitae</span> 
     </span>
    </p>
   </div>
   <div class='ocr_carea' id='block_1_10' title="bbox 213 1676 972 1721">
    <p class='ocr_par' dir='ltr' id='par_1_11' title="bbox 213 1676 972 1721">
     <span class='ocr_line' id='line_1_32' title="bbox 213 1676 972 1721; baseline -0.003 -11"><span class='ocrx_word' id='word_1_170' title='bbox 213 1678 243 1711; x_wconf 89' lang='lat' dir='ltr'>in</span> <span class='ocrx_word' id='word_1_171' title='bbox 268 1677 431 1720; x_wconf 74' lang='lat' dir='ltr'>Hungaria</span> <span class='ocrx_word' id='word_1_172' title='bbox 461 1682 490 1710; x_wconf 91' lang='lat' dir='ltr'>et</span> <span class='ocrx_word' id='word_1_173' title='bbox 521 1677 589 1710; x_wconf 85' lang='lat' dir='ltr'>aliis</span> <span class='ocrx_word' id='word_1_174' title='bbox 621 1677 761 1721; x_wconf 89' lang='lat' dir='ltr'>partibus</span> <span class='ocrx_word' id='word_1_175' title='bbox 794 1676 972 1719; x_wconf 42' lang='lat' dir='ltr'>constituti,</span> 
     </span>
    </p>
   </div>
   <div class='ocr_carea' id='block_1_11' title="bbox 210 1730 954 2255">
    <p class='ocr_par' dir='ltr' id='par_1_12' title="bbox 210 1730 954 2255">
     <span class='ocr_line' id='line_1_33' title="bbox 212 1730 954 1774; baseline -0.003 -10"><span class='ocrx_word' id='word_1_176' title='bbox 212 1741 268 1774; x_wconf 84' lang='lat' dir='ltr'>per</span> <span class='ocrx_word' id='word_1_177' title='bbox 292 1731 505 1764; x_wconf 82' lang='lat' dir='ltr'>austeritatem</span> <span class='ocrx_word' id='word_1_178' title='bbox 532 1730 602 1774; x_wconf 90' lang='lat' dir='ltr'>piae</span> <span class='ocrx_word' id='word_1_179' title='bbox 620 1730 702 1763; x_wconf 87' lang='lat' dir='ltr'>vitae</span> <span class='ocrx_word' id='word_1_180' title='bbox 732 1730 954 1773; x_wconf 86' lang='lat' dir='ltr'>bonorumque</span> 
     </span>
     <span class='ocr_line' id='line_1_34' title="bbox 212 1783 954 1829; baseline -0.003 -12"><span class='ocrx_word' id='word_1_181' title='bbox 212 1795 345 1829; x_wconf 88' lang='lat' dir='ltr'>operum</span> <span class='ocrx_word' id='word_1_182' title='bbox 371 1785 510 1817; x_wconf 83' lang='lat' dir='ltr'>actiones</span> <span class='ocrx_word' id='word_1_183' title='bbox 528 1783 606 1817; x_wconf 89' lang='lat' dir='ltr'>adeo</span> <span class='ocrx_word' id='word_1_184' title='bbox 623 1794 655 1816; x_wconf 91' lang='lat' dir='ltr'>se</span> <span class='ocrx_word' id='word_1_185' title='bbox 679 1783 815 1816; x_wconf 87' lang='lat' dir='ltr'>reddunt</span> <span class='ocrx_word' id='word_1_186' title='bbox 836 1784 866 1815; x_wconf 93' lang='lat' dir='ltr'>in</span> <span class='ocrx_word' id='word_1_187' title='bbox 884 1793 954 1816; x_wconf 91' lang='lat' dir='ltr'>con-</span> 
     </span>
     <span class='ocr_line' id='line_1_35' title="bbox 212 1837 953 1882; baseline -0.003 -11"><span class='ocrx_word' id='word_1_188' title='bbox 212 1843 319 1882; x_wconf 84' lang='lat' dir='ltr'>spectu</span> <span class='ocrx_word' id='word_1_189' title='bbox 345 1837 397 1871; x_wconf 85' lang='lat' dir='ltr'>Dei</span> <span class='ocrx_word' id='word_1_190' title='bbox 425 1841 454 1871; x_wconf 85' lang='lat' dir='ltr'>et</span> <span class='ocrx_word' id='word_1_191' title='bbox 483 1837 645 1871; x_wconf 88' lang='lat' dir='ltr'>hominum</span> <span class='ocrx_word' id='word_1_192' title='bbox 673 1837 844 1880; x_wconf 81' lang='lat' dir='ltr'>gratiosos,</span> <span class='ocrx_word' id='word_1_193' title='bbox 870 1837 953 1880; x_wconf 90' lang='lat' dir='ltr'>quod</span> 
     </span>
     <span class='ocr_line' id='line_1_36' title="bbox 212 1890 953 1935; baseline -0.003 -11"><span class='ocrx_word' id='word_1_194' title='bbox 212 1901 321 1924; x_wconf 86' lang='lat' dir='ltr'>eorum</span> <span class='ocrx_word' id='word_1_195' title='bbox 340 1891 484 1935; x_wconf 82' lang='lat' dir='ltr'>exemplo</span> <span class='ocrx_word' id='word_1_196' title='bbox 509 1891 636 1935; x_wconf 90' lang='lat' dir='ltr'>plurimi</span> <span class='ocrx_word' id='word_1_197' title='bbox 660 1890 696 1923; x_wconf 87' lang='lat' dir='ltr'>ad</span> <span class='ocrx_word' id='word_1_198' title='bbox 714 1890 839 1934; x_wconf 88' lang='lat' dir='ltr'>pietatis</span> <span class='ocrx_word' id='word_1_199' title='bbox 856 1901 953 1934; x_wconf 86' lang='lat' dir='ltr'>opera</span> 
     </span>
     <span class='ocr_line' id='line_1_37' title="bbox 212 1943 954 1988; baseline 0 -12"><span class='ocrx_word' id='word_1_200' title='bbox 212 1943 413 1984; x_wconf 90' lang='lat' dir='ltr'>inducuntur,</span> <span class='ocrx_word' id='word_1_201' title='bbox 426 1944 573 1988; x_wconf 85' lang='lat' dir='ltr'>quodque</span> <span class='ocrx_word' id='word_1_202' title='bbox 591 1944 649 1988; x_wconf 87' lang='lat' dir='ltr'>ipsi</span> <span class='ocrx_word' id='word_1_203' title='bbox 664 1943 835 1977; x_wconf 90' lang='lat' dir='ltr'>secundum</span> <span class='ocrx_word' id='word_1_204' title='bbox 851 1943 882 1975; x_wconf 81' lang='grc' dir='ltr'>Β.</span> <span class='ocrx_word' id='word_1_205' title='bbox 896 1944 954 1976; x_wconf 86' lang='lat' dir='ltr'>Au-</span> 
     </span>
     <span class='ocr_line' id='line_1_38' title="bbox 210 1997 953 2040; baseline -0.001 -10"><span class='ocrx_word' id='word_1_206' title='bbox 210 1997 326 2040; x_wconf 85' lang='lat' dir='ltr'>gustini</span> <span class='ocrx_word' id='word_1_207' title='bbox 352 1998 492 2040; x_wconf 87' lang='lat' dir='ltr'>regulam</span> <span class='ocrx_word' id='word_1_208' title='bbox 519 1997 698 2030; x_wconf 84' lang='lat' dir='ltr'>desiderant</span> <span class='ocrx_word' id='word_1_209' title='bbox 724 1997 871 2030; x_wconf 77' lang='lat' dir='ltr'>virtutum</span> <span class='ocrx_word' id='word_1_210' title='bbox 898 1997 953 2030; x_wconf 90' lang='lat' dir='ltr'>Do-</span> 
     </span>
     <span class='ocr_line' id='line_1_39' title="bbox 212 2050 950 2095; baseline -0.001 -12"><span class='ocrx_word' id='word_1_211' title='bbox 212 2050 298 2084; x_wconf 90' lang='lat' dir='ltr'>mino</span> <span class='ocrx_word' id='word_1_212' title='bbox 321 2056 509 2095; x_wconf 84' lang='lat' dir='ltr'>perpetuum</span> <span class='ocrx_word' id='word_1_213' title='bbox 543 2050 725 2095; x_wconf 83' lang='lat' dir='ltr'>impendere</span> <span class='ocrx_word' id='word_1_214' title='bbox 757 2051 950 2084; x_wconf 84' lang='lat' dir='ltr'>famulatum.</span> 
     </span>
     <span class='ocr_line' id='line_1_40' title="bbox 211 2104 950 2149; baseline -0.001 -11"><span class='ocrx_word' id='word_1_215' title='bbox 211 2106 273 2138; x_wconf 79' lang='lat' dir='ltr'>Nos</span> <span class='ocrx_word' id='word_1_216' title='bbox 290 2104 397 2148; x_wconf 85' lang='lat' dir='ltr'>igitur,</span> <span class='ocrx_word' id='word_1_217' title='bbox 414 2105 592 2139; x_wconf 90' lang='lat' dir='ltr'>huiusmodi</span> <span class='ocrx_word' id='word_1_218' title='bbox 614 2105 711 2149; x_wconf 84' lang='lat' dir='ltr'>pium,</span> <span class='ocrx_word' id='word_1_219' title='bbox 732 2105 898 2146; x_wconf 84' lang='lat' dir='ltr'>laudabile,</span> <span class='ocrx_word' id='word_1_220' title='bbox 916 2116 950 2138; x_wconf 89' lang='lat' dir='ltr'>ac</span> 
     </span>
     <span class='ocr_line' id='line_1_41' title="bbox 212 2158 951 2203; baseline 0.001 -13"><span class='ocrx_word' id='word_1_221' title='bbox 212 2158 408 2192; x_wconf 88' lang='lat' dir='ltr'>meritorium</span> <span class='ocrx_word' id='word_1_222' title='bbox 433 2159 627 2203; x_wconf 88' lang='lat' dir='ltr'>propositum</span> <span class='ocrx_word' id='word_1_223' title='bbox 647 2163 675 2191; x_wconf 86' lang='lat' dir='ltr'>et</span> <span class='ocrx_word' id='word_1_224' title='bbox 696 2158 880 2202; x_wconf 86' lang='lat' dir='ltr'>obsequium</span> <span class='ocrx_word' id='word_1_225' title='bbox 899 2169 951 2191; x_wconf 89' lang='lat' dir='ltr'>eo-</span> 
     </span>
     <span class='ocr_line' id='line_1_42' title="bbox 211 2212 949 2255; baseline 0.001 -11"><span class='ocrx_word' id='word_1_226' title='bbox 211 2212 354 2245; x_wconf 87' lang='lat' dir='ltr'>rumdem</span> <span class='ocrx_word' id='word_1_227' title='bbox 380 2213 522 2255; x_wconf 82' lang='lat' dir='ltr'>fratrum,</span> <span class='ocrx_word' id='word_1_228' title='bbox 542 2212 593 2245; x_wconf 91' lang='lat' dir='ltr'>Dei</span> <span class='ocrx_word' id='word_1_229' title='bbox 617 2218 646 2245; x_wconf 90' lang='lat' dir='ltr'>et</span> <span class='ocrx_word' id='word_1_230' title='bbox 671 2218 851 2246; x_wconf 86' lang='lat' dir='ltr'>sanctorum</span> <span class='ocrx_word' id='word_1_231' title='bbox 878 2223 949 2245; x_wconf 90' lang='lat' dir='ltr'>suo-</span> 
     </span>
    </p>
   </div>
   <div class='ocr_carea' id='block_1_12' title="bbox 211 2266 968 2310">
    <p class='ocr_par' dir='ltr' id='par_1_13' title="bbox 211 2266 968 2310">
     <span class='ocr_line' id='line_1_43' title="bbox 211 2266 968 2310; baseline 0.001 -13"><span class='ocrx_word' id='word_1_232' title='bbox 211 2276 281 2298; x_wconf 86' lang='lat' dir='ltr'>rum</span> <span class='ocrx_word' id='word_1_233' title='bbox 295 2266 553 2310; x_wconf 85' lang='lat' dir='ltr'>prosequentium</span> <span class='ocrx_word' id='word_1_234' title='bbox 570 2266 693 2299; x_wconf 85' lang='lat' dir='ltr'>laudem</span> <span class='ocrx_word' id='word_1_235' title='bbox 712 2271 739 2298; x_wconf 88' lang='lat' dir='ltr'>et</span> <span class='ocrx_word' id='word_1_236' title='bbox 760 2266 904 2309; x_wconf 82' lang='lat' dir='ltr'>gloriam,</span> <span class='ocrx_word' id='word_1_237' title='bbox 920 2266 949 2298; x_wconf 88' lang='lat' dir='ltr'>in</span> <span class='ocrx_word' id='word_1_238' title='bbox 966 2294 968 2301; x_wconf 87' lang='lat'><em>.</em></span> 
     </span>
    </p>
   </div>
   <div class='ocr_carea' id='block_1_13' title="bbox 210 2319 950 2522">
    <p class='ocr_par' dir='ltr' id='par_1_14' title="bbox 210 2319 950 2522">
     <span class='ocr_line' id='line_1_44' title="bbox 210 2319 949 2361; baseline -0.001 -9"><span class='ocrx_word' id='word_1_239' title='bbox 210 2319 342 2353; x_wconf 89' lang='lat' dir='ltr'>Domino</span> <span class='ocrx_word' id='word_1_240' title='bbox 360 2320 625 2361; x_wconf 82' lang='lat' dir='ltr'>commendantes,</span> <span class='ocrx_word' id='word_1_241' title='bbox 643 2326 672 2353; x_wconf 90' lang='lat' dir='ltr'>et</span> <span class='ocrx_word' id='word_1_242' title='bbox 688 2319 881 2352; x_wconf 86' lang='lat' dir='ltr'>attendentes</span> <span class='ocrx_word' id='word_1_243' title='bbox 899 2320 949 2352; x_wconf 83' lang='lat' dir='ltr'>illa</span> 
     </span>
     <span class='ocr_line' id='line_1_45' title="bbox 211 2372 950 2416; baseline -0.001 -11"><span class='ocrx_word' id='word_1_244' title='bbox 211 2372 348 2405; x_wconf 87' lang='lat' dir='ltr'>salubria</span> <span class='ocrx_word' id='word_1_245' title='bbox 373 2376 402 2405; x_wconf 83' lang='lat' dir='ltr'>et</span> <span class='ocrx_word' id='word_1_246' title='bbox 426 2373 563 2406; x_wconf 81' lang='lat' dir='ltr'>efficacia</span> <span class='ocrx_word' id='word_1_247' title='bbox 589 2374 654 2406; x_wconf 87' lang='lat' dir='ltr'>sore</span> <span class='ocrx_word' id='word_1_248' title='bbox 679 2372 715 2405; x_wconf 88' lang='lat' dir='ltr'>ad</span> <span class='ocrx_word' id='word_1_249' title='bbox 742 2373 887 2416; x_wconf 82' lang='lat' dir='ltr'>perennis</span> <span class='ocrx_word' id='word_1_250' title='bbox 906 2383 950 2404; x_wconf 83' lang='lat' dir='ltr'>sa-</span> 
     </span>
     <span class='ocr_line' id='line_1_46' title="bbox 211 2425 950 2470; baseline -0.003 -11"><span class='ocrx_word' id='word_1_251' title='bbox 211 2427 283 2459; x_wconf 88' lang='lat' dir='ltr'>lutis</span> <span class='ocrx_word' id='word_1_252' title='bbox 305 2425 448 2458; x_wconf 79' lang='lat' dir='ltr'>bravium</span> <span class='ocrx_word' id='word_1_253' title='bbox 475 2426 720 2470; x_wconf 86' lang='lat' dir='ltr'>impetrandum,</span> <span class='ocrx_word' id='word_1_254' title='bbox 745 2430 774 2458; x_wconf 89' lang='lat' dir='ltr'>et</span> <span class='ocrx_word' id='word_1_255' title='bbox 800 2431 831 2457; x_wconf 91' lang='lat' dir='ltr'>ut</span> <span class='ocrx_word' id='word_1_256' title='bbox 857 2436 893 2457; x_wconf 89' lang='lat' dir='ltr'>eo</span> <span class='ocrx_word' id='word_1_257' title='bbox 918 2425 950 2457; x_wconf 90' lang='lat' dir='ltr'>li-</span> 
     </span>
     <span class='ocr_line' id='line_1_47' title="bbox 211 2477 950 2522; baseline -0.003 -10"><span class='ocrx_word' id='word_1_258' title='bbox 211 2479 334 2512; x_wconf 85' lang='lat' dir='ltr'>bentius</span> <span class='ocrx_word' id='word_1_259' title='bbox 359 2479 432 2512; x_wconf 88' lang='lat' dir='ltr'>dicti</span> <span class='ocrx_word' id='word_1_260' title='bbox 464 2478 576 2511; x_wconf 87' lang='lat' dir='ltr'>fratres</span> <span class='ocrx_word' id='word_1_261' title='bbox 607 2478 718 2511; x_wconf 86' lang='lat' dir='ltr'>divinis</span> <span class='ocrx_word' id='word_1_262' title='bbox 750 2477 950 2522; x_wconf 82' lang='lat' dir='ltr'>beneplacitis</span> 
     </span>
    </p>
   </div>
   <div class='ocr_carea' id='block_1_14' title="bbox 211 2531 968 2576">
    <p class='ocr_par' dir='ltr' id='par_1_15' title="bbox 211 2531 968 2576">
     <span class='ocr_line' id='line_1_48' title="bbox 211 2531 968 2576; baseline 0 -10"><span class='ocrx_word' id='word_1_263' title='bbox 211 2543 244 2566; x_wconf 84' lang='lat' dir='ltr'>se</span> <span class='ocrx_word' id='word_1_264' title='bbox 268 2537 441 2576; x_wconf 84' lang='lat' dir='ltr'>occupent,</span> <span class='ocrx_word' id='word_1_265' title='bbox 462 2542 557 2576; x_wconf 89' lang='lat' dir='ltr'>seque</span> <span class='ocrx_word' id='word_1_266' title='bbox 582 2531 761 2574; x_wconf 85' lang='lat' dir='ltr'>diligentius</span> <span class='ocrx_word' id='word_1_267' title='bbox 786 2536 968 2566; x_wconf 70' lang='lat' dir='ltr'>exerceant;</span> 
     </span>
    </p>
   </div>
   <div class='ocr_carea' id='block_1_15' title="bbox 211 2601 950 2682">
    <p class='ocr_par' dir='ltr' id='par_1_16' title="bbox 211 2601 950 2682">
     <span class='ocr_line' id='line_1_49' title="bbox 247 2601 950 2637; baseline 0.001 -8"><span class='ocrx_word' id='word_1_268' title='bbox 247 2603 257 2629; x_wconf 85' lang='lat'>1</span> <span class='ocrx_word' id='word_1_269' title='bbox 277 2602 376 2629; x_wconf 87' lang='lat' dir='ltr'>Forsan</span> <span class='ocrx_word' id='word_1_270' title='bbox 392 2603 532 2636; x_wconf 76' lang='lat' dir='ltr'>foventur,</span> <span class='ocrx_word' id='word_1_271' title='bbox 553 2605 579 2628; x_wconf 88' lang='lat' dir='ltr'>et</span> <span class='ocrx_word' id='word_1_272' title='bbox 599 2602 638 2628; x_wconf 85' lang='lat' dir='ltr'>sic</span> <span class='ocrx_word' id='word_1_273' title='bbox 653 2601 778 2637; x_wconf 84' lang='lat' dir='ltr'>deinceps</span> <span class='ocrx_word' id='word_1_274' title='bbox 793 2602 845 2629; x_wconf 84' lang='lat' dir='ltr'>alia</span> <span class='ocrx_word' id='word_1_275' title='bbox 869 2601 950 2630; x_wconf 82' lang='lat' dir='ltr'>verba</span> 
     </span>
     <span class='ocr_line' id='line_1_50' title="bbox 211 2646 771 2682; baseline -0.004 -8"><span class='ocrx_word' id='word_1_276' title='bbox 211 2646 354 2674; x_wconf 79' lang='lat' dir='ltr'>indicativo</span> <span class='ocrx_word' id='word_1_277' title='bbox 371 2647 449 2674; x_wconf 88' lang='lat' dir='ltr'>modo</span> <span class='ocrx_word' id='word_1_278' title='bbox 465 2646 577 2682; x_wconf 83' lang='lat' dir='ltr'>legenda</span> <span class='ocrx_word' id='word_1_279' title='bbox 593 2649 654 2673; x_wconf 90' lang='lat' dir='ltr'>sunt</span> <span class='ocrx_word' id='word_1_280' title='bbox 669 2647 706 2680; x_wconf 73' lang='lat' dir='ltr'>(a.</span> <span class='ocrx_word' id='word_1_281' title='bbox 724 2647 771 2675; x_wconf 59' lang='lat' dir='ltr'>inl.</span> 
     </span>
    </p>
   </div>
   <div class='ocr_carea' id='block_1_16' title="bbox 312 2702 883 2732">
    <p class='ocr_par' dir='ltr' id='par_1_17' title="bbox 312 2702 883 2732">
     <span class='ocr_line' id='line_1_51' title="bbox 312 2702 883 2732; baseline -0.004 -1"><span class='ocrx_word' id='word_1_282' title='bbox 312 2703 387 2732; x_wconf 84' lang='lat' dir='ltr'>Bull.</span> <span class='ocrx_word' id='word_1_283' title='bbox 405 2703 484 2732; x_wconf 84' lang='lat' dir='ltr'>Rom.</span> <span class='ocrx_word' id='word_1_284' title='bbox 502 2717 536 2724; x_wconf 90' lang='lat'>·-</span> <span class='ocrx_word' id='word_1_285' title='bbox 555 2702 612 2730; x_wconf 91' lang='lat' dir='ltr'>Vol.</span> <span class='ocrx_word' id='word_1_286' title='bbox 629 2702 704 2731; x_wconf 84' lang='lat' dir='ltr'><em>XVI.</em></span> <span class='ocrx_word' id='word_1_287' title='bbox 851 2702 883 2729; x_wconf 72' lang='lat'>47</span> 
     </span>
    </p>
   </div>
   <div class='ocr_carea' id='block_1_17' title="bbox 966 309 980 2656">
    <p class='ocr_par' dir='ltr' id='par_1_18' title="bbox 966 309 980 2656">
     <span class='ocr_line' id='line_1_52' title="bbox 966 309 980 2656; baseline 0 0"><span class='ocrx_word' id='word_1_288' title='bbox 966 309 980 2656; x_wconf 95' lang='lat' dir='ltr'> </span> 
     </span>
    </p>
   </div>
   <div class='ocr_carea' id='block_1_18' title="bbox 996 237 1738 338">
    <p class='ocr_par' dir='ltr' id='par_1_19' title="bbox 996 237 1738 338">
     <span class='ocr_line' id='line_1_53' title="bbox 1642 237 1705 269; baseline 0.032 -2"><span class='ocrx_word' id='word_1_289' title='bbox 1642 237 1705 269; x_wconf 62' lang='lat'>5³60</span> 
     </span>
     <span class='ocr_line' id='line_1_54' title="bbox 996 294 1738 338; baseline 0.001 -12"><span class='ocrx_word' id='word_1_290' title='bbox 996 295 1025 326; x_wconf 89' lang='lat' dir='ltr'>in</span> <span class='ocrx_word' id='word_1_291' title='bbox 1043 294 1190 338; x_wconf 87' lang='lat' dir='ltr'>operibus</span> <span class='ocrx_word' id='word_1_292' title='bbox 1208 294 1388 335; x_wconf 70' lang='lat' dir='ltr'>sanctitatis,</span> <span class='ocrx_word' id='word_1_293' title='bbox 1405 295 1474 338; x_wconf 80' lang='lat' dir='ltr'>qui¹</span> <span class='ocrx_word' id='word_1_294' title='bbox 1492 294 1645 327; x_wconf 73' lang='lat' dir='ltr'>invenisse</span> <span class='ocrx_word' id='word_1_295' title='bbox 1663 305 1738 337; x_wconf 77' lang='lat' dir='ltr'>gau-</span> 
     </span>
    </p>
   </div>
   <div class='ocr_carea' id='block_1_19' title="bbox 995 400 1737 444">
    <p class='ocr_par' dir='ltr' id='par_1_20' title="bbox 995 400 1737 444">
     <span class='ocr_line' id='line_1_55' title="bbox 995 400 1737 444; baseline 0.003 -13"><span class='ocrx_word' id='word_1_296' title='bbox 995 411 1065 440; x_wconf 84' lang='lat' dir='ltr'>sos,</span> <span class='ocrx_word' id='word_1_297' title='bbox 1097 400 1251 444; x_wconf 88' lang='lat' dir='ltr'>propitios</span> <span class='ocrx_word' id='word_1_298' title='bbox 1277 406 1305 432; x_wconf 91' lang='lat' dir='ltr'>et</span> <span class='ocrx_word' id='word_1_299' title='bbox 1330 400 1504 442; x_wconf 79' lang='lat' dir='ltr'>benignos:</span> <span class='ocrx_word' id='word_1_300' title='bbox 1527 401 1679 433; x_wconf 82' lang='lat' dir='ltr'>carissimi</span> <span class='ocrx_word' id='word_1_301' title='bbox 1707 401 1737 433; x_wconf 89' lang='lat' dir='ltr'>in</span> 
     </span>
    </p>
   </div>
   <div class='ocr_carea' id='block_1_20' title="bbox 977 453 1737 550">
    <p class='ocr_par' dir='ltr' id='par_1_21' title="bbox 977 453 1737 550">
     <span class='ocr_line' id='line_1_56' title="bbox 977 453 1737 496; baseline 0.003 -13"><span class='ocrx_word' id='word_1_302' title='bbox 977 453 1117 486; x_wconf 64' lang='lat' dir='ltr'>{Christo</span> <span class='ocrx_word' id='word_1_303' title='bbox 1142 453 1197 486; x_wconf 88' lang='lat' dir='ltr'>filii</span> <span class='ocrx_word' id='word_1_304' title='bbox 1219 453 1315 486; x_wconf 79' lang='lat' dir='ltr'>nostri</span> <span class='ocrx_word' id='word_1_305' title='bbox 1338 453 1436 486; x_wconf 88' lang='lat' dir='ltr'>Caroli</span> <span class='ocrx_word' id='word_1_306' title='bbox 1458 454 1540 495; x_wconf 82' lang='lat' dir='ltr'>regis</span> <span class='ocrx_word' id='word_1_307' title='bbox 1558 454 1737 496; x_wconf 77' lang='lat' dir='ltr'>llungariae</span> 
     </span>
     <span class='ocr_line' id='line_1_57' title="bbox 977 506 1736 550; baseline 0.001 -12"><span class='ocrx_word' id='word_1_308' title='bbox 977 506 1135 547; x_wconf 73' lang='lat' dir='ltr'>illustris,</span> <span class='ocrx_word' id='word_1_309' title='bbox 1166 516 1258 549; x_wconf 90' lang='lat' dir='ltr'>quem</span> <span class='ocrx_word' id='word_1_310' title='bbox 1285 506 1321 537; x_wconf 90' lang='lat' dir='ltr'>ad</span> <span class='ocrx_word' id='word_1_311' title='bbox 1348 506 1458 538; x_wconf 83' lang='lat' dir='ltr'>fratres</span> <span class='ocrx_word' id='word_1_312' title='bbox 1485 506 1566 549; x_wconf 84' lang='lat' dir='ltr'>ipsos</span> <span class='ocrx_word' id='word_1_313' title='bbox 1593 507 1736 550; x_wconf 64' lang='lat' dir='ltr'>specialis</span> 
     </span>
    </p>
   </div>
   <div class='ocr_carea' id='block_1_21' title="bbox 984 558 1736 2572">
    <p class='ocr_par' dir='ltr' id='par_1_22' title="bbox 984 558 1736 2572">
     <span class='ocr_line' id='line_1_58' title="bbox 994 558 1735 602; baseline -0.003 -10"><span class='ocrx_word' id='word_1_314' title='bbox 994 559 1168 592; x_wconf 79' lang='lat' dir='ltr'>devotionis</span> <span class='ocrx_word' id='word_1_315' title='bbox 1201 558 1347 591; x_wconf 79' lang='lat' dir='ltr'>affectum</span> <span class='ocrx_word' id='word_1_316' title='bbox 1382 559 1498 591; x_wconf 84' lang='lat' dir='ltr'>habere</span> <span class='ocrx_word' id='word_1_317' title='bbox 1523 559 1735 602; x_wconf 62' lang='lat' dir='ltr'>percipimus,</span> 
     </span>
     <span class='ocr_line' id='line_1_59' title="bbox 994 611 1735 656; baseline 0 -12"><span class='ocrx_word' id='word_1_318' title='bbox 994 613 1196 656; x_wconf 89' lang='lat' dir='ltr'>apostolicam</span> <span class='ocrx_word' id='word_1_319' title='bbox 1211 623 1269 656; x_wconf 92' lang='lat' dir='ltr'>pro</span> <span class='ocrx_word' id='word_1_320' title='bbox 1284 611 1431 644; x_wconf 80' lang='lat' dir='ltr'>fratribus</span> <span class='ocrx_word' id='word_1_321' title='bbox 1448 611 1615 655; x_wconf 83' lang='lat' dir='ltr'>praedictis</span> <span class='ocrx_word' id='word_1_322' title='bbox 1632 613 1658 644; x_wconf 90' lang='lat' dir='ltr'>in</span> <span class='ocrx_word' id='word_1_323' title='bbox 1679 613 1735 645; x_wconf 79' lang='lat' dir='ltr'>liae</span> 
     </span>
     <span class='ocr_line' id='line_1_60' title="bbox 993 665 1735 710; baseline 0 -12"><span class='ocrx_word' id='word_1_324' title='bbox 993 672 1082 710; x_wconf 90' lang='lat' dir='ltr'>parte</span> <span class='ocrx_word' id='word_1_325' title='bbox 1107 666 1240 709; x_wconf 78' lang='lat' dir='ltr'>gratiam</span> <span class='ocrx_word' id='word_1_326' title='bbox 1275 666 1437 698; x_wconf 81' lang='lat' dir='ltr'>humiliter</span> <span class='ocrx_word' id='word_1_327' title='bbox 1471 665 1680 709; x_wconf 74' lang='lat' dir='ltr'>implorantis,</span> <span class='ocrx_word' id='word_1_328' title='bbox 1707 672 1735 698; x_wconf 82' lang='lat' dir='ltr'>ct</span> 
     </span>
     <span class='ocr_line' id='line_1_61' title="bbox 993 719 1736 762; baseline -0.001 -10"><span class='ocrx_word' id='word_1_329' title='bbox 993 720 1175 752; x_wconf 86' lang='lat' dir='ltr'>eorumdem</span> <span class='ocrx_word' id='word_1_330' title='bbox 1201 720 1333 753; x_wconf 85' lang='lat' dir='ltr'>fratrum</span> <span class='ocrx_word' id='word_1_331' title='bbox 1359 719 1478 752; x_wconf 70' lang='lat' dir='ltr'>devotis</span> <span class='ocrx_word' id='word_1_332' title='bbox 1504 719 1736 762; x_wconf 63' lang='lat' dir='ltr'>simplic-ationi-</span> 
     </span>
     <span class='ocr_line' id='line_1_62' title="bbox 994 771 1733 816; baseline -0.001 -12"><span class='ocrx_word' id='word_1_333' title='bbox 994 772 1050 805; x_wconf 89' lang='lat' dir='ltr'>bus</span> <span class='ocrx_word' id='word_1_334' title='bbox 1075 778 1258 813; x_wconf 88' lang='lat' dir='ltr'>annuentes,</span> <span class='ocrx_word' id='word_1_335' title='bbox 1282 772 1462 816; x_wconf 85' lang='lat' dir='ltr'>praelibatis</span> <span class='ocrx_word' id='word_1_336' title='bbox 1487 771 1652 813; x_wconf 85' lang='lat' dir='ltr'>fratribus,</span> <span class='ocrx_word' id='word_1_337' title='bbox 1680 783 1733 803; x_wconf 90' lang='lat' dir='ltr'>au-</span> 
     </span>
     <span class='ocr_line' id='line_1_63' title="bbox 993 824 1734 869; baseline -0.003 -12"><span class='ocrx_word' id='word_1_338' title='bbox 993 825 1135 858; x_wconf 87' lang='lat' dir='ltr'>ctoritate</span> <span class='ocrx_word' id='word_1_339' title='bbox 1160 825 1344 869; x_wconf 75' lang='lat' dir='ltr'>apostolica,</span> <span class='ocrx_word' id='word_1_340' title='bbox 1364 824 1506 868; x_wconf 86' lang='lat' dir='ltr'>regulam</span> <span class='ocrx_word' id='word_1_341' title='bbox 1533 824 1734 856; x_wconf 86' lang='lat' dir='ltr'>concedimus</span> 
     </span>
     <span class='ocr_line' id='line_1_64' title="bbox 992 877 1734 922; baseline -0.003 -12"><span class='ocrx_word' id='word_1_342' title='bbox 992 878 1191 918; x_wconf 87' lang='lat' dir='ltr'>antedictam,</span> <span class='ocrx_word' id='word_1_343' title='bbox 1219 889 1276 922; x_wconf 89' lang='lat' dir='ltr'>per</span> <span class='ocrx_word' id='word_1_344' title='bbox 1301 888 1352 911; x_wconf 88' lang='lat' dir='ltr'>eos</span> <span class='ocrx_word' id='word_1_345' title='bbox 1374 883 1403 910; x_wconf 87' lang='lat' dir='ltr'>et</span> <span class='ocrx_word' id='word_1_346' title='bbox 1429 887 1626 910; x_wconf 83' lang='lat' dir='ltr'>successores</span> <span class='ocrx_word' id='word_1_347' title='bbox 1652 877 1734 920; x_wconf 88' lang='lat' dir='ltr'>ipso-</span> 
     </span>
     <span class='ocr_line' id='line_1_65' title="bbox 993 931 1733 975; baseline -0.001 -12"><span class='ocrx_word' id='word_1_348' title='bbox 993 942 1061 964; x_wconf 91' lang='lat' dir='ltr'>rum</span> <span class='ocrx_word' id='word_1_349' title='bbox 1088 931 1118 964; x_wconf 91' lang='lat' dir='ltr'>in</span> <span class='ocrx_word' id='word_1_350' title='bbox 1143 932 1220 965; x_wconf 86' lang='lat' dir='ltr'>locis</span> <span class='ocrx_word' id='word_1_351' title='bbox 1245 931 1309 964; x_wconf 91' lang='lat' dir='ltr'>suis</span> <span class='ocrx_word' id='word_1_352' title='bbox 1335 941 1414 975; x_wconf 87' lang='lat' dir='ltr'>quae</span> <span class='ocrx_word' id='word_1_353' title='bbox 1446 931 1563 963; x_wconf 85' lang='lat' dir='ltr'>liabent</span> <span class='ocrx_word' id='word_1_354' title='bbox 1588 935 1617 963; x_wconf 89' lang='lat' dir='ltr'>et</span> <span class='ocrx_word' id='word_1_355' title='bbox 1642 941 1733 974; x_wconf 86' lang='lat' dir='ltr'>prac-</span> 
     </span>
     <span class='ocr_line' id='line_1_66' title="bbox 992 983 1735 1027; baseline -0.001 -11"><span class='ocrx_word' id='word_1_356' title='bbox 992 989 1091 1017; x_wconf 87' lang='lat' dir='ltr'>stante</span> <span class='ocrx_word' id='word_1_357' title='bbox 1105 984 1237 1018; x_wconf 88' lang='lat' dir='ltr'>Domino</span> <span class='ocrx_word' id='word_1_358' title='bbox 1255 983 1414 1016; x_wconf 83' lang='lat' dir='ltr'>habebunt</span> <span class='ocrx_word' id='word_1_359' title='bbox 1432 983 1463 1016; x_wconf 93' lang='lat' dir='ltr'>in</span> <span class='ocrx_word' id='word_1_360' title='bbox 1488 988 1648 1027; x_wconf 86' lang='lat' dir='ltr'>posterum</span> <span class='ocrx_word' id='word_1_361' title='bbox 1667 994 1735 1026; x_wconf 89' lang='lat' dir='ltr'>per-</span> 
     </span>
     <span class='ocr_line' id='line_1_67' title="bbox 992 1035 1732 1080; baseline -0.001 -12"><span class='ocrx_word' id='word_1_362' title='bbox 992 1035 1093 1079; x_wconf 89' lang='lat' dir='ltr'>petuis</span> <span class='ocrx_word' id='word_1_363' title='bbox 1125 1036 1239 1069; x_wconf 84' lang='lat' dir='ltr'>suturis</span> <span class='ocrx_word' id='word_1_364' title='bbox 1264 1036 1459 1080; x_wconf 87' lang='lat' dir='ltr'>temporibus</span> <span class='ocrx_word' id='word_1_365' title='bbox 1484 1035 1732 1075; x_wconf 58' lang='lat' dir='ltr'>observandam</span> 
     </span>
     <span class='ocr_line' id='line_1_68' title="bbox 993 1089 1733 1134; baseline 0 -13"><span class='ocrx_word' id='word_1_366' title='bbox 993 1090 1175 1123; x_wconf 87' lang='lat' dir='ltr'>memoratis</span> <span class='ocrx_word' id='word_1_367' title='bbox 1200 1090 1329 1134; x_wconf 89' lang='lat' dir='ltr'>insuper</span> <span class='ocrx_word' id='word_1_368' title='bbox 1353 1089 1514 1130; x_wconf 82' lang='lat' dir='ltr'>fratribus,</span> <span class='ocrx_word' id='word_1_369' title='bbox 1532 1089 1733 1122; x_wconf 89' lang='lat' dir='ltr'>eorumdem-</span> 
     </span>
     <span class='ocr_line' id='line_1_69' title="bbox 991 1142 1734 1187; baseline -0.003 -11"><span class='ocrx_word' id='word_1_370' title='bbox 991 1153 1052 1187; x_wconf 83' lang='lat' dir='ltr'>que</span> <span class='ocrx_word' id='word_1_371' title='bbox 1077 1143 1323 1185; x_wconf 89' lang='lat' dir='ltr'>successoribus,</span> <span class='ocrx_word' id='word_1_372' title='bbox 1342 1142 1426 1187; x_wconf 90' lang='lat' dir='ltr'>quod</span> <span class='ocrx_word' id='word_1_373' title='bbox 1444 1143 1474 1174; x_wconf 94' lang='lat' dir='ltr'>in</span> <span class='ocrx_word' id='word_1_374' title='bbox 1496 1142 1633 1186; x_wconf 88' lang='lat' dir='ltr'>capitulo</span> <span class='ocrx_word' id='word_1_375' title='bbox 1654 1142 1734 1185; x_wconf 91' lang='lat' dir='ltr'>ipso-</span> 
     </span>
     <span class='ocr_line' id='line_1_70' title="bbox 991 1192 1733 1238; baseline -0.003 -12"><span class='ocrx_word' id='word_1_376' title='bbox 991 1204 1073 1233; x_wconf 85' lang='lat' dir='ltr'>rum,</span> <span class='ocrx_word' id='word_1_377' title='bbox 1103 1195 1224 1238; x_wconf 89' lang='lat' dir='ltr'>quoties</span> <span class='ocrx_word' id='word_1_378' title='bbox 1245 1194 1416 1238; x_wconf 82' lang='lat' dir='ltr'>expedierit</span> <span class='ocrx_word' id='word_1_379' title='bbox 1444 1192 1652 1234; x_wconf 87' lang='lat' dir='ltr'>celebrando⁷</span> <span class='ocrx_word' id='word_1_380' title='bbox 1678 1192 1733 1224; x_wconf 85' lang='lat' dir='ltr'>ali-</span> 
     </span>
     <span class='ocr_line' id='line_1_71' title="bbox 991 1245 1732 1290; baseline -0.004 -11"><span class='ocrx_word' id='word_1_381' title='bbox 991 1256 1084 1290; x_wconf 91' lang='lat' dir='ltr'>quem</span> <span class='ocrx_word' id='word_1_382' title='bbox 1104 1247 1141 1279; x_wconf 88' lang='lat' dir='ltr'>de</span> <span class='ocrx_word' id='word_1_383' title='bbox 1159 1247 1202 1279; x_wconf 83' lang='lat' dir='ltr'>eis</span> <span class='ocrx_word' id='word_1_384' title='bbox 1223 1247 1371 1279; x_wconf 83' lang='lat' dir='ltr'>idoneum</span> <span class='ocrx_word' id='word_1_385' title='bbox 1398 1246 1428 1278; x_wconf 90' lang='lat' dir='ltr'>in</span> <span class='ocrx_word' id='word_1_386' title='bbox 1454 1256 1563 1278; x_wconf 90' lang='lat' dir='ltr'>eorum</span> <span class='ocrx_word' id='word_1_387' title='bbox 1591 1245 1732 1288; x_wconf 83' lang='lat' dir='ltr'>priorem</span> 
     </span>
     <span class='ocr_line' id='line_1_72' title="bbox 990 1299 1732 1343; baseline -0.003 -11"><span class='ocrx_word' id='word_1_388' title='bbox 990 1300 1169 1342; x_wconf 79' lang='lat' dir='ltr'>generalem</span> <span class='ocrx_word' id='word_1_389' title='bbox 1202 1300 1318 1343; x_wconf 76' lang='lat' dir='ltr'>eligere</span> <span class='ocrx_word' id='word_1_390' title='bbox 1355 1305 1384 1332; x_wconf 88' lang='lat' dir='ltr'>et</span> <span class='ocrx_word' id='word_1_391' title='bbox 1421 1300 1553 1332; x_wconf 87' lang='lat' dir='ltr'>electum</span> <span class='ocrx_word' id='word_1_392' title='bbox 1591 1299 1732 1342; x_wconf 85' lang='lat' dir='ltr'>recipcre</span> 
     </span>
     <span class='ocr_line' id='line_1_73' title="bbox 991 1352 1733 1398; baseline -0.003 -12"><span class='ocrx_word' id='word_1_393' title='bbox 991 1354 1110 1386; x_wconf 74' lang='lat' dir='ltr'>valeant</span> <span class='ocrx_word' id='word_1_394' title='bbox 1126 1360 1153 1386; x_wconf 82' lang='lat' dir='ltr'>et</span> <span class='ocrx_word' id='word_1_395' title='bbox 1170 1354 1320 1393; x_wconf 75' lang='lat' dir='ltr'>liabeant3</span> <span class='ocrx_word' id='word_1_396' title='bbox 1339 1354 1485 1398; x_wconf 77' lang='lat' dir='ltr'>idemque</span> <span class='ocrx_word' id='word_1_397' title='bbox 1501 1353 1598 1396; x_wconf 86' lang='lat' dir='ltr'>prior,</span> <span class='ocrx_word' id='word_1_398' title='bbox 1614 1352 1656 1384; x_wconf 85' lang='lat' dir='ltr'>sic</span> <span class='ocrx_word' id='word_1_399' title='bbox 1675 1352 1733 1384; x_wconf 82' lang='lat' dir='ltr'>cle-</span> 
     </span>
     <span class='ocr_line' id='line_1_74' title="bbox 990 1407 1732 1451; baseline -0.003 -10"><span class='ocrx_word' id='word_1_400' title='bbox 990 1413 1068 1448; x_wconf 86' lang='lat' dir='ltr'>ctus,</span> <span class='ocrx_word' id='word_1_401' title='bbox 1088 1413 1233 1451; x_wconf 89' lang='lat' dir='ltr'>receptus</span> <span class='ocrx_word' id='word_1_402' title='bbox 1251 1413 1280 1440; x_wconf 91' lang='lat' dir='ltr'>et</span> <span class='ocrx_word' id='word_1_403' title='bbox 1301 1407 1436 1447; x_wconf 83' lang='lat' dir='ltr'>babitus,</span> <span class='ocrx_word' id='word_1_404' title='bbox 1455 1408 1485 1439; x_wconf 93' lang='lat' dir='ltr'>in</span> <span class='ocrx_word' id='word_1_405' title='bbox 1503 1407 1602 1439; x_wconf 87' lang='lat' dir='ltr'>dictos</span> <span class='ocrx_word' id='word_1_406' title='bbox 1620 1407 1732 1439; x_wconf 75' lang='lat' dir='ltr'>fratres</span> 
     </span>
     <span class='ocr_line' id='line_1_75' title="bbox 990 1461 1731 1495; baseline -0.001 -1"><span class='ocrx_word' id='word_1_407' title='bbox 990 1467 1019 1494; x_wconf 86' lang='lat' dir='ltr'>et</span> <span class='ocrx_word' id='word_1_408' title='bbox 1044 1472 1242 1495; x_wconf 85' lang='lat' dir='ltr'>successores</span> <span class='ocrx_word' id='word_1_409' title='bbox 1260 1461 1446 1494; x_wconf 69' lang='lat' dir='ltr'>visitationis</span> <span class='ocrx_word' id='word_1_410' title='bbox 1471 1467 1500 1493; x_wconf 90' lang='lat' dir='ltr'>et</span> <span class='ocrx_word' id='word_1_411' title='bbox 1526 1461 1731 1494; x_wconf 80' lang='lat' dir='ltr'>correctionis</span> 
     </span>
     <span class='ocr_line' id='line_1_76' title="bbox 990 1514 1732 1557; baseline -0.001 -10"><span class='ocrx_word' id='word_1_412' title='bbox 990 1515 1111 1548; x_wconf 88' lang='lat' dir='ltr'>debitae</span> <span class='ocrx_word' id='word_1_413' title='bbox 1138 1515 1274 1548; x_wconf 82' lang='lat' dir='ltr'>officium</span> <span class='ocrx_word' id='word_1_414' title='bbox 1297 1515 1393 1547; x_wconf 72' lang='lat' dir='ltr'>valeat</span> <span class='ocrx_word' id='word_1_415' title='bbox 1415 1525 1572 1551; x_wconf 75' lang='lat' dir='ltr'>exercere,</span> <span class='ocrx_word' id='word_1_416' title='bbox 1591 1524 1626 1546; x_wconf 81' lang='lat' dir='ltr'>ae</span> <span class='ocrx_word' id='word_1_417' title='bbox 1646 1514 1732 1557; x_wconf 67' lang='lat' dir='ltr'>ipsos</span> 
     </span>
     <span class='ocr_line' id='line_1_77' title="bbox 990 1568 1730 1611; baseline -0.003 -10"><span class='ocrx_word' id='word_1_418' title='bbox 990 1569 1027 1601; x_wconf 90' lang='lat' dir='ltr'>ab</span> <span class='ocrx_word' id='word_1_419' title='bbox 1053 1568 1388 1601; x_wconf 81' lang='lat' dir='ltr'>excommunicationis</span> <span class='ocrx_word' id='word_1_420' title='bbox 1414 1568 1576 1607; x_wconf 80' lang='lat' dir='ltr'>sententia,</span> <span class='ocrx_word' id='word_1_421' title='bbox 1595 1568 1619 1599; x_wconf 89' lang='lat' dir='ltr'>si</span> <span class='ocrx_word' id='word_1_422' title='bbox 1637 1578 1730 1611; x_wconf 85' lang='lat' dir='ltr'>quam</span> 
     </span>
     <span class='ocr_line' id='line_1_78' title="bbox 989 1621 1731 1665; baseline -0.001 -11"><span class='ocrx_word' id='word_1_423' title='bbox 989 1631 1042 1654; x_wconf 88' lang='lat' dir='ltr'>cos</span> <span class='ocrx_word' id='word_1_424' title='bbox 1070 1627 1201 1665; x_wconf 89' lang='lat' dir='ltr'>propter</span> <span class='ocrx_word' id='word_1_425' title='bbox 1226 1621 1391 1654; x_wconf 71' lang='lat' dir='ltr'>violentam</span> <span class='ocrx_word' id='word_1_426' title='bbox 1415 1632 1563 1654; x_wconf 88' lang='lat' dir='ltr'>manuum</span> <span class='ocrx_word' id='word_1_427' title='bbox 1591 1621 1731 1654; x_wconf 82' lang='lat' dir='ltr'>iniectio-</span> 
     </span>
     <span class='ocr_line' id='line_1_79' title="bbox 989 1675 1731 1719; baseline 0 -12"><span class='ocrx_word' id='word_1_428' title='bbox 989 1685 1059 1708; x_wconf 86' lang='lat' dir='ltr'>nem</span> <span class='ocrx_word' id='word_1_429' title='bbox 1088 1675 1117 1707; x_wconf 90' lang='lat' dir='ltr'>in</span> <span class='ocrx_word' id='word_1_430' title='bbox 1142 1686 1173 1707; x_wconf 89' lang='lat' dir='ltr'>se</span> <span class='ocrx_word' id='word_1_431' title='bbox 1199 1676 1281 1719; x_wconf 83' lang='lat' dir='ltr'>ipsos</span> <span class='ocrx_word' id='word_1_432' title='bbox 1307 1675 1353 1708; x_wconf 77' lang='lat' dir='ltr'>rel</span> <span class='ocrx_word' id='word_1_433' title='bbox 1391 1681 1520 1718; x_wconf 87' lang='lat' dir='ltr'>propter</span> <span class='ocrx_word' id='word_1_434' title='bbox 1545 1679 1656 1709; x_wconf 82' lang='lat' dir='ltr'>statuta</span> <span class='ocrx_word' id='word_1_435' title='bbox 1689 1675 1731 1707; x_wconf 90' lang='lat' dir='ltr'>di-</span> 
     </span>
     <span class='ocr_line' id='line_1_80' title="bbox 989 1729 1730 1771; baseline 0 -10"><span class='ocrx_word' id='word_1_436' title='bbox 989 1735 1054 1762; x_wconf 87' lang='lat' dir='ltr'>ctae</span> <span class='ocrx_word' id='word_1_437' title='bbox 1080 1729 1206 1771; x_wconf 78' lang='lat' dir='ltr'>regulae</span> <span class='ocrx_word' id='word_1_438' title='bbox 1237 1729 1379 1761; x_wconf 60' lang='lat' dir='ltr'>violanda</span> <span class='ocrx_word' id='word_1_439' title='bbox 1406 1729 1568 1761; x_wconf 85' lang='lat' dir='ltr'>incurrere</span> <span class='ocrx_word' id='word_1_440' title='bbox 1594 1729 1730 1771; x_wconf 75' lang='lat' dir='ltr'>contige-</span> 
     </span>
     <span class='ocr_line' id='line_1_81' title="bbox 988 1782 1730 1823; baseline 0 -9"><span class='ocrx_word' id='word_1_441' title='bbox 988 1783 1038 1823; x_wconf 89' lang='lat' dir='ltr'>rit,</span> <span class='ocrx_word' id='word_1_442' title='bbox 1057 1783 1141 1814; x_wconf 73' lang='lat' dir='ltr'>iuxta</span> <span class='ocrx_word' id='word_1_443' title='bbox 1159 1783 1290 1815; x_wconf 83' lang='lat' dir='ltr'>sormam</span> <span class='ocrx_word' id='word_1_444' title='bbox 1310 1782 1465 1815; x_wconf 74' lang='lat' dir='ltr'>Ecclesiae</span> <span class='ocrx_word' id='word_1_445' title='bbox 1484 1782 1645 1815; x_wconf 64' lang='lat' dir='ltr'>absolvere</span> <span class='ocrx_word' id='word_1_446' title='bbox 1660 1793 1730 1815; x_wconf 88' lang='lat' dir='ltr'>con-</span> 
     </span>
     <span class='ocr_line' id='line_1_82' title="bbox 989 1836 1730 1880; baseline -0.003 -11"><span class='ocrx_word' id='word_1_447' title='bbox 989 1842 1126 1876; x_wconf 76' lang='lat' dir='ltr'>suetam3</span> <span class='ocrx_word' id='word_1_448' title='bbox 1148 1837 1282 1880; x_wconf 74' lang='lat' dir='ltr'>deniqtoe</span> <span class='ocrx_word' id='word_1_449' title='bbox 1307 1842 1339 1868; x_wconf 90' lang='lat' dir='ltr'>ut</span> <span class='ocrx_word' id='word_1_450' title='bbox 1364 1836 1494 1880; x_wconf 73' lang='lat' dir='ltr'>praelati</span> <span class='ocrx_word' id='word_1_451' title='bbox 1520 1836 1642 1877; x_wconf 75' lang='lat' dir='ltr'>fratres,</span> <span class='ocrx_word' id='word_1_452' title='bbox 1663 1848 1730 1869; x_wconf 73' lang='lat' dir='ltr'>suc-</span> 
     </span>
     <span class='ocr_line' id='line_1_83' title="bbox 988 1889 1728 1932; baseline -0.004 -8"><span class='ocrx_word' id='word_1_453' title='bbox 988 1902 1128 1924; x_wconf 81' lang='lat' dir='ltr'>cessores</span> <span class='ocrx_word' id='word_1_454' title='bbox 1153 1900 1282 1931; x_wconf 80' lang='lat' dir='ltr'>corum,</span> <span class='ocrx_word' id='word_1_455' title='bbox 1308 1889 1346 1922; x_wconf 85' lang='lat' dir='ltr'>de</span> <span class='ocrx_word' id='word_1_456' title='bbox 1372 1889 1480 1931; x_wconf 82' lang='lat' dir='ltr'>terris,</span> <span class='ocrx_word' id='word_1_457' title='bbox 1507 1889 1624 1930; x_wconf 68' lang='lat' dir='ltr'>vincis,</span> <span class='ocrx_word' id='word_1_458' title='bbox 1651 1900 1728 1932; x_wconf 77' lang='lat' dir='ltr'>quas</span> 
     </span>
     <span class='ocr_line' id='line_1_84' title="bbox 988 1942 1728 1989; baseline -0.004 -12"><span class='ocrx_word' id='word_1_459' title='bbox 988 1944 1127 1989; x_wconf 89' lang='lat' dir='ltr'>propriis</span> <span class='ocrx_word' id='word_1_460' title='bbox 1159 1944 1223 1976; x_wconf 87' lang='lat' dir='ltr'>suis</span> <span class='ocrx_word' id='word_1_461' title='bbox 1249 1943 1393 1975; x_wconf 84' lang='lat' dir='ltr'>manibus</span> <span class='ocrx_word' id='word_1_462' title='bbox 1418 1942 1584 1980; x_wconf 73' lang='lat' dir='ltr'>excolunt,</span> <span class='ocrx_word' id='word_1_463' title='bbox 1614 1948 1641 1974; x_wconf 79' lang='lat' dir='ltr'>ct</span> <span class='ocrx_word' id='word_1_464' title='bbox 1668 1943 1728 1986; x_wconf 81' lang='lat' dir='ltr'>ipsi</span> 
     </span>
     <span class='ocr_line' id='line_1_85' title="bbox 987 1997 1727 2041; baseline -0.005 -10"><span class='ocrx_word' id='word_1_465' title='bbox 987 2008 1185 2031; x_wconf 85' lang='lat' dir='ltr'>successores</span> <span class='ocrx_word' id='word_1_466' title='bbox 1203 1997 1332 2041; x_wconf 77' lang='lat' dir='ltr'>praelati</span> <span class='ocrx_word' id='word_1_467' title='bbox 1351 1997 1490 2029; x_wconf 79' lang='lat' dir='ltr'>excolent</span> <span class='ocrx_word' id='word_1_468' title='bbox 1507 1997 1536 2028; x_wconf 88' lang='lat' dir='ltr'>in</span> <span class='ocrx_word' id='word_1_469' title='bbox 1555 2002 1727 2040; x_wconf 86' lang='lat' dir='ltr'>posterum,</span> 
     </span>
     <span class='ocr_line' id='line_1_86' title="bbox 986 2049 1727 2093; baseline -0.005 -10"><span class='ocrx_word' id='word_1_470' title='bbox 986 2051 1122 2084; x_wconf 86' lang='lat' dir='ltr'>decimas</span> <span class='ocrx_word' id='word_1_471' title='bbox 1161 2051 1282 2083; x_wconf 68' lang='lat' dir='ltr'>solvere</span> <span class='ocrx_word' id='word_1_472' title='bbox 1319 2055 1349 2081; x_wconf 85' lang='lat' dir='ltr'>ct</span> <span class='ocrx_word' id='word_1_473' title='bbox 1377 2049 1483 2082; x_wconf 74' lang='lat' dir='ltr'>venire</span> <span class='ocrx_word' id='word_1_474' title='bbox 1519 2049 1555 2081; x_wconf 87' lang='lat' dir='ltr'>ad</span> <span class='ocrx_word' id='word_1_475' title='bbox 1593 2049 1727 2093; x_wconf 54' lang='lat' dir='ltr'>synodos</span> 
     </span>
     <span class='ocr_line' id='line_1_87' title="bbox 986 2103 1726 2139; baseline -0.004 -2"><span class='ocrx_word' id='word_1_476' title='bbox 986 2104 1242 2137; x_wconf 86' lang='lat' dir='ltr'>dioecesanorum</span> <span class='ocrx_word' id='word_1_477' title='bbox 1262 2110 1371 2135; x_wconf 79' lang='lat' dir='ltr'>eorum</span> <span class='ocrx_word' id='word_1_478' title='bbox 1400 2103 1527 2135; x_wconf 86' lang='lat' dir='ltr'>minime</span> <span class='ocrx_word' id='word_1_479' title='bbox 1553 2108 1726 2139; x_wconf 76' lang='lat' dir='ltr'>teneantur,</span> 
     </span>
     <span class='ocr_line' id='line_1_88' title="bbox 986 2156 1726 2202; baseline -0.005 -11"><span class='ocrx_word' id='word_1_480' title='bbox 986 2169 1086 2202; x_wconf 85' lang='lat' dir='ltr'>neque</span> <span class='ocrx_word' id='word_1_481' title='bbox 1112 2158 1148 2190; x_wconf 91' lang='lat' dir='ltr'>ad</span> <span class='ocrx_word' id='word_1_482' title='bbox 1176 2157 1203 2189; x_wconf 66' lang='lat' dir='ltr'>iil</span> <span class='ocrx_word' id='word_1_483' title='bbox 1226 2157 1370 2200; x_wconf 87' lang='lat' dir='ltr'>compelli</span> <span class='ocrx_word' id='word_1_484' title='bbox 1398 2156 1515 2200; x_wconf 85' lang='lat' dir='ltr'>possint</span> <span class='ocrx_word' id='word_1_485' title='bbox 1544 2156 1646 2189; x_wconf 77' lang='lat' dir='ltr'>inritis</span> <span class='ocrx_word' id='word_1_486' title='bbox 1672 2156 1726 2188; x_wconf 82' lang='lat' dir='ltr'>eis-</span> 
     </span>
     <span class='ocr_line' id='line_1_89' title="bbox 985 2209 1725 2252; baseline -0.007 -7"><span class='ocrx_word' id='word_1_487' title='bbox 985 2213 1055 2245; x_wconf 85' lang='lat' dir='ltr'>dem</span> <span class='ocrx_word' id='word_1_488' title='bbox 1083 2211 1232 2244; x_wconf 84' lang='lat' dir='ltr'>fratribus</span> <span class='ocrx_word' id='word_1_489' title='bbox 1250 2216 1277 2242; x_wconf 90' lang='lat' dir='ltr'>et</span> <span class='ocrx_word' id='word_1_490' title='bbox 1297 2209 1530 2242; x_wconf 86' lang='lat' dir='ltr'>successoribus</span> <span class='ocrx_word' id='word_1_491' title='bbox 1552 2214 1581 2241; x_wconf 85' lang='lat' dir='ltr'>ct</span> <span class='ocrx_word' id='word_1_492' title='bbox 1610 2210 1725 2252; x_wconf 71' lang='lat' dir='ltr'>priore,</span> 
     </span>
     <span class='ocr_line' id='line_1_90' title="bbox 984 2263 1725 2305; baseline -0.007 -6"><span class='ocrx_word' id='word_1_493' title='bbox 984 2267 1022 2299; x_wconf 89' lang='lat' dir='ltr'>de</span> <span class='ocrx_word' id='word_1_494' title='bbox 1039 2265 1127 2299; x_wconf 85' lang='lat' dir='ltr'>Sedis</span> <span class='ocrx_word' id='word_1_495' title='bbox 1145 2264 1283 2297; x_wconf 84' lang='lat' dir='ltr'>eiusdem</span> <span class='ocrx_word' id='word_1_496' title='bbox 1305 2263 1471 2296; x_wconf 80' lang='lat' dir='ltr'>clementia</span> <span class='ocrx_word' id='word_1_497' title='bbox 1489 2268 1516 2295; x_wconf 85' lang='lat' dir='ltr'>et</span> <span class='ocrx_word' id='word_1_498' title='bbox 1534 2263 1725 2305; x_wconf 76' lang='lat' dir='ltr'>benignitate</span> 
     </span>
     <span class='ocr_line' id='line_1_91' title="bbox 985 2316 1723 2360; baseline -0.005 -9"><span class='ocrx_word' id='word_1_499' title='bbox 985 2319 1095 2357; x_wconf 77' lang='lat' dir='ltr'>solita,</span> <span class='ocrx_word' id='word_1_500' title='bbox 1126 2323 1235 2350; x_wconf 89' lang='lat' dir='ltr'>tenore</span> <span class='ocrx_word' id='word_1_501' title='bbox 1268 2317 1480 2360; x_wconf 84' lang='lat' dir='ltr'>praesentium</span> <span class='ocrx_word' id='word_1_502' title='bbox 1515 2316 1723 2358; x_wconf 80' lang='lat' dir='ltr'>indulgemus.</span> 
     </span>
     <span class='ocr_line' id='line_1_92' title="bbox 985 2369 1725 2414; baseline -0.007 -9"><span class='ocrx_word' id='word_1_503' title='bbox 985 2372 1066 2406; x_wconf 69' lang='lat' dir='ltr'>Nulli</span> <span class='ocrx_word' id='word_1_504' title='bbox 1092 2382 1168 2414; x_wconf 87' lang='lat' dir='ltr'>ergo</span> <span class='ocrx_word' id='word_1_505' title='bbox 1186 2370 1314 2403; x_wconf 90' lang='lat' dir='ltr'>omnino</span> <span class='ocrx_word' id='word_1_506' title='bbox 1339 2369 1502 2402; x_wconf 86' lang='lat' dir='ltr'>bominum</span> <span class='ocrx_word' id='word_1_507' title='bbox 1530 2369 1619 2401; x_wconf 83' lang='lat' dir='ltr'>liccat</span> <span class='ocrx_word' id='word_1_508' title='bbox 1645 2370 1725 2401; x_wconf 82' lang='lat' dir='ltr'>lianc</span> 
     </span>
     <span class='ocr_line' id='line_1_93' title="bbox 985 2422 1723 2469; baseline -0.005 -12"><span class='ocrx_word' id='word_1_509' title='bbox 985 2425 1131 2469; x_wconf 86' lang='lat' dir='ltr'>paginam</span> <span class='ocrx_word' id='word_1_510' title='bbox 1157 2428 1282 2457; x_wconf 85' lang='lat' dir='ltr'>nostrae</span> <span class='ocrx_word' id='word_1_511' title='bbox 1307 2423 1517 2455; x_wconf 78' lang='lat' dir='ltr'>concessionis</span> <span class='ocrx_word' id='word_1_512' title='bbox 1544 2422 1723 2463; x_wconf 71' lang='lat' dir='ltr'>intringere,</span> 
     </span>
     <span class='ocr_line' id='line_1_94' title="bbox 985 2475 1724 2518; baseline -0.005 -7"><span class='ocrx_word' id='word_1_513' title='bbox 985 2479 1032 2511; x_wconf 78' lang='lat' dir='ltr'>vel</span> <span class='ocrx_word' id='word_1_514' title='bbox 1058 2478 1085 2511; x_wconf 87' lang='lat' dir='ltr'>ci</span> <span class='ocrx_word' id='word_1_515' title='bbox 1111 2487 1188 2509; x_wconf 86' lang='lat' dir='ltr'>ausu</span> <span class='ocrx_word' id='word_1_516' title='bbox 1214 2476 1382 2509; x_wconf 78' lang='lat' dir='ltr'>temerario</span> <span class='ocrx_word' id='word_1_517' title='bbox 1407 2475 1572 2508; x_wconf 81' lang='lat' dir='ltr'>contraire.</span> <span class='ocrx_word' id='word_1_518' title='bbox 1599 2475 1628 2506; x_wconf 72' lang='lat' dir='ltr'>Si</span> <span class='ocrx_word' id='word_1_519' title='bbox 1654 2475 1724 2518; x_wconf 79' lang='lat' dir='ltr'>quis</span> 
     </span>
     <span class='ocr_line' id='line_1_95' title="bbox 985 2529 1725 2572; baseline -0.004 -8"><span class='ocrx_word' id='word_1_520' title='bbox 985 2536 1086 2565; x_wconf 76' lang='lat' dir='ltr'>autem</span> <span class='ocrx_word' id='word_1_521' title='bbox 1114 2531 1173 2563; x_wconf 80' lang='lat' dir='ltr'>lioe</span> <span class='ocrx_word' id='word_1_522' title='bbox 1198 2535 1349 2562; x_wconf 79' lang='lat' dir='ltr'>attentare</span> <span class='ocrx_word' id='word_1_523' title='bbox 1375 2529 1631 2572; x_wconf 77' lang='lat' dir='ltr'>praesumpserit,</span> <span class='ocrx_word' id='word_1_524' title='bbox 1651 2529 1725 2561; x_wconf 83' lang='lat' dir='ltr'>indi-</span> 
     </span>
    </p>
   </div>
   <div class='ocr_carea' id='block_1_22' title="bbox 1023 2644 1642 2679">
    <p class='ocr_par' dir='ltr' id='par_1_23' title="bbox 1023 2644 1642 2679">
     <span class='ocr_line' id='line_1_96' title="bbox 1023 2644 1642 2679; baseline -0.005 -6"><span class='ocrx_word' id='word_1_525' title='bbox 1023 2648 1030 2673; x_wconf 87' lang='lat' dir='ltr'>l</span> <span class='ocrx_word' id='word_1_526' title='bbox 1056 2645 1165 2672; x_wconf 80' lang='lat' dir='ltr'>Videtur</span> <span class='ocrx_word' id='word_1_527' title='bbox 1180 2645 1321 2679; x_wconf 80' lang='lat' dir='ltr'>legendum</span> <span class='ocrx_word' id='word_1_528' title='bbox 1338 2652 1392 2679; x_wconf 69' lang='lat' dir='ltr'>quo</span> <span class='ocrx_word' id='word_1_529' title='bbox 1413 2652 1459 2679; x_wconf 89' lang='lat' dir='ltr'>pro</span> <span class='ocrx_word' id='word_1_530' title='bbox 1477 2644 1527 2678; x_wconf 72' lang='lat' dir='ltr'>qni</span> <span class='ocrx_word' id='word_1_531' title='bbox 1541 2649 1578 2675; x_wconf 68' lang='lat' dir='ltr'>(a.</span> <span class='ocrx_word' id='word_1_532' title='bbox 1596 2645 1642 2671; x_wconf 50' lang='grc' dir='ltr'>ΤΛ.</span> 
     </span>
    </p>
   </div>
   <div class='ocr_carea' id='block_1_23' title="bbox 1760 246 1935 273">
    <p class='ocr_par' dir='ltr' id='par_1_24' title="bbox 1760 246 1935 273">
     <span class='ocr_line' id='line_1_97' title="bbox 1760 246 1935 273; baseline 0.017 -3"><span class='ocrx_word' id='word_1_533' title='bbox 1760 248 1800 271; x_wconf 18' lang='lat' dir='ltr'>tna</span> <span class='ocrx_word' id='word_1_534' title='bbox 1819 246 1835 268; x_wconf 69' lang='grc' dir='ltr'><em>Γ</em></span> <span class='ocrx_word' id='word_1_535' title='bbox 1871 247 1935 273; x_wconf 79' lang='grc'><strong>1’“58</strong></span> 
     </span>
    </p>
   </div>
  </div>
 </body>
</html>
