2243 3205
216 183 265 210 ιη.
280 182 309 210 C.
332 181 400 210 1659
445 172 511 207 454

252 562 400 583 conventionis

217 592 283 610 tenor.

413 230 584 274 apostolica
601 234 736 273 praeest,
753 230 891 274 praesul,
912 239 1035 264 necnon
1049 231 1154 264 dilecti

414 282 469 315 filii
495 282 702 326 praepositus,
720 293 756 315 ac
769 282 905 316 decanus
929 289 959 317 et
983 283 1153 328 capitulum

414 335 552 368 eiusdem
572 335 722 368 ecclesiae
742 336 990 380 Herbipolensis,
1004 336 1154 380 quasdam

414 389 495 421 inter
519 399 552 421 se
581 389 819 433 capitulationes
848 399 902 422 seu
934 391 1156 424 conventiones

415 441 553 482 inierint,
571 452 651 485 quae
668 442 869 476 continentur
886 443 917 476 in
941 443 1098 487 scriptura
1117 448 1157 476 te-

414 495 502 528 noris
527 496 579 538 qui
605 495 767 539 sequitur,
792 496 953 530 videlicet:

465 560 479 580 «
504 548 566 582 Nos
598 548 727 582 Ioannes
756 549 938 594 Philippus,
970 550 1024 583 Dei
1057 550 1157 593 gratia

415 604 539 635 sanctae
564 601 646 635 sedis
670 602 868 646 Maguntinae
888 603 1158 647 archiepiscopus,

416 655 496 688 sacri
513 655 646 689 Romani
671 656 796 700 imperii
816 667 874 700 per
890 656 1089 690 GermanIam
1109 667 1159 689 ar-

416 708 685 750 chicancellarius,
701 710 848 754 princeps
866 710 993 752 elector,
1007 715 1076 752 etc„
1097 710 1160 755 epi-

416 772 531 806 scopus
543 762 778 807 Herbipolensis
789 768 818 796 et
828 762 987 797 Franciae¹
999 763 1160 797 orientalis

416 815 493 849 dux:
511 816 549 849 Et
564 826 621 849 nos
638 816 826 850 Franciscus
840 817 934 850 Faust
948 827 965 850 a
982 817 1160 860 Stomberg,

416 870 626 914 praepositus,
640 870 770 904 Ioannes
786 866 984 904 Hei-mannus
997 881 1014 903 a
1030 871 1161 904 Rosem·

416 922 655 964 hach,decanus
680 923 795 964 senior,
812 928 843 956 et
868 924 1040 968 capitulum
1061 925 1161 958 eccle-

418 975 481 1008 siae
506 976 695 1009 cathedralis
716 977 962 1020 Herbipolensis,
987 988 1045 1022 pro
1070 978 1161 1011 nobis

418 1029 597 1072 nostrisque
615 1029 708 1062 huius
725 1030 875 1063 ecclesiae
893 1035 922 1063 et
947 1031 1074 1074 capituli
1089 1042 1160 1064 suc-

419 1082 597 1116 cessoribus
621 1082 821 1126 publicamus
837 1084 1058 1127 praesentibus
1076 1085 1161 1118 hisce

420 1136 532 1169 litteris
557 1140 587 1170 et
610 1136 704 1169 fidem
731 1136 872 1170 facimus:

463 1189 540 1223 Cum
565 1190 603 1222 ab
629 1190 719 1223 obitu
743 1190 937 1224 serenissimi
963 1196 993 1224 et
1017 1191 1163 1224 illustris-

419 1242 489 1275 simi
529 1242 683 1287 principis
725 1243 844 1277 domini
883 1244 917 1277 D.
958 1245 1161 1278 Maximiliani

419 1297 539 1340 Adami,
558 1297 733 1340 landgravii
751 1297 910 1342 quondam
936 1298 967 1331 in
992 1298 1164 1331 Leuchten-

418 1350 497 1394 berg
518 1351 672 1395 postremi
696 1351 790 1385 huius
806 1352 945 1385 nominis
962 1358 992 1385 et
1017 1352 1161 1394 familiae,

419 1405 594 1438 dominium
624 1405 766 1438 diotum²
790 1405 822 1438 in
846 1406 1054 1447 Greunsuelt,
1079 1406 1180 1450 quod*

419 1458 546 1492 dilectio
571 1463 601 1492 et
625 1458 801 1502 respective
826 1459 1037 1492 illustrissima
1062 1460 1163 1502 gratia

420 1522 476 1544 sua
499 1521 517 1544 a
541 1511 632 1545 nobis
658 1512 689 1544 in
714 1512 843 1545 modum
869 1512 951 1545 feudi
969 1513 1162 1556 possederat,

419 1575 476 1608 per
500 1564 598 1608 ipsius
629 1575 645 1598 e
681 1565 758 1598 vivis
792 1565 962 1599 discessum
989 1566 1026 1598 ad
1051 1576 1108 1599 nos
1133 1572 1164 1600 et

420 1617 583 1651 ecclesiam
600 1622 739 1651 nostram
761 1618 900 1659 redierit,
916 1618 1164 1663 proprietatique

420 1681 494 1704 suae
518 1671 669 1715 pristinae
701 1671 796 1704 suerit
820 1672 1107 1712 reconsolidatum;
1133 1673 1164 1705 in

420 1734 527 1758 casum
558 1735 631 1758 vero
665 1725 758 1758 huius
782 1731 970 1769 aperturae,
995 1725 1165 1759 decedente

420 1777 684 1812 reverendissimo
709 1778 838 1812 domino
858 1779 890 1811 D.
913 1779 1080 1812 Francisco
1100 1779 1163 1823 epi-

421 1840 519 1874 scopo
543 1831 701 1874 quondam
727 1831 947 1875 Herbipolensi
978 1837 1007 1864 et
1032 1832 1165 1865 Franco-

421 1883 490 1916 niae
515 1883 682 1918 Orientalis
706 1884 786 1918 duce
811 1890 1009 1919 antecessore
1034 1890 1164 1927 nostro,

421 1936 588 1971 dilectione
620 1942 651 1970 et
685 1938 898 1971 illustrissima
931 1937 1031 1981 gratia
1056 1941 1121 1981 sua,
1147 1948 1165 1972 a

421 1989 513 2024 nobis
536 1991 684 2035 capitulo,
709 1991 782 2025 sede
813 1997 958 2035 vacante,
984 1992 1061 2025 inita
1085 1992 1166 2036 capi-

423 2044 582 2087 tulatione,
612 2056 648 2078 ac
679 2046 831 2079 canonica
855 2046 1064 2090 praecedente
1095 2046 1164 2080 ele-

423 2099 536 2141 ctione,
554 2104 700 2143 suscepto
720 2100 832 2133 deinde
846 2110 863 2133 a
887 2100 979 2134 nobis
998 2100 1164 2144 regimine,

423 2157 613 2188 transactum
629 2153 640 2170 ⁸
663 2158 692 2186 et
716 2154 902 2198 dispositum
928 2154 1044 2197 fuerit,
1070 2160 1166 2199 prout

423 2207 515 2240 etiam
541 2207 572 2239 in
597 2207 751 2241 electione
772 2207 832 2240 iam
856 2207 929 2241 dicti
955 2209 1165 2243 antecessoris

423 2261 521 2294 nostri
548 2261 641 2293 simili
663 2261 886 2305 capitulatione
911 2267 1111 2303 convenerat,
1127 2262 1167 2304 [ut

423 2313 618 2358 praedictum
637 2314 811 2348 dominium
837 2325 890 2348 seu
916 2314 1054 2356 seudum,
1072 2315 1166 2349 certis

424 2367 665 2410 conditionibus,
682 2368 774 2402 nobis
795 2368 933 2412 capitulo
951 2374 980 2401 et
1005 2379 1167 2402 successo-

424 2420 512 2455 ribus
522 2421 637 2455 nostris
651 2421 786 2464 cederet,
803 2432 840 2455 ac
852 2421 985 2466 proinde
998 2422 1166 2457 subsecuto

462 2501 471 2526 1
490 2500 562 2527 Infra
577 2501 675 2536 legitur
690 2501 874 2529 Francom'ae
891 2502 926 2537 (R.
944 2502 991 2536 Τ.).

460 2545 475 2570 ‘2
493 2544 591 2572 Forsan
607 2547 750 2573 directum
768 2550 805 2580 (n.
821 2546 869 2581 τ.).

460 2588 476 2616 3
496 2588 566 2616 Edit.
581 2589 660 2617 Main.
679 2590 745 2626 legit
759 2593 938 2620 transactam
953 2591 993 2626 (R.
1008 2591 1058 2626 Τ.)-

997 181 1176 207 BULLARIUM
1200 180 1356 206 Romnum

1188 235 1329 274 tempore
1354 240 1371 262 a
1401 229 1548 274 capitulo,
1573 229 1760 263 durantibus
1785 230 1927 274 ipsorum

1188 283 1344 324 comitiis,
1376 293 1456 327 quae
1487 283 1704 328 peremptoria
1734 294 1752 316 a
1783 283 1928 328 capitulis

1188 337 1395 381 appellantur,
1408 335 1672 370 submississimae
1690 336 1748 369 hac
1771 336 1810 369 de
1833 336 1928 369 causa

1188 390 1279 424 nobis
1296 390 1460 424 instantiae
1476 389 1584 423 sactae*
1608 389 1739 430 suerint;
1757 399 1808 423 res
1824 394 1929 423 tamen

1191 444 1252 483 illa,
1277 443 1317 476 ob
1342 443 1499 476 notoriam
1525 443 1677 487 temporis
1704 441 1929 482 difficultatem,

1191 496 1319 529 incertis
1339 497 1525 540 praesertim
1547 496 1732 530 tractatibus
1748 495 1844 539 pacis,
1862 505 1932 528 exe-

1192 550 1389 594 cutionisque
1413 560 1550 591 recessu,
1566 559 1667 593 usque
1687 549 1719 582 in
1742 548 1930 583 hodiernum

1192 603 1274 636 diem
1299 613 1362 636 non
1386 603 1488 647 potuit
1512 602 1688 646 adimpleri.

1237 656 1333 697 Unde,
1350 656 1423 689 licet
1439 666 1496 690 nos
1513 655 1744 700 capitulationis
1757 659 1884 688 nostrae
1900 654 1932 688 in

1193 710 1291 753 eaque
1314 714 1534 743 contentorum
1560 709 1659 753 probe
1683 708 1932 748 meminerimus,

1193 767 1224 796 et
1247 763 1286 796 de
1310 768 1416 796 cetero
1443 763 1579 807 capitulo
1603 768 1711 796 nostro
1736 761 1932 806 gratificandi

1194 816 1340 851 obnixam
1373 827 1501 861 semper
1524 817 1716 851 voluntatem
1740 816 1932 856 habeamus,

1194 870 1374 914 horumque
1408 870 1522 903 intuitu
1553 880 1611 903 nos
1646 869 1793 903 libentius
1828 868 1866 902 ad
1898 878 1934 901 ea

1195 930 1322 968 paratos
1347 924 1568 964 exhibeamus,
1590 934 1662 957 cum
1679 927 1783 957 autem
1803 922 1934 956 huiusce

1195 978 1240 1011 rei
1261 978 1470 1022 undequaque
1491 977 1666 1011 rationibus
1686 976 1933 1021 circumspectis,

1194 1031 1440 1075 ponderatisque
1464 1031 1511 1072 iis,
1536 1042 1616 1075 quae
1641 1030 1800 1075 profluere
1824 1030 1935 1063 exinde

1194 1090 1322 1129 queunt,
1342 1096 1406 1120 non
1430 1086 1558 1129 exiguas
1584 1086 1614 1118 in
1639 1086 1744 1118 animo
1767 1089 1878 1118 nostro
1906 1087 1936 1117 et

1196 1139 1406 1173 conscientiae
1437 1139 1635 1174 difficultates
1666 1137 1935 1183 praesenfiamus,

1195 1193 1279 1236 quod
1297 1193 1478 1227 huiusmodi
1498 1192 1762 1233 renunciationes,
1779 1191 1936 1225 cessiones

1196 1251 1226 1279 et
1249 1246 1472 1287 abdicationes,
1497 1246 1565 1279 iure
1590 1251 1620 1280 et
1643 1246 1740 1280 sacris
1765 1244 1937 1279 canonibus

1196 1300 1402 1334 renitentibus
1422 1299 1563 1344 (viduata
1583 1299 1778 1344 praesertim,
1799 1298 1872 1332 sede
1889 1308 1937 1331 va-

1196 1357 1306 1393 cante,
1335 1353 1501 1397 capiteque
1525 1363 1582 1386 suo
1606 1352 1753 1386 destituta
1778 1351 1936 1395 ecclesia)

1196 1406 1325 1440 omnino
1349 1406 1538 1450 prohibita²,
1554 1417 1590 1440 ac
1614 1406 1757 1450 proinde,
1773 1405 1815 1439 ita
1830 1405 1937 1449 dispo-

1196 1460 1343 1493 nentibus
1368 1460 1478 1493 iisdem
1505 1460 1688 1501 canonibus,
1706 1460 1823 1493 nullius
1847 1459 1939 1493 robo-

1196 1512 1240 1546 ris
1265 1518 1295 1546 et
1319 1513 1443 1555 valoris,
1461 1514 1602 1548 censuris
1626 1513 1837 1557 clausulisque
1867 1511 1940 1545 irri-

1197 1566 1334 1600 tantibus
1359 1567 1420 1600 sint
1445 1567 1617 1607 obnoxiae;
1643 1577 1714 1601 cum
1735 1564 1939 1611 praecipuae⁸

1197 1620 1290 1653 etiam
1316 1620 1513 1663 iuramento,
1541 1620 1626 1664 quod
1654 1630 1712 1653 nos
1743 1618 1939 1653 sanctissimo

1197 1672 1326 1707 domino
1343 1678 1452 1707 nostro
1469 1673 1572 1717 Papae
1591 1672 1816 1717 praestitimus,
1833 1671 1940 1705 adver-

1198 1732 1316 1768 sentur,
1337 1737 1440 1771 neque
1464 1726 1546 1770 apud
1571 1726 1713 1760 eamdem
1738 1725 1939 1759 Sanctitatem

1198 1780 1344 1813 sustineri
1369 1779 1525 1813 ullatenus
1550 1779 1656 1823 possit,
1682 1783 1716 1812 ut
1738 1789 1795 1817 nos
1819 1778 1851 1811 in
1874 1778 1936 1811 hu-

1199 1833 1334 1867 iusmodi
1369 1833 1628 1877 capitulationes,
1654 1832 1861 1875 obligationes
1885 1842 1941 1865 seu

1199 1886 1434 1927 conventiones,
1452 1886 1568 1930 quibus
1589 1885 1739 1919 ecclesiae
1759 1885 1940 1928 derogatur,

1198 1951 1312 1985 resque
1327 1941 1409 1974 illius
1423 1940 1461 1973 ad
1486 1940 1624 1984 privatos
1636 1950 1713 1973 usus
1730 1944 1759 1972 et
1775 1938 1942 1973 commoda

1198 1994 1318 2029 directo
1344 1995 1391 2028 vel
1416 1994 1569 2028 indirecto
1597 1994 1692 2028 modo
1725 1992 1940 2033 transfertur⁴,

1199 2048 1452 2082 consentiamus:
1478 2052 1647 2092 eapropter
1671 2057 1739 2088 nos,
1763 2045 1941 2080 necessario

1199 2101 1230 2134 in
1250 2101 1327 2134 haee
1345 2101 1485 2134 animum
1509 2100 1714 2141 intendentes,
1731 2104 1831 2133 rev.¹¹¹⁰
1851 2098 1942 2133 nobis

1199 2154 1312 2187 devoto
1327 2159 1356 2186 et
1375 2154 1460 2187 fideli
1473 2153 1602 2187 domino
1615 2152 1777 2186 Melchiori
1793 2152 1942 2196 episcopo

1199 2207 1477 2252 Domitiopolitano
1509 2212 1617 2241 nostro
1650 2207 1680 2239 in
1710 2205 1942 2250 pontificalibus

1200 2266 1230 2294 et
1261 2260 1478 2305 spiritualibus
1509 2260 1627 2294 vicario
1658 2258 1878 2303 Herbipolensi
1910 2259 1942 2291 in

1200 2313 1354 2347 mandatis
1378 2313 1522 2347 dedimus
1547 2313 1605 2346 hac
1629 2313 1667 2346 de
1685 2323 1729 2354 re,
1751 2323 1822 2346 cum
1848 2323 1884 2345 ex
1905 2312 1942 2345 iis

1200 2367 1240 2401 sit
1267 2377 1347 2412 quae
1372 2366 1581 2401 conscientiae
1605 2366 1792 2410 religionem
1812 2375 1940 2399 concer-

1234 2457 1248 2484 1
1271 2457 1343 2484 Edit.
1365 2456 1449 2484 Main.
1470 2455 1535 2492 legit
1553 2456 1633 2491 facta
1654 2456 1693 2491 (R.
1711 2456 1760 2490 Τ.).

1236 2500 1253 2526 2
1269 2501 1415 2529 Videretur
1429 2501 1572 2537 legendum
1584 2502 1752 2536 prohibitae
1767 2503 1807 2536 (R.
1825 2504 1860 2533 τ).

1235 2547 1251 2574 3
1270 2545 1382 2573 Videtur
1400 2545 1544 2581 legendum
1560 2546 1719 2581 praecipue
1739 2546 1775 2582 (n.
1793 2546 1854 2581 T.).j

1235 2591 1252 2618 4
1266 2589 1338 2619 Edit.
1354 2589 1438 2619 Main.
1454 2590 1520 2626 legit
1536 2591 1712 2626 transfertus
1727 2592 1764 2624 (n.
1777 2588 1825 2624 12).

1947 180 1996 208 An.
2012 179 2041 209 C.
2057 179 2128 209 ¹659>
