<?xml version="1.0" encoding="UTF-8"?>
<!DOCTYPE html PUBLIC "-//W3C//DTD XHTML 1.0 Transitional//EN"
    "http://www.w3.org/TR/xhtml1/DTD/xhtml1-transitional.dtd">
<html xmlns="http://www.w3.org/1999/xhtml" xml:lang="en" lang="en">
 <head>
  <title>
</title>
<meta http-equiv="Content-Type" content="text/html;charset=utf-8" />
  <meta name='ocr-system' content='tesseract 3.04.00' />
  <meta name='ocr-capabilities' content='ocr_page ocr_carea ocr_par ocr_line ocrx_word'/>
</head>
<body>
  <div class='ocr_page' id='page_1' title='image "./bullarumdiplomat16cath_0507.png"; bbox 0 0 2243 3205; ppageno 0'>
   <div class='ocr_carea' id='block_1_1' title="bbox 37 141 218 171">
    <p class='ocr_par' dir='ltr' id='par_1_1' title="bbox 37 141 218 171">
     <span class='ocr_line' id='line_1_1' title="bbox 37 141 218 171; baseline -0.017 0"><span class='ocrx_word' id='word_1_1' title='bbox 37 145 86 171; x_wconf 81' lang='lat' dir='ltr'>An.</span> <span class='ocrx_word' id='word_1_2' title='bbox 99 143 128 169; x_wconf 89' lang='lat' dir='ltr'>C.</span> <span class='ocrx_word' id='word_1_3' title='bbox 152 141 218 169; x_wconf 80' lang='lat'>1659</span> 
     </span>
    </p>
   </div>
   <div class='ocr_carea' id='block_1_2' title="bbox 33 1054 217 1129">
    <p class='ocr_par' dir='ltr' id='par_1_2' title="bbox 33 1054 217 1129">
     <span class='ocr_line' id='line_1_2' title="bbox 129 1054 217 1074; baseline -0.011 0"><span class='ocrx_word' id='word_1_4' title='bbox 129 1054 217 1074; x_wconf 75' lang='lat' dir='ltr'>innovat</span> 
     </span>
     <span class='ocr_line' id='line_1_3' title="bbox 33 1081 216 1109; baseline 0 -7"><span class='ocrx_word' id='word_1_5' title='bbox 33 1088 66 1109; x_wconf 81' lang='lat' dir='ltr'>pra</span> <span class='ocrx_word' id='word_1_6' title='bbox 72 1081 216 1102; x_wconf 55' lang='lat' dir='ltr'>edecta-sorum</span> 
     </span>
     <span class='ocr_line' id='line_1_4' title="bbox 33 1110 198 1129; baseline -0.006 0"><span class='ocrx_word' id='word_1_7' title='bbox 33 1110 198 1129; x_wconf 78' lang='lat' dir='ltr'>constitutiones.</span> 
     </span>
    </p>
   </div>
   <div class='ocr_carea' id='block_1_3' title="bbox 31 1902 213 1955">
    <p class='ocr_par' dir='ltr' id='par_1_3' title="bbox 31 1902 213 1955">
     <span class='ocr_line' id='line_1_5' title="bbox 57 1902 213 1923; baseline 0.006 -1"><span class='ocrx_word' id='word_1_8' title='bbox 57 1902 152 1923; x_wconf 57' lang='lat' dir='ltr'>ome-inm</span> <span class='ocrx_word' id='word_1_9' title='bbox 177 1902 213 1923; x_wconf 80' lang='lat' dir='ltr'>de-</span> 
     </span>
     <span class='ocr_line' id='line_1_6' title="bbox 31 1929 213 1955; baseline 0.005 -6"><span class='ocrx_word' id='word_1_10' title='bbox 31 1929 76 1949; x_wconf 75' lang='lat' dir='ltr'>cani</span> <span class='ocrx_word' id='word_1_11' title='bbox 91 1931 111 1950; x_wconf 79' lang='lat' dir='ltr'>ot</span> <span class='ocrx_word' id='word_1_12' title='bbox 120 1929 213 1955; x_wconf 67' lang='lat' dir='ltr'>collegii.</span> 
     </span>
    </p>
   </div>
   <div class='ocr_carea' id='block_1_4' title="bbox 824 139 1152 162">
    <p class='ocr_par' dir='ltr' id='par_1_4' title="bbox 824 139 1152 162">
     <span class='ocr_line' id='line_1_7' title="bbox 824 139 1152 162; baseline -0.003 -1"><span class='ocrx_word' id='word_1_13' title='bbox 824 139 838 161; x_wconf 74' lang='lat' dir='ltr'>A</span> <span class='ocrx_word' id='word_1_14' title='bbox 846 139 1008 162; x_wconf 55' lang='lat' dir='ltr'>Lnxaxtffltt</span> <span class='ocrx_word' id='word_1_15' title='bbox 1036 139 1079 160; x_wconf 74' lang='lat' dir='ltr'>VH</span> <span class='ocrx_word' id='word_1_16' title='bbox 1106 139 1152 161; x_wconf 80' lang='grc' dir='ltr'>ΙῬ.</span> 
     </span>
    </p>
   </div>
   <div class='ocr_carea' id='block_1_5' title="bbox 227 186 972 2469">
    <p class='ocr_par' dir='ltr' id='par_1_5' title="bbox 229 186 972 1026">
     <span class='ocr_line' id='line_1_8' title="bbox 230 186 970 232; baseline -0.003 -12"><span class='ocrx_word' id='word_1_17' title='bbox 230 197 266 221; x_wconf 84' lang='lat' dir='ltr'>ac</span> <span class='ocrx_word' id='word_1_18' title='bbox 290 187 320 220; x_wconf 90' lang='lat' dir='ltr'>in</span> <span class='ocrx_word' id='word_1_19' title='bbox 345 187 450 220; x_wconf 84' lang='lat' dir='ltr'>arduis</span> <span class='ocrx_word' id='word_1_20' title='bbox 475 187 652 232; x_wconf 79' lang='lat' dir='ltr'>quibusque</span> <span class='ocrx_word' id='word_1_21' title='bbox 677 186 812 230; x_wconf 87' lang='lat' dir='ltr'>negotiis</span> <span class='ocrx_word' id='word_1_22' title='bbox 837 187 970 229; x_wconf 80' lang='lat' dir='ltr'>Aposto-</span> 
     </span>
     <span class='ocr_line' id='line_1_9' title="bbox 230 240 970 284; baseline -0.003 -11"><span class='ocrx_word' id='word_1_23' title='bbox 230 240 308 273; x_wconf 88' lang='lat' dir='ltr'>licae</span> <span class='ocrx_word' id='word_1_24' title='bbox 332 240 402 273; x_wconf 89' lang='lat' dir='ltr'>Sedi</span> <span class='ocrx_word' id='word_1_25' title='bbox 428 242 526 284; x_wconf 76' lang='lat' dir='ltr'>opera</span> <span class='ocrx_word' id='word_1_26' title='bbox 551 245 581 273; x_wconf 91' lang='lat' dir='ltr'>et</span> <span class='ocrx_word' id='word_1_27' title='bbox 602 240 733 273; x_wconf 89' lang='lat' dir='ltr'>consilio</span> <span class='ocrx_word' id='word_1_28' title='bbox 758 243 882 283; x_wconf 84' lang='lat' dir='ltr'>praesto</span> <span class='ocrx_word' id='word_1_29' title='bbox 904 249 970 271; x_wconf 86' lang='lat' dir='ltr'>esse</span> 
     </span>
     <span class='ocr_line' id='line_1_10' title="bbox 231 293 969 336; baseline -0.003 -11"><span class='ocrx_word' id='word_1_30' title='bbox 231 293 354 335; x_wconf 83' lang='lat' dir='ltr'>debent,</span> <span class='ocrx_word' id='word_1_31' title='bbox 381 293 399 325; x_wconf 93' lang='lat' dir='ltr'>ii</span> <span class='ocrx_word' id='word_1_32' title='bbox 426 293 553 326; x_wconf 89' lang='lat' dir='ltr'>demum</span> <span class='ocrx_word' id='word_1_33' title='bbox 571 293 758 335; x_wconf 83' lang='lat' dir='ltr'>deligantur,</span> <span class='ocrx_word' id='word_1_34' title='bbox 777 293 828 336; x_wconf 89' lang='lat' dir='ltr'>qui</span> <span class='ocrx_word' id='word_1_35' title='bbox 851 293 969 336; x_wconf 67' lang='lat' dir='ltr'>optima</span> 
     </span>
     <span class='ocr_line' id='line_1_11' title="bbox 230 345 970 390; baseline -0.001 -12"><span class='ocrx_word' id='word_1_36' title='bbox 230 346 345 387; x_wconf 88' lang='lat' dir='ltr'>indole,</span> <span class='ocrx_word' id='word_1_37' title='bbox 372 347 514 380; x_wconf 91' lang='lat' dir='ltr'>moribus</span> <span class='ocrx_word' id='word_1_38' title='bbox 535 352 565 379; x_wconf 91' lang='lat' dir='ltr'>et</span> <span class='ocrx_word' id='word_1_39' title='bbox 580 346 692 380; x_wconf 87' lang='lat' dir='ltr'>litteris</span> <span class='ocrx_word' id='word_1_40' title='bbox 717 345 970 390; x_wconf 67' lang='lat' dir='ltr'>praestantiores,</span> 
     </span>
     <span class='ocr_line' id='line_1_12' title="bbox 232 399 970 443; baseline -0.001 -11"><span class='ocrx_word' id='word_1_41' title='bbox 232 400 344 433; x_wconf 87' lang='lat' dir='ltr'>ceteris</span> <span class='ocrx_word' id='word_1_42' title='bbox 375 411 466 433; x_wconf 88' lang='lat' dir='ltr'>verae</span> <span class='ocrx_word' id='word_1_43' title='bbox 497 400 621 432; x_wconf 86' lang='lat' dir='ltr'>virtutis</span> <span class='ocrx_word' id='word_1_44' title='bbox 658 400 819 443; x_wconf 80' lang='lat' dir='ltr'>exemplar</span> <span class='ocrx_word' id='word_1_45' title='bbox 852 399 970 442; x_wconf 87' lang='lat' dir='ltr'>seipsos</span> 
     </span>
     <span class='ocr_line' id='line_1_13' title="bbox 232 452 970 497; baseline -0.004 -11"><span class='ocrx_word' id='word_1_46' title='bbox 232 453 422 497; x_wconf 84' lang='lat' dir='ltr'>praeferunt.</span> <span class='ocrx_word' id='word_1_47' title='bbox 448 453 493 486; x_wconf 84' lang='lat' dir='ltr'>Ad</span> <span class='ocrx_word' id='word_1_48' title='bbox 518 453 594 486; x_wconf 89' lang='lat' dir='ltr'>baec</span> <span class='ocrx_word' id='word_1_49' title='bbox 619 464 702 495; x_wconf 87' lang='lat' dir='ltr'>sane,</span> <span class='ocrx_word' id='word_1_50' title='bbox 727 453 799 485; x_wconf 86' lang='lat' dir='ltr'>licet</span> <span class='ocrx_word' id='word_1_51' title='bbox 829 452 970 485; x_wconf 85' lang='lat' dir='ltr'>nonnulli</span> 
     </span>
     <span class='ocr_line' id='line_1_14' title="bbox 232 505 970 550; baseline -0.003 -11"><span class='ocrx_word' id='word_1_52' title='bbox 232 506 351 540; x_wconf 86' lang='lat' dir='ltr'>Summi</span> <span class='ocrx_word' id='word_1_53' title='bbox 386 506 554 539; x_wconf 86' lang='lat' dir='ltr'>Pontifices</span> <span class='ocrx_word' id='word_1_54' title='bbox 589 506 848 550; x_wconf 75' lang='lat' dir='ltr'>praedecessores</span> <span class='ocrx_word' id='word_1_55' title='bbox 872 505 970 538; x_wconf 79' lang='lat' dir='ltr'>nostri</span> 
     </span>
     <span class='ocr_line' id='line_1_15' title="bbox 232 559 969 603; baseline -0.003 -10"><span class='ocrx_word' id='word_1_56' title='bbox 232 570 341 593; x_wconf 87' lang='lat' dir='ltr'>eorum</span> <span class='ocrx_word' id='word_1_57' title='bbox 364 560 641 593; x_wconf 75' lang='lat' dir='ltr'>constitutionibus</span> <span class='ocrx_word' id='word_1_58' title='bbox 667 560 764 592; x_wconf 85' lang='lat' dir='ltr'>multa</span> <span class='ocrx_word' id='word_1_59' title='bbox 783 559 969 603; x_wconf 89' lang='lat' dir='ltr'>praesertim</span> 
     </span>
     <span class='ocr_line' id='line_1_16' title="bbox 230 613 971 657; baseline -0.001 -11"><span class='ocrx_word' id='word_1_60' title='bbox 230 624 289 657; x_wconf 90' lang='lat' dir='ltr'>pro</span> <span class='ocrx_word' id='word_1_61' title='bbox 303 613 524 646; x_wconf 79' lang='lat' dir='ltr'>referendariis</span> <span class='ocrx_word' id='word_1_62' title='bbox 544 613 708 657; x_wconf 88' lang='lat' dir='ltr'>utriusque</span> <span class='ocrx_word' id='word_1_63' title='bbox 721 613 901 655; x_wconf 76' lang='lat' dir='ltr'>sig-naturae</span> <span class='ocrx_word' id='word_1_64' title='bbox 915 617 971 646; x_wconf 88' lang='lat' dir='ltr'>sta-</span> 
     </span>
     <span class='ocr_line' id='line_1_17' title="bbox 230 659 969 710; baseline -0.001 -12"><span class='ocrx_word' id='word_1_65' title='bbox 230 666 357 708; x_wconf 81' lang='lat' dir='ltr'>tuerint,</span> <span class='ocrx_word' id='word_1_66' title='bbox 382 677 518 710; x_wconf 88' lang='lat' dir='ltr'>quorum</span> <span class='ocrx_word' id='word_1_67' title='bbox 544 671 648 699; x_wconf 86' lang='lat' dir='ltr'>tamen</span> <span class='ocrx_word' id='word_1_68' title='bbox 673 665 824 699; x_wconf 90' lang='lat' dir='ltr'>nonnulla</span> <span class='ocrx_word' id='word_1_69' title='bbox 849 659 969 709; x_wconf 79' lang='lat' dir='ltr'>tempo-</span> 
     </span>
     <span class='ocr_line' id='line_1_18' title="bbox 230 718 972 762; baseline 0 -11"><span class='ocrx_word' id='word_1_70' title='bbox 230 729 301 752; x_wconf 89' lang='lat' dir='ltr'>rum</span> <span class='ocrx_word' id='word_1_71' title='bbox 328 730 438 760; x_wconf 87' lang='lat' dir='ltr'>cursu,</span> <span class='ocrx_word' id='word_1_72' title='bbox 464 724 498 751; x_wconf 91' lang='lat' dir='ltr'>ut</span> <span class='ocrx_word' id='word_1_73' title='bbox 522 729 613 762; x_wconf 86' lang='lat' dir='ltr'>saepe</span> <span class='ocrx_word' id='word_1_74' title='bbox 640 719 735 759; x_wconf 90' lang='lat' dir='ltr'>solet,</span> <span class='ocrx_word' id='word_1_75' title='bbox 761 718 918 761; x_wconf 84' lang='lat' dir='ltr'>antiquata</span> <span class='ocrx_word' id='word_1_76' title='bbox 942 724 972 751; x_wconf 89' lang='lat' dir='ltr'>et</span> 
     </span>
     <span class='ocr_line' id='line_1_19' title="bbox 229 771 971 815; baseline 0 -11"><span class='ocrx_word' id='word_1_77' title='bbox 229 771 335 804; x_wconf 78' lang='lat' dir='ltr'>forsan</span> <span class='ocrx_word' id='word_1_78' title='bbox 368 772 511 815; x_wconf 77' lang='lat' dir='ltr'>neglecta</span> <span class='ocrx_word' id='word_1_79' title='bbox 544 772 687 804; x_wconf 88' lang='lat' dir='ltr'>fuerunt:</span> <span class='ocrx_word' id='word_1_80' title='bbox 719 777 889 815; x_wconf 87' lang='lat' dir='ltr'>propterea</span> <span class='ocrx_word' id='word_1_81' title='bbox 914 781 971 804; x_wconf 89' lang='lat' dir='ltr'>nos</span> 
     </span>
     <span class='ocr_line' id='line_1_20' title="bbox 229 823 970 868; baseline 0 -12"><span class='ocrx_word' id='word_1_82' title='bbox 229 823 282 856; x_wconf 87' lang='lat' dir='ltr'>itta</span> <span class='ocrx_word' id='word_1_83' title='bbox 307 824 477 865; x_wconf 87' lang='lat' dir='ltr'>innovare,</span> <span class='ocrx_word' id='word_1_84' title='bbox 511 835 546 856; x_wconf 88' lang='lat' dir='ltr'>ac</span> <span class='ocrx_word' id='word_1_85' title='bbox 579 824 729 868; x_wconf 80' lang='lat' dir='ltr'>pristinae</span> <span class='ocrx_word' id='word_1_86' title='bbox 754 824 970 857; x_wconf 77' lang='lat' dir='ltr'>observantiae</span> 
     </span>
     <span class='ocr_line' id='line_1_21' title="bbox 230 877 970 921; baseline 0 -12"><span class='ocrx_word' id='word_1_87' title='bbox 230 877 408 917; x_wconf 79' lang='lat' dir='ltr'>restituere,</span> <span class='ocrx_word' id='word_1_88' title='bbox 433 882 462 909; x_wconf 89' lang='lat' dir='ltr'>et</span> <span class='ocrx_word' id='word_1_89' title='bbox 482 878 587 921; x_wconf 86' lang='lat' dir='ltr'>aliqua</span> <span class='ocrx_word' id='word_1_90' title='bbox 612 877 705 910; x_wconf 91' lang='lat' dir='ltr'>etiam</span> <span class='ocrx_word' id='word_1_91' title='bbox 732 877 864 917; x_wconf 84' lang='lat' dir='ltr'>addere,</span> <span class='ocrx_word' id='word_1_92' title='bbox 891 887 970 921; x_wconf 90' lang='lat' dir='ltr'>quae</span> 
     </span>
     <span class='ocr_line' id='line_1_22' title="bbox 230 929 970 974; baseline 0 -12"><span class='ocrx_word' id='word_1_93' title='bbox 230 940 338 962; x_wconf 87' lang='lat' dir='ltr'>rerum</span> <span class='ocrx_word' id='word_1_94' title='bbox 364 930 556 974; x_wconf 79' lang='lat' dir='ltr'>experientia</span> <span class='ocrx_word' id='word_1_95' title='bbox 577 931 682 963; x_wconf 89' lang='lat' dir='ltr'>docuit</span> <span class='ocrx_word' id='word_1_96' title='bbox 706 930 863 974; x_wconf 78' lang='lat' dir='ltr'>expedire,</span> <span class='ocrx_word' id='word_1_97' title='bbox 881 929 970 962; x_wconf 88' lang='lat' dir='ltr'>duxi-</span> 
     </span>
     <span class='ocr_line' id='line_1_23' title="bbox 230 989 552 1026; baseline 0.003 -11"><span class='ocrx_word' id='word_1_98' title='bbox 230 993 301 1015; x_wconf 88' lang='lat' dir='ltr'>mus</span> <span class='ocrx_word' id='word_1_99' title='bbox 326 989 552 1026; x_wconf 89' lang='lat' dir='ltr'>opportunum.</span> 
     </span>
    </p>

    <p class='ocr_par' dir='ltr' id='par_1_6' title="bbox 227 1035 970 1870">
     <span class='ocr_line' id='line_1_24' title="bbox 275 1035 969 1079; baseline 0 -11"><span class='ocrx_word' id='word_1_100' title='bbox 275 1036 289 1078; x_wconf 84' lang='lat'><strong>§</strong></span> <span class='ocrx_word' id='word_1_101' title='bbox 314 1035 342 1068; x_wconf 85' lang='lat'>1.</span> <span class='ocrx_word' id='word_1_102' title='bbox 369 1036 432 1068; x_wconf 83' lang='lat' dir='ltr'>Hac</span> <span class='ocrx_word' id='word_1_103' title='bbox 458 1036 555 1078; x_wconf 85' lang='lat' dir='ltr'>igitur</span> <span class='ocrx_word' id='word_1_104' title='bbox 579 1037 687 1069; x_wconf 82' lang='lat' dir='ltr'>nostra</span> <span class='ocrx_word' id='word_1_105' title='bbox 713 1040 867 1079; x_wconf 86' lang='lat' dir='ltr'>perpetuo</span> <span class='ocrx_word' id='word_1_106' title='bbox 892 1036 969 1068; x_wconf 81' lang='lat' dir='ltr'>vali-</span> 
     </span>
     <span class='ocr_line' id='line_1_25' title="bbox 231 1088 968 1132; baseline 0 -11"><span class='ocrx_word' id='word_1_107' title='bbox 231 1090 301 1122; x_wconf 79' lang='lat' dir='ltr'>tura</span> <span class='ocrx_word' id='word_1_108' title='bbox 328 1089 566 1122; x_wconf 83' lang='lat' dir='ltr'>constitutiones</span> <span class='ocrx_word' id='word_1_109' title='bbox 590 1088 766 1132; x_wconf 84' lang='lat' dir='ltr'>praedictas</span> <span class='ocrx_word' id='word_1_110' title='bbox 786 1093 968 1122; x_wconf 87' lang='lat' dir='ltr'>nostrorum</span> 
     </span>
     <span class='ocr_line' id='line_1_26' title="bbox 229 1141 969 1186; baseline -0.001 -11"><span class='ocrx_word' id='word_1_111' title='bbox 229 1142 510 1186; x_wconf 85' lang='lat' dir='ltr'>praedecessorum</span> <span class='ocrx_word' id='word_1_112' title='bbox 542 1142 573 1174; x_wconf 92' lang='lat' dir='ltr'>in</span> <span class='ocrx_word' id='word_1_113' title='bbox 606 1141 666 1174; x_wconf 89' lang='lat' dir='ltr'>illis</span> <span class='ocrx_word' id='word_1_114' title='bbox 698 1141 857 1185; x_wconf 84' lang='lat' dir='ltr'>partibus,</span> <span class='ocrx_word' id='word_1_115' title='bbox 890 1153 969 1185; x_wconf 86' lang='lat' dir='ltr'>quae</span> 
     </span>
     <span class='ocr_line' id='line_1_27' title="bbox 228 1194 968 1239; baseline -0.003 -11"><span class='ocrx_word' id='word_1_116' title='bbox 228 1195 387 1239; x_wconf 85' lang='lat' dir='ltr'>praesenti</span> <span class='ocrx_word' id='word_1_117' title='bbox 411 1205 476 1228; x_wconf 91' lang='lat' dir='ltr'>non</span> <span class='ocrx_word' id='word_1_118' title='bbox 500 1194 717 1234; x_wconf 82' lang='lat' dir='ltr'>adversantur,</span> <span class='ocrx_word' id='word_1_119' title='bbox 744 1199 795 1226; x_wconf 88' lang='lat' dir='ltr'>aut</span> <span class='ocrx_word' id='word_1_120' title='bbox 820 1194 894 1226; x_wconf 77' lang='lat' dir='ltr'>alias</span> <span class='ocrx_word' id='word_1_121' title='bbox 920 1195 968 1227; x_wconf 90' lang='lat' dir='ltr'>le-</span> 
     </span>
     <span class='ocr_line' id='line_1_28' title="bbox 228 1248 969 1292; baseline 0 -11"><span class='ocrx_word' id='word_1_122' title='bbox 228 1249 337 1292; x_wconf 83' lang='lat' dir='ltr'>gitime</span> <span class='ocrx_word' id='word_1_123' title='bbox 363 1249 549 1281; x_wconf 82' lang='lat' dir='ltr'>reformatae</span> <span class='ocrx_word' id='word_1_124' title='bbox 572 1258 635 1281; x_wconf 88' lang='lat' dir='ltr'>non</span> <span class='ocrx_word' id='word_1_125' title='bbox 660 1248 784 1288; x_wconf 87' lang='lat' dir='ltr'>fuerint,</span> <span class='ocrx_word' id='word_1_126' title='bbox 802 1248 969 1281; x_wconf 81' lang='lat' dir='ltr'>confirma-</span> 
     </span>
     <span class='ocr_line' id='line_1_29' title="bbox 228 1301 969 1345; baseline -0.001 -11"><span class='ocrx_word' id='word_1_127' title='bbox 228 1312 298 1334; x_wconf 85' lang='lat' dir='ltr'>mus</span> <span class='ocrx_word' id='word_1_128' title='bbox 322 1307 352 1334; x_wconf 91' lang='lat' dir='ltr'>et</span> <span class='ocrx_word' id='word_1_129' title='bbox 376 1302 581 1334; x_wconf 84' lang='lat' dir='ltr'>innovamus:</span> <span class='ocrx_word' id='word_1_130' title='bbox 608 1303 737 1345; x_wconf 86' lang='lat' dir='ltr'>insuper</span> <span class='ocrx_word' id='word_1_131' title='bbox 762 1301 912 1343; x_wconf 68' lang='lat' dir='ltr'>erigimus</span> <span class='ocrx_word' id='word_1_132' title='bbox 940 1307 969 1334; x_wconf 87' lang='lat' dir='ltr'>et</span> 
     </span>
     <span class='ocr_line' id='line_1_30' title="bbox 228 1354 968 1397; baseline -0.001 -10"><span class='ocrx_word' id='word_1_133' title='bbox 228 1355 421 1388; x_wconf 84' lang='lat' dir='ltr'>instituimus</span> <span class='ocrx_word' id='word_1_134' title='bbox 439 1355 607 1397; x_wconf 85' lang='lat' dir='ltr'>collegium</span> <span class='ocrx_word' id='word_1_135' title='bbox 627 1355 811 1387; x_wconf 86' lang='lat' dir='ltr'>eorumdem</span> <span class='ocrx_word' id='word_1_136' title='bbox 830 1354 968 1387; x_wconf 88' lang='lat' dir='ltr'>referen-</span> 
     </span>
     <span class='ocr_line' id='line_1_31' title="bbox 229 1407 968 1452; baseline -0.003 -11"><span class='ocrx_word' id='word_1_137' title='bbox 229 1408 402 1449; x_wconf 87' lang='lat' dir='ltr'>dariorum,</span> <span class='ocrx_word' id='word_1_138' title='bbox 418 1408 501 1452; x_wconf 91' lang='lat' dir='ltr'>quod</span> <span class='ocrx_word' id='word_1_139' title='bbox 517 1408 662 1441; x_wconf 89' lang='lat' dir='ltr'>volumus</span> <span class='ocrx_word' id='word_1_140' title='bbox 678 1407 907 1451; x_wconf 82' lang='lat' dir='ltr'>repraesentari</span> <span class='ocrx_word' id='word_1_141' title='bbox 934 1418 968 1439; x_wconf 80' lang='lat' dir='ltr'>ex</span> 
     </span>
     <span class='ocr_line' id='line_1_32' title="bbox 229 1460 969 1503; baseline -0.003 -9"><span class='ocrx_word' id='word_1_142' title='bbox 229 1461 394 1495; x_wconf 84' lang='lat' dir='ltr'>duodecim</span> <span class='ocrx_word' id='word_1_143' title='bbox 421 1461 599 1494; x_wconf 85' lang='lat' dir='ltr'>vetantibus</span> <span class='ocrx_word' id='word_1_144' title='bbox 631 1461 810 1503; x_wconf 84' lang='lat' dir='ltr'>signaturae</span> <span class='ocrx_word' id='word_1_145' title='bbox 837 1460 969 1493; x_wconf 85' lang='lat' dir='ltr'>iustitiae</span> 
     </span>
     <span class='ocr_line' id='line_1_33' title="bbox 229 1513 970 1558; baseline -0.004 -10"><span class='ocrx_word' id='word_1_146' title='bbox 229 1515 266 1548; x_wconf 90' lang='lat' dir='ltr'>de</span> <span class='ocrx_word' id='word_1_147' title='bbox 291 1524 425 1558; x_wconf 86' lang='lat' dir='ltr'>corpore</span> <span class='ocrx_word' id='word_1_148' title='bbox 451 1524 485 1546; x_wconf 86' lang='lat' dir='ltr'>ac</span> <span class='ocrx_word' id='word_1_149' title='bbox 509 1524 644 1546; x_wconf 87' lang='lat' dir='ltr'>numero</span> <span class='ocrx_word' id='word_1_150' title='bbox 674 1513 970 1557; x_wconf 82' lang='lat' dir='ltr'>ipsorumreferen-</span> 
     </span>
     <span class='ocr_line' id='line_1_34' title="bbox 228 1566 969 1610; baseline -0.005 -9"><span class='ocrx_word' id='word_1_151' title='bbox 228 1568 389 1601; x_wconf 89' lang='lat' dir='ltr'>dariorum</span> <span class='ocrx_word' id='word_1_152' title='bbox 408 1567 514 1600; x_wconf 89' lang='lat' dir='ltr'>electis</span> <span class='ocrx_word' id='word_1_153' title='bbox 531 1572 561 1600; x_wconf 88' lang='lat' dir='ltr'>et</span> <span class='ocrx_word' id='word_1_154' title='bbox 577 1566 607 1599; x_wconf 92' lang='lat' dir='ltr'>in</span> <span class='ocrx_word' id='word_1_155' title='bbox 629 1571 789 1610; x_wconf 85' lang='lat' dir='ltr'>posterum</span> <span class='ocrx_word' id='word_1_156' title='bbox 808 1566 969 1608; x_wconf 76' lang='lat' dir='ltr'>eligendis,</span> 
     </span>
     <span class='ocr_line' id='line_1_35' title="bbox 227 1620 969 1666; baseline -0.003 -12"><span class='ocrx_word' id='word_1_157' title='bbox 227 1632 363 1666; x_wconf 86' lang='lat' dir='ltr'>quorum</span> <span class='ocrx_word' id='word_1_158' title='bbox 390 1626 484 1665; x_wconf 84' lang='lat' dir='ltr'>caput</span> <span class='ocrx_word' id='word_1_159' title='bbox 503 1631 539 1653; x_wconf 86' lang='lat' dir='ltr'>ac</span> <span class='ocrx_word' id='word_1_160' title='bbox 565 1620 794 1653; x_wconf 83' lang='lat' dir='ltr'>moderatorem</span> <span class='ocrx_word' id='word_1_161' title='bbox 816 1625 969 1663; x_wconf 87' lang='lat' dir='ltr'>perpetuo</span> 
     </span>
     <span class='ocr_line' id='line_1_36' title="bbox 227 1673 968 1718; baseline -0.005 -9"><span class='ocrx_word' id='word_1_162' title='bbox 227 1675 447 1710; x_wconf 87' lang='lat' dir='ltr'>constituimus</span> <span class='ocrx_word' id='word_1_163' title='bbox 480 1674 672 1718; x_wconf 87' lang='lat' dir='ltr'>praesectum</span> <span class='ocrx_word' id='word_1_164' title='bbox 699 1673 838 1706; x_wconf 77' lang='lat' dir='ltr'>eiusdem</span> <span class='ocrx_word' id='word_1_165' title='bbox 865 1673 968 1716; x_wconf 84' lang='lat' dir='ltr'>signa-</span> 
     </span>
     <span class='ocr_line' id='line_1_37' title="bbox 227 1726 969 1771; baseline -0.005 -9"><span class='ocrx_word' id='word_1_166' title='bbox 227 1734 315 1762; x_wconf 87' lang='lat' dir='ltr'>turae</span> <span class='ocrx_word' id='word_1_167' title='bbox 339 1727 474 1761; x_wconf 86' lang='lat' dir='ltr'>iustitiae</span> <span class='ocrx_word' id='word_1_168' title='bbox 494 1737 553 1771; x_wconf 90' lang='lat' dir='ltr'>pro</span> <span class='ocrx_word' id='word_1_169' title='bbox 571 1732 713 1770; x_wconf 90' lang='lat' dir='ltr'>tempore</span> <span class='ocrx_word' id='word_1_170' title='bbox 727 1726 920 1767; x_wconf 79' lang='lat' dir='ltr'>existentem,</span> <span class='ocrx_word' id='word_1_171' title='bbox 940 1731 969 1758; x_wconf 90' lang='lat' dir='ltr'>et</span> 
     </span>
     <span class='ocr_line' id='line_1_38' title="bbox 227 1780 969 1827; baseline -0.007 -10"><span class='ocrx_word' id='word_1_172' title='bbox 227 1782 386 1827; x_wconf 87' lang='lat' dir='ltr'>antiquior</span> <span class='ocrx_word' id='word_1_173' title='bbox 419 1792 529 1815; x_wconf 90' lang='lat' dir='ltr'>eorum</span> <span class='ocrx_word' id='word_1_174' title='bbox 562 1781 592 1813; x_wconf 96' lang='lat' dir='ltr'>in</span> <span class='ocrx_word' id='word_1_175' title='bbox 626 1780 729 1814; x_wconf 82' lang='lat' dir='ltr'>officio</span> <span class='ocrx_word' id='word_1_176' title='bbox 760 1780 969 1824; x_wconf 78' lang='lat' dir='ltr'>appellabitur</span> 
     </span>
     <span class='ocr_line' id='line_1_39' title="bbox 228 1837 373 1870; baseline -0.007 0"><span class='ocrx_word' id='word_1_177' title='bbox 228 1837 373 1870; x_wconf 88' lang='lat' dir='ltr'>decanus.</span> 
     </span>
    </p>

    <p class='ocr_par' dir='ltr' id='par_1_7' title="bbox 228 1887 969 2469">
     <span class='ocr_line' id='line_1_40' title="bbox 273 1887 964 1934; baseline -0.004 -12"><span class='ocrx_word' id='word_1_178' title='bbox 273 1890 288 1934; x_wconf 64' lang='lat' dir='ltr'>g</span> <span class='ocrx_word' id='word_1_179' title='bbox 311 1890 340 1922; x_wconf 66' lang='grc'>9.</span> <span class='ocrx_word' id='word_1_180' title='bbox 365 1889 485 1922; x_wconf 91' lang='lat' dir='ltr'>Horum</span> <span class='ocrx_word' id='word_1_181' title='bbox 512 1893 615 1921; x_wconf 87' lang='lat' dir='ltr'>autem</span> <span class='ocrx_word' id='word_1_182' title='bbox 649 1887 788 1921; x_wconf 81' lang='lat' dir='ltr'>officium</span> <span class='ocrx_word' id='word_1_183' title='bbox 815 1888 874 1920; x_wconf 89' lang='lat' dir='ltr'>erit</span> <span class='ocrx_word' id='word_1_184' title='bbox 899 1888 964 1920; x_wconf 87' lang='lat' dir='ltr'>sor-</span> 
     </span>
     <span class='ocr_line' id='line_1_41' title="bbox 230 1941 967 1987; baseline -0.005 -10"><span class='ocrx_word' id='word_1_185' title='bbox 230 1953 316 1978; x_wconf 85' lang='lat' dir='ltr'>mare</span> <span class='ocrx_word' id='word_1_186' title='bbox 351 1941 568 1987; x_wconf 89' lang='lat' dir='ltr'>inquisitiones</span> <span class='ocrx_word' id='word_1_187' title='bbox 602 1952 637 1974; x_wconf 90' lang='lat' dir='ltr'>ac</span> <span class='ocrx_word' id='word_1_188' title='bbox 672 1952 840 1985; x_wconf 82' lang='lat' dir='ltr'>processus</span> <span class='ocrx_word' id='word_1_189' title='bbox 873 1952 967 1985; x_wconf 87' lang='lat' dir='ltr'>super</span> 
     </span>
     <span class='ocr_line' id='line_1_42' title="bbox 228 1995 968 2042; baseline -0.004 -12"><span class='ocrx_word' id='word_1_190' title='bbox 228 1996 430 2042; x_wconf 83' lang='lat' dir='ltr'>qualitatibus</span> <span class='ocrx_word' id='word_1_191' title='bbox 455 2006 575 2035; x_wconf 81' lang='lat' dir='ltr'>eorum,</span> <span class='ocrx_word' id='word_1_192' title='bbox 594 1996 646 2038; x_wconf 91' lang='lat' dir='ltr'>qui</span> <span class='ocrx_word' id='word_1_193' title='bbox 668 1995 704 2027; x_wconf 89' lang='lat' dir='ltr'>ad</span> <span class='ocrx_word' id='word_1_194' title='bbox 731 1995 904 2039; x_wconf 87' lang='lat' dir='ltr'>praefatum</span> <span class='ocrx_word' id='word_1_195' title='bbox 923 2006 968 2027; x_wconf 89' lang='lat' dir='ltr'>re-</span> 
     </span>
     <span class='ocr_line' id='line_1_43' title="bbox 228 2049 967 2091; baseline -0.004 -6"><span class='ocrx_word' id='word_1_196' title='bbox 228 2050 395 2085; x_wconf 86' lang='lat' dir='ltr'>ferendarii</span> <span class='ocrx_word' id='word_1_197' title='bbox 429 2059 542 2082; x_wconf 86' lang='lat' dir='ltr'>munus</span> <span class='ocrx_word' id='word_1_198' title='bbox 574 2059 609 2082; x_wconf 84' lang='lat' dir='ltr'>ac</span> <span class='ocrx_word' id='word_1_199' title='bbox 640 2049 822 2091; x_wconf 81' lang='lat' dir='ltr'>dignitatem</span> <span class='ocrx_word' id='word_1_200' title='bbox 855 2049 967 2083; x_wconf 89' lang='lat' dir='ltr'>admit-</span> 
     </span>
     <span class='ocr_line' id='line_1_44' title="bbox 228 2095 967 2146; baseline -0.004 -8"><span class='ocrx_word' id='word_1_201' title='bbox 228 2095 311 2138; x_wconf 74' lang='lat' dir='ltr'>ten&#39;di</span> <span class='ocrx_word' id='word_1_202' title='bbox 345 2108 456 2145; x_wconf 90' lang='lat' dir='ltr'>erunt,</span> <span class='ocrx_word' id='word_1_203' title='bbox 482 2108 576 2146; x_wconf 90' lang='lat' dir='ltr'>prout</span> <span class='ocrx_word' id='word_1_204' title='bbox 612 2103 743 2145; x_wconf 86' lang='lat' dir='ltr'>singulis</span> <span class='ocrx_word' id='word_1_205' title='bbox 767 2113 784 2134; x_wconf 91' lang='lat' dir='ltr'>a</span> <span class='ocrx_word' id='word_1_206' title='bbox 809 2103 967 2146; x_wconf 85' lang='lat' dir='ltr'>praefecto</span> 
     </span>
     <span class='ocr_line' id='line_1_45' title="bbox 228 2155 968 2201; baseline -0.004 -10"><span class='ocrx_word' id='word_1_207' title='bbox 228 2158 408 2201; x_wconf 85' lang='lat' dir='ltr'>signaturae</span> <span class='ocrx_word' id='word_1_208' title='bbox 434 2155 560 2199; x_wconf 89' lang='lat' dir='ltr'>speciali</span> <span class='ocrx_word' id='word_1_209' title='bbox 591 2155 746 2198; x_wconf 83' lang='lat' dir='ltr'>rescripto</span> <span class='ocrx_word' id='word_1_210' title='bbox 771 2155 968 2188; x_wconf 86' lang='lat' dir='ltr'>demandabi-</span> 
     </span>
     <span class='ocr_line' id='line_1_46' title="bbox 228 2209 968 2252; baseline -0.007 -7"><span class='ocrx_word' id='word_1_211' title='bbox 228 2217 290 2252; x_wconf 88' lang='lat' dir='ltr'>tur,</span> <span class='ocrx_word' id='word_1_212' title='bbox 315 2215 348 2243; x_wconf 89' lang='lat' dir='ltr'>ut</span> <span class='ocrx_word' id='word_1_213' title='bbox 371 2210 452 2242; x_wconf 90' lang='lat' dir='ltr'>infra</span> <span class='ocrx_word' id='word_1_214' title='bbox 477 2214 625 2241; x_wconf 82' lang='lat' dir='ltr'>statutum</span> <span class='ocrx_word' id='word_1_215' title='bbox 651 2214 705 2241; x_wconf 86' lang='lat' dir='ltr'>est.</span> <span class='ocrx_word' id='word_1_216' title='bbox 740 2209 904 2241; x_wconf 77' lang='lat' dir='ltr'>Praeterea</span> <span class='ocrx_word' id='word_1_217' title='bbox 930 2209 968 2241; x_wconf 85' lang='lat' dir='ltr'>ei-</span> 
     </span>
     <span class='ocr_line' id='line_1_47' title="bbox 229 2261 968 2304; baseline -0.005 -7"><span class='ocrx_word' id='word_1_218' title='bbox 229 2265 300 2298; x_wconf 87' lang='lat' dir='ltr'>dem</span> <span class='ocrx_word' id='word_1_219' title='bbox 326 2263 445 2296; x_wconf 90' lang='lat' dir='ltr'>decano</span> <span class='ocrx_word' id='word_1_220' title='bbox 470 2268 500 2294; x_wconf 89' lang='lat' dir='ltr'>et</span> <span class='ocrx_word' id='word_1_221' title='bbox 520 2261 653 2304; x_wconf 84' lang='lat' dir='ltr'>collegio</span> <span class='ocrx_word' id='word_1_222' title='bbox 672 2261 832 2293; x_wconf 82' lang='lat' dir='ltr'>incumbet</span> <span class='ocrx_word' id='word_1_223' title='bbox 848 2265 968 2294; x_wconf 78' lang='lat' dir='ltr'>ceteros</span> 
     </span>
     <span class='ocr_line' id='line_1_48' title="bbox 229 2315 968 2359; baseline -0.008 -8"><span class='ocrx_word' id='word_1_224' title='bbox 229 2316 469 2357; x_wconf 79' lang='lat' dir='ltr'>referendarios,</span> <span class='ocrx_word' id='word_1_225' title='bbox 490 2315 676 2359; x_wconf 86' lang='lat' dir='ltr'>praesertim</span> <span class='ocrx_word' id='word_1_226' title='bbox 696 2315 725 2346; x_wconf 92' lang='lat' dir='ltr'>in</span> <span class='ocrx_word' id='word_1_227' title='bbox 743 2319 904 2357; x_wconf 88' lang='lat' dir='ltr'>posterum</span> <span class='ocrx_word' id='word_1_228' title='bbox 925 2325 968 2346; x_wconf 83' lang='lat' dir='ltr'>re-</span> 
     </span>
     <span class='ocr_line' id='line_1_49' title="bbox 228 2367 969 2416; baseline -0.008 -11"><span class='ocrx_word' id='word_1_229' title='bbox 228 2370 400 2416; x_wconf 88' lang='lat' dir='ltr'>cipiendos,</span> <span class='ocrx_word' id='word_1_230' title='bbox 414 2369 582 2412; x_wconf 82' lang='lat' dir='ltr'>diligenter</span> <span class='ocrx_word' id='word_1_231' title='bbox 597 2368 750 2400; x_wconf 87' lang='lat' dir='ltr'>instruere</span> <span class='ocrx_word' id='word_1_232' title='bbox 765 2368 801 2399; x_wconf 83' lang='lat' dir='ltr'>de</span> <span class='ocrx_word' id='word_1_233' title='bbox 816 2367 875 2407; x_wconf 82' lang='lat' dir='ltr'>liis,</span> <span class='ocrx_word' id='word_1_234' title='bbox 890 2378 969 2410; x_wconf 88' lang='lat' dir='ltr'>quae</span> 
     </span>
     <span class='ocr_line' id='line_1_50' title="bbox 229 2421 967 2469; baseline -0.008 -11"><span class='ocrx_word' id='word_1_235' title='bbox 229 2428 370 2469; x_wconf 84' lang='lat' dir='ltr'>spectant</span> <span class='ocrx_word' id='word_1_236' title='bbox 395 2423 432 2455; x_wconf 89' lang='lat' dir='ltr'>ad</span> <span class='ocrx_word' id='word_1_237' title='bbox 458 2422 642 2455; x_wconf 80' lang='lat' dir='ltr'>exercitium</span> <span class='ocrx_word' id='word_1_238' title='bbox 667 2431 776 2454; x_wconf 87' lang='lat' dir='ltr'>eorum</span> <span class='ocrx_word' id='word_1_239' title='bbox 803 2421 915 2460; x_wconf 78' lang='lat' dir='ltr'>officii,</span> <span class='ocrx_word' id='word_1_240' title='bbox 941 2426 967 2452; x_wconf 79' lang='lat' dir='ltr'>et</span> 
     </span>
    </p>
   </div>
   <div class='ocr_carea' id='block_1_6' title="bbox 1003 129 1747 1822">
    <p class='ocr_par' dir='ltr' id='par_1_8' title="bbox 1658 129 1716 161">
     <span class='ocr_line' id='line_1_51' title="bbox 1658 129 1716 161; baseline 0.017 -1"><span class='ocrx_word' id='word_1_241' title='bbox 1658 129 1716 161; x_wconf 62' lang='lat'>&#39;273</span> 
     </span>
    </p>

    <p class='ocr_par' dir='ltr' id='par_1_9' title="bbox 1004 185 1747 707">
     <span class='ocr_line' id='line_1_52' title="bbox 1007 185 1747 230; baseline 0.001 -13"><span class='ocrx_word' id='word_1_242' title='bbox 1007 185 1167 229; x_wconf 83' lang='lat' dir='ltr'>praefecti,</span> <span class='ocrx_word' id='word_1_243' title='bbox 1192 196 1302 219; x_wconf 89' lang='lat' dir='ltr'>eorum</span> <span class='ocrx_word' id='word_1_244' title='bbox 1320 197 1471 230; x_wconf 82' lang='lat' dir='ltr'>personas</span> <span class='ocrx_word' id='word_1_245' title='bbox 1489 197 1524 220; x_wconf 92' lang='lat' dir='ltr'>ac</span> <span class='ocrx_word' id='word_1_246' title='bbox 1543 196 1655 219; x_wconf 89' lang='lat' dir='ltr'>munus</span> <span class='ocrx_word' id='word_1_247' title='bbox 1677 196 1747 219; x_wconf 84' lang='lat' dir='ltr'>con-</span> 
     </span>
     <span class='ocr_line' id='line_1_53' title="bbox 1006 239 1746 280; baseline 0.003 -10"><span class='ocrx_word' id='word_1_248' title='bbox 1006 244 1171 271; x_wconf 83' lang='lat' dir='ltr'>cernentes</span> <span class='ocrx_word' id='word_1_249' title='bbox 1202 245 1229 271; x_wconf 90' lang='lat' dir='ltr'>et</span> <span class='ocrx_word' id='word_1_250' title='bbox 1264 240 1504 280; x_wconf 79' lang='lat' dir='ltr'>concernentia,</span> <span class='ocrx_word' id='word_1_251' title='bbox 1529 250 1650 273; x_wconf 76' lang='lat' dir='ltr'>necnon</span> <span class='ocrx_word' id='word_1_252' title='bbox 1681 239 1746 272; x_wconf 88' lang='lat' dir='ltr'>dies</span> 
     </span>
     <span class='ocr_line' id='line_1_54' title="bbox 1005 293 1744 335; baseline 0.004 -13"><span class='ocrx_word' id='word_1_253' title='bbox 1005 302 1040 324; x_wconf 89' lang='lat' dir='ltr'>ac</span> <span class='ocrx_word' id='word_1_254' title='bbox 1066 296 1210 335; x_wconf 84' lang='lat' dir='ltr'>tempora</span> <span class='ocrx_word' id='word_1_255' title='bbox 1235 296 1263 325; x_wconf 87' lang='lat' dir='ltr'>et</span> <span class='ocrx_word' id='word_1_256' title='bbox 1288 293 1413 325; x_wconf 86' lang='lat' dir='ltr'>servitia</span> <span class='ocrx_word' id='word_1_257' title='bbox 1437 304 1453 325; x_wconf 85' lang='lat' dir='ltr'>a</span> <span class='ocrx_word' id='word_1_258' title='bbox 1479 293 1610 335; x_wconf 81' lang='lat' dir='ltr'>singulis</span> <span class='ocrx_word' id='word_1_259' title='bbox 1635 303 1744 325; x_wconf 89' lang='lat' dir='ltr'>eorum</span> 
     </span>
     <span class='ocr_line' id='line_1_55' title="bbox 1005 343 1746 389; baseline 0.001 -13"><span class='ocrx_word' id='word_1_260' title='bbox 1005 343 1096 377; x_wconf 86' lang='lat' dir='ltr'>nobis</span> <span class='ocrx_word' id='word_1_261' title='bbox 1132 348 1192 377; x_wconf 88' lang='lat' dir='ltr'>tam</span> <span class='ocrx_word' id='word_1_262' title='bbox 1223 345 1253 376; x_wconf 88' lang='lat' dir='ltr'>in</span> <span class='ocrx_word' id='word_1_263' title='bbox 1284 345 1426 388; x_wconf 77' lang='lat' dir='ltr'>cappella</span> <span class='ocrx_word' id='word_1_264' title='bbox 1459 347 1566 378; x_wconf 69' lang='lat' dir='ltr'>nostra</span> <span class='ocrx_word' id='word_1_265' title='bbox 1593 356 1685 389; x_wconf 87' lang='lat' dir='ltr'>quam</span> <span class='ocrx_word' id='word_1_266' title='bbox 1717 345 1746 377; x_wconf 95' lang='lat' dir='ltr'>in</span> 
     </span>
     <span class='ocr_line' id='line_1_56' title="bbox 1004 397 1747 441; baseline 0.003 -13"><span class='ocrx_word' id='word_1_267' title='bbox 1004 397 1072 429; x_wconf 83' lang='lat' dir='ltr'>aliis</span> <span class='ocrx_word' id='word_1_268' title='bbox 1089 397 1300 430; x_wconf 82' lang='lat' dir='ltr'>functionibus</span> <span class='ocrx_word' id='word_1_269' title='bbox 1318 398 1516 441; x_wconf 84' lang='lat' dir='ltr'>praestanda,</span> <span class='ocrx_word' id='word_1_270' title='bbox 1534 409 1567 430; x_wconf 70' lang='lat' dir='ltr'>ar</span> <span class='ocrx_word' id='word_1_271' title='bbox 1586 398 1678 430; x_wconf 84' lang='lat' dir='ltr'>etiam</span> <span class='ocrx_word' id='word_1_272' title='bbox 1698 409 1747 430; x_wconf 86' lang='lat' dir='ltr'>cu-</span> 
     </span>
     <span class='ocr_line' id='line_1_57' title="bbox 1005 450 1747 493; baseline 0.001 -11"><span class='ocrx_word' id='word_1_273' title='bbox 1005 460 1075 483; x_wconf 86' lang='lat' dir='ltr'>rare</span> <span class='ocrx_word' id='word_1_274' title='bbox 1099 456 1133 482; x_wconf 88' lang='lat' dir='ltr'>ut</span> <span class='ocrx_word' id='word_1_275' title='bbox 1160 450 1289 483; x_wconf 90' lang='lat' dir='ltr'>tabellae</span> <span class='ocrx_word' id='word_1_276' title='bbox 1315 451 1488 484; x_wconf 86' lang='lat' dir='ltr'>indicantes</span> <span class='ocrx_word' id='word_1_277' title='bbox 1513 452 1690 493; x_wconf 78' lang='lat' dir='ltr'>signaturas</span> <span class='ocrx_word' id='word_1_278' title='bbox 1718 456 1747 483; x_wconf 90' lang='lat' dir='ltr'>et</span> 
     </span>
     <span class='ocr_line' id='line_1_58' title="bbox 1005 504 1745 548; baseline -0.001 -11"><span class='ocrx_word' id='word_1_279' title='bbox 1005 504 1266 547; x_wconf 80' lang='lat' dir='ltr'>congregationes</span> <span class='ocrx_word' id='word_1_280' title='bbox 1283 504 1438 537; x_wconf 87' lang='lat' dir='ltr'>faciendas</span> <span class='ocrx_word' id='word_1_281' title='bbox 1456 505 1604 547; x_wconf 76' lang='lat' dir='ltr'>congruis</span> <span class='ocrx_word' id='word_1_282' title='bbox 1623 509 1745 548; x_wconf 83' lang='lat' dir='ltr'>tempo-</span> 
     </span>
     <span class='ocr_line' id='line_1_59' title="bbox 1006 557 1745 600; baseline 0 -11"><span class='ocrx_word' id='word_1_283' title='bbox 1006 557 1091 590; x_wconf 89' lang='lat' dir='ltr'>ribus</span> <span class='ocrx_word' id='word_1_284' title='bbox 1116 567 1133 589; x_wconf 90' lang='lat' dir='ltr'>a</span> <span class='ocrx_word' id='word_1_285' title='bbox 1158 557 1308 589; x_wconf 85' lang='lat' dir='ltr'>ministris</span> <span class='ocrx_word' id='word_1_286' title='bbox 1334 557 1499 600; x_wconf 82' lang='lat' dir='ltr'>deputatis,</span> <span class='ocrx_word' id='word_1_287' title='bbox 1519 563 1551 589; x_wconf 90' lang='lat' dir='ltr'>ut</span> <span class='ocrx_word' id='word_1_288' title='bbox 1573 558 1670 590; x_wconf 90' lang='lat' dir='ltr'>moris</span> <span class='ocrx_word' id='word_1_289' title='bbox 1689 563 1745 597; x_wconf 85' lang='lat' dir='ltr'>est,</span> 
     </span>
     <span class='ocr_line' id='line_1_60' title="bbox 1005 609 1745 653; baseline -0.001 -11"><span class='ocrx_word' id='word_1_290' title='bbox 1005 616 1211 653; x_wconf 87' lang='lat' dir='ltr'>exponantur,</span> <span class='ocrx_word' id='word_1_291' title='bbox 1236 620 1272 642; x_wconf 88' lang='lat' dir='ltr'>ac</span> <span class='ocrx_word' id='word_1_292' title='bbox 1296 609 1442 643; x_wconf 88' lang='lat' dir='ltr'>omnibus</span> <span class='ocrx_word' id='word_1_293' title='bbox 1466 610 1591 642; x_wconf 84' lang='lat' dir='ltr'>demum</span> <span class='ocrx_word' id='word_1_294' title='bbox 1624 610 1745 642; x_wconf 88' lang='lat' dir='ltr'>incum-</span> 
     </span>
     <span class='ocr_line' id='line_1_61' title="bbox 1005 663 1728 707; baseline -0.001 -11"><span class='ocrx_word' id='word_1_295' title='bbox 1005 663 1079 696; x_wconf 87' lang='lat' dir='ltr'>bere</span> <span class='ocrx_word' id='word_1_296' title='bbox 1104 674 1182 707; x_wconf 84' lang='lat' dir='ltr'>quae</span> <span class='ocrx_word' id='word_1_297' title='bbox 1208 663 1328 696; x_wconf 87' lang='lat' dir='ltr'>ordinis</span> <span class='ocrx_word' id='word_1_298' title='bbox 1353 663 1504 695; x_wconf 88' lang='lat' dir='ltr'>interesse</span> <span class='ocrx_word' id='word_1_299' title='bbox 1529 668 1728 695; x_wconf 82' lang='lat' dir='ltr'>concernent.</span> 
     </span>
    </p>

    <p class='ocr_par' dir='ltr' id='par_1_10' title="bbox 1003 716 1746 1185">
     <span class='ocr_line' id='line_1_62' title="bbox 1049 716 1743 760; baseline -0.001 -11"><span class='ocrx_word' id='word_1_300' title='bbox 1049 716 1116 760; x_wconf 66' lang='lat'>{3-</span> <span class='ocrx_word' id='word_1_301' title='bbox 1149 716 1276 756; x_wconf 83' lang='lat' dir='ltr'>Quoties</span> <span class='ocrx_word' id='word_1_302' title='bbox 1312 727 1386 749; x_wconf 86' lang='lat' dir='ltr'>vero</span> <span class='ocrx_word' id='word_1_303' title='bbox 1419 716 1536 749; x_wconf 91' lang='lat' dir='ltr'>dictum</span> <span class='ocrx_word' id='word_1_304' title='bbox 1575 716 1743 758; x_wconf 81' lang='lat' dir='ltr'>collegium</span> 
     </span>
     <span class='ocr_line' id='line_1_63' title="bbox 1005 769 1745 812; baseline -0.003 -9"><span class='ocrx_word' id='word_1_305' title='bbox 1005 770 1171 803; x_wconf 89' lang='lat' dir='ltr'>convocari</span> <span class='ocrx_word' id='word_1_306' title='bbox 1185 776 1215 803; x_wconf 88' lang='lat' dir='ltr'>et</span> <span class='ocrx_word' id='word_1_307' title='bbox 1228 770 1398 803; x_wconf 84' lang='lat' dir='ltr'>coadunari</span> <span class='ocrx_word' id='word_1_308' title='bbox 1415 780 1542 802; x_wconf 85' lang='lat' dir='ltr'>necesse</span> <span class='ocrx_word' id='word_1_309' title='bbox 1557 769 1625 809; x_wconf 91' lang='lat' dir='ltr'>erit,</span> <span class='ocrx_word' id='word_1_310' title='bbox 1643 770 1745 812; x_wconf 88' lang='lat' dir='ltr'>requi-</span> 
     </span>
     <span class='ocr_line' id='line_1_64' title="bbox 1005 822 1745 867; baseline 0 -12"><span class='ocrx_word' id='word_1_311' title='bbox 1005 828 1092 856; x_wconf 86' lang='lat' dir='ltr'>ratur</span> <span class='ocrx_word' id='word_1_312' title='bbox 1116 823 1204 867; x_wconf 90' lang='lat' dir='ltr'>prius</span> <span class='ocrx_word' id='word_1_313' title='bbox 1228 823 1352 856; x_wconf 89' lang='lat' dir='ltr'>licentia</span> <span class='ocrx_word' id='word_1_314' title='bbox 1385 822 1533 866; x_wconf 86' lang='lat' dir='ltr'>praefecti</span> <span class='ocrx_word' id='word_1_315' title='bbox 1559 827 1588 854; x_wconf 89' lang='lat' dir='ltr'>et</span> <span class='ocrx_word' id='word_1_316' title='bbox 1615 822 1653 854; x_wconf 92' lang='lat' dir='ltr'>de</span> <span class='ocrx_word' id='word_1_317' title='bbox 1679 822 1745 855; x_wconf 85' lang='lat' dir='ltr'>eius</span> 
     </span>
     <span class='ocr_line' id='line_1_65' title="bbox 1006 876 1745 920; baseline -0.001 -12"><span class='ocrx_word' id='word_1_318' title='bbox 1006 876 1151 909; x_wconf 87' lang='lat' dir='ltr'>mandato</span> <span class='ocrx_word' id='word_1_319' title='bbox 1175 887 1232 920; x_wconf 92' lang='lat' dir='ltr'>per</span> <span class='ocrx_word' id='word_1_320' title='bbox 1256 876 1410 908; x_wconf 86' lang='lat' dir='ltr'>decanum</span> <span class='ocrx_word' id='word_1_321' title='bbox 1433 880 1634 915; x_wconf 81' lang='lat' dir='ltr'>convocetur,</span> <span class='ocrx_word' id='word_1_322' title='bbox 1652 880 1745 918; x_wconf 88' lang='lat' dir='ltr'>atque</span> 
     </span>
     <span class='ocr_line' id='line_1_66' title="bbox 1005 927 1744 971; baseline -0.001 -11"><span class='ocrx_word' id='word_1_323' title='bbox 1005 928 1035 960; x_wconf 91' lang='lat' dir='ltr'>in</span> <span class='ocrx_word' id='word_1_324' title='bbox 1060 928 1155 961; x_wconf 91' lang='lat' dir='ltr'>domo</span> <span class='ocrx_word' id='word_1_325' title='bbox 1181 928 1384 971; x_wconf 81' lang='lat' dir='ltr'>habitationis</span> <span class='ocrx_word' id='word_1_326' title='bbox 1410 928 1550 961; x_wconf 86' lang='lat' dir='ltr'>eiusdem</span> <span class='ocrx_word' id='word_1_327' title='bbox 1577 927 1744 970; x_wconf 85' lang='lat' dir='ltr'>praefecti,</span> 
     </span>
     <span class='ocr_line' id='line_1_67' title="bbox 1004 980 1746 1021; baseline -0.003 -7"><span class='ocrx_word' id='word_1_328' title='bbox 1004 986 1034 1014; x_wconf 90' lang='lat' dir='ltr'>et</span> <span class='ocrx_word' id='word_1_329' title='bbox 1057 991 1120 1014; x_wconf 92' lang='lat' dir='ltr'>non</span> <span class='ocrx_word' id='word_1_330' title='bbox 1140 981 1213 1013; x_wconf 89' lang='lat' dir='ltr'>alibi</span> <span class='ocrx_word' id='word_1_331' title='bbox 1239 992 1297 1015; x_wconf 90' lang='lat' dir='ltr'>nec</span> <span class='ocrx_word' id='word_1_332' title='bbox 1313 981 1413 1021; x_wconf 88' lang='lat' dir='ltr'>aliter,</span> <span class='ocrx_word' id='word_1_333' title='bbox 1439 980 1606 1014; x_wconf 90' lang='lat' dir='ltr'>convocari</span> <span class='ocrx_word' id='word_1_334' title='bbox 1628 985 1658 1013; x_wconf 89' lang='lat' dir='ltr'>et</span> <span class='ocrx_word' id='word_1_335' title='bbox 1678 990 1746 1013; x_wconf 88' lang='lat' dir='ltr'>coa-</span> 
     </span>
     <span class='ocr_line' id='line_1_68' title="bbox 1004 1033 1744 1078; baseline -0.001 -12"><span class='ocrx_word' id='word_1_336' title='bbox 1004 1033 1115 1067; x_wconf 86' lang='lat' dir='ltr'>dunari</span> <span class='ocrx_word' id='word_1_337' title='bbox 1141 1035 1255 1078; x_wconf 84' lang='lat' dir='ltr'>possit,</span> <span class='ocrx_word' id='word_1_338' title='bbox 1280 1035 1340 1068; x_wconf 92' lang='lat' dir='ltr'>nisi</span> <span class='ocrx_word' id='word_1_339' title='bbox 1365 1035 1403 1067; x_wconf 90' lang='lat' dir='ltr'>de</span> <span class='ocrx_word' id='word_1_340' title='bbox 1428 1045 1577 1078; x_wconf 81' lang='lat' dir='ltr'>expresso</span> <span class='ocrx_word' id='word_1_341' title='bbox 1603 1033 1744 1066; x_wconf 88' lang='lat' dir='ltr'>eiusdem</span> 
     </span>
     <span class='ocr_line' id='line_1_69' title="bbox 1004 1086 1745 1130; baseline -0.001 -11"><span class='ocrx_word' id='word_1_342' title='bbox 1004 1086 1152 1130; x_wconf 85' lang='lat' dir='ltr'>praefecti</span> <span class='ocrx_word' id='word_1_343' title='bbox 1179 1097 1343 1127; x_wconf 84' lang='lat' dir='ltr'>consensu,</span> <span class='ocrx_word' id='word_1_344' title='bbox 1369 1097 1403 1120; x_wconf 87' lang='lat' dir='ltr'>ac</span> <span class='ocrx_word' id='word_1_345' title='bbox 1428 1087 1553 1121; x_wconf 73' lang='lat' dir='ltr'>licentia</span> <span class='ocrx_word' id='word_1_346' title='bbox 1572 1087 1602 1118; x_wconf 93' lang='lat' dir='ltr'>in</span> <span class='ocrx_word' id='word_1_347' title='bbox 1621 1086 1745 1130; x_wconf 86' lang='lat' dir='ltr'>scriptis</span> 
     </span>
     <span class='ocr_line' id='line_1_70' title="bbox 1003 1140 1344 1185; baseline 0 -12"><span class='ocrx_word' id='word_1_348' title='bbox 1003 1145 1123 1173; x_wconf 83' lang='lat' dir='ltr'>tantum</span> <span class='ocrx_word' id='word_1_349' title='bbox 1148 1140 1344 1185; x_wconf 74' lang='lat' dir='ltr'>praestanda.</span> 
     </span>
    </p>

    <p class='ocr_par' dir='ltr' id='par_1_11' title="bbox 1004 1193 1746 1450">
     <span class='ocr_line' id='line_1_71' title="bbox 1048 1193 1746 1236; baseline -0.001 -10"><span class='ocrx_word' id='word_1_350' title='bbox 1048 1193 1062 1236; x_wconf 73' lang='grc' dir='ltr'>ξ</span> <span class='ocrx_word' id='word_1_351' title='bbox 1087 1193 1116 1226; x_wconf 75' lang='grc'>4.</span> <span class='ocrx_word' id='word_1_352' title='bbox 1143 1193 1294 1226; x_wconf 75' lang='lat' dir='ltr'>Volumus</span> <span class='ocrx_word' id='word_1_353' title='bbox 1318 1198 1422 1225; x_wconf 88' lang='lat' dir='ltr'>autem</span> <span class='ocrx_word' id='word_1_354' title='bbox 1448 1193 1623 1236; x_wconf 83' lang='lat' dir='ltr'>praefatum</span> <span class='ocrx_word' id='word_1_355' title='bbox 1651 1193 1746 1226; x_wconf 90' lang='lat' dir='ltr'>colle-</span> 
     </span>
     <span class='ocr_line' id='line_1_72' title="bbox 1004 1246 1746 1290; baseline -0.001 -11"><span class='ocrx_word' id='word_1_356' title='bbox 1004 1247 1089 1290; x_wconf 79' lang='lat' dir='ltr'>gium</span> <span class='ocrx_word' id='word_1_357' title='bbox 1116 1258 1132 1279; x_wconf 85' lang='lat' dir='ltr'>a</span> <span class='ocrx_word' id='word_1_358' title='bbox 1156 1247 1246 1279; x_wconf 85' lang='lat' dir='ltr'>nobis</span> <span class='ocrx_word' id='word_1_359' title='bbox 1272 1247 1448 1279; x_wconf 88' lang='lat' dir='ltr'>institutum</span> <span class='ocrx_word' id='word_1_360' title='bbox 1478 1247 1594 1279; x_wconf 89' lang='lat' dir='ltr'>eisdem</span> <span class='ocrx_word' id='word_1_361' title='bbox 1621 1246 1746 1289; x_wconf 64' lang='lat' dir='ltr'>privile&lt;</span> 
     </span>
     <span class='ocr_line' id='line_1_73' title="bbox 1004 1299 1744 1343; baseline -0.001 -12"><span class='ocrx_word' id='word_1_362' title='bbox 1004 1300 1063 1342; x_wconf 79' lang='lat' dir='ltr'>giis</span> <span class='ocrx_word' id='word_1_363' title='bbox 1089 1305 1119 1332; x_wconf 93' lang='lat' dir='ltr'>et</span> <span class='ocrx_word' id='word_1_364' title='bbox 1144 1300 1398 1343; x_wconf 79' lang='lat' dir='ltr'>exemptionibus</span> <span class='ocrx_word' id='word_1_365' title='bbox 1423 1299 1542 1342; x_wconf 84' lang='lat' dir='ltr'>perfrui</span> <span class='ocrx_word' id='word_1_366' title='bbox 1568 1309 1603 1331; x_wconf 86' lang='lat' dir='ltr'>ae</span> <span class='ocrx_word' id='word_1_367' title='bbox 1628 1299 1744 1342; x_wconf 88' lang='lat' dir='ltr'>potiri,</span> 
     </span>
     <span class='ocr_line' id='line_1_74' title="bbox 1004 1352 1745 1397; baseline -0.001 -11"><span class='ocrx_word' id='word_1_368' title='bbox 1004 1353 1117 1397; x_wconf 88' lang='lat' dir='ltr'>quibus</span> <span class='ocrx_word' id='word_1_369' title='bbox 1143 1359 1246 1386; x_wconf 88' lang='lat' dir='ltr'>cetera</span> <span class='ocrx_word' id='word_1_370' title='bbox 1279 1353 1411 1395; x_wconf 86' lang='lat' dir='ltr'>collegia</span> <span class='ocrx_word' id='word_1_371' title='bbox 1448 1352 1661 1396; x_wconf 86' lang='lat' dir='ltr'>praelatorum</span> <span class='ocrx_word' id='word_1_372' title='bbox 1689 1352 1745 1385; x_wconf 75' lang='lat' dir='ltr'>Ro-</span> 
     </span>
     <span class='ocr_line' id='line_1_75' title="bbox 1005 1406 1655 1450; baseline -0.005 -10"><span class='ocrx_word' id='word_1_373' title='bbox 1005 1418 1115 1440; x_wconf 82' lang='lat' dir='ltr'>manae</span> <span class='ocrx_word' id='word_1_374' title='bbox 1141 1407 1246 1440; x_wconf 84' lang='lat' dir='ltr'>curiae</span> <span class='ocrx_word' id='word_1_375' title='bbox 1267 1407 1431 1450; x_wconf 89' lang='lat' dir='ltr'>potiuntur</span> <span class='ocrx_word' id='word_1_376' title='bbox 1455 1411 1484 1438; x_wconf 89' lang='lat' dir='ltr'>et</span> <span class='ocrx_word' id='word_1_377' title='bbox 1509 1406 1655 1448; x_wconf 84' lang='lat' dir='ltr'>gaudent.</span> 
     </span>
    </p>

    <p class='ocr_par' dir='ltr' id='par_1_12' title="bbox 1003 1459 1745 1822">
     <span class='ocr_line' id='line_1_76' title="bbox 1049 1459 1745 1504; baseline -0.003 -11"><span class='ocrx_word' id='word_1_378' title='bbox 1049 1461 1063 1504; x_wconf 66' lang='grc' dir='ltr'><strong>ξ</strong></span> <span class='ocrx_word' id='word_1_379' title='bbox 1089 1461 1116 1493; x_wconf 84' lang='lat'>5.</span> <span class='ocrx_word' id='word_1_380' title='bbox 1144 1461 1242 1493; x_wconf 89' lang='lat' dir='ltr'>Porro</span> <span class='ocrx_word' id='word_1_381' title='bbox 1268 1461 1329 1500; x_wconf 85' lang='lat' dir='ltr'>iiii,</span> <span class='ocrx_word' id='word_1_382' title='bbox 1355 1460 1407 1503; x_wconf 92' lang='lat' dir='ltr'>qui</span> <span class='ocrx_word' id='word_1_383' title='bbox 1434 1460 1463 1492; x_wconf 90' lang='lat' dir='ltr'>in</span> <span class='ocrx_word' id='word_1_384' title='bbox 1489 1459 1632 1492; x_wconf 86' lang='lat' dir='ltr'>ordinem</span> <span class='ocrx_word' id='word_1_385' title='bbox 1667 1459 1745 1491; x_wconf 85' lang='lat' dir='ltr'>refe-</span> 
     </span>
     <span class='ocr_line' id='line_1_77' title="bbox 1005 1512 1745 1556; baseline -0.003 -10"><span class='ocrx_word' id='word_1_386' title='bbox 1005 1513 1225 1546; x_wconf 87' lang='lat' dir='ltr'>rendariorum</span> <span class='ocrx_word' id='word_1_387' title='bbox 1253 1513 1394 1556; x_wconf 87' lang='lat' dir='ltr'>cooptari</span> <span class='ocrx_word' id='word_1_388' title='bbox 1413 1517 1529 1556; x_wconf 77' lang='lat' dir='ltr'>petent,</span> <span class='ocrx_word' id='word_1_389' title='bbox 1547 1517 1617 1545; x_wconf 88' lang='lat' dir='ltr'>ante</span> <span class='ocrx_word' id='word_1_390' title='bbox 1639 1512 1745 1545; x_wconf 84' lang='lat' dir='ltr'>onmia</span> 
     </span>
     <span class='ocr_line' id='line_1_78' title="bbox 1005 1566 1744 1606; baseline -0.003 -7"><span class='ocrx_word' id='word_1_391' title='bbox 1005 1567 1168 1606; x_wconf 79' lang='lat' dir='ltr'>curabunt,</span> <span class='ocrx_word' id='word_1_392' title='bbox 1184 1572 1217 1598; x_wconf 91' lang='lat' dir='ltr'>ut</span> <span class='ocrx_word' id='word_1_393' title='bbox 1238 1566 1334 1598; x_wconf 77' lang='lat' dir='ltr'>relata</span> <span class='ocrx_word' id='word_1_394' title='bbox 1352 1566 1442 1599; x_wconf 85' lang='lat' dir='ltr'>nobis</span> <span class='ocrx_word' id='word_1_395' title='bbox 1460 1571 1491 1597; x_wconf 88' lang='lat' dir='ltr'>et</span> <span class='ocrx_word' id='word_1_396' title='bbox 1508 1566 1744 1598; x_wconf 85' lang='lat' dir='ltr'>successoribus</span> 
     </span>
     <span class='ocr_line' id='line_1_79' title="bbox 1005 1618 1745 1663; baseline -0.003 -11"><span class='ocrx_word' id='word_1_397' title='bbox 1005 1620 1120 1653; x_wconf 87' lang='lat' dir='ltr'>nostris</span> <span class='ocrx_word' id='word_1_398' title='bbox 1145 1631 1161 1651; x_wconf 89' lang='lat' dir='ltr'>a</span> <span class='ocrx_word' id='word_1_399' title='bbox 1188 1621 1345 1663; x_wconf 80' lang='lat' dir='ltr'>praefecto</span> <span class='ocrx_word' id='word_1_400' title='bbox 1370 1619 1549 1661; x_wconf 86' lang='lat' dir='ltr'>signaturae</span> <span class='ocrx_word' id='word_1_401' title='bbox 1575 1629 1684 1651; x_wconf 89' lang='lat' dir='ltr'>eorum</span> <span class='ocrx_word' id='word_1_402' title='bbox 1703 1618 1745 1650; x_wconf 91' lang='lat' dir='ltr'>in-</span> 
     </span>
     <span class='ocr_line' id='line_1_80' title="bbox 1005 1672 1745 1715; baseline -0.003 -10"><span class='ocrx_word' id='word_1_403' title='bbox 1005 1674 1125 1715; x_wconf 75' lang='lat' dir='ltr'>stantia,</span> <span class='ocrx_word' id='word_1_404' title='bbox 1150 1678 1292 1705; x_wconf 90' lang='lat' dir='ltr'>nostrum</span> <span class='ocrx_word' id='word_1_405' title='bbox 1318 1683 1352 1705; x_wconf 84' lang='lat' dir='ltr'>ae</span> <span class='ocrx_word' id='word_1_406' title='bbox 1378 1682 1595 1705; x_wconf 85' lang='lat' dir='ltr'>suceessorum</span> <span class='ocrx_word' id='word_1_407' title='bbox 1629 1672 1745 1715; x_wconf 82' lang='lat' dir='ltr'>praesa-</span> 
     </span>
     <span class='ocr_line' id='line_1_81' title="bbox 1005 1724 1745 1769; baseline -0.004 -10"><span class='ocrx_word' id='word_1_408' title='bbox 1005 1732 1107 1760; x_wconf 91' lang='lat' dir='ltr'>torum</span> <span class='ocrx_word' id='word_1_409' title='bbox 1133 1726 1362 1769; x_wconf 72' lang='lat' dir='ltr'>beneplacitum</span> <span class='ocrx_word' id='word_1_410' title='bbox 1377 1725 1560 1769; x_wconf 85' lang='lat' dir='ltr'>praecedat:</span> <span class='ocrx_word' id='word_1_411' title='bbox 1579 1724 1691 1756; x_wconf 88' lang='lat' dir='ltr'>deinde</span> <span class='ocrx_word' id='word_1_412' title='bbox 1711 1729 1745 1756; x_wconf 90' lang='lat' dir='ltr'>ut</span> 
     </span>
     <span class='ocr_line' id='line_1_82' title="bbox 1003 1777 1744 1822; baseline -0.004 -10"><span class='ocrx_word' id='word_1_413' title='bbox 1003 1780 1041 1812; x_wconf 88' lang='lat' dir='ltr'>ab</span> <span class='ocrx_word' id='word_1_414' title='bbox 1078 1780 1188 1813; x_wconf 85' lang='lat' dir='ltr'>eodem</span> <span class='ocrx_word' id='word_1_415' title='bbox 1225 1780 1382 1822; x_wconf 76' lang='lat' dir='ltr'>praefecto</span> <span class='ocrx_word' id='word_1_416' title='bbox 1414 1789 1494 1811; x_wconf 90' lang='lat' dir='ltr'>unus</span> <span class='ocrx_word' id='word_1_417' title='bbox 1528 1789 1563 1810; x_wconf 80' lang='lat' dir='ltr'>ex</span> <span class='ocrx_word' id='word_1_418' title='bbox 1597 1777 1744 1821; x_wconf 88' lang='lat' dir='ltr'>praelatis</span> 
     </span>
    </p>
   </div>
   <div class='ocr_carea' id='block_1_7' title="bbox 968 1830 1744 1876">
    <p class='ocr_par' dir='ltr' id='par_1_13' title="bbox 968 1830 1744 1876">
     <span class='ocr_line' id='line_1_83' title="bbox 968 1830 1744 1876; baseline -0.005 -10"><span class='ocrx_word' id='word_1_419' title='bbox 968 1831 970 1834; x_wconf 48' lang='lat'><em>⁴</em></span> <span class='ocrx_word' id='word_1_420' title='bbox 1003 1833 1134 1876; x_wconf 85' lang='lat' dir='ltr'>praefati</span> <span class='ocrx_word' id='word_1_421' title='bbox 1149 1832 1272 1875; x_wconf 87' lang='lat' dir='ltr'>collegii</span> <span class='ocrx_word' id='word_1_422' title='bbox 1291 1832 1456 1874; x_wconf 79' lang='lat' dir='ltr'>delegetur</span> <span class='ocrx_word' id='word_1_423' title='bbox 1473 1842 1529 1874; x_wconf 86' lang='lat' dir='ltr'>pro</span> <span class='ocrx_word' id='word_1_424' title='bbox 1547 1830 1744 1863; x_wconf 72' lang='lat' dir='ltr'>conficiendo</span> 
     </span>
    </p>
   </div>
   <div class='ocr_carea' id='block_1_8' title="bbox 1002 1883 1746 2458">
    <p class='ocr_par' dir='ltr' id='par_1_14' title="bbox 1002 1883 1746 2458">
     <span class='ocr_line' id='line_1_84' title="bbox 1003 1883 1743 1930; baseline -0.005 -11"><span class='ocrx_word' id='word_1_425' title='bbox 1003 1897 1162 1930; x_wconf 80' lang='lat' dir='ltr'>processu,</span> <span class='ocrx_word' id='word_1_426' title='bbox 1181 1886 1209 1918; x_wconf 94' lang='lat' dir='ltr'>in</span> <span class='ocrx_word' id='word_1_427' title='bbox 1231 1896 1293 1929; x_wconf 90' lang='lat' dir='ltr'>quo</span> <span class='ocrx_word' id='word_1_428' title='bbox 1320 1884 1536 1928; x_wconf 85' lang='lat' dir='ltr'>infrascriptae</span> <span class='ocrx_word' id='word_1_429' title='bbox 1562 1883 1743 1916; x_wconf 90' lang='lat' dir='ltr'>instantium</span> 
     </span>
     <span class='ocr_line' id='line_1_85' title="bbox 1002 1937 1744 1984; baseline -0.003 -12"><span class='ocrx_word' id='word_1_430' title='bbox 1002 1940 1168 1984; x_wconf 89' lang='lat' dir='ltr'>qualitates</span> <span class='ocrx_word' id='word_1_431' title='bbox 1204 1939 1344 1982; x_wconf 82' lang='lat' dir='ltr'>legitime</span> <span class='ocrx_word' id='word_1_432' title='bbox 1377 1938 1607 1976; x_wconf 84' lang='lat' dir='ltr'>iustilicentur;</span> <span class='ocrx_word' id='word_1_433' title='bbox 1639 1937 1744 1980; x_wconf 91' lang='lat' dir='ltr'>primo</span> 
     </span>
     <span class='ocr_line' id='line_1_86' title="bbox 1003 1990 1744 2034; baseline -0.007 -8"><span class='ocrx_word' id='word_1_434' title='bbox 1003 1994 1121 2026; x_wconf 85' lang='lat' dir='ltr'>scilicet</span> <span class='ocrx_word' id='word_1_435' title='bbox 1147 1997 1179 2026; x_wconf 90' lang='lat' dir='ltr'>ut</span> <span class='ocrx_word' id='word_1_436' title='bbox 1203 2004 1238 2025; x_wconf 82' lang='lat' dir='ltr'>ex</span> <span class='ocrx_word' id='word_1_437' title='bbox 1266 2003 1340 2024; x_wconf 86' lang='lat' dir='ltr'>vero</span> <span class='ocrx_word' id='word_1_438' title='bbox 1366 1997 1395 2024; x_wconf 85' lang='lat' dir='ltr'>et</span> <span class='ocrx_word' id='word_1_439' title='bbox 1420 1991 1563 2034; x_wconf 81' lang='lat' dir='ltr'>legitimo</span> <span class='ocrx_word' id='word_1_440' title='bbox 1583 1990 1744 2023; x_wconf 88' lang='lat' dir='ltr'>matrimo-</span> 
     </span>
     <span class='ocr_line' id='line_1_87' title="bbox 1003 2043 1742 2090; baseline -0.007 -10"><span class='ocrx_word' id='word_1_441' title='bbox 1003 2048 1054 2080; x_wconf 88' lang='lat' dir='ltr'>nio</span> <span class='ocrx_word' id='word_1_442' title='bbox 1080 2052 1109 2079; x_wconf 90' lang='lat' dir='ltr'>et</span> <span class='ocrx_word' id='word_1_443' title='bbox 1132 2046 1240 2090; x_wconf 90' lang='lat' dir='ltr'>probis</span> <span class='ocrx_word' id='word_1_444' title='bbox 1259 2056 1294 2078; x_wconf 87' lang='lat' dir='ltr'>ac</span> <span class='ocrx_word' id='word_1_445' title='bbox 1312 2045 1452 2078; x_wconf 84' lang='lat' dir='ltr'>honestis</span> <span class='ocrx_word' id='word_1_446' title='bbox 1473 2044 1655 2088; x_wconf 87' lang='lat' dir='ltr'>parentibus</span> <span class='ocrx_word' id='word_1_447' title='bbox 1680 2043 1742 2075; x_wconf 90' lang='lat' dir='ltr'>nati</span> 
     </span>
     <span class='ocr_line' id='line_1_88' title="bbox 1003 2097 1744 2143; baseline -0.008 -10"><span class='ocrx_word' id='word_1_448' title='bbox 1003 2106 1033 2133; x_wconf 89' lang='lat' dir='ltr'>et</span> <span class='ocrx_word' id='word_1_449' title='bbox 1059 2099 1215 2143; x_wconf 90' lang='lat' dir='ltr'>procreati</span> <span class='ocrx_word' id='word_1_450' title='bbox 1242 2098 1312 2139; x_wconf 82' lang='lat' dir='ltr'>sint,</span> <span class='ocrx_word' id='word_1_451' title='bbox 1334 2108 1368 2130; x_wconf 89' lang='lat' dir='ltr'>ae</span> <span class='ocrx_word' id='word_1_452' title='bbox 1389 2097 1489 2130; x_wconf 85' lang='lat' dir='ltr'>bonae</span> <span class='ocrx_word' id='word_1_453' title='bbox 1516 2097 1638 2136; x_wconf 89' lang='lat' dir='ltr'>indolis,</span> <span class='ocrx_word' id='word_1_454' title='bbox 1665 2097 1744 2128; x_wconf 90' lang='lat' dir='ltr'>vitae</span> 
     </span>
     <span class='ocr_line' id='line_1_89' title="bbox 1003 2150 1745 2197; baseline -0.008 -10"><span class='ocrx_word' id='word_1_455' title='bbox 1003 2165 1038 2187; x_wconf 88' lang='lat' dir='ltr'>ac</span> <span class='ocrx_word' id='word_1_456' title='bbox 1052 2154 1150 2186; x_wconf 85' lang='lat' dir='ltr'>famae</span> <span class='ocrx_word' id='word_1_457' title='bbox 1165 2163 1295 2197; x_wconf 82' lang='lat' dir='ltr'>prorsus</span> <span class='ocrx_word' id='word_1_458' title='bbox 1313 2152 1489 2195; x_wconf 79' lang='lat' dir='ltr'>inculpatae</span> <span class='ocrx_word' id='word_1_459' title='bbox 1506 2150 1631 2189; x_wconf 86' lang='lat' dir='ltr'>fuerint,</span> <span class='ocrx_word' id='word_1_460' title='bbox 1653 2154 1745 2192; x_wconf 86' lang='lat' dir='ltr'>atque</span> 
     </span>
     <span class='ocr_line' id='line_1_90' title="bbox 1004 2202 1744 2249; baseline -0.008 -10"><span class='ocrx_word' id='word_1_461' title='bbox 1004 2208 1032 2239; x_wconf 92' lang='lat' dir='ltr'>in</span> <span class='ocrx_word' id='word_1_462' title='bbox 1060 2205 1323 2249; x_wconf 85' lang='lat' dir='ltr'>vigesimoquinto</span> <span class='ocrx_word' id='word_1_463' title='bbox 1341 2204 1449 2237; x_wconf 86' lang='lat' dir='ltr'>aetatis</span> <span class='ocrx_word' id='word_1_464' title='bbox 1467 2214 1549 2236; x_wconf 86' lang='lat' dir='ltr'>anno</span> <span class='ocrx_word' id='word_1_465' title='bbox 1567 2202 1744 2241; x_wconf 66' lang='lat' dir='ltr'>constituti,</span> 
     </span>
     <span class='ocr_line' id='line_1_91' title="bbox 1003 2256 1745 2304; baseline -0.008 -12"><span class='ocrx_word' id='word_1_466' title='bbox 1003 2265 1166 2304; x_wconf 80' lang='lat' dir='ltr'>praeterea</span> <span class='ocrx_word' id='word_1_467' title='bbox 1192 2259 1221 2291; x_wconf 92' lang='lat' dir='ltr'>in</span> <span class='ocrx_word' id='word_1_468' title='bbox 1247 2259 1358 2301; x_wconf 69' lang='lat' dir='ltr'>‘aliqua</span> <span class='ocrx_word' id='word_1_469' title='bbox 1386 2257 1513 2301; x_wconf 74' lang='lat' dir='ltr'>publica</span> <span class='ocrx_word' id='word_1_470' title='bbox 1543 2256 1745 2288; x_wconf 83' lang='lat' dir='ltr'>universitate</span> 
     </span>
     <span class='ocr_line' id='line_1_92' title="bbox 1004 2309 1744 2355; baseline -0.005 -10"><span class='ocrx_word' id='word_1_471' title='bbox 1004 2312 1277 2355; x_wconf 85' lang='lat' dir='ltr'>studiislegalibus</span> <span class='ocrx_word' id='word_1_472' title='bbox 1292 2312 1400 2343; x_wconf 84' lang='lat' dir='ltr'>saltem</span> <span class='ocrx_word' id='word_1_473' title='bbox 1418 2321 1475 2353; x_wconf 73' lang='lat' dir='ltr'>per</span> <span class='ocrx_word' id='word_1_474' title='bbox 1493 2309 1744 2352; x_wconf 78' lang='lat' dir='ltr'>quinquennium</span> 
     </span>
     <span class='ocr_line' id='line_1_93' title="bbox 1004 2362 1746 2410; baseline -0.009 -11"><span class='ocrx_word' id='word_1_475' title='bbox 1004 2377 1132 2410; x_wconf 82' lang='lat' dir='ltr'>operam</span> <span class='ocrx_word' id='word_1_476' title='bbox 1159 2365 1311 2403; x_wconf 80' lang='lat' dir='ltr'>dederint,</span> <span class='ocrx_word' id='word_1_477' title='bbox 1336 2375 1369 2395; x_wconf 79' lang='lat' dir='ltr'>ac</span> <span class='ocrx_word' id='word_1_478' title='bbox 1392 2364 1420 2395; x_wconf 88' lang='lat' dir='ltr'>iu</span> <span class='ocrx_word' id='word_1_479' title='bbox 1448 2363 1554 2394; x_wconf 66' lang='lat' dir='ltr'>eudem</span> <span class='ocrx_word' id='word_1_480' title='bbox 1583 2362 1746 2405; x_wconf 82' lang='lat' dir='ltr'>utriusque</span> 
     </span>
     <span class='ocr_line' id='line_1_94' title="bbox 1005 2414 1744 2458; baseline -0.007 -7"><span class='ocrx_word' id='word_1_481' title='bbox 1005 2419 1092 2458; x_wconf 88' lang='lat' dir='ltr'>iuris,</span> <span class='ocrx_word' id='word_1_482' title='bbox 1110 2418 1227 2450; x_wconf 76' lang='lat' dir='ltr'>scilicet</span> <span class='ocrx_word' id='word_1_483' title='bbox 1245 2416 1386 2448; x_wconf 70' lang='lat' dir='ltr'>canonici</span> <span class='ocrx_word' id='word_1_484' title='bbox 1409 2421 1434 2447; x_wconf 76' lang='lat' dir='ltr'>et</span> <span class='ocrx_word' id='word_1_485' title='bbox 1464 2415 1579 2456; x_wconf 83' lang='lat' dir='ltr'>civilis,</span> <span class='ocrx_word' id='word_1_486' title='bbox 1605 2414 1744 2446; x_wconf 82' lang='lat' dir='ltr'>lauream</span> 
     </span>
    </p>
   </div>
   <div class='ocr_carea' id='block_1_9' title="bbox 228 2468 1745 2576">
    <p class='ocr_par' dir='ltr' id='par_1_15' title="bbox 228 2468 1745 2576">
     <span class='ocr_line' id='line_1_95' title="bbox 228 2468 1745 2513; baseline -0.009 -1"><span class='ocrx_word' id='word_1_487' title='bbox 228 2477 374 2513; x_wconf 86' lang='lat' dir='ltr'>omnibus</span> <span class='ocrx_word' id='word_1_488' title='bbox 399 2476 544 2509; x_wconf 88' lang='lat' dir='ltr'>intimare</span> <span class='ocrx_word' id='word_1_489' title='bbox 567 2475 692 2507; x_wconf 77' lang='lat' dir='ltr'>decreta</span> <span class='ocrx_word' id='word_1_490' title='bbox 711 2479 739 2506; x_wconf 90' lang='lat' dir='ltr'>et</span> <span class='ocrx_word' id='word_1_491' title='bbox 757 2474 969 2506; x_wconf 88' lang='lat' dir='ltr'>ordinationes</span> <span class='ocrx_word' id='word_1_492' title='bbox 985 2468 986 2510; x_wconf 73' lang='lat' dir='ltr'>l</span> <span class='ocrx_word' id='word_1_493' title='bbox 1005 2473 1186 2505; x_wconf 67' lang='lat' dir='ltr'>doctoratus</span> <span class='ocrx_word' id='word_1_494' title='bbox 1203 2470 1335 2502; x_wconf 63' lang='lat' dir='ltr'>assecuti</span> <span class='ocrx_word' id='word_1_495' title='bbox 1359 2469 1489 2507; x_wconf 78' lang='lat' dir='ltr'>l&#39;uerint·‚</span> <span class='ocrx_word' id='word_1_496' title='bbox 1508 2474 1600 2511; x_wconf 84' lang='lat' dir='ltr'>atque</span> <span class='ocrx_word' id='word_1_497' title='bbox 1626 2478 1745 2499; x_wconf 87' lang='lat' dir='ltr'>annuos</span> 
     </span>
     <span class='ocr_line' id='line_1_96' title="bbox 228 2512 1745 2576; baseline -0.009 -11"><span class='ocrx_word' id='word_1_498' title='bbox 228 2540 454 2576; x_wconf 76' lang='lat' dir='ltr'>quascumque,</span> <span class='ocrx_word' id='word_1_499' title='bbox 479 2534 540 2561; x_wconf 85' lang='lat' dir='ltr'>tam</span> <span class='ocrx_word' id='word_1_500' title='bbox 567 2533 690 2561; x_wconf 74' lang='lat' dir='ltr'>nostras</span> <span class='ocrx_word' id='word_1_501' title='bbox 715 2537 807 2570; x_wconf 86' lang='lat' dir='ltr'>quam</span> <span class='ocrx_word' id='word_1_502' title='bbox 830 2527 968 2559; x_wconf 84' lang='lat' dir='ltr'>eiusdem</span> <span class='ocrx_word' id='word_1_503' title='bbox 985 2512 987 2570; x_wconf 59' lang='lat' dir='ltr'>l</span> <span class='ocrx_word' id='word_1_504' title='bbox 1006 2526 1097 2558; x_wconf 80' lang='lat' dir='ltr'>etiam</span> <span class='ocrx_word' id='word_1_505' title='bbox 1121 2524 1272 2560; x_wconf 78' lang='lat' dir='ltr'>redditus,</span> <span class='ocrx_word' id='word_1_506' title='bbox 1291 2533 1445 2555; x_wconf 77' lang='lat' dir='ltr'>summam</span> <span class='ocrx_word' id='word_1_507' title='bbox 1473 2527 1632 2554; x_wconf 72' lang='lat' dir='ltr'>scutorum</span> <span class='ocrx_word' id='word_1_508' title='bbox 1661 2521 1745 2553; x_wconf 76' lang='lat' dir='ltr'>mille</span> 
     </span>
    </p>
   </div>
   <div class='ocr_carea' id='block_1_10' title="bbox 292 2589 885 2621">
    <p class='ocr_par' dir='ltr' id='par_1_16' title="bbox 292 2589 885 2621">
     <span class='ocr_line' id='line_1_97' title="bbox 292 2589 885 2621; baseline -0.012 0"><span class='ocrx_word' id='word_1_509' title='bbox 292 2593 369 2621; x_wconf 70' lang='lat' dir='ltr'>Ball.</span> <span class='ocrx_word' id='word_1_510' title='bbox 394 2592 474 2619; x_wconf 73' lang='lat' dir='ltr'>Rom.</span> <span class='ocrx_word' id='word_1_511' title='bbox 504 2607 528 2610; x_wconf 93' lang='lat'><em>—</em></span> <span class='ocrx_word' id='word_1_512' title='bbox 552 2590 609 2620; x_wconf 84' lang='lat' dir='ltr'>Vol.</span> <span class='ocrx_word' id='word_1_513' title='bbox 631 2589 706 2616; x_wconf 88' lang='lat' dir='ltr'><em>XVI.</em></span> <span class='ocrx_word' id='word_1_514' title='bbox 851 2589 885 2615; x_wconf 75' lang='lat'>60</span> 
     </span>
    </p>
   </div>
   <div class='ocr_carea' id='block_1_11' title="bbox 1763 138 1946 165">
    <p class='ocr_par' dir='ltr' id='par_1_17' title="bbox 1763 138 1946 165">
     <span class='ocr_line' id='line_1_98' title="bbox 1763 138 1946 165; baseline 0.011 -2"><span class='ocrx_word' id='word_1_515' title='bbox 1763 138 1812 164; x_wconf 80' lang='lat' dir='ltr'>An,</span> <span class='ocrx_word' id='word_1_516' title='bbox 1829 139 1856 164; x_wconf 75' lang='lat' dir='ltr'>C.</span> <span class='ocrx_word' id='word_1_517' title='bbox 1878 139 1946 165; x_wconf 81' lang='lat'>1659</span> 
     </span>
    </p>
   </div>
   <div class='ocr_carea' id='block_1_12' title="bbox 1761 728 1947 806">
    <p class='ocr_par' dir='ltr' id='par_1_18' title="bbox 1761 728 1947 806">
     <span class='ocr_line' id='line_1_99' title="bbox 1796 728 1946 749; baseline -0.007 0"><span class='ocrx_word' id='word_1_518' title='bbox 1796 728 1873 749; x_wconf 73' lang='lat' dir='ltr'>Forma</span> <span class='ocrx_word' id='word_1_519' title='bbox 1896 733 1946 748; x_wconf 81' lang='lat' dir='ltr'>con-</span> 
     </span>
     <span class='ocr_line' id='line_1_100' title="bbox 1761 755 1947 775; baseline 0.005 -1"><span class='ocrx_word' id='word_1_520' title='bbox 1761 755 1850 775; x_wconf 64' lang='lat' dir='ltr'>nean-ti</span> <span class='ocrx_word' id='word_1_521' title='bbox 1878 755 1947 775; x_wconf 77' lang='lat' dir='ltr'>colle-</span> 
     </span>
     <span class='ocr_line' id='line_1_101' title="bbox 1761 784 1825 806; baseline 0.016 -6"><span class='ocrx_word' id='word_1_522' title='bbox 1761 784 1825 806; x_wconf 73' lang='lat' dir='ltr'>glum.</span> 
     </span>
    </p>
   </div>
   <div class='ocr_carea' id='block_1_13' title="bbox 1761 1203 1945 1255">
    <p class='ocr_par' dir='ltr' id='par_1_19' title="bbox 1761 1203 1945 1255">
     <span class='ocr_line' id='line_1_102' title="bbox 1788 1203 1945 1230; baseline 0.006 -7"><span class='ocrx_word' id='word_1_523' title='bbox 1788 1203 1876 1229; x_wconf 63' lang='lat' dir='ltr'>Cr¹llegii</span> <span class='ocrx_word' id='word_1_524' title='bbox 1903 1204 1945 1230; x_wconf 78' lang='lat' dir='ltr'>pri·</span> 
     </span>
     <span class='ocr_line' id='line_1_103' title="bbox 1761 1231 1847 1255; baseline 0.012 -6"><span class='ocrx_word' id='word_1_525' title='bbox 1761 1231 1847 1255; x_wconf 62' lang='lat' dir='ltr'>vite-gia.</span> 
     </span>
    </p>
   </div>
   <div class='ocr_carea' id='block_1_14' title="bbox 1759 1466 1946 1572">
    <p class='ocr_par' dir='ltr' id='par_1_20' title="bbox 1759 1466 1946 1541">
     <span class='ocr_line' id='line_1_104' title="bbox 1774 1466 1946 1492; baseline 0.023 -8"><span class='ocrx_word' id='word_1_526' title='bbox 1774 1466 1946 1492; x_wconf 56' lang='lat' dir='ltr'>Ctxoptandorum</span> 
     </span>
     <span class='ocr_line' id='line_1_105' title="bbox 1759 1493 1945 1514; baseline 0.005 -1"><span class='ocrx_word' id='word_1_527' title='bbox 1759 1493 1779 1513; x_wconf 91' lang='lat' dir='ltr'>in</span> <span class='ocrx_word' id='word_1_528' title='bbox 1809 1494 1882 1513; x_wconf 78' lang='lat' dir='ltr'>ordine</span> <span class='ocrx_word' id='word_1_529' title='bbox 1911 1500 1945 1514; x_wconf 79' lang='lat' dir='ltr'>re-</span> 
     </span>
     <span class='ocr_line' id='line_1_106' title="bbox 1769 1520 1936 1541; baseline 0.012 -2"><span class='ocrx_word' id='word_1_530' title='bbox 1769 1520 1936 1541; x_wconf 74' lang='lat' dir='ltr'>serendarioruu]</span> 
     </span>
    </p>

    <p class='ocr_par' dir='ltr' id='par_1_21' title="bbox 1760 1552 1879 1572">
     <span class='ocr_line' id='line_1_107' title="bbox 1760 1552 1879 1572; baseline 0.008 -6"><span class='ocrx_word' id='word_1_531' title='bbox 1760 1552 1879 1572; x_wconf 75' lang='lat' dir='ltr'>processus.</span> 
     </span>
    </p>
   </div>
  </div>
 </body>
</html>
