2243 3205
43 213 90 240 An.
111 211 140 238 C.
162 211 229 238 1657

826 210 1010 235 ALEXANDER
1036 211 1078 234 vlt
1106 213 1152 235 ΡΡ.

237 258 346 303 capite,
361 260 453 292 etiam
465 259 495 292 in
510 269 646 303 corpore
666 259 743 292 iuris
761 259 876 300 clauso,
888 259 980 291 etiam

236 313 391 354 enormis,
417 313 656 346 enormissimae
689 318 718 345 et
742 313 845 345 totalis
869 312 980 345 laesio-

234 367 299 406 nis,
319 366 406 399 nullo
424 377 562 410 uuquam
582 372 724 410 tempore
742 366 780 398 de
804 366 980 409 subreptio-

234 419 282 451 nis
307 419 353 452 vel
382 419 578 463 obreptionis
614 424 667 452 aut
698 419 849 452 nullitatis
886 419 979 459 vitio,

234 472 282 504 vel
308 472 488 506 intentionis
515 478 641 505 nostrae
666 478 718 505 aut
751 472 901 506 interesse
926 472 980 504 lia-

235 525 375 558 bentium
397 526 444 558 vel
463 525 596 558 aliorum
616 536 891 569 quorumcumque
908 535 980 558 con-

234 589 353 620 sensus
368 579 467 612 aliove
482 579 622 622 quolibet
636 579 836 622 quantumvis
853 588 979 622 magno,

235 631 430 665 substantiali
463 638 493 664 et
518 631 709 664 individuam
744 632 976 675 expressionem

234 685 415 728 requirente
440 685 561 717 defectu
587 686 700 725 notari,
726 686 918 729 impugnari,
937 686 979 718 in-

234 737 375 779 validari,
401 738 561 780 restringi,
587 739 761 778 retractari,
795 738 825 771 in
852 739 899 771 ius
930 739 977 771 vel

234 790 481 823 controversiam
500 791 652 830 revocari,
673 790 711 823 ad
737 791 817 823 viam
847 802 902 824 seu
920 795 979 825 ter-

233 844 335 877 minos
367 844 443 877 iuris
476 843 609 883 reduci,
641 849 694 876 aut
726 844 876 876 adversus
910 844 977 877 illas

233 897 416 940 aperitionis
431 897 505 937 oris,
520 897 726 930 restitutionis
752 897 780 929 in
808 898 977 940 integrum,

232 955 285 982 aut
309 951 392 982 aliud
411 951 633 994 quodcumque
652 950 738 992 iuris,
753 951 824 984 sacti
844 952 889 983 vel
907 962 977 993 gra-

232 1004 292 1037 tiae
312 1005 487 1037 remedium
508 1004 685 1048 impetrato¹
709 1005 756 1037 vel
777 1004 869 1037 etiam
890 1011 976 1038 motu

231 1058 363 1101 proprio
388 1063 418 1091 et
442 1058 480 1091 de
505 1058 696 1101 apostolicae
721 1058 885 1101 potestatis
912 1059 976 1102 ple-

231 1111 373 1144 nitudine
405 1122 554 1144 concesso
583 1112 763 1155 quempiam
798 1112 828 1144 in
861 1112 976 1145 iudicio

231 1165 279 1197 vel
310 1170 400 1197 extra
429 1165 504 1197 illud
527 1166 568 1197 uti
595 1176 648 1198 seu
675 1176 707 1198 se
733 1165 840 1198 iuvare
865 1176 975 1209 posse,

230 1228 331 1260 neque
357 1218 481 1251 easdem
508 1224 688 1262 praesentes
720 1219 779 1251 sul)
814 1219 994 1268 quibusvis}

230 1271 381 1304 similium
415 1272 461 1304 vel
488 1272 688 1305 dissimilium
716 1273 975 1312 innovationum,

230 1325 458 1366 extensionum,
484 1326 732 1369 applicationum
749 1353 756 1367 ,
782 1327 973 1370 appropria-

229 1379 362 1419 tionum,
387 1379 582 1412 voluntatum
609 1385 638 1412 et
663 1380 905 1423 dispositionum
931 1391 976 1413 re-

230 1432 458 1472 vocationibus,
483 1433 744 1475 limitationibus,
768 1434 974 1467 modificatio-

230 1485 334 1525 nibus,
367 1485 498 1528 aliisque
524 1486 690 1518 contrariis
715 1486 975 1530 dispositionibus

230 1539 268 1581 (si
290 1549 367 1582 quas
389 1540 480 1571 etiam
507 1550 563 1583 per
584 1550 639 1572 nos
665 1545 694 1572 et
719 1541 876 1573 Romanos
895 1541 974 1574 Pon-

230 1592 329 1625 tifices
344 1603 541 1626 successores
554 1597 678 1626 nostros
693 1593 867 1637 Sedemque
888 1604 975 1637 prae-

229 1645 321 1677 fatam
348 1647 442 1678 etiam
469 1657 525 1689 per
550 1647 630 1679 viam
658 1647 900 1688 constitutionis,
923 1653 974 1680 aut

229 1699 437 1733 ordinationis
469 1701 625 1741 generalis
652 1701 698 1733 vel
732 1701 895 1744 specialis,
920 1708 973 1735 aut

228 1753 357 1796 regulae
383 1754 588 1786 cancellariae
619 1755 811 1797 apostolicae
836 1760 865 1787 et
897 1755 972 1788 alias

229 1807 467 1850 quomodolibet
503 1808 571 1840 sieri
609 1808 797 1851 contigerit)
832 1819 970 1852 unquam

228 1861 466 1904 comprehendi,
491 1866 544 1893 aut
569 1862 813 1905 comprehensas
838 1863 970 1903 censeri,

228 1912 282 1945 sed
307 1922 434 1956 semper
458 1912 497 1946 ab
522 1913 582 1945 illis
614 1919 769 1957 exceptas,
795 1919 824 1946 et
849 1915 971 1957 quoties

228 1965 298 1998 illae
330 1966 524 2006 emanabunt,
559 1967 650 1999 toties
687 1967 716 1998 in
741 1967 908 2010 pristinum
942 1973 971 2000 et

227 2018 455 2051 validissimum
482 2024 597 2052 statum
624 2025 655 2052 ct
678 2020 777 2053 robur
800 2021 970 2062 restitutas,

227 2071 380 2115 repositas
398 2077 427 2104 et
444 2072 584 2115 plenarie
601 2073 816 2116 reintegratas,
831 2084 866 2107 ac
877 2075 968 2107 etiam

227 2125 285 2157 sub
308 2125 475 2168 posteriori
502 2125 572 2157 (lata
598 2126 700 2159 denuo
726 2126 824 2160 editas
849 2138 916 2162 esse
941 2134 970 2161 et

227 2179 357 2218 censeri,
374 2178 554 2222 firmasque,
570 2179 684 2212 validas
702 2180 731 2211 et
748 2181 889 2215 efficaces
904 2183 970 2215 exi-

227 2236 309 2264 stere
328 2237 358 2264 ct
381 2232 457 2273 sore⁷
482 2231 573 2264 acab
599 2232 668 2273 illis,
694 2233 731 2265 ad
756 2244 835 2277 quos
852 2240 970 2278 spectat

227 2289 256 2317 et
277 2295 334 2328 pro
369 2291 510 2329 tempore
541 2287 714 2329 spectabit,
747 2287 970 2321 inviolabiliter

227 2343 256 2372 et
273 2339 457 2372 inconcusse
483 2339 654 2381 observari,
676 2341 782 2384 sieque
796 2345 825 2375 et
842 2351 905 2374 non
919 2342 970 2374 ali-

228 2397 273 2424 ter
308 2402 364 2435 per
398 2403 613 2436 quoscumque
643 2393 760 2426 iudices
792 2394 969 2428 ordinarios

227 2446 445 2488 etdelegatos,
464 2447 556 2479 etiam
579 2457 743 2480 causarum
772 2448 876 2491 palatii
894 2459 969 2492 apo-

227 2500 327 2532 stolici
350 2500 520 2542 auditores,
538 2511 572 2533 ac
590 2501 728 2534 eiusdem
750 2501 778 2534 S.
796 2502 830 2534 R.
853 2502 884 2534 E.
904 2512 968 2536 ear-

263 2573 272 2598 1
296 2571 390 2598 Potius
413 2572 472 2607 lege
492 2573 651 2600 remedium
667 2573 824 2609 ‘impetrari
845 2577 895 2603 aut
912 2575 968 2602 im-

227 2620 335 2653 petrato
354 2619 394 2653 (n.
414 2618 462 2653 τ.).

1014 259 1153 301 dinales,
1183 261 1275 293 etiam
1305 262 1343 294 de
1367 263 1463 294 latere
1484 263 1613 304 legatos,
1634 268 1663 294 et
1683 263 1760 295 alios

1014 313 1171 356 quoslibet
1196 324 1394 358 quacumque
1424 315 1611 348 auctoritate
1637 320 1667 348 et
1697 325 1757 358 po-

1014 371 1123 398 testate
1149 366 1314 409 fungentes
1347 375 1375 400 et
1404 369 1667 412 quandocumque
1691 368 1758 401 sun-

1014 424 1130 459 cturos‚
1151 419 1274 452 sublata
1294 421 1338 452 eis
1355 426 1384 452 et
1404 431 1514 453 eorum
1533 421 1660 456 cuilibet
1684 432 1759 465 qua-

1014 472 1059 504 vis
1091 473 1182 505 aliter
1213 472 1369 505 iudicandi
1403 479 1432 506 et
1457 474 1684 518 interpretandi
1715 475 1759 507 fa-

1015 525 1130 558 cultate
1155 531 1186 558 et
1209 526 1406 566 auctoritate,
1425 527 1556 559 iudicari
1581 533 1610 559 et
1634 527 1759 560 definiri

1014 579 1152 619 debere,
1184 590 1220 612 ac
1251 579 1376 612 irritum
1402 585 1432 612 et
1458 580 1570 621 inane,
1606 582 1630 613 si
1668 591 1757 614 secus

1014 643 1109 676 super
1129 633 1177 665 his
1192 643 1208 665 a
1225 643 1397 677 quoquam,
1415 634 1523 677 quavis
1555 635 1757 675 auctoritate,

1013 686 1149 719 scienter
1173 687 1220 719 vel
1247 687 1442 730 ignoranter,
1469 687 1635 730 contigerit
1659 693 1754 721 atten-

1014 739 1082 771 tari.

1057 792 1113 836 §ti
1128 793 1197 826 Non
1214 793 1423 833 obstantibuS,
1444 798 1597 837 quatenus
1615 805 1693 837 opus
1706 795 1755 834 sit,

1012 845 1049 878 de
1067 856 1129 879 non
1154 846 1293 879 tollendo
1317 847 1385 879 iure
1409 847 1562 890 quaesito,
1583 858 1619 880 ac
1645 847 1683 880 de
1708 858 1756 880 ex·
1772 842 1808 854 “s

1012 899 1178 942 primendo
1211 910 1286 933 vero
1321 901 1427 934 valore
1463 901 1493 933 in
1526 901 1694 934 unionibus
1726 908 1756 935 et

1011 953 1344 987 dismembrationibus
1358 960 1389 987 et
1408 955 1674 998 applicationibus
1691 956 1756 989 fru-

1011 1010 1117 1040 ctuum
1145 1012 1175 1039 et
1206 1007 1363 1040 bonorum
1390 1007 1697 1048 ecclesiastieorum,
1727 1014 1756 1043 et

1011 1059 1080 1092 aliis
1105 1060 1268 1103 quibusvis
1294 1061 1499 1093 cancellariae
1524 1062 1681 1105 praefatae
1706 1073 1755 1095 re-

1011 1112 1092 1154 gulis
1113 1123 1130 1144 a
1154 1112 1245 1145 nobis
1270 1114 1420 1146 hactenus
1442 1114 1532 1146 editis
1557 1120 1586 1147 et
1610 1115 1641 1147 in
1666 1115 1752 1148 sutu-

1011 1177 1080 1198 rum
1106 1166 1371 1210 quandocumque
1396 1177 1454 1210 per
1480 1177 1537 1200 nos
1563 1168 1609 1200 vel
1636 1179 1755 1201 succes·

1011 1230 1098 1252 sores
1115 1226 1240 1252 nostros
1259 1221 1416 1253 Romanos
1436 1221 1600 1253 Pontitices
1616 1221 1753 1261 edendis,

1011 1284 1046 1305 ac
1070 1274 1139 1305 aliis
1164 1274 1356 1317 apostolicis,
1375 1280 1405 1306 et
1431 1275 1459 1306 in
1486 1275 1686 1307 Lateranensi
1703 1285 1755 1307 no-

1012 1326 1137 1360 vissime
1162 1327 1319 1360 celebrato
1344 1327 1477 1360 uniones
1502 1333 1679 1371 perpetuas,
1695 1328 1753 1360 nisi

1011 1380 1041 1412 in
1066 1380 1190 1413 casibus
1221 1391 1237 1413 a
1265 1381 1332 1413 iure
1358 1382 1529 1424 expressis,
1557 1381 1623 1414 lieri
1650 1382 1754 1425 probi-

1012 1433 1116 1474 bcnti,
1145 1434 1277 1477 aliisque
1307 1434 1537 1467 universalibus
1568 1440 1598 1467 et
1629 1435 1755 1478 provin-

1011 1488 1140 1520 cialibus
1173 1489 1314 1521 conciliis
1339 1489 1438 1524 editis.
1473 1489 1674 1531 generalibus
1708 1489 1753 1521 vel

1010 1541 1209 1584 specialibus,
1236 1541 1512 1575 constitutionibus
1537 1547 1567 1574 et
1588 1541 1755 1575 ordinatio·

1009 1594 1111 1636 nibus,
1138 1604 1259 1627 necnon
1284 1595 1435 1628 ccclesiae
1456 1601 1485 1627 et
1506 1595 1641 1627 fabricae
1666 1606 1754 1638 prae-

1009 1647 1175 1687 dictarum,
1194 1653 1223 1680 et
1244 1648 1312 1681 aliis
1337 1648 1541 1692 quibuslibet,
1559 1649 1651 1681 etiam
1674 1649 1753 1681 iura—

1009 1702 1374 1742 mento,confirmatione
1390 1703 1572 1746 apostolica,
1586 1703 1633 1735 vel
1644 1703 1752 1745 quavis

1008 1754 1154 1788 firmitate
1173 1755 1231 1787 alia
1247 1755 1414 1796 roboratis,
1432 1756 1554 1788 statutis
1572 1761 1601 1788 et
1625 1766 1753 1789 consuc-

1008 1808 1178 1849 tudinibus,
1203 1810 1296 1841 ctiam
1323 1809 1638 1850 immemorabilibus,
1659 1809 1752 1853 privi-

1007 1862 1096 1904 legiis
1109 1873 1244 1906 quoque,
1257 1862 1384 1895 indultis
1398 1867 1426 1896 ct
1437 1863 1547 1897 litteris
1561 1863 1750 1906 apostolicis7

1007 1915 1064 1947 sub
1085 1915 1336 1959 quilniscumquc
1354 1916 1523 1949 verborum
1546 1916 1707 1949 tenoribus
1722 1923 1751 1949 et

1006 1968 1126 2011 formis,
1152 1979 1187 2002 ac
1208 1980 1280 2001 cum
1298 1969 1461 2013 quibusvis
1475 1970 1749 2013 dcrogatoriarum

1005 2021 1225 2065 derogatoriiS,
1244 2023 1375 2066 aliisque
1401 2024 1631 2057 efficacioribus
1648 2024 1749 2057 effica-

1006 2075 1139 2108 cissimis
1156 2081 1186 2108 et
1211 2076 1343 2109 insolitis
1361 2077 1519 2117 clausulis,
1541 2077 1751 2109 irritantibus-

1005 2140 1065 2173 que
1080 2134 1109 2162 et
1122 2130 1189 2162 aliis
1202 2130 1347 2171 decretis,
1360 2130 1390 2163 in
1405 2141 1520 2173 genere
1537 2131 1580 2163 vel
1594 2131 1623 2163 in
1635 2131 1749 2174 specie,

1004 2188 1057 2215 aut
1068 2182 1145 2215 aliis¹
1161 2182 1190 2215 in
1203 2183 1397 2216 contrarium
1413 2184 1660 2227 praemissorum
1675 2195 1750 2227 quo-

1005 2236 1356 2277 modolibetconcessis,
1373 2238 1577 2279 confirmatis,
1596 2238 1750 2281 approba·

1005 2289 1042 2320 tis
1056 2294 1086 2321 et
1099 2289 1263 2329 innovatis,
1281 2290 1396 2333 quibus
1410 2290 1557 2324 omnibus
1568 2290 1748 2332 etsingulis,

1004 2342 1124 2374 etiamsi
1139 2353 1197 2386 pro
1216 2343 1340 2376 illorum
1357 2344 1522 2377 sufficienti
1542 2344 1746 2385 derogatione

1004 2395 1041 2428 de
1060 2396 1118 2427 illis
1133 2406 1306 2440 corumque.
1326 2398 1397 2429 totis
1412 2397 1575 2430 tenoribus
1593 2397 1746 2440 specialis,

1004 2448 1170 2492 specifica,
1202 2460 1348 2493 expressa
1380 2456 1409 2483 et
1443 2450 1623 2491 individua,
1649 2461 1683 2483 ac
1708 2450 1747 2483 de

1005 2502 1101 2535 verbo
1126 2503 1163 2535 ad
1190 2504 1334 2544 verbum,
1364 2514 1425 2536 non
1448 2509 1551 2537 autem
1578 2515 1634 2548 per
1660 2505 1745 2538 ctam

1044 2622 1049 2646 1
1072 2620 1171 2648 Forsan
1189 2620 1336 2655 legendum
1353 2621 1428 2648 utitis
1447 2629 1493 2656 pro
1509 2621 1578 2649 «teis
1593 2623 1631 2656 (ii.
1650 2623 1697 2656 τ.).

1656 204 1721 237 &3025
1769 213 1816 239 Αη.
1838 214 1866 239 c.
1888 214 1956 240 1657

1842 808 1924 829 (minimi
1939 810 1955 828 is
