2243 3205
267 171 314 197 An.
334 171 361 198 C.
383 171 451 198 1659

295 2575 403 2599 Quaesita.

498 162 561 195 5⁹20

465 220 618 252 minantes
632 219 709 253 duos
724 230 821 254 annos
834 231 893 265 pro
906 221 1058 256 novitiatu
1075 222 1204 255 fratrum

465 272 643 306 oblatorum
669 283 736 306 csse
761 274 934 307 contrarias
958 275 1085 318 regulae
1110 275 1204 308 Tertii

465 324 589 358 Ordinis
614 329 643 360 et
667 326 807 360 Concilio
832 327 1013 361 Tridentino
1036 327 1205 372 praedictis

465 378 699 422 requirentibus
725 390 823 412 unum
850 384 967 414 tantum
993 391 1109 413 annum
1136 391 1205 424 pro-

464 430 599 464 bationis
614 431 645 464 in
660 432 798 474 novitiis,
826 433 993 468 admittunt
1010 434 1041 466 in
1058 433 1204 467 Ordinem

466 483 578 517 fratres
602 484 725 518 oblatos
752 485 818 518 sine
835 486 959 530 caputio
976 497 1047 520 eum
1065 497 1127 519 uno
1145 490 1206 520 tan-

466 540 532 569 tum
557 547 639 570 anno
665 537 877 581 probationis3

509 589 524 632 ξ
548 589 577 622 9..
603 590 640 622 Et
663 590 810 632 ulterius,
835 591 999 624 occasione
1030 591 1205 624 litterarum

465 641 539 675 dicti
558 642 673 676 Urbani
686 643 938 687 praedecessoris
952 644 982 676 in
996 643 1090 677 simili
1104 644 1206 677 forma

465 695 568 728 forma
593 696 699 729 Brevis
723 707 818 741 super
846 697 1028 742 praemissis
1053 701 1206 729 emanata-

466 759 552 790 rum,
581 759 638 793 per
662 760 738 794 quas
764 749 831 794 ipse
855 750 998 783 Urbanus
1022 749 1205 794 praedeces-

466 811 519 834 sor
548 801 740 846 dispensavit
775 813 845 836 cum
885 802 976 835 dictis
1013 801 1124 835 oblatis
1152 801 1205 845 qui

466 859 540 888 tunc
564 861 653 888 erant
677 855 708 888 in
733 855 848 889 Ordine
876 866 971 899 super
995 859 1108 900 quarto
1135 860 1205 888 voto

465 907 573 952 eisque
598 908 752 942 concessit
777 909 940 942 transitum
961 908 999 941 ad
1019 912 1131 941 statum
1154 907 1206 940 lai-

465 961 563 994 calem
576 965 647 1006 post
664 963 772 995 decem
790 972 887 995 annos
901 972 918 994 a
935 963 991 995 sua
1007 961 1204 1005 receptione,

463 1013 576 1047 fratres
600 1014 706 1057 oblati,
724 1015 777 1059 qui
798 1015 836 1048 de
853 1025 935 1048 novo
961 1014 1157 1059 recipiuntur
1174 1013 1205 1046 in

464 1066 590 1108 Ordine,
608 1073 754 1111 quartum
785 1074 891 1102 votum
916 1068 954 1101 ab
979 1068 1090 1101 oblatis
1116 1067 1205 1100 emit-

464 1120 593 1154 tendum
618 1131 681 1155 non
698 1122 853 1165 emittunt,
872 1132 907 1155 ac
923 1127 995 1166 post
1014 1125 1137 1165 tempus
1155 1121 1205 1153 ali—

464 1184 600 1217 quorum
614 1184 769 1208 annorum
787 1179 950 1209 assumunt
963 1174 1121 1218 caputium
1139 1175 1205 1207 sine

463 1228 527 1261 ulla
552 1229 737 1262 auctoritate
761 1229 855 1262 huius
871 1229 900 1262 S.
919 1229 1017 1270 Sedis,
1037 1234 1067 1261 et
1086 1228 1206 1272 dispen-

463 1281 584 1315 satione
609 1282 869 1316 constitutionum
904 1281 1098 1325 generalium
1130 1280 1203 1314 dicti

462 1335 558 1368 Tertii
582 1336 717 1378 Ordinis,
747 1343 856 1370 contra
880 1347 957 1380 quas
980 1346 1079 1369 novus
1107 1339 1204 1367 status

464 1402 518 1426 seu
543 1391 681 1426 conditio
707 1392 738 1424 in
762 1391 946 1435 religionem
973 1391 1131 1424 inducitur
1141 1401 1148 1430 ;

509 1446 578 1491 53.
607 1445 641 1478 In
672 1446 741 1479 aliis
773 1456 848 1479 vero
879 1444 1084 1479 conventibus
1109 1444 1204 1477 Tertii

464 1500 589 1535 Ordinis
613 1505 643 1535 et
666 1499 923 1543 Congregationis
950 1498 1130 1531 huiusmodi
1155 1497 1204 1530 ad-

464 1554 631 1588 mittuntur
648 1554 722 1588 dicti
739 1554 851 1588 fratres
872 1553 978 1595 oblati,
997 1563 1052 1586 seu
1069 1552 1204 1586 servien-

464 1611 526 1649 tes,
555 1607 640 1641 iuxta
664 1608 798 1641 sormam
823 1606 1081 1641 constitutionum
1106 1615 1203 1649 gene-

463 1662 576 1696 ralium
602 1662 726 1696 Ordinis
752 1672 823 1695 cum
848 1667 960 1706 quarto
989 1666 1061 1694 voto
1082 1660 1120 1693 de
1140 1670 1208 1693 non*

462 1716 663 1760 procuranda
688 1716 747 1750 alia
764 1715 952 1749 conditione
975 1725 992 1746 a
1018 1716 1084 1754 sua,
1109 1713 1204 1757 idque

464 1780 501 1804 eo
526 1770 636 1813 magis,
654 1769 749 1814 quod,
767 1780 837 1803 cum
856 1769 894 1801 sit
918 1768 1120 1812 dispensatio,
1138 1767 1203 1811 ipsa

464 1828 511 1857 est
534 1824 573 1857 de
597 1827 668 1858 voto
693 1823 754 1856 iam
780 1823 876 1863 facto,
901 1832 964 1855 non
989 1832 1066 1855 vero
1091 1821 1129 1854 de
1153 1822 1204 1853 sa-

464 1877 590 1918 ciendo;
607 1882 637 1910 et
658 1876 837 1921 praedictus
861 1875 1005 1909 Urbanus
1024 1874 1204 1919 praedeces-

464 1941 517 1964 sor
541 1930 732 1974 dispensavit
762 1939 833 1963 cum
859 1928 992 1969 oblatis,
1018 1928 1071 1972 qui
1097 1933 1202 1961 votum

464 1985 647 2025 emiserunt,
661 1988 691 2018 et
706 1989 781 2017 tunc
797 1983 948 2027 temporis
966 1983 995 2015 in
1013 1982 1128 2016 Ordine
1145 1982 1205 2014 exi-

464 2037 607 2077 stebant;
633 2037 763 2070 minime
796 2047 869 2070 vero
901 2035 1056 2069 ordinavit
1087 2034 1204 2079 aliquid

464 2091 549 2124 circa
573 2090 695 2124 oblatos
719 2090 908 2123 infuturum
926 2089 1134 2134 recipiendos,
1152 2094 1205 2121 aut

464 2144 567 2189 quoad
591 2145 652 2178 hoc
676 2144 914 2178 constitutiones
938 2143 1094 2187 generalis
1119 2142 1204 2176 Ordi-

464 2197 513 2231 nis
542 2197 734 2238 immutavit;
768 2197 842 2230 istas
874 2202 978 2230 autem
1011 2196 1150 2229 diversas
1175 2201 1204 2229 et

464 2251 644 2284 differentes
657 2251 789 2284 fratrum
810 2251 988 2285 oblatorum
1010 2250 1204 2294 receptiones

464 2314 528 2337 non
553 2304 717 2337 minimam
738 2314 852 2348 parere
872 2304 903 2336 in
923 2303 1006 2336 dicta
1025 2303 1204 2346 Congrega-

465 2357 548 2392 lione
561 2357 657 2391 Tertii
670 2357 794 2392 Ordinis
812 2357 1037 2395 confusionem,
1054 2361 1083 2389 et
1096 2356 1204 2400 plures

465 2412 631 2456 scrupulos
655 2422 691 2445 ac
715 2411 809 2444 dubia
838 2411 982 2454 ingerere
1011 2411 1042 2443 in
1066 2410 1203 2450 animos3

466 2470 496 2497 et
519 2470 687 2509 propterea
710 2465 801 2499 nobis
825 2464 987 2498 humiliter
1011 2464 1203 2509 supplicato,

465 2523 500 2551 ut
523 2518 728 2561 dignaremur
751 2519 928 2552 declarare:

511 2571 526 2615 ἓ
542 2571 571 2604 4.
589 2581 608 2605 1.
630 2572 676 2606 An
696 2573 932 2606 constitutiones
950 2572 1113 2616 generales
1130 2571 1204 2606 dicti

1050 173 1228 198 BULLARIUM
1253 172 1406 198 ROMANUM

1238 222 1333 254 Tertii
1348 221 1482 264 Ordinis,
1497 223 1692 266 requirentes
1705 223 1783 257 duos
1797 234 1894 258 annos
1907 235 1976 269 pro-

1239 275 1373 308 bationis
1393 275 1424 307 in
1441 275 1552 309 oblatis
1572 286 1627 309 seu
1643 277 1791 310 fratribus
1812 278 1974 311 servienti-

1239 328 1295 360 bus
1317 334 1387 361 vota
1416 329 1568 362 solemnia
1588 330 1810 371 emittentibus,
1828 331 1888 363 sint
1904 342 1975 364 eon-

1240 381 1354 414 trariae
1378 387 1440 415 tam
1465 383 1593 425 regulae
1617 383 1756 415 eiusdem
1793 383 1887 416 Tertii
1919 384 1975 418 Or-

1239 434 1320 467 dinis
1352 446 1446 479 quam
1479 435 1605 469 decreto
1641 435 1769 469 Concilii
1804 436 1976 469 Tridentini

1240 498 1337 520 unum
1362 498 1476 521 annum
1502 488 1695 532 probationis
1720 488 1915 532 exigentibus
1946 489 1976 522 in

1239 541 1385 581 novitiis,

1285 605 1315 628 11.
1337 596 1383 627 An
1400 595 1565 628 occasione
1588 595 1788 629 relaxationis
1808 600 1838 628 et
1857 595 1978 639 dispen-

1239 648 1368 681 sationis
1393 649 1490 682 saclae
1512 659 1528 681 a
1553 653 1728 682 memorato
1743 648 1869 682 Urbano
1886 659 1976 692 prae-

1239 700 1404 734 decessore
1424 712 1495 734 cum
1521 701 1671 735 fratribus
1689 701 1810 743 oblatis,
1828 701 1881 744 qui
1903 706 1977 734 tunc

1240 754 1391 796 temporis
1409 754 1583 787 existebant
1599 755 1629 787 in
1647 754 1772 795 Ordine,
1786 764 1881 797 super
1897 753 1978 797 ipso-

1239 818 1309 840 rum
1334 813 1445 851 quarto
1463 813 1534 842 voto
1552 808 1589 841 de
1613 818 1676 841 non
1698 807 1898 851 procuranda
1917 807 1977 840 alia

1239 860 1417 894 conditione
1441 871 1458 893 a
1482 863 1558 904 sua,
1583 866 1612 894 et
1643 871 1739 905 super
1763 860 1977 904 assumptione

1239 913 1356 957 caputii
1373 918 1444 957 post
1457 913 1565 947 decem
1580 923 1688 956 annOS,
1705 912 1826 958 possint
1841 912 1879 946 de
1895 923 1977 946 novo

1239 966 1337 1010 recipi
1352 966 1446 999 oblati
1465 977 1519 999 seu
1543 966 1713 1000 servientes
1731 976 1802 999 curn
1820 976 1883 999 uno
1895 976 1977 999 anno

1239 1019 1339 1051 solum
1363 1019 1578 1063 probationis,
1604 1030 1639 1053 ac
1667 1019 1788 1052 admitti
1813 1019 1851 1052 ad
1876 1029 1974 1063 capu-

1239 1071 1316 1105 tium
1341 1077 1372 1104 et
1395 1077 1507 1105 statum
1533 1073 1701 1113 laicorum;
1725 1072 1885 1117 possitque
1911 1072 1978 1106 talis

1239 1135 1312 1157 usus
1329 1130 1358 1158 et
1378 1129 1474 1160 status
1497 1136 1597 1159 novus
1622 1125 1778 1159 introduci
1799 1130 1908 1159 contra
1927 1135 1978 1169 ge-

1238 1179 1356 1211 neralia
1382 1184 1496 1212 statuta
1513 1179 1636 1213 Ordinis
1656 1180 1722 1213 sine
1745 1179 1849 1212 debita
1873 1184 1978 1213 aucto-

1238 1231 1329 1265 ritate
1353 1232 1440 1266 Sedis
1464 1233 1676 1276 Apostolicae;

1281 1295 1324 1318 111.
1349 1286 1395 1318 An
1419 1286 1532 1319 fratres
1556 1286 1670 1327 oblati,
1688 1286 1741 1330 qui
1766 1285 1798 1318 in
1822 1285 1874 1318 tali
1894 1290 1977 1319 statu

1237 1350 1318 1373 novo
1339 1345 1369 1372 et
1388 1350 1450 1373 non
1472 1339 1647 1384 approbato
1671 1350 1689 1372 a
1714 1340 1792 1373 Sede
1815 1339 1976 1384 praedicta

1237 1393 1363 1427 fuerunt
1387 1393 1513 1426 admissi
1539 1394 1570 1425 in
1594 1393 1791 1437 religionem,
1819 1394 1880 1428 sint
1905 1404 1977 1427 vere

1237 1446 1378 1489 religiosi
1403 1452 1432 1479 et
1456 1447 1610 1490 prosessi;

1281 1509 1322 1533 1v.
1347 1500 1393 1532 An
1425 1500 1505 1534 dicta
1537 1500 1727 1544 dispensatio
1758 1510 1906 1534 concessa
1937 1500 1976 1534 ab

1238 1553 1365 1587 Urbano
1382 1554 1623 1598 praedecessore
1640 1554 1800 1598 praedicto
1819 1565 1878 1599 pro
1895 1554 1976 1588 obla-

1238 1607 1286 1648 tis,
1311 1607 1364 1651 qui
1390 1612 1463 1641 tunc
1488 1608 1641 1652 temporis
1665 1607 1840 1641 existebant
1862 1607 1894 1640 in
1918 1606 1976 1641 Or-

1237 1660 1322 1703 dine,
1354 1660 1503 1704 impediat
1534 1661 1703 1705 quominus
1729 1660 1921 1704 recipiantur
1944 1660 1976 1693 in

1236 1712 1353 1747 Ordine
1376 1714 1489 1746 fratres
1513 1714 1609 1747 oblati
1637 1714 1722 1746 iuxta
1745 1713 1878 1746 sormam
1904 1723 1975 1746 con-

1237 1767 1433 1801 stitutionum
1459 1767 1653 1810 generalium
1678 1767 1752 1801 dicti
1769 1767 1864 1800 Tertii
1888 1766 1976 1801 Ordi-

1236 1821 1283 1853 nis
1306 1821 1345 1853 ab
1369 1821 1478 1853 eadem
1505 1820 1584 1854 Sede
1608 1820 1879 1864 approbatamrn‘?

1280 1873 1340 1918 §5
1365 1875 1437 1916 Nos,
1458 1875 1620 1917 negotium
1641 1874 1822 1907 huiusmodi
1847 1884 1976 1908 venera-

1236 1927 1350 1960 bilibus
1375 1927 1525 1960 sratribus
1556 1927 1683 1961 AEmilio
1712 1927 1925 1961 Camerinensi
1948 1931 1977 1962 el

1236 1981 1346 2015 Carolo
1356 1981 1528 2015 Clusinensi
1541 1981 1696 2025 episcopis
1709 1980 1976 2022 demandavimus,

1237 2046 1254 2067 a
1278 2035 1392 2079 quibus
1417 2035 1573 2069 emanavit
1596 2035 1756 2069 decretum
1782 2034 1899 2068 tenoris
1923 2034 1975 2079 qui

1236 2089 1389 2133 sequitur,
1406 2088 1567 2121 videlicet:

1286 2155 1298 2174 «
1324 2142 1547 2183 Illustrissimi‚
1577 2153 1612 2175 ac
1637 2141 1889 2175 reverendissimi
1913 2141 1972 2175 do-

1237 2195 1323 2237 mini,
1349 2196 1494 2229 dominus
1519 2195 1557 2229 de
1580 2195 1705 2229 Alteriis
1730 2195 1897 2239 episcopus
1921 2195 1976 2229 Ca-

1238 2249 1424 2283 merinensis
1455 2255 1485 2283 et
1519 2249 1665 2283 dominus
1693 2249 1731 2282 de
1759 2249 1888 2295 Vflecchis
1914 2249 1977 2293 epi·

1238 2314 1351 2348 scopus
1372 2303 1573 2343 Clusinensis,
1594 2302 1780 2336 auctoritate
1805 2302 1976 2346 apostolica

1238 2357 1297 2390 sibi
1313 2357 1491 2401 specialiter
1505 2356 1685 2396 commissa,
1696 2355 1842 2389 omnibus
1856 2359 1978 2389 mature

1237 2411 1411 2455 perpensiS‚
1429 2415 1619 2444 censuerunt
1636 2415 1666 2443 et
1681 2409 1920 2443 declaraverunt
1935 2409 1976 2442 si-

1238 2465 1300 2498 cuti
1318 2464 1378 2498 hoc
1402 2464 1559 2508 praesenti
1584 2463 1710 2497 decreto
1735 2468 1862 2496 censent
1877 2467 1908 2496 et
1923 2461 1977 2495 de-

1238 2518 1378 2551 clarant:

1282 2582 1301 2605 1.
1322 2571 1389 2605 Non
1410 2570 1535 2604 obstare
1554 2569 1727 2604 Concilium
1757 2568 1974 2602 Tridentinum

1993 177 2040 203 An.
2057 177 2085 204 C.
2104 178 2173 206 1659

2017 1884 2134 1911 Responsa.
