2185 3188
54 205 104 234 An.
119 203 148 233 G.
170 201 240 232 1655

93 477 135 499 Dat
155 475 242 498 fuculta-

59 506 101 526 tem
137 502 244 532 archiepi3

61 530 245 584 {zaptani}

71 583 186 605 ormatinne
211 588 245 602 su-

62 615 100 638 per
125 608 245 630 excessibus

63 635 232 686 uttisst‘ssilffwffl

158 1960 270 1987 Dorogatio

90 1988 248 2010 contrariorum.

857 194 1045 222 ALEXANDER
1067 194 1112 219 vu
1135 193 1184 218 PP.

322 248 494 279 venerabili
519 247 608 277 {ratri
629 247 767 283 episcopo
788 244 923 278 oniensi,

448 294 615 322 Alexander
637 294 716 326 Papa
735 291 799 319 VH.

466 346 654 375 Venerabilis
674 345 782 376 frater,

291 393 423 421 salutem
443 394 474 419 et
493 392 691 426 apostolicam
710 387 960 416 benedictionem.

301 462 316 507 ξ
339 462 369 495 i.
395 461 539 495 Pervenit
563 460 601 493 ad
627 469 719 493 aures
747 462 888 496 nostras,
913 454 999 499 quod

261 515 446 549 venerabilis
470 515 567 548 frater
591 512 847 556 archiepiscopus
867 509 999 544 Naxien·

260 569 301 603 sis
325 579 388 602 non
411 569 492 602 bene
509 578 565 601 suo
590 565 738 611 pastorali
764 564 867 598 officio
892 563 1000 605 sunga-

261 626 327 663 tur,
351 622 434 663 imo,
458 621 542 666 quod
567 623 675 654 contra
708 618 757 652 ius
789 623 819 651 et
850 616 999 650 iustitiam

261 685 333 709 cum
365 674 512 708 scandalo
540 673 769 707 catholicorum
795 677 825 704 et
849 670 1001 703 schisma-

262 728 397 762 ticorum
421 727 525 760 varios
556 726 588 759 in
619 725 723 759 officio
751 724 890 757 desectus
915 732 1001 756 com-

262 780 392 822 miserit,
416 780 616 824 plurimaque
640 777 824 822 gravamina
855 782 918 809 tam
950 786 1002 809 ec-

263 833 444 868 clesiasticis
472 843 566 877 quam
587 831 674 865 laicis
699 830 848 864 intulerit.
865 829 1004 873 Quapro-

263 893 344 933 pter,
363 888 401 921 de
421 886 649 920 venerabilium
668 885 801 919 fratrum
820 888 1003 917 nostrorum

265 941 294 975 S.
319 942 353 976 R.
375 941 408 974 E.
434 939 640 974 cardinalium
665 937 800 982 negotiis
824 937 1004 980 Propagan-

266 995 324 1029 dae
340 994 426 1029 Fidei
441 993 696 1038 praepositorum
715 990 857 1030 consilio,
871 990 1006 1033 aliquem

268 1058 305 1082 ex
321 1047 529 1082 vicinioribus
545 1045 702 1091 episcopis
719 1045 756 1078 ad
773 1043 942 1088 capiendas
961 1053 1008 1075 su-

268 1112 326 1146 per
344 1101 526 1147 praemissis
542 1099 781 1134 informationes
801 1096 1010 1131 transmitten-

269 1155 346 1192 dum
374 1156 440 1189 sore
464 1154 544 1197 rati,
574 1154 612 1187 de
640 1154 694 1186 tua
718 1152 800 1192 side,
825 1150 1010 1195 prudentia,

272 1220 379 1244 rerum
411 1208 604 1252 agendarum
636 1206 749 1251 peritia
781 1210 811 1238 et
839 1204 1012 1238 catholicae

273 1263 435 1307 religionis
452 1262 518 1296 zelo
536 1261 710 1306 plurimum
737 1260 767 1292 in
792 1258 925 1292 Domino
943 1267 1014 1291 con-

275 1317 334 1358 sisi,
354 1315 540 1349 fraternitati
562 1321 632 1348 tuae
656 1324 713 1358 per
736 1316 916 1358 praesentes
933 1322 1015 1345 com-

276 1370 428 1404 mittimus
452 1374 482 1402 et
505 1368 706 1407 mandamus,
730 1372 764 1399 ut
788 1371 946 1409 tamquam
971 1364 1014 1397 vi-

278 1422 387 1455 sitator
412 1421 600 1465 apostolicus
628 1419 807 1464 specialiter
837 1418 875 1451 ad
907 1419 968 1451 hoc
999 1427 1016 1449 a

279 1475 370 1509 nobis
402 1474 563 1517 delegatus
592 1473 756 1515 diligentes
787 1482 881 1516 super
907 1471 1016 1504 iisdem

280 1527 461 1572 praemissis
500 1526 736 1559 informationes
772 1525 858 1558 omni
895 1523 1018 1556 meliori

282 1581 376 1614 modo
401 1585 431 1615 et
449 1581 498 1613 vizi
523 1580 637 1624 capias,
657 1580 788 1623 illasque
813 1578 843 1610 in
868 1578 1019 1621 scriptum

281 1634 495 1667 authenticum
524 1633 666 1666 redactas
692 1638 722 1666 et
745 1632 848 1675 sigillo
874 1635 925 1665 tuo
951 1642 1021 1663 mu-

281 1686 362 1719 nitas
381 1686 419 1719 ad
444 1686 723 1728 congregationem
745 1684 929 1718 eorumdem
959 1693 1023 1716 car-

282 1739 432 1773 dinalium
459 1739 670 1779 transmittas,
695 1744 728 1770 ut
760 1743 939 1782 opportuna
965 1737 1022 1769 im-

283 1792 473 1827 minentibus
494 1792 584 1825 malis
600 1791 741 1825 remedia
762 1791 791 1823 in
812 1790 919 1834 populi
941 1790 1024 1822 illius

284 1846 530 1881 consolationem
548 1850 577 1879 et
593 1845 769 1878 animarum
788 1845 919 1877 salutem
939 1854 1025 1887 prae-

285 1900 352 1934 beri
377 1899 486 1945 possit.

331 1954 346 1997 ἓ
362 1954 391 1987 2.
408 1954 477 1987 Non
494 1951 691 1986 obstantibus
716 1951 813 1984 seticis
837 1950 1027 1984 recordatio-

285 2007 334 2040 nis
348 2006 495 2040 Bonisacii
520 2006 621 2050 Papae
637 2005 702 2039 Vlll
718 2005 756 2038 de
774 2006 847 2044 una,
865 2004 940 2036 etin
958 2013 1028 2036 con-

288 2060 360 2094 cilio
377 2059 516 2103 generali
534 2059 615 2092 edita
632 2059 669 2092 de
687 2058 807 2091 duabus
823 2057 923 2097 dietis,
942 2057 1029 2089 dum-

289 2113 384 2147 modo
408 2114 489 2147 ultra
506 2118 569 2146 tres
588 2112 686 2146 dietas
711 2111 824 2156 aliquis
845 2111 1029 2144 auctoritate

289 2167 503 2213 praesentium
535 2167 573 2199 ad
605 2166 754 2200 iudicium
780 2176 843 2198 non
868 2165 1030 2205 trahatur,

289 2221 420 2264 aliisque
438 2220 714 2253 constitutionibus
732 2224 762 2252 et
778 2218 1030 2252 ordinationibus

290 2274 483 2319 apostoliciS,
508 2274 600 2307 etiam
627 2273 849 2307 conciliaribus
866 2300 873 2312 ‚
897 2283 1030 2313 necnon,

290 2332 444 2372 quatenus
468 2337 546 2370 opus
582 2326 631 2366 sit,
663 2326 812 2359 ecclesiae
848 2325 1031 2365 Naxiensis‚

291 2380 383 2413 etiam
398 2380 584 2420 iuramento,
596 2379 835 2413 confirmatione
849 2378 1031 2422 apostolica,

292 2435 338 2468 vel
357 2434 466 2478 quavis
483 2433 631 2466 firmitate
649 2433 708 2466 alia
726 2432 884 2466 roboratis
911 2432 1032 2465 statutis

292 2493 323 2521 et
353 2486 658 2526 consuetudinibus,
682 2486 855 2530 privilegiis
885 2496 1033 2529 quoque,

293 2539 421 2574 indultis
445 2545 476 2573 et
500 2539 612 2572 litteris
635 2539 813 2582 apostolicis
847 2538 877 2571 in
912 2544 1035 2572 contra-

293 2593 377 2627 rium
405 2592 653 2638 praemissorum
682 2591 922 2636 quomodolibet
952 2601 1030 2626 con-

1030 242 1143 282 cessis,
1172 240 1367 275 confirmatis
1394 243 1425 273 et
1452 237 1628 278 innovatis;
1656 236 1771 281 quihus

1012 313 1014 318 ·
1030 295 1177 329 omnibus
1194 300 1224 328 et
1241 294 1383 337 singulis,
1396 294 1523 326 illorum
1543 297 1668 325 tenores
1687 300 1772 334 prac-

1031 349 1170 382 sentibus
1199 358 1258 392 pro
1278 348 1370 392 plene
1387 353 1417 380 et
1436 346 1626 379 sufficienter
1647 353 1773 387 expres-

1031 403 1073 435 sis
1097 413 1133 435 ac
1157 402 1195 435 de
1220 402 1317 434 verbo
1349 400 1388 433 ad
1418 400 1547 433 verbum
1573 397 1698 431 insertis
1721 396 1776 430 ha-

1033 456 1152 496 bentes,
1174 455 1234 487 illis
1254 454 1330 487 alias
1355 453 1386 486 in
1411 463 1468 485 suo
1492 452 1608 485 robore
1628 459 1774 495 perman·

1033 509 1125 549 suris,
1139 508 1177 541 ad
1195 507 1443 552 praemissorum
1462 505 1619 546 effectum,
1635 505 1692 537 hac
1709 503 1776 536 vice

1034 562 1208 601 dumtaxat,
1229 560 1407 605 specialiter
1426 564 1455 591 et
1473 568 1618 602 expresse
1643 557 1776 600 deroga-

1034 627 1121 656 mus;
1139 615 1315 658 ceterisque
1332 612 1498 646 contrariis
1516 611 1776 655 quibuscumque.

1078 669 1189 702 Datum
1220 669 1347 707 Romae,
1373 666 1454 710 apud
1479 666 1508 699 S.
1534 665 1662 698 Mariam
1688 664 1778 697 Maio-

1036 733 1114 763 rem,
1139 722 1196 756 sub
1221 721 1337 754 annulo
1362 719 1540 759 Piscatoris,
1565 718 1615 751 die
1636 727 1676 751 xv
1703 717 1778 750 iunii

1037 785 1152 816 mcccv,
1170 775 1370 820 pontificatus
1390 773 1490 807 nostri
1509 782 1590 805 anno
1608 781 1627 804 1.

1073 839 1132 867 Dat.
1149 838 1191 866 die
1210 839 1241 866 15
1256 837 1322 865 iunii
1336 837 1417 871 1555,
1437 835 1532 871 pontif.
1552 842 1622 862 anno
1638 839 1655 862 ι.

1382 978 1443 1014 XII.

1044 1061 1278 1099 cardinalibus
1301 1065 1330 1094 ct
1355 1059 1434 1093 aliis
1459 1057 1699 1097 ecclesiasticis,
1727 1056 1786 1101 qui

1087 1117 1250 1150 intersunt
1275 1119 1304 1148 et
1326 1124 1385 1159 pro
1412 1118 1550 1156 tempore
1574 1109 1787 1144 intervenient

1089 1168 1334 1212 congregationi
1350 1166 1525 1205 consultae,
1546 1163 1730 1197 conceditur
1751 1162 1787 1194 li·

1091 1223 1197 1256 centia
1210 1232 1241 1255 se
1254 1219 1461 1255 immiscendi
1477 1219 1514 1251 in
1531 1213 1786 1251 crinzinalibus¹.

1242 1302 1407 1329 Alexander
1428 1301 1506 1333 Papa
1526 1299 1593 1330 vn,

1191 1346 1227 1373 ad
1246 1346 1381 1373 futuram
1401 1344 1446 1372 rei
1466 1343 1647 1371 memoriam.

1095 1418 1156 1462 §1-
1181 1415 1395 1451 Conscientiae
1420 1413 1579 1447 securitati
1604 1412 1745 1447 omnium
1763 1417 1793 1445 et

1052 1472 1248 1515 singularum
1274 1480 1481 1515 personarum
1500 1468 1793 1507 ecclesiasticarum,

1053 1526 1145 1558 etiam
1177 1525 1207 1557 in
1237 1524 1363 1557 sublimi
1389 1523 1419 1556 S.
1444 1523 1478 1556 R.
1504 1523 1537 1555 E.
1564 1521 1794 1561 cardinalatus,

1054 1589 1089 1611 ac
1115 1578 1295 1622 episcopali,
1320 1588 1375 1610 seu
1400 1577 1461 1609 alia
1485 1576 1636 1618 dignitate
1654 1574 1796 1608 ecclesia-

1056 1633 1151 1672 sticzi,
1175 1643 1211 1664 ac
1235 1632 1332 1664 sacris
1362 1631 1455 1663 etiam
1484 1630 1718 1674 presbyteratus
1744 1638 1795 1661 or·

1056 1685 1181 1718 dinibus
1214 1684 1479 1724 constitutarum,
1513 1693 1548 1715 ac
1580 1691 1798 1726 quaecumque

1059 1738 1212 1771 beneficia
1238 1737 1450 1770 ecclesiastica
1474 1735 1693 1776 obtinentium,
1719 1743 1799 1777 quae

1058 1791 1297 1834 congregationi
1331 1790 1613 1823 consultationibus
1645 1788 1799 1831 negocio-

1059 1855 1128 1877 rum
1156 1844 1282 1877 ditionis
1302 1843 1486 1886 temporalis
1507 1842 1646 1874 eiusdem
1667 1841 1696 1875 S.
1715 1842 1748 1875 R.
1767 1841 1799 1874 E.

1060 1898 1258 1942 praepositae
1283 1897 1474 1929 intervenire
1499 1907 1553 1928 seu
1579 1895 1730 1928 interesse
1755 1904 1802 1927 so-

1060 1953 1123 1984 lent
1153 1962 1207 1984 seu
1239 1951 1375 1989 debent,
1400 1960 1436 1983 ac
1460 1960 1518 1993 pro
1544 1953 1686 1992 tempore
1711 1948 1804 1981 inter-

1062 2003 1225 2038 venirent⁴
1250 2015 1304 2037 seu
1330 2004 1529 2043 intererunt,
1554 2008 1704 2046 quantum
1731 2012 1802 2035 cum

1062 2059 1195 2092 Domino
1227 2069 1415 2102 possumus,
1449 2057 1612 2090 consulere
1646 2057 1803 2097 volentes,

1064 2117 1149 2146 motu
1169 2112 1312 2156 proprio,
1330 2122 1365 2144 ac
1382 2122 1417 2144 ex
1437 2113 1522 2144 certa
1541 2111 1669 2143 scientia
1687 2112 1804 2151 nostra,

1063 2166 1209 2199 omuibus
1234 2170 1264 2197 et
1288 2164 1421 2207 singulis
1446 2164 1589 2207 personis
1615 2163 1806 2204 huiusmodi,

1065 2225 1097 2252 ut
1130 2219 1161 2251 in
1195 2219 1447 2261 quibuscumque
1472 2217 1611 2260 negociis
1642 2223 1672 2250 et
1705 2217 1806 2250 causis

1065 2271 1292 2311 criminalibus
1318 2281 1397 2314 quae
1423 2276 1453 2302 et
1477 2280 1554 2314 quas
1581 2270 1609 2302 in
1636 2280 1807 2312 congrega-

1066 2324 1149 2358 tione
1174 2324 1335 2368 praedicta
1354 2323 1479 2357 tractari
1499 2323 1677 2365 contigerit,
1699 2333 1731 2355 se
1754 2323 1808 2355 im-

1067 2378 1209 2417 miscere,
1235 2377 1265 2409 in
1292 2377 1415 2420 illisque
1442 2380 1557 2415 votum,
1579 2376 1755 2416 consilium,
1773 2387 1808 2409 ac

1068 2431 1212 2463 mandata
1245 2436 1275 2463 et
1307 2431 1478 2470 iussiones,
1507 2434 1566 2463 lam
1593 2430 1689 2462 verbo
1713 2440 1808 2473 quam

1067 2485 1097 2517 in
1123 2484 1248 2528 scriptis
1273 2484 1348 2516 dare
1365 2489 1394 2516 et
1412 2483 1535 2516 debitae
1561 2483 1737 2517 executioni
1758 2483 1808 2516 de-

1104 2558 1115 2582 1
1140 2555 1175 2582 Ex
1197 2555 1304 2589 Regest.
1326 2554 1352 2581 in
1373 2554 1474 2581 Secret.
1497 2554 1576 2580 Brev.

1102 2600 1120 2628 2
1135 2600 1243 2628 Videtur
1257 2599 1402 2636 legendum
1418 2599 1611 2628 intervenient
1625 2600 1662 2634 (n.
1679 2598 1728 2634 τ.).

1698 178 1741 213 23
1786 188 1835 216 An,
1855 187 1883 215 c.
1903 186 1970 216 1655

1834 1418 1919 1441 Maura.
