2243 3205
0 175 13 221 ,l
84 174 130 202 Ani
151 172 180 200 c.
197 169 265 199 1662

85 343 194 366 Contraria
208 342 267 362 toltit.

122 2156 264 2178 Prooemium„

0 3131 13 3205 με

874 164 1059 191 ALEXANDER
1084 164 1129 189 vn
1151 165 1199 189 PP.

282 227 453 263 quoquam,
469 217 580 262 quavis
605 217 802 257 auctoritate,
824 215 958 249 scienter
977 215 1025 247 vel

284 272 480 314 ignoranter,
498 271 667 314 contigerit
692 270 847 304 attentari.

329 325 387 369 §Ar
403 326 470 358 Non
484 325 679 358 obstantibus
693 323 886 368 praemissis,
900 333 936 355 ac
957 331 1027 355 con-

285 379 499 413 stitutionibus
517 384 547 411 et
564 378 814 412 ordinationibus
834 375 1025 421 apostolicis,

285 443 419 473 necnon,
438 438 592 476 quatenus
617 443 698 476 opus
723 432 778 474 sit,
813 431 1026 475 praefatorum

286 487 421 527 Ordinis,
437 487 617 530 provinciae
637 491 667 519 et
692 491 912 526 conventuum,
934 484 1025 517 etiam

285 540 474 581 iuramento,
500 540 739 573 confirmatione
764 539 954 583 apostolica,
980 538 1026 570 vel

284 594 393 638 quavis
417 594 565 626 firmitate
586 594 645 626 alia
662 593 829 633 roboratis,
854 591 977 624 statutis
999 596 1028 623 et

285 647 566 680 consuetudinibus
581 674 588 686 ,
612 646 787 690 privilegiis
811 656 958 689 quoque,
980 645 1028 677 in-

285 701 380 734 dultis
399 706 428 734 et
447 701 559 734 litteris
584 701 765 744 apostolicis
785 701 816 732 in
834 699 1026 733 contrarium

284 755 532 798 praemissorum
548 753 784 797 quomodolibet
798 752 964 792 concessis,
978 762 1029 795 ap-

285 807 427 851 probatis
460 812 489 840 et
524 807 699 847 innovatis3
731 806 845 850 quibus
880 806 1028 840 omnibus

286 865 316 893 et
340 861 482 903 singulis,
507 861 634 894 illorum
660 865 785 893 tenores
810 859 1028 903 praesentibus

285 924 344 958 pro
369 914 462 958 plene
487 918 517 948 et
541 914 733 947 sufficienter
758 914 914 957 expressis
938 923 973 945 ac
991 912 1029 945 de

286 967 383 1000 verbo
408 968 447 1000 ad
470 967 602 1000 verbum
628 967 753 1000 insertis
778 966 947 1008 habentes,
969 965 1029 997 illis

286 1021 362 1054 alias
380 1021 411 1054 in
428 1032 485 1055 suo
505 1021 621 1054 robore
639 1019 864 1065 permansuris,
887 1019 925 1052 ad
943 1029 1031 1063 prae-

287 1075 458 1109 missorum
484 1075 641 1117 effectum,
667 1074 724 1107 hac
750 1074 818 1107 vice
849 1073 1029 1115 dumtaxat,

287 1130 467 1174 specialiter
499 1135 529 1163 et
557 1139 704 1173 expresse
724 1128 929 1171 derogamus;
955 1131 1032 1161 cete-

286 1184 394 1227 risque
423 1183 589 1217 contrariis
613 1182 876 1227 quibuscumque.

331 1237 443 1271 Datum
471 1237 598 1277 Romae,
624 1236 707 1280 apud
726 1236 754 1269 S.
782 1235 910 1268 Mariam
936 1233 1030 1267 Maio-

287 1301 366 1333 rem,
382 1290 439 1324 sub
448 1291 564 1323 annulo
578 1289 757 1329 Piscatoris,
771 1289 820 1322 die
837 1298 915 1322 xv111
930 1287 1033 1320 ianua-

288 1345 326 1378 rii
343 1353 484 1385 MDchn,
501 1343 703 1388 pontificatus
717 1343 815 1377 nostri
835 1353 918 1375 anno
933 1352 987 1375 vn.

324 1407 383 1435 Dat.
400 1407 443 1435 die
460 1408 492 1435 18
508 1407 623 1435 ianuarii
643 1407 723 1442 1f262,
742 1406 839 1442 pontif.
857 1413 926 1433 anno
942 1412 987 1432 vu.

570 1550 751 1584 CCCLXXV.

288 1630 443 1665 Declarat
462 1630 593 1664 mallum
615 1630 859 1674 praeiudicium
878 1629 977 1672 fuisse
996 1629 1035 1661 il-

334 1684 439 1718 latum
463 1684 693 1728 superioritati
723 1683 843 1716 vicarii
870 1681 1033 1726 yeneralis

334 1737 371 1771 in
395 1738 517 1770 unione
541 1741 713 1770 conventus
740 1741 843 1769 terrae
875 1736 978 1768 llocca
1002 1734 1032 1767 di

334 1791 418 1834 Papa
442 1791 613 1823 conventui
629 1789 660 1823 S.
675 1789 811 1822 Ioannis
828 1788 866 1821 de
881 1788 962 1821 Urbe
977 1787 1034 1820 sub

336 1844 517 1877 obedientia
539 1844 763 1887 procuratoris
786 1841 949 1886 yeneralis
971 1842 1034 1884 fra-

338 1901 426 1930 trum
456 1896 590 1930 Ordinis
614 1897 652 1930 B.
678 1897 806 1930 Mariae
830 1895 868 1928 cle
894 1894 1036 1928 Mercede

335 1950 566 1994 redemptionis
591 1951 791 1993 captivorum
804 1948 824 1982 ¹.

489 2030 655 2057 Alexander
675 2030 753 2064 Papa
773 2030 840 2064 VII,

436 2077 473 2102 ad
492 2075 626 2102 futuram
647 2074 691 2101 rei
710 2075 891 2102 memoriam.

340 2145 355 2190 ἓ
379 2145 409 2179 l.
435 2145 517 2179 Alias
546 2151 734 2179 conventum
760 2146 791 2178 B.
811 2145 892 2178 Petri
918 2144 956 2178 de
976 2145 1037 2178 No-

295 2199 408 2243 laseo¹,
424 2201 497 2234 olim
516 2201 648 2233 fratrum
670 2200 794 2234 Ordinis
816 2200 846 2232 ss.
864 2199 980 2233 Mariae
1001 2199 1038 2232 de

296 2255 439 2288 Mercede
454 2255 681 2298 redemptionis
696 2254 892 2298 captivorum
907 2253 937 2286 in
955 2253 1038 2286 terra

295 2308 399 2342 Rocca
422 2307 457 2340 di
481 2309 577 2351 Papa
599 2313 852 2351 nuncupatorum
884 2307 1035 2339 Tuscula-

295 2372 354 2395 nae
370 2362 522 2395 dioecesis
539 2361 686 2405 positum,
705 2372 776 2394 cum
806 2361 888 2393 illius
906 2360 1039 2394 eeclesia

333 2452 344 2478 1
368 2451 405 2478 De
425 2451 601 2478 concessione
621 2455 649 2478 et
667 2450 766 2478 unione
787 2450 868 2478 liuius
889 2454 1039 2478 conventus

299 2494 358 2522 vide
373 2504 455 2531 supra
470 2495 503 2523 ad
519 2496 740 2523 constitutionem
756 2503 863 2528 cccxw,
880 2495 1040 2523 Sacrosan-

298 2540 347 2575 cli,
369 2548 428 2576 sup.
446 2549 507 2576 pag.
524 2541 586 2569 6⁴25.

336 2585 347 2610 1
370 2584 437 2613 Male
457 2585 621 2622 edit2Main.
637 2585 701 2620 legit
716 2585 749 2612 de
765 2585 838 2613 Nola
856 2585 893 2620 (n.
912 2584 961 2619 τ.).

1706 150 1768 184 757

1061 224 1096 246 ac
1116 213 1207 247 bonis
1225 217 1255 245 et
1271 211 1420 245 oneribus
1439 210 1604 251 universis,
1625 209 1805 252 Congrega-

1062 267 1138 300 tioni
1164 267 1296 299 fratrum
1323 265 1588 298 Discalcealorum
1609 263 1805 295 Reformato-

1062 332 1131 354 rum
1157 325 1410 364 nuncupatorum
1446 318 1518 351 dicti
1552 317 1677 351 Ordinis
1707 317 1805 359 (itaut

1063 379 1235 408 conventus
1261 373 1439 406 huiusmodi
1459 372 1495 404 de
1512 377 1616 404 cetero
1637 368 1804 403 conventui

1063 429 1092 461 S.
1118 428 1243 461 Ioannis
1264 427 1301 460 de
1320 427 1402 460 Urbe
1421 425 1561 459 eiusdem
1579 423 1804 467 Congregatio-

1062 483 1110 515 nis
1136 482 1193 515 sul)
1219 481 1396 515 obedientia
1422 480 1526 513 dilecti
1547 479 1601 511 filii
1622 482 1806 522 procurato-

1063 536 1106 570 ris
1126 536 1283 579 generalis
1305 535 1400 579 ipsius
1417 532 1686 577 Congregationis,
1703 531 1756 575 qui
1775 531 1805 562 in

1063 590 1146 623 dicto
1171 594 1327 622 conventu
1352 588 1380 620 S.
1407 586 1530 620 Ioannis
1555 585 1693 618 residere
1718 584 1806 623 solet,

1063 643 1251 683 subiaceret,
1270 647 1299 675 et
1319 641 1419 674 dictus
1444 643 1632 684 procurator
1650 637 1806 681 generalis

1063 697 1260 741 superiorem
1280 701 1309 728 et
1324 695 1473 727 familiam
1489 704 1540 726 sex
1556 693 1664 725 saltem
1680 691 1808 736 presby-

1063 756 1205 784 terorum
1226 755 1256 783 et
1275 749 1411 782 duorum
1426 757 1651 782 conversorum
1674 746 1806 778 fratrum

1062 804 1326 837 Discalceatorum
1352 802 1603 835 Reformatorum
1628 800 1807 842 Congrega-

1064 857 1157 890 tionis
1182 856 1362 890 huiusmodi
1388 856 1418 889 in
1443 854 1633 900 primodicto
1652 857 1808 886 conventu

1064 911 1220 943 collocare
1245 910 1387 953 deberet)
1419 908 1604 942 auctoritate
1633 905 1807 950 apostolica

1064 970 1217 1008 perpetuo
1238 964 1465 1008 applicavimus
1489 967 1519 996 et
1543 960 1804 1005 approbavimus,

1065 1023 1095 1050 et
1118 1019 1193 1051 alias
1217 1023 1313 1062 prout
1338 1018 1367 1050 in
1392 1016 1508 1049 nostris
1535 1016 1564 1048 in
1590 1014 1683 1047 simili
1705 1013 1808 1047 forma

1066 1071 1172 1105 Brevis
1197 1072 1310 1104 litteris
1335 1071 1385 1104 die
1410 1081 1449 1104 xv
1474 1069 1612 1103 octobris
1632 1077 1737 1102 MDCLx
1757 1067 1808 1100 de-

1066 1136 1161 1169 super
1186 1125 1359 1169 expeditis,
1384 1134 1517 1168 quarum
1543 1128 1685 1156 tenorem
1710 1131 1804 1165 prae-

1069 1179 1209 1212 sentibus
1223 1189 1282 1222 pro
1300 1179 1391 1222 plene
1410 1183 1438 1210 et
1452 1176 1644 1210 sufficienter
1657 1184 1808 1218 expresso

1067 1232 1175 1265 haberi
1203 1233 1358 1271 volumus,
1384 1231 1507 1275 plenius
1532 1230 1719 1263 continetur.

1112 1287 1126 1330 ἓ
1151 1286 1179 1318 2.
1206 1286 1282 1319 Cum
1308 1291 1423 1326 autem,
1442 1285 1521 1317 sicut
1541 1284 1642 1317 dietus
1662 1291 1810 1326 procura-

1067 1345 1117 1373 tor
1142 1340 1297 1384 generalis
1322 1340 1413 1372 nobis
1445 1349 1546 1382 nuper
1579 1337 1691 1380 exponi
1717 1336 1810 1377 fecit,

1067 1395 1140 1428 lieet
1164 1394 1286 1428 ratione
1311 1391 1577 1427 subordinationis
1592 1418 1599 1432 ‚
1627 1401 1720 1434 quam
1745 1389 1812 1433 ipse

1067 1454 1256 1492 procurator
1288 1447 1444 1491 generalis
1473 1446 1511 1478 ad
1536 1445 1683 1478 dilectum
1710 1443 1811 1475 silium

1069 1502 1220 1535 vicarium
1239 1501 1419 1544 generalem
1441 1499 1638 1543 superiorem
1657 1497 1810 1530 maiorem

1068 1555 1169 1588 dictae
1193 1553 1452 1597 Congregationis
1476 1552 1581 1594 habet,
1600 1549 1706 1584 credat
1725 1559 1812 1593 prae-

1069 1609 1163 1642 missa
1188 1614 1218 1641 et
1241 1608 1314 1641 inde
1343 1612 1474 1651 sequuta
1502 1606 1568 1639 sine
1596 1605 1660 1638 ullo
1685 1602 1810 1647 praeiu-

1068 1662 1150 1695 dicio
1175 1661 1401 1695 iurisdictionis
1426 1665 1455 1692 et
1479 1657 1709 1703 superioritatis
1736 1655 1808 1690 dicti

1069 1716 1176 1749 vicarii
1203 1715 1359 1759 generalis
1384 1723 1546 1747 emanasse
1561 1739 1568 1753 ,
1592 1711 1808 1753 nihilominus,

1069 1770 1107 1803 ad
1133 1769 1323 1803 removenda
1355 1768 1462 1801 omnia
1485 1766 1579 1800 dubia
1603 1770 1633 1798 et
1657 1765 1807 1798 inconve-

1068 1823 1186 1856 nientia
1211 1833 1292 1867 quae
1317 1821 1432 1855 exoriri
1459 1825 1596 1865 possent,
1626 1819 1708 1851 idem
1738 1828 1810 1862 pro-

1069 1883 1197 1911 curator
1222 1876 1377 1920 generalis
1403 1878 1579 1919 opportune
1603 1884 1620 1906 a
1644 1872 1734 1906 nobis
1752 1873 1810 1905 hac

1070 1932 1101 1964 in
1127 1942 1159 1965 re
1184 1930 1345 1975 provideri
1370 1938 1571 1972 summopere
1591 1927 1764 1960 desideret:

1115 1985 1129 2029 g
1152 1985 1182 2018 3.
1200 1985 1272 2026 Nos,
1294 1984 1396 2028 ipsum
1417 1987 1658 2026 procuratorem
1684 1989 1812 2023 genera-

1070 2039 1132 2071 lem
1157 2037 1346 2082 specialibus
1370 2036 1528 2070 farorilJus
1553 2041 1583 2068 et
1606 2034 1714 2078 gratiis
1738 2043 1811 2077 pro-

1071 2092 1159 2135 sequi
1192 2091 1355 2132 volentes,
1389 2095 1418 2122 et
1447 2100 1464 2122 a
1487 2088 1649 2132 quibusvis
1680 2097 1809 2120 excom-

1072 2144 1305 2184 municationis,
1335 2142 1550 2187 suspensionis
1580 2147 1609 2174 et
1634 2139 1812 2180 interdicti,

1071 2198 1202 2242 aliisque
1227 2196 1445 2230 ecclesiasticis
1469 2194 1630 2228 sententiis
1644 2220 1651 2234 ,
1673 2192 1814 2226 censuris

1073 2256 1103 2286 et
1126 2251 1247 2296 poenis,
1276 2261 1293 2282 a
1318 2250 1385 2282 iure
1410 2249 1457 2281 vel
1483 2249 1522 2281 ab
1547 2248 1684 2288 homine,
1705 2245 1814 2290 quavis

1073 2306 1239 2339 occasione
1264 2304 1311 2336 vcl
1336 2304 1430 2336 causa
1455 2302 1534 2342 latis,
1553 2301 1577 2334 si
1603 2300 1717 2344 quibus
1742 2309 1815 2343 quo-

1075 2358 1247 2392 modolibet
1272 2357 1438 2389 innodatus
1463 2355 1584 2395 existit,
1605 2353 1642 2386 ad
1667 2352 1813 2386 effectum

1074 2411 1287 2457 praesentium
1302 2410 1462 2444 dumtaxat
1479 2406 1747 2451 consequendum,
1764 2406 1816 2439 ha-

1074 2476 1143 2499 rum
1170 2464 1249 2497 serie
1274 2463 1470 2496 absolventes
1491 2467 1517 2493 et
1544 2461 1719 2494 absolutum
1749 2459 1814 2492 fore

1075 2523 1258 2558 censentes,
1284 2516 1564 2561 supplicationibus
1596 2515 1662 2547 eius
1687 2513 1812 2546 nomine

1074 2573 1164 2606 nobis
1181 2582 1274 2615 super
1291 2572 1351 2604 hoc
1367 2569 1529 2602 humiliter
1553 2568 1707 2613 porrectis
1730 2567 1814 2600 incli-

1818 159 1866 185 An.
1888 158 1916 185 C.
1935 158 2002 186 1662

1850 1290 1966 1317 Expositio.

1854 1984 1966 2005 Confirmat
1989 1985 2012 2005 ut

1827 2012 1847 2032 in
1862 2012 1955 2033 rubrica.
