2243 3205
22 147 70 172 An.
86 145 116 172 C.
135 144 202 171 1659

815 140 873 164 ΑΒΕ
879 139 999 164 ΧΑΝΒΕΗ
1026 140 1067 162 vn
1093 140 1140 163 1¹1¹.

218 195 249 224 et
273 189 414 223 censuris
442 190 474 223 in
505 190 597 223 dictis
629 188 881 234 praedecessoris
912 188 958 220 lit-

218 243 303 285 teris,
325 249 356 277 et
381 244 449 277 aliis
467 245 560 277 etiam
582 243 725 287 corp-oris
741 242 896 275 affiictivis
913 252 958 274 ar-

217 297 314 331 bitrio
338 303 447 331 nostro
472 308 526 331 seu
547 308 606 341 pro
632 303 774 340 tempore
800 295 958 329 existentis

219 351 375 393 generalis
398 351 550 384 auditoris
575 350 725 395 praedicti
747 349 958 382 condemnan-

219 403 278 443 dis,
296 403 493 436 incurrendis
517 409 546 436 et
573 402 774 447 exequendis,
792 412 830 434 ne
855 412 960 445 quem-

219 455 295 489 libet
319 457 490 500 appellum,
507 462 559 489 aut
583 457 719 500 aliquam
741 455 958 488 remissionem

222 509 377 542 mercedis
401 510 602 551 citationum,
628 510 880 549 intimatiomini,
907 518 961 540 seu

220 562 354 595 aliarum
395 573 667 606 quarumcumque
703 562 961 606 expeditionum,

218 626 292 651 ,cum
318 615 480 659 quibusvis
505 616 661 659 personis,
687 619 747 649 tam
774 614 961 648 ecclesiasti·

222 667 266 700 cis
293 672 323 700 et
351 667 478 711 speciali
506 670 580 701 nota
611 667 725 711 dignis,
743 678 834 711 quam
862 677 958 710 regu--

221 719 340 753 laribus
365 725 395 752 et
419 721 628 761 secularibus,
657 721 767 765 quovis
787 726 962 765 praetextu,

222 772 365 816 quaesito
391 773 497 806 colore
523 779 552 806 et
581 774 757 814 occasione,
785 774 886 806 facere
912 773 964 806 au't

222 825 303 859 inire
328 825 455 859 cuilibet
480 826 602 859 cursori
628 827 720 860 etiam
755 826 904 869 magistro
930 826 964 858 li-

222 883 299 912 ceat

268 933 283 976 ἓ
307 931 335 966 6.
361 933 406 966 Ne
431 944 505 967 vero
523 933 703 978 supradicta
729 933 822 966 dilata
849 933 964 966 solutio

224 986 265 1020 ob
290 987 507 1020 morositatem
539 987 670 1020 alicuius
695 987 847 1020 debitoris
872 987 965 1020 nimis

224 1040 328 1084 gravis
353 1046 383 1073 et
407 1041 557 1075 damnosa
581 1041 731 1075 reddatur
763 1041 965 1080 cursoribus,

223 1096 369 1128 volumus
394 1100 423 1127 et
448 1095 642 1137 mandamus,
669 1100 702 1127 ut
722 1095 759 1127 de
778 1099 882 1128 cetero
901 1094 963 1137 qui-

223 1148 300 1181 libet
331 1159 443 1181 cursor
475 1148 615 1181 libellum
647 1159 745 1181 unum
778 1159 831 1181 seu
860 1148 966 1192 plures

225 1203 393 1247 inscriptos
418 1213 475 1246 per
494 1202 678 1245 magistrum
702 1202 897 1246 praedictum
917 1203 967 1245 (Ii-

227 1259 282 1291 bro
306 1257 341 1290 cli
357 1257 396 1290 N.
422 1258 577 1300 cursore),
604 1262 633 1289 et
657 1257 694 1288 ab
720 1257 838 1290 eisdem
874 1257 968 1299 magi-

227 1318 292 1345 stro
307 1317 336 1344 et
354 1322 483 1344 cursore
502 1311 712 1354 subscriptos,
732 1311 761 1343 in
782 1310 895 1354 quibus
912 1321 968 1354 per

228 1365 373 1399 eumdem
399 1365 633 1408 curialem,aut
658 1365 755 1409 ipsius
780 1365 964 1398 sollicitato-

227 1430 295 1453 rem
321 1429 375 1452 seu
396 1419 611 1459 substitutum,
632 1418 764 1462 propria
782 1429 875 1451 manu
897 1418 969 1452 cita·

229 1474 340 1514 tiones,
352 1472 574 1513 intimationes,
584 1470 733 1514 aliasque¹
746 1471 969 1515 expeditiones,

229 1529 376 1571 expressa
401 1527 572 1570 quantitate
598 1536 632 1558 ac
658 1525 707 1558 die
732 1525 849 1566 debiti,
875 1526 970 1559 adno-

230 1586 345 1621 tentur,
371 1590 467 1624 penes
492 1590 524 1613 se
545 1579 718 1620 retineant,
745 1579 793 1612 cui
819 1579 901 1613 libro
926 1590 971 1612 re-

230 1639 316 1668 tento
341 1634 434 1678 plena
458 1633 535 1666 sides
560 1633 591 1665 in
617 1632 733 1666 iudicio
759 1638 786 1665 et
815 1638 900 1665 extra
921 1633 972 1665 ha-

230 1688 351 1721 beatur.
377 1686 503 1720 Exactio
522 1696 596 1719 vero
614 1686 667 1719 siat
685 1686 768 1719 quta
785 1686 970 1720 declaratio-

229 1753 301 1775 nem
327 1741 421 1774 edicti
439 1741 573 1785 desuper
587 1751 603 1773 a
617 1740 730 1773 dilecto
744 1740 809 1773 silio
827 1740 972 1774 Odoardo

231 1794 466 1836 Veccliiarello,
493 1794 647 1827 moderno
673 1794 780 1826 curiae
805 1804 990 1827 causarum

231 1848 338 1893 palatii
361 1848 523 1892 apostolici
546 1847 700 1888 auditore,
718 1848 854 1891 desuper
879 1848 973 1880 stabi-

232 1901 327 1935 liendi
353 1907 382 1934 et
407 1901 598 1944 publicandi.
623 1901 887 1934 Consuetudinem
925 1901 974 1934 (lc—

233 1966 329 1996 mum,
352 1965 407 1987 seu
433 1954 538 1998 potius
562 1954 713 1994 abusum,
739 1955 823 1997 quod
848 1954 885 1986 ad
911 1955 975 1988 offi-

233 2008 316 2042 cium
343 2007 482 2041 cursoris
503 2007 725 2046 admittendus,
752 2008 832 2040 ultra
851 2007 974 2041 solitam

233 2062 475 2101 admissionem,
500 2062 559 2094 alia
580 2067 666 2094 scuta
692 2061 819 2104 triginta
844 2062 975 2094 diversis

234 2116 354 2149 vicibus
381 2115 469 2148 titulo
487 2115 620 2148 convivii
640 2115 761 2148 solvere
780 2115 892 2148 ceteris
909 2124 993 2148 cur-¹

234 2168 360 2202 soribus
385 2168 566 2209 teneretur,
601 2179 730 2212 prorsus
763 2179 922 2202 cassamus
947 2174 977 2202 et

235 2221 414 2262 irritamus,
439 2227 469 2254 et
493 2221 673 2255 huiusmodi
706 2221 893 2255 solutionem
919 2221 994 2254 sub]

235 2275 346 2320 quovis
372 2280 533 2319 praetextu
559 2275 626 2307 lieri
652 2275 689 2307 de
715 2280 821 2307 cetero
848 2275 977 2308 omnino

234 2329 453 2374 prohibemus.
479 2329 543 2361 lmo
570 2334 601 2360 ut
626 2328 743 2361 eisdem
770 2328 903 2368 novitiis,
925 2328 995 2372 qui*

236 2391 312 2425 prae
338 2381 449 2415 ceteris
483 2381 513 2413 in
543 2381 692 2413 exercitio
726 2381 818 2414 oflicii
845 2386 873 2413 et
907 2392 976 2413 eum

236 2434 351 2468 minori
374 2434 505 2468 utilitate
531 2434 691 2476 laborant,
717 2434 755 2466 (le
780 2434 883 2478 aliqua
910 2435 977 2467 sub-

236 2488 381 2521 ventione
406 2487 618 2532 provideatur,
646 2487 828 2520 mandamus
855 2494 887 2520 ut
914 2488 995 2522 sin-l

275 2553 284 2578 1
309 2550 464 2587 Legendum
481 2551 614 2586 aliaeque
632 2551 671 2577 vel
687 2551 820 2587 aliasque
838 2551 878 2585 (n.
896 2551 946 2586 'r.).

1644 127 1707 161 503

991 187 1072 231 gulis
1097 187 1268 229 mensibus,
1290 188 1314 220 si
1333 187 1441 221 novitii
1467 187 1496 220 in
1521 185 1654 229 collegio
1673 185 1733 219 exi-

991 245 1072 274 stant
1098 241 1190 284 (quos
1214 252 1272 284 pro
1299 241 1411 273 talibus
1441 241 1574 274 durante
1605 239 1733 272 biennio

992 305 1009 326 a
1041 294 1089 327 die
1123 294 1246 327 habitae
1283 294 1491 338 possessionis
1511 293 1732 327 liaberivolu-

993 348 1086 390 mus),
1113 357 1148 379 ex
1175 347 1258 380 dicta
1283 349 1385 380 massa
1412 353 1499 379 scuta
1517 358 1569 380 sex
1591 352 1735 380 monetae

994 400 1074 434 inter
1098 400 1182 444 ipsos
1207 400 1383 443 dividenda,
1409 401 1434 432 si
1460 401 1565 444 plures
1591 400 1662 441 sint,
1687 399 1735 433 sin

995 454 1097 487 minus
1123 454 1176 487 uni
1202 459 1321 487 tantum
1344 465 1400 498 per
1421 454 1617 498 praedictum
1640 454 1736 497 magi-

994 511 1094 541 strum
1118 507 1306 550 assignanda
1332 508 1502 541 solvantur.

1039 561 1054 604 ἓ
1080 560 1108 594 7.
1139 561 1348 594 Decernentes
1377 565 1575 605 praesentem
1592 563 1735 594 nostrum

996 620 1116 647 motum
1142 615 1308 658 proprium
1327 615 1364 648 de
1382 614 1594 658 subreptionis
1619 615 1665 647 vel
1686 613 1738 646 ob-

997 668 1148 713 reptionis
1180 679 1235 701 seu
1259 668 1410 701 nullitatis
1436 668 1528 710 vitio,
1555 673 1607 700 aut
1637 668 1738 700 inten-

998 722 1089 756 tionis
1114 727 1240 756 nostrae
1265 726 1317 756 aut
1341 722 1488 766 quopiam
1521 721 1582 754 alio
1606 721 1739 762 defectu,

997 775 1128 818 notari¹,
1147 776 1200 809 sed
1217 776 1307 810 illum
1333 775 1370 808 ab
1388 775 1535 809 omnibus
1553 780 1582 807 et
1598 774 1740 818 singulis,

998 840 1076 873 quos
1097 830 1258 863 concernit
1273 835 1302 863 et
1317 832 1485 863 concernet
1505 827 1743 872 quomodolibet

999 884 1030 916 in
1065 884 1229 925 futurum,
1259 883 1480 919 inviolabiliter
1516 882 1677 916 observari
1714 886 1743 916 et

999 936 1170 980 adimplere
1195 937 1327 977 debere,
1353 937 1460 980 sicque
1486 936 1524 968 ab
1549 935 1695 969 omnibus
1712 940 1742 968 et

999 990 1130 1032 singulis
1157 990 1289 1031 censeri,
1315 994 1343 1024 et
1369 990 1409 1024 ita
1434 1000 1490 1033 per
1519 989 1664 1022 eumdem
1690 1000 1742 1021 au-

1000 1043 1134 1076 ditorem
1161 1044 1351 1086 generalem,
1376 1048 1406 1076 et
1423 1053 1640 1087 quoscumque
1664 1042 1741 1075 alios

1001 1096 1119 1129 iudices
1140 1095 1347 1137 oi·dinarios⁹‚
1368 1096 1536 1139 contigerit
1560 1094 1715 1127 attentari.

1046 1150 1060 1193 ξ
1086 1150 1114 1182 8.
1141 1150 1209 1183 Non
1239 1150 1434 1183 obstantibus
1461 1149 1534 1182 dicti
1560 1149 1741 1193 praedeces-

1001 1203 1081 1236 soris
1106 1203 1229 1243 litteris,
1250 1203 1381 1246 aliisque
1404 1202 1595 1246 praemissiS,
1613 1212 1648 1234 ac
1668 1201 1743 1234 dicti

1002 1257 1126 1299 collegii
1162 1267 1346 1297 cursorum,
1379 1261 1532 1299 quatenus
1570 1255 1601 1288 in
1638 1255 1743 1298 aliquo

1002 1311 1114 1351 obstet,
1134 1310 1303 1351 erectione,
1321 1316 1350 1343 et
1364 1310 1468 1349 etiam,
1485 1314 1640 1353 quatenus
1665 1319 1744 1352 opus

1003 1365 1051 1407 sit,
1074 1363 1117 1396 Pii
1138 1364 1239 1407 Papae
1256 1363 1294 1396 IV
1313 1363 1404 1396 etiam
1424 1362 1675 1406 praedecessoris
1692 1372 1746 1395 no—

1003 1419 1058 1452 stri
1084 1418 1322 1459 eonstitutione,
1348 1417 1378 1449 in
1403 1427 1464 1460 qua
1489 1421 1637 1457 cavetur,
1662 1415 1746 1459 quod

1005 1471 1124 1504 indulta
1148 1476 1178 1504 et
1202 1471 1279 1503 aliae
1313 1470 1531 1504 concessiones
1563 1469 1664 1502 dictae
1696 1480 1745 1502 ca-

1006 1535 1112 1558 merae
1149 1524 1300 1557 interesse
1332 1527 1384 1558 aut
1409 1533 1578 1566 gravamen
1612 1533 1746 1566 quomo-

1005 1578 1124 1612 dolibet
1143 1582 1368 1611 concernentes
1387 1577 1467 1609 intra
1485 1581 1605 1611 certum
1622 1582 1747 1621 tempus

1006 1634 1037 1666 in
1058 1633 1168 1666 eadem
1188 1633 1313 1674 camera
1335 1631 1556 1674 registrentur,
1578 1631 1654 1664 itaut
1674 1631 1747 1666 dicti

987 1697 1151 1722 :cursores
1174 1691 1203 1718 et
1228 1685 1361 1730 quilibet
1377 1685 1427 1717 alii
1454 1685 1491 1717 ad
1519 1690 1699 1728 praesentes
1717 1686 1747 1718 in

1006 1740 1089 1774 dicta
1114 1741 1240 1773 camera
1266 1738 1529 1782 praesentandum
1555 1742 1584 1772 et
1609 1738 1684 1770 inibi
1702 1749 1749 1771 re-

1007 1794 1132 1838 gistrari
1147 1793 1322 1827 faciendum
1339 1793 1467 1825 minime
1489 1798 1664 1834 teneantur,
1679 1797 1747 1834 ete,

1007 1853 1037 1881 et
1061 1848 1136 1880 alias
1155 1847 1185 1879 in
1204 1846 1398 1880 eontrarium
1418 1846 1601 1879 facientibus
1618 1856 1750 1889 quomo-

1008 1902 1126 1935 dolibet
1144 1900 1311 1941 concessis,
1327 1899 1521 1933 confirmatis
1539 1904 1568 1932 et
1585 1899 1749 1940 innovatis;

1008 1956 1121 1999 quibus
1147 1955 1295 1988 omnibus
1320 1953 1441 1987 etiamsi
1466 1953 1504 1985 de
1531 1953 1601 1993 illis,
1627 1963 1750 1986 eorum

1008 2020 1069 2054 que
1095 2009 1166 2042 totis
1203 2008 1363 2041 tenoribus
1400 2007 1565 2051 specialis,
1590 2012 1668 2048 etc.,
1692 2007 1751 2040 hac

1010 2063 1075 2095 vice
1101 2062 1261 2095 dumtaxat
1286 2061 1463 2105 specialiter
1484 2065 1513 2093 et
1538 2070 1683 2104 expresse
1703 2060 1752 2094 de-

1010 2127 1180 2159 rogamus3
1212 2115 1388 2158 ceterisque
1425 2114 1591 2147 contrariis
1616 2115 1750 2158 quibus-

992 2180 1145 2220 3cumque
1171 2180 1241 2202 cum
1268 2168 1415 2202 clausulis
1440 2169 1638 2212 opportunis.

1322 2223 1400 2257 Fiat
1422 2227 1510 2256 motu
1533 2223 1668 2266 proprio
1688 2223 1719 2256 F.

1056 2277 1092 2310 Et
1117 2288 1187 2310 cum
1217 2276 1413 2311 absolutione
1438 2287 1455 2309 a
1480 2276 1621 2309 censuris
1645 2275 1684 2309 ad
1709 2277 1751 2309 es-

1013 2330 1138 2371 fectum,
1159 2335 1216 2363 etc.
1243 2330 1278 2362 Et
1293 2330 1377 2373 quod
1391 2329 1541 2374 praedicti
1559 2329 1644 2362 Pauli
1665 2340 1753 2374 prae-

1011 2384 1186 2417 decessoris
1211 2383 1385 2417 litterarum
1411 2384 1643 2428 praedictarum
1670 2389 1753 2418 teno-

1051 2466 1057 2490 l
1083 2463 1172 2490 Subde
1187 2472 1245 2490 non
1258 2472 1338 2498 posse
1352 2466 1389 2498 (u.
1407 2464 1455 2497 r).

1047 2510 1063 2534 2
1083 2508 1172 2535 Subde
1188 2509 1319 2537 iudicari
1334 2509 1445 2540 debere,
1461 2512 1486 2536 ee
1504 2509 1624 2537 irritum
1642 2518 1675 2536 ac
1690 2510 1754 2538 iria-

994 2541 1057 2587 ¹ne,
1074 2555 1126 2580 etc.
1148 2554 1184 2587 (a.
1203 2558 1249 2586 r).

1753 136 1842 163 An.C.
1866 137 1932 164 1659

1779 574 1891 595 confirmat
1901 575 1935 595 de-

1752 604 1839 622 cretum.

1758 1161 1869 1181 contraria
1880 1160 1941 1180 toltit.

1795 2283 1913 2304 clausulae.
