2263 3215
332 233 381 260 An.
399 233 514 262 C..1656
559 225 623 258 ’166

1107 235 1284 259 BULLAMUM

530 282 598 315 diae
623 282 747 316 Ordinis
771 282 1034 323 Cisterciensium‚
1060 283 1144 326 quod
1164 283 1286 316 dilecti'

531 335 650 379 pariter
674 335 728 367 filii
755 335 938 369 definitores
956 337 1056 370 ultimi
1075 336 1203 380 capituli
1220 346 1270 379 ge-

530 388 645 421 neralis
678 388 778 422 dictae
811 390 1066 432 congregationis
1098 389 1135 422 de
1163 393 1287 432 mense}

530 441 638 485 aprilis
658 451 773 475 Mncmv
793 441 954 474 Ferrariae
969 443 1116 475 celebrati
1134 444 1269 486 (mature
1285 433 1287 447 ³

531 494 737 527 consideratis
761 495 910 538 gravibus
934 496 1078 539 expensis
1100 501 1130 529 et
1155 496 1270 529 incom-

531 547 632 580 modis
647 574 654 588 ,
679 558 759 591 quae
784 548 893 581 eadem
918 549 1122 592 congregatio
1147 549 1186 583 ob
1208 550 1269 582 sre-

531 606 678 644 quentem
703 601 768 634 eius
793 602 1003 645 capitulorum
1028 602 1066 634 de
1087 602 1222 635 triennio
1240 602 1270 634 in

532 653 700 687 triennium
727 654 969 688 celebrationem
995 655 1123 699 patitur,
1137 665 1269 698 perpen-

532 717 629 751 soque
655 707 739 751 quod
763 718 780 740 a
804 708 978 752 sumptibus
1011 708 1160 741 faciendis
1183 718 1288 754 nun-i¹

531 771 625 804 quam
651 767 811 802 cessatur,
844 762 916 805 quia
952 762 1055 805 primo
1080 766 1109 794 et
1132 761 1270 794 secundo

532 814 620 847 annis
645 814 887 848 celebrationem
913 814 1097 848 eorumdem
1122 814 1271 858 capitulo-

533 877 602 900 rum
638 867 818 900 immediate
854 867 1057 911 sequentibus
1087 877 1213 910 praeses
1242 867 1288 900 etl

533 919 709 954 visitatores
733 920 830 964 ipsius
854 920 1108 963 congregationis
1126 920 1209 953 illam
1232 921 1288 953 vi-=

533 973 627 1006 sitare
661 975 925 1018 consueverunt),
951 974 1107 1018 praefatae
1139 984 1271 1017 congre-

532 1026 667 1069 gationis
692 1026 789 1070 quieti
813 1027 1029 1071 prospiciendi
1055 1027 1203 1071 illamque
1233 1027 1271 1059 ab

532 1080 676 1124 expensis
701 1080 881 1113 huiusmodi
907 1080 1088 1113 sublevandi
1120 1090 1215 1123 ergo,
1241 1080 1271 1113 in

532 1131 615 1166 dicto
629 1133 740 1167 ultimo
754 1134 902 1177 capitulo,
919 1134 1044 1167 nemine
1062 1134 1270 1178 discrepante,

532 1186 781 1220 determinarunt
798 1193 832 1220 ut
848 1193 1037 1231 exponentes
1061 1187 1213 1231 praedicti
1233 1187 1270 1220 ad
1287 1219 1289 1224 ,

532 1239 644 1273 Sedem
669 1241 878 1285 Apostolicam
899 1246 1100 1274 recurrerent
1120 1241 1272 1285 supplica-

533 1293 615 1333 turi,
648 1299 681 1326 ut
714 1293 955 1327 celebrationem
990 1294 1201 1338 capitulorum
1226 1294 1271 1327 di-

533 1352 599 1380 ctae
632 1347 885 1390 congregationis
919 1347 956 1380 de
991 1348 1208 1391 quinquennio
1240 1348 1269 1381 in

532 1400 792 1444 quinquennium,
810 1400 1018 1434 visitationem
1038 1412 1111 1434 vero
1132 1402 1270 1435 eiusdem

533 1453 787 1496 congregationis
818 1454 956 1488 secundo
993 1459 1022 1487 et
1055 1455 1147 1488 tertio
1183 1456 1272 1488 annis

532 1511 604 1550 post
624 1506 867 1540 celebrationem
886 1507 1094 1551 capitulorum
1120 1508 1272 1551 praefato-

532 1570 603 1592 rum
639 1561 812 1604 respective
847 1561 916 1593 sieri
950 1561 988 1594 de
1020 1566 1124 1595 cetero
1157 1561 1271 1596 debere

532 1612 571 1644 ab
596 1612 705 1646 eadem
737 1613 815 1646 Sede
845 1613 1054 1647 ordinaretur.
1087 1614 1188 1653 Quare
1213 1615 1270 1659 ipsi

533 1671 723 1710 exponentes
747 1666 840 1699 nobis
865 1666 1025 1699 humiliter
1046 1668 1214 1711 supplicari
1232 1668 1272 1701 se-

534 1725 654 1761 cerunt,
681 1725 714 1752 ut
738 1720 794 1752 sibi
822 1720 853 1752 in
877 1720 1061 1764 praemissis
1093 1726 1272 1764 opportune

532 1772 701 1816 providere
732 1773 770 1806 de
803 1773 997 1816 benignitate
1028 1774 1201 1817 apostolica
1226 1774 1272 1806 di·

533 1836 711 1868 gnaremur.
733 1827 795 1860 Nos
812 1826 919 1869 igitur,
937 1826 1063 1859 eosdem
1082 1832 1272 1871 exponentes

532 1880 720 1924 specialibus
741 1880 902 1913 favoribus
927 1885 956 1913 et
981 1881 1090 1923 gratiis
1123 1882 1272 1924 prosequi

534 1932 681 1973 volentes,
706 1939 735 1966 et
760 1943 870 1966 eorum
896 1933 1071 1976 singulares
1091 1944 1241 1977 personas
1256 1945 1273 1967 a

532 1985 693 2029 quibusvis
703 1986 1045 2027 excommunicationis,
1057 1988 1272 2030 suspensionis

533 2042 562 2072 ct
586 2038 763 2081 interdicti,
794 2039 924 2083 aliisque
953 2039 1172 2072 ecclesiasticis
1202 2051 1271 2073 sen-

534 2091 647 2132 tentiis,
671 2092 811 2125 censuris
837 2097 866 2125 et
890 2093 1010 2136 poeniS,
1035 2103 1051 2124 a
1076 2093 1144 2125 iure
1163 2093 1208 2126 vel
1233 2093 1271 2126 ab

534 2144 670 2186 homine,
690 2145 798 2189 quavis
812 2145 977 2178 occasione
1002 2146 1047 2178 vel
1073 2148 1167 2178 causa
1191 2146 1270 2187 latis,

533 2199 557 2230 si
571 2198 686 2242 quibus
697 2199 935 2243 quomodolibet
950 2199 1113 2233 innodatae
1127 2201 1270 2241 existunt,

533 2251 572 2284 ad
596 2252 740 2285 effectum
766 2252 979 2296 praesentium
1008 2253 1169 2286 dumtaxat
1196 2264 1269 2287 con-

533 2305 727 2349 sequendum
742 2334 749 2348 ,
774 2306 887 2339 harum
910 2305 991 2339 serie
1021 2306 1217 2340 absolventes
1242 2312 1272 2340 et

533 2357 689 2392 absolutas
714 2359 780 2392 sore
801 2364 972 2400 censentes,
994 2359 1174 2392 huiusmodi
1197 2370 1270 2404 sup-

534 2412 754 2455 plicationibus
786 2413 946 2453 inclinati,
978 2413 1017 2446 de
1045 2413 1270 2446 venerabilium

533 2465 664 2498 l'ratrum
689 2472 870 2499 nostrorum
895 2466 924 2499 S.
950 2467 984 2499 R,
1006 2467 1037 2499 Ε.
1063 2466 1269 2500 cardinalium

533 2518 666 2561 negotiis
691 2523 719 2552 et
744 2519 1025 2553 consultationibus
1047 2520 1269 2564 episcoporum

533 2577 563 2604 et
579 2572 772 2614 regularium
793 2573 1046 2617 praepositorum
1067 2573 1208 2614 consilio,
1229 2578 1270 2606 at-

534 2625 624 2658 tentis
648 2626 799 2666 narratis,
826 2632 853 2659 et
879 2626 1023 2659 omnibns
1056 2637 1112 2671 per
1143 2626 1268 2661 eosdem

1309 235 1462 259 ROMANUM

1303 283 1476 316 cardinales
1491 288 1611 315 mature
1626 282 1784 323 discussis,
1798 282 2042 315 celebrationem

1303 336 1514 379 capitulorum
1541 335 1794 377 congregationis
1814 335 1991 379 praedictae
2011 335 2041 367 in

1303 394 1462 432 posterum
1496 388 1668 421 faciendam
1699 398 1767 421 esse
1797 388 1835 421 de
1868 388 2042 431 quinquen-

1303 443 1355 475 nio
1381 443 1410 475 in
1437 442 1699 486 quinquennium,
1712 452 1774 485 quo
1792 441 1898 485 elapso
1914 441 2042 475 abbates

1303 506 1364 528 non
1389 495 1509 539 possint
1534 494 1715 528 confirmari
1741 495 1771 527 in
1796 494 1906 528 eodem
1933 505 2041 528 mona-

1304 549 1409 589 sterio,
1423 548 1595 592 apostolica
1612 548 1808 591 auctoritate,
1829 553 1938 581 tenore
1957 558 2043 592 prae-

1304 601 1449 642 sentium,
1464 601 1638 642 statuimus;
1653 601 1736 634 salva
1751 606 1854 634 tamen
1872 611 1997 644 semper
2012 600 2043 633 in

1304 654 1484 698 praemissis
1508 655 1692 688 auctoritate
1710 653 1963 697 congregationis
1980 663 2044 686 car-

1304 707 1464 740 dinalium.

1349 761 1364 804 g
1382 761 1411 794 2.
1430 761 1637 794 Decernentes
1657 761 1781 793 easdem
1802 765 1981 804 praesentes
1998 760 2044 793 lit-

1306 820 1387 847 teras
1412 825 1536 858 semper
1560 814 1677 855 sirmas,
1703 813 1821 847 validas
1846 819 1876 846 et
1903 814 2044 848 efficaces

1305 867 1437 901 existere
1455 873 1485 900 et
1505 868 1581 907 sore,
1606 878 1642 900 ac
1666 867 1704 900 ab
1730 867 1800 907 illis,
1817 866 1854 899 ad
1879 877 1958 910 quos
1974 876 2044 911 spe-

1305 926 1366 954 ctat
1391 926 1419 953 et
1444 931 1502 964 pro
1527 926 1669 964 tempore
1693 920 1861 964 spectabit,
1887 919 2044 953 inviolabi-

1305 975 1375 1007 liter
1400 973 1572 1014 observari,
1595 973 1702 1018 sicque
1727 973 1757 1006 in
1782 972 1962 1016 praemissis
1988 982 2045 1017 per

1305 1038 1521 1071 quoscumque
1553 1026 1671 1060 iudices
1699 1026 1877 1060 ordinarios
1907 1031 1936 1061 et
1960 1026 2044 1060 dele-

1305 1085 1410 1124 gatos,
1435 1080 1529 1114 etiam
1559 1090 1724 1113 causarum
1749 1079 1855 1123 palatii
1881 1079 2044 1124 apostolici

1305 1134 1474 1177 auditores,
1489 1133 1620 1166 iudicari
1645 1139 1675 1166 et
1700 1132 1824 1166 definiri
1849 1132 1984 1174 debere,
2009 1143 2044 1166 ac

1307 1188 1429 1221 irritum
1462 1192 1492 1222 et
1524 1187 1632 1228 inane,
1666 1187 1690 1220 si
1721 1197 1811 1220 secus
1836 1186 2004 1230 superbis
2027 1197 2045 1219 a

1305 1252 1475 1285 quoquam,
1500 1240 1610 1284 quavis
1633 1240 1828 1280 auctoritate,
1846 1239 1979 1274 scienter
1998 1239 2044 1272 vel

1307 1295 1497 1338 ignoranter,
1511 1294 1679 1337 contigerit
1696 1294 1849 1327 attentari.

1349 1347 1406 1391 §3
1421 1348 1488 1381 Non
1509 1347 1705 1380 obstantibus
1723 1346 1997 1380 constitutionibus
2014 1352 2044 1380 et

1306 1400 1556 1434 ordinationibus
1581 1399 1770 1444 apostolicis,
1787 1410 1909 1433 necnon
1928 1399 2045 1443 primo-

1305 1454 1405 1488 dictae
1436 1453 1710 1497 congregationis,
1735 1453 1829 1486 etiam
1857 1453 2045 1494 iuramento,

1306 1507 1544 1541 confirmatione
1561 1507 1744 1551 apostolica,
1766 1507 1812 1540 vel
1829 1506 1938 1552 quavis
1949 1506 2045 1540 firmi-

1306 1567 1367 1594 tate
1391 1562 1450 1594 alia
1476 1560 1631 1594 roboratis
1646 1588 1653 1601 ‚
1679 1561 1800 1593 statutis
1825 1566 1855 1593 et
1879 1566 2044 1594 consuetu-

1306 1614 1430 1647 dinibus
1445 1641 1452 1655 ,
1476 1613 1649 1658 privilegiis
1682 1623 1830 1658 quoque,
1863 1613 1990 1646 indultis
2014 1618 2044 1646 et

1307 1669 1417 1701 litteris
1433 1667 1612 1712 apostolicis
1633 1667 1664 1699 in
1684 1667 1876 1700 contrarium
1896 1666 2044 1710 praemis-

1306 1732 1412 1755 sorum
1438 1720 1676 1765 quomodolibet
1697 1719 1860 1761 concessis,
1881 1719 2044 1753 confirma-

1307 1776 1344 1808 tis
1369 1780 1398 1808 et
1422 1774 1595 1814 innovatis;
1621 1773 1735 1817 quibus
1758 1773 1903 1806 omnibus
1928 1778 1957 1806 et
1981 1773 2044 1807 sin-

1306 1829 1408 1872 gulis,
1433 1829 1559 1862 illorum
1596 1833 1719 1860 tenores
1743 1826 1960 1870 praesentibus
1984 1837 2043 1871 pro

1307 1883 1397 1927 plene
1415 1888 1445 1916 et
1461 1882 1652 1915 sufficienter
1670 1881 1825 1925 expressis
1841 1891 1876 1913 ac
1893 1880 1931 1914 de
1949 1879 2044 1914 verbo

1306 1936 1342 1969 ad
1362 1936 1491 1968 verbum
1518 1934 1641 1968 insertis
1657 1934 1816 1975 habentes,
1837 1934 1897 1967 illis
1921 1933 1996 1967 alias
2013 1934 2044 1967 in

1307 2000 1364 2022 suo
1390 1988 1504 2022 robore
1524 1988 1748 2031 permansuris,
1766 1988 1824 2020 hac
1842 1987 1907 2020 vice
1927 1987 2045 2020 dumta-

1307 2048 1355 2075 xat
1387 2042 1564 2086 specialiter
1596 2047 1625 2074 et
1658 2051 1803 2085 expresse
1834 2040 2043 2084 de1·ogamus;

1305 2096 1480 2139 ceterisque
1505 2094 1670 2128 contrariis
1694 2094 1954 2138 quibuscumque.

1348 2148 1456 2181 Datum
1472 2148 1502 2180 in
1513 2149 1592 2180 Arce
1605 2147 1760 2189 Gandulfi,
1772 2146 1954 2180 Albanensis
1964 2145 2045 2180 dioe-

1305 2201 1394 2242 cesis,
1409 2200 1466 2235 sub
1485 2201 1600 2233 annulo
1615 2200 1790 2241 Piscatoris,
1808 2199 1857 2232 die
1874 2208 1950 2233 xvni
1970 2198 2043 2232 maii

1305 2264 1430 2296 Mncrvl,
1452 2254 1651 2298 pontificatus
1667 2254 1768 2287 nostri
1793 2263 1874 2287 anno
1891 2263 1922 2286 11.

1340 2316 1396 2343 Dat.
1419 2316 1461 2344 die
1481 2316 1514 2343 18
1534 2316 1598 2344 maii
1619 2316 1706 2351 1656,
1728 2315 1899 2351 pontificatus
1926 2323 1996 2342 anno
2015 2311 2042 2342 ti.

1645 2451 1701 2484 CV.

1305 2521 1493 2556 Commissio
1510 2522 1666 2565 episcopis
1694 2521 1894 2561 Catalom'ae‚
1907 2525 1943 2555 ut
1963 2521 2044 2555 dioe-

1347 2585 1474 2608 cesanos
1497 2585 1569 2608 suos
1594 2574 1762 2608 absolvant
1785 2585 1805 2607 a
1825 2576 1967 2608 censuris
1984 2584 2043 2618 per

1348 2638 1396 2661 eos
1424 2628 1562 2661 incursis
1584 2633 1717 2673 propter
1740 2627 1950 2662 violationem
1985 2629 2040 2661 iu-

2057 233 2103 260 Αη.
2120 233 2150 261 C«
2170 233 2233 263 1658

2071 799 2073 801 ι
2086 772 2196 793 Decretum
2212 772 2237 794 ir·

2058 801 2130 819 rimus.

2061 1355 2170 1376 Contraria
2178 1355 2235 1378 nouit.
