2185 3188
20 189 68 220 An.
83 186 111 214 C.
134 185 202 213 1656

51 1098 160 1119 Confirmat
184 1103 203 1117 e·

27 1125 136 1146 rectionem
146 1125 205 1145 Mon-

26 1151 52 1172 tis
73 1152 160 1172 Pietatis
185 1152 204 1171 in

27 1178 109 1199 civitate
117 1178 205 1198 Alexan-

27 1204 84 1226 <trina
120 1206 205 1230 provin-

27 1230 71 1252 cia·
105 1231 205 1252 Mediola-

29 1258 102 1278 nensis.

822 183 1009 206 ALEXANDER
1032 183 1076 206 vn
1100 183 1147 206 1³1³.

216 232 254 265 tis
278 232 402 265 Pietatis
428 232 560 265 civitatis
581 231 817 273 Alexandrinae,
833 232 975 275 provin-¹

216 285 280 318 ciae
305 285 552 327 Mediolanensis,
579 285 662 329 quod
683 285 768 326 alias,
787 295 858 318 cum
880 294 956 317 non-

215 338 291 371 nulli
328 338 410 371 cives
447 339 587 371 eiusdem
621 338 774 379 civitatis,
811 343 844 370 ut
874 337 957 370 illius

215 402 390 435 pauperum
417 392 612 425 subventioni
633 392 830 435 aliquatenus
848 401 957 424 consu-

216 446 335 486 lerent,
360 452 390 481 et
415 457 468 479 eos
493 447 531 479 ab
558 446 807 479 intolerabilibus
833 445 957 486 usuris,

217 499 332 542 quibus
357 500 395 532 ab
420 500 565 533 hebraeis
597 500 660 533 illic
689 499 959 533 commorantibus

218 553 419 594 vexabantur,
445 554 627 594 eximerent,
645 565 798 587 summam
824 559 959 597 quatuor

218 606 350 639 millium
377 613 538 641 scutorum
566 613 709 640 monetae
734 608 858 640 illarum
886 618 958 651 par-

218 659 311 702 tium,
338 660 384 693 vel
410 661 554 703 circiter,
580 667 612 693 ut
638 660 749 693 exinde
778 661 865 694 Mons
891 661 958 693 Pie—

218 714 288 745 tatis
313 714 350 746 ad
376 714 561 747 eorumdem
587 725 763 758 pauperum
790 715 960 748 commodi-

218 772 312 799 tatem
337 767 570 808 institueretur,
596 768 841 811 praestitissent,
867 778 959 801 vene-

218 820 325 852 rabilis
356 821 453 854 frater
489 821 654 865 episcopus
691 822 791 855 dictae
827 821 960 854 civitatis

218 874 352 906 Mentem
375 874 591 918 supradictum
617 876 675 908 sub
694 876 867 908 directione
886 885 960 908 con-

219 927 411 969 gregationis
436 928 597 971 sexaginta
622 929 847 972 primariorum
883 929 961 962 eius-

219 980 289 1013 dem
316 981 448 1014 civitatis
462 982 588 1023 civium,
601 983 690 1016 cuius
711 983 776 1026 ipse
794 982 961 1027 episcopus

220 1040 313 1077 caput
337 1045 405 1067 esse
429 1035 568 1077 deberet,
585 1037 693 1069 erexit.

264 1090 278 1129 ς’
303 1087 332 1120 2.
353 1088 428 1122 Cum
449 1095 565 1129 autem,
583 1090 663 1123 sicut
683 1091 790 1124 eadem
809 1091 962 1134 expositio

220 1140 438 1184 subiungebat,
455 1153 513 1186 pro
531 1143 687 1176 solutione
704 1144 891 1177 salariorum
908 1144 962 1177 rni-

220 1194 392 1228 nistrorum
418 1196 529 1228 Montis
554 1196 747 1238 huiusmodi,
771 1198 825 1241 qui
849 1198 962 1241 pigno-

221 1258 303 1288 rum,
320 1248 484 1291 librorum,
507 1250 703 1293 aliarumque
730 1261 837 1283 rerum
863 1251 962 1294 ipsius

221 1302 332 1335 Montis
357 1313 466 1335 curam
491 1310 626 1346 gerunt,
653 1314 775 1337 necnon
800 1305 962 1348 pensionis

221 1354 355 1397 domus,
381 1356 433 1389 ubi
458 1356 510 1389 illa
535 1357 777 1401 custodiuntur,
806 1358 962 1401 aliquibus

223 1409 366 1452 expensis
385 1420 463 1453 opus
480 1411 528 1451 sit,
547 1422 693 1454 cumque,
714 1422 753 1444 ne
773 1411 855 1445 idem
876 1412 963 1445 Mons

222 1461 425 1503 diminuatur,
450 1463 609 1507 impensas
635 1465 817 1498 huiusmodi
835 1464 873 1499 ab
892 1466 962 1506 illis,

222 1516 276 1559 qui
301 1517 448 1560 pecunias
473 1528 490 1549 a
514 1517 597 1551 dicto
622 1519 725 1552 Monte
743 1525 867 1553 mutuas
887 1521 964 1554 acci-

222 1569 322 1612 piunt,
341 1572 494 1614 praestari
515 1577 667 1615 oportea13
685 1573 776 1606 nobis
794 1578 964 1617 propterea

222 1622 316 1656 iidem
342 1629 532 1668 exponentes
553 1625 715 1659 humiliter
734 1626 905 1670 supplicari
924 1627 966 1660 fe-

223 1683 351 1719 cerunt,
377 1684 410 1711 ut
434 1678 493 1711 sibi
518 1679 549 1711 in
574 1680 754 1723 praemissis
786 1686 964 1724 opportune

222 1731 391 1774 providere
415 1738 445 1765 et
471 1738 503 1765 ut
529 1733 612 1766 infra
637 1733 799 1777 indulgere
818 1734 856 1767 de
881 1734 965 1767 beni-

223 1785 339 1827 gnitate
352 1787 524 1830 apostolica
542 1787 758 1831 dignaremur.
777 1788 839 1821 Nos
857 1789 964 1831 igitur,

224 1838 310 1882 ipsos
334 1846 526 1884 exponentes
551 1841 739 1885 specialibus
757 1842 918 1875 favoribus
936 1847 965 1875 et

223 1892 333 1934 gratiis
358 1894 507 1938 prosequi
533 1895 683 1936 volentes,
708 1902 738 1928 et
760 1906 870 1929 eorum
896 1896 961 1929 sin-

224 1946 349 1988 gulares
373 1958 524 1991 personas
549 1959 566 1981 a
590 1949 752 1993 quibusvis
781 1959 964 1983 excommu-

224 1999 399 2041 nicationis,
425 2001 638 2045 suspensionis
656 2008 686 2035 et
703 2002 870 2044 interdicti,
884 2003 965 2036 aliis-

224 2064 284 2097 que
309 2054 528 2088 ecclesiasticis
552 2056 735 2097 sententiis,
770 2057 910 2090 censuris
936 2062 965 2090 ct

224 2109 343 2151 poenis,
365 2120 381 2141 a
400 2109 467 2142 iure
493 2111 538 2143 vel
564 2111 601 2143 ab
627 2111 765 2153 homine,
787 2111 894 2155 quavis
912 2122 964 2144 oc-

225 2162 349 2195 rasione
372 2164 417 2195 vet
443 2166 537 2197 causa
562 2165 641 2205 latis,
662 2166 686 2197 si
706 2165 820 2208 quibus
837 2176 966 2208 quomo-

224 2215 341 2250 dolibet
375 2217 539 2250 innodatae
572 2218 731 2259 existunt,
756 2219 794 2251 ad
820 2218 964 2252 css'ectum

225 2271 435 2311 praesentium
449 2270 611 2304 dumtaxat
631 2272 898 2315 consequendum,
917 2272 967 2305 lia-

226 2333 295 2355 rmn
320 2324 400 2356 serie
425 2324 637 2367 absolventes,
663 2331 692 2358 ct
716 2326 874 2359 absolutas
898 2326 965 2359 fore

226 2382 398 2418 censentes,
425 2378 604 2411 huiusmodi
625 2379 906 2423 supplicationibus
925 2379 966 2412 in-

225 2431 352 2472 clinati,
383 2432 572 2465 erectionem
605 2433 734 2476 praefati
764 2433 874 2466 Montis
899 2433 966 2466 Pie-

227 2487 313 2529 tatis,
340 2492 372 2519 ut
396 2487 607 2530 praemittitur
632 2488 760 2527 iactam,
794 2487 965 2530 apostolica

226 2541 418 2581 ain-toritate,
439 2546 546 2574 tenore
562 2541 783 2583 praesentium,
802 2540 983 2590 confirma—V

227 2605 295 2627 inus
320 2601 349 2626 et
373 2595 604 2638 approbaums,
641 2594 744 2637 illique
780 2593 983 2627 inviolabilis

1640 171 1705 204 149

992 231 1184 274 apostolicae
1209 230 1365 264 firmitatis
1391 230 1488 263 robur
1505 228 1681 269 aduc-imus,
1699 239 1734 261 ac

992 293 1100 316 omnes
1125 288 1154 316 et
1179 284 1320 326 singulos
1342 284 1419 316 iuris
1440 289 1469 316 et
1487 283 1558 315 sacti
1583 282 1734 322 desectus,

993 336 1016 369 si
1042 337 1095 380 qui
1125 336 1260 380 desuper
1292 336 1528 380 quomodolibet
1558 336 1734 368 intervene-

994 390 1064 431 rint,
1079 390 1272 433 supplemus.
1290 390 1454 423 Praeterea
1467 389 1549 433 quod
1565 389 1602 422 de
1619 395 1735 429 cetero,

994 443 1113 477 ratione
1138 454 1245 476 rerum
1272 454 1348 487 quas
1381 443 1409 475 in
1441 443 1523 476 dicto
1550 443 1652 476 Monte
1677 453 1735 486 pro

995 502 1137 540 tempore
1150 496 1263 540 deponi
1279 496 1456 538 contigerit,
1467 507 1589 528 summa
1599 496 1734 528 duorum

994 556 1155 584 scutorum
1181 561 1239 594 pro
1259 550 1401 594 quolibet
1419 550 1610 589 centenario,
1625 550 1650 582 si
1670 555 1733 582 tau-

995 604 1132 637 tumdem
1159 615 1217 647 pro
1241 603 1398 637 solvendis
1425 604 1572 647 impensis
1589 604 1736 646 praefatis

994 657 1053 690 erit
1077 657 1305 697 necessarium,
1331 657 1450 700 percipi
1478 660 1507 689 et
1532 656 1613 698 exigi
1639 656 1736 688 libere

994 714 1023 744 et
1047 711 1130 743 licite
1155 711 1254 754 possit
1278 716 1308 743 et
1333 710 1452 749 valeat,
1485 710 1658 753 apostolica
1683 721 1736 742 au-

995 765 1149 805 ctoritate,
1166 770 1273 797 tenore
1291 764 1514 807 praesentium,
1534 763 1737 796 concedimus

995 823 1025 850 et
1049 817 1259 860 indulgemus.

1039 872 1054 915 g
1074 870 1103 904 3.
1129 872 1338 905 Decernentcs
1352 876 1534 915 praesentes
1551 871 1671 904 litteras
1688 871 1739 904 fir-

996 935 1072 963 mas,
1099 925 1214 958 validas
1239 930 1269 958 et
1294 925 1436 958 efficaces
1457 924 1591 957 existere
1613 929 1643 957 et
1661 924 1737 965 fore,

996 990 1132 1023 suosque
1168 979 1327 1023 plenarios
1363 984 1393 1012 et
1433 978 1572 1021 integros
1612 978 1741 1012 effectus

996 1033 1102 1066 sortiri
1138 1039 1168 1066 et
1203 1032 1367 1075 obtinere,
1403 1043 1439 1066 ac
1468 1032 1552 1066 dicto
1582 1032 1677 1066 Monti
1710 1033 1741 1064 in

997 1087 1143 1120 omnibus
1169 1092 1198 1119 et
1222 1097 1280 1130 per
1304 1086 1410 1120 omnia
1431 1086 1612 1130 plenissime
1633 1085 1742 1119 suffra-

997 1141 1075 1183 gari,
1093 1141 1199 1184 sicque
1211 1140 1241 1173 in
1255 1140 1439 1184 praemissis
1453 1151 1509 1184 per
1523 1151 1740 1184 quoscumque

999 1194 1116 1228 iudices
1141 1193 1318 1228 ordinarios
1333 1199 1361 1227 et
1375 1193 1545 1237 delegatos,
1560 1194 1653 1226 etiam
1669 1204 1740 1226 cau-

998 1258 1103 1280 sarum
1122 1247 1227 1291 palatii
1245 1247 1410 1291 apostolici
1424 1247 1594 1288 auditores,
1609 1247 1739 1280 iudicari

998 1306 1027 1333 ct
1050 1300 1175 1333 definiri
1199 1300 1331 1340 debere,
1357 1311 1392 1334 ac
1418 1300 1544 1333 irritum
1569 1305 1599 1333 et
1624 1300 1738 1339 inane,

998 1354 1022 1386 si
1051 1364 1140 1387 secus
1171 1365 1266 1398 super
1291 1354 1339 1387 liis
1370 1365 1387 1386 a
1420 1364 1601 1398 quoquam,
1633 1354 1742 1398 quavis

997 1408 1193 1450 auctoritate,
1219 1408 1354 1441 scienter
1375 1408 1421 1441 vel
1447 1408 1639 1451 ignoranter,
1666 1418 1740 1441 con-

1000 1462 1104 1504 tigerit
1128 1462 1283 1496 attentari.

1043 1516 1057 1559 ξ
1074 1515 1104 1548 4.
1122 1516 1190 1549 Non
1210 1515 1406 1549 obstantibus
1420 1515 1699 1549 constitutionibus
1713 1522 1741 1549 et

999 1569 1251 1603 ordinationibus
1283 1570 1481 1614 apostolicis,
1507 1580 1560 1609 ac,
1586 1576 1741 1613 quatenus

999 1634 1077 1667 opus
1102 1624 1151 1664 sit,
1175 1624 1249 1657 dicti
1275 1624 1407 1664 Montis,
1432 1624 1525 1657 etiam
1552 1624 1739 1665 iuramento,

999 1678 1237 1711 confirmatione
1262 1678 1453 1722 apostolica,
1481 1678 1526 1710 vel
1552 1677 1660 1721 quavis
1686 1678 1741 1710 fir-

1001 1731 1107 1764 mitate
1131 1731 1191 1764 alia
1218 1722 1384 1772 roboratis,
1409 1731 1531 1765 statutis
1557 1737 1587 1764 et
1611 1741 1742 1765 consue-

1001 1785 1181 1826 tudinibus,
1207 1784 1383 1828 ceterisque
1415 1785 1583 1818 contrariis
1612 1784 1741 1828 quibus·

1000 1850 1144 1882 cumque.

1043 1894 1154 1927 Datum
1180 1894 1308 1934 Rornae,
1333 1893 1415 1937 apud
1441 1894 1469 1925 S.
1496 1893 1624 1926 Mariam
1650 1893 1742 1926 Maio<

1001 1959 1078 1988 rein,
1097 1947 1153 1980 sub
1165 1947 1280 1981 annulo
1291 1947 1468 1987 piscatoris,
1479 1947 1528 1980 die
1543 1956 1619 1980 xx1v
1633 1947 1742 1990 aprilis

1000 2012 1126 2044 uncum,
1152 2001 1352 2046 pontificatus
1379 2001 1478 2034 nostri
1503 2011 1585 2034 anno
1611 2011 1641 2033 ιι.

1037 2066 1096 2091 Dat.
1114 2064 1156 2091 die
1172 2065 1206 2091 ⁰24
1221 2064 1314 2099 aprilis
1333 2064 1409 2095 1656,
1426 2064 1519 2098 pontif.
1540 2072 1610 2090 anno
1626 2070 1654 2090 11.

1317 2210 1427 2243 XCVII.

1001 2289 1190 2332 Snppressia
1217 2288 1483 2331 Conqreyati'om's
1514 2287 1742 2319 canonicorum

1047 2341 1252 2384 tepidarium
1277 2342 1308 2373 S.
1338 2341 1480 2384 Spiritus
1506 2339 1720 2372 Veneeiarnm.

1196 2421 1364 2449 Alexander
1385 2421 1463 2454 Papa
1484 2421 1545 2453 VII,

1125 2468 1158 2492 ad
1180 2469 1357 2499 perpetuam
1378 2465 1423 2492 rei
1440 2465 1622 2492 memoriam.

1043 2539 1117 2571 Cum
1155 2537 1192 2570 sit
1228 2542 1425 2580 compertum
1455 2536 1741 2579 Congregationem

1000 2593 1222 2625 santonicorum
1251 2591 1443 2633 regularium
1471 2592 1499 2622 S.
1526 2591 1662 2633 Spiritus
1689 2590 1743 2621 Ye-

1751 179 1800 205 An.
1822 179 1848 205 C.
1869 179 1934 206 1656

1766 910 1769 913 b
1785 883 1896 903 Decretum
1913 888 1937 902 tt·-

1755 913 1828 930 filaus.

1758 1524 1867 1546 contraria
1880 1525 1939 1545 tollit,

1784 2540 1872 2561 Muti-ra,
