2243 3205
319 226 368 253 An.
387 226 415 252 c.
433 226 499 253 ¹658
543 216 608 249 360

516 274 649 307 aliorum
685 274 722 306 ad
750 274 777 307 id
812 274 1034 319 requisitorum
1069 275 1256 307 instrumen-

518 327 571 368 tis,
608 333 637 359 et
673 327 801 371 praevia
838 328 959 360 matura
996 338 1107 361 causae
1145 328 1253 370 cogni-

517 379 600 412 tione
636 380 663 412 in
697 385 804 413 nostro
839 380 1025 414 consistorio
1059 386 1200 420 secreto,
1225 385 1255 412 et

516 432 574 464 sub
605 433 692 465 bulla
729 433 937 466 consistoriali
972 433 1099 467 concedi
1135 438 1164 465 ct
1200 443 1252 465 ex-

515 484 614 529 pediri
641 486 852 527 consueverit,
878 486 1101 527 nihilominus,
1127 496 1252 519 omnem

516 538 546 571 in
572 539 752 583 praemissis
777 539 955 583 ambigendi
982 539 1143 572 materiam
1163 549 1252 582 prae-

515 591 629 632 cidere,
640 596 839 637 mentemque
854 593 1095 626 etintentionem
1114 596 1252 626 nostram

514 645 615 688 palam
634 645 735 679 faeere
760 647 909 686 volentes,
930 646 1135 689 omniumque
1150 650 1179 677 et
1196 645 1254 677 sin-

514 699 661 741 gulorum
684 699 942 743 praemissorum,
968 709 1002 732 ae
1028 708 1252 742 quorumcum-

514 762 576 795 que
600 752 733 785 aliorum
753 757 878 785 actuum
894 758 924 786 ct
938 752 1131 786 functionum
1153 751 1253 784 hacte-

514 814 570 837 nus
596 809 624 837 et
652 804 798 849 deinceps
823 806 1097 850 quandocumque,
1114 804 1254 837 ubicum-

514 868 574 902 que
600 862 630 892 et
654 859 952 903 quomodocumque
978 869 993 891 a
1018 858 1110 891 nobis
1136 863 1165 890 et
1185 857 1252 890 aliis

513 911 776 956 quibuscumque,
791 913 1017 956 cuiuscumque
1028 911 1197 955 qualitatis,
1211 911 1253 943 di-

513 964 648 1007 gnitatis,
659 966 751 997 etiam
767 965 1005 1005 ecclesiasticae,
1015 968 1122 1005 status,
1136 955 1252 1007 gradus

515 1021 544 1048 et
576 1016 763 1050 conditionis
793 1022 823 1049 et
852 1016 1013 1049 individua
1045 1016 1247 1060 expressione

513 1068 626 1112 digna¹
645 1069 805 1102 extiterint
822 1075 851 1103 et
867 1080 925 1113 pro
948 1074 1089 1113 tempore
1109 1069 1251 1110 existant,

513 1122 605 1154 etiam
627 1121 664 1154 de
689 1123 836 1156 mandato
862 1127 970 1156 nostro
988 1127 1017 1155 et
1041 1122 1116 1155 alias
1141 1122 1251 1166 quovis

513 1175 607 1208 modo
641 1180 701 1208 tam
728 1186 798 1208 cum
824 1175 934 1209 eodem
960 1175 1120 1219 Leopoldo
1153 1175 1252 1208 electo

513 1239 607 1273 quam
623 1239 692 1261 cum
709 1229 848 1262 eiusdem
860 1229 1007 1273 Leopoldi
1022 1229 1110 1261 electi
1126 1233 1251 1262 oratore

512 1288 542 1315 et
556 1282 735 1315 oratoribus
748 1292 782 1315 ac
797 1282 948 1315 ministris
963 1281 1056 1314 etiam
1071 1281 1101 1313 in
1111 1281 1251 1314 Romana

513 1336 601 1368 curia
625 1336 778 1368 sactorum
805 1340 835 1368 et
859 1335 1074 1368 faciendorum
1090 1362 1097 1375 ,
1127 1339 1157 1367 et
1181 1334 1251 1367 inde

513 1394 718 1432 sequutorum
734 1393 763 1421 et
775 1392 1032 1432 sequuturorum,
1051 1389 1250 1432 aliorumque

512 1444 562 1476 liic
588 1443 691 1476 forsan
716 1443 995 1487 exprimendorum
1018 1448 1047 1475 et
1072 1442 1251 1475 inserendo-

513 1507 593 1537 rum,
604 1497 695 1530 etiam
711 1496 892 1541 particulari
903 1496 1061 1529 mentione
1071 1496 1250 1539 dignorum,

512 1555 646 1590 tenores,
664 1550 913 1583 circumstantias
928 1554 957 1582 et
978 1549 1131 1592 quaslibet
1144 1548 1250 1591 singu-

513 1604 662 1645 laritates,
681 1604 773 1636 etiam
795 1604 930 1637 maiores
950 1608 980 1636 et
998 1603 1146 1644 veriorcS,
1160 1613 1248 1647 prae·

512 1657 652 1691 sentibus
677 1669 734 1702 pro
759 1658 849 1702 plene
875 1657 1031 1702 expressis
1064 1661 1094 1690 et
1126 1657 1251 1690 insertis

512 1711 671 1752 habentes,
686 1717 771 1745 motu
790 1711 931 1755 proprio,
950 1716 979 1744 et
999 1721 1034 1744 ex
1053 1712 1137 1744 certa
1156 1711 1252 1744 scien-

512 1765 563 1805 tia,
588 1776 623 1798 ac
649 1767 769 1798 matura
796 1765 1020 1798 deliberatione
1044 1764 1170 1803 nostris,
1191 1764 1248 1797 de-

511 1829 572 1863 que
607 1819 797 1863 apostolieae
836 1818 998 1863 potestatis
1034 1818 1250 1862 plenitudine,

511 1872 721 1916 praesentium
744 1872 825 1905 serie
841 1877 1036 1911 attestamur,
1054 1871 1251 1904 declaramus

512 1930 541 1957 et
565 1925 764 1958 decernimus
781 1928 905 1958 nostrae
931 1924 1053 1965 mentis,
1071 1923 1250 1956 intentionis

512 1983 542 2011 et
559 1978 726 2011 voluntatis
744 1978 1009 2012 incommutabilis
1034 1987 1159 2021 semper
1180 1977 1250 2010 fuis-

513 2043 543 2064 se
569 2037 598 2064 et
624 2042 708 2072 esse,
733 2042 769 2065 ac
789 2031 936 2075 deinceps
954 2031 1030 2071 fore,
1056 2040 1114 2075 per
1139 2040 1249 2063 omnes

513 2090 542 2117 et
565 2084 707 2127 singulos
731 2088 826 2127 actus,
845 2084 1028 2124 functiones,
1043 2084 1249 2127 receptiones,

513 2138 743 2181 recognitiones
778 2144 808 2171 et
846 2142 995 2171 tractatus
1034 2146 1250 2181 quoscumque

513 2192 619 2233 verbo,
636 2191 773 2236 scriptis,
788 2191 879 2223 etiam
906 2202 963 2235 per
987 2191 1106 2224 litteras
1130 2195 1251 2234 aposto-

512 2246 587 2279 licas
608 2245 665 2279 sub
682 2245 811 2289 plumbo
828 2255 864 2277 ac
881 2245 910 2277 in
936 2245 1038 2278 forma
1062 2244 1168 2277 Brevis
1192 2244 1250 2277 sub

512 2299 628 2332 annulo
652 2299 817 2331 Piscatoris
841 2302 870 2332 et
895 2298 1045 2340 missivas,
1070 2307 1105 2330 ac
1130 2297 1209 2330 sacto
1234 2307 1251 2330 a

512 2352 602 2385 nobis
627 2356 657 2385 et
682 2352 856 2396 respective
880 2361 896 2383 a
914 2351 1029 2384 dilecto
1050 2351 1114 2384 silio
1142 2354 1251 2384 nostro

513 2405 638 2438 Flavio⁹
658 2405 737 2438 tituli
755 2406 784 2439 S.
802 2404 916 2438 Mariae
933 2404 971 2437 (le
989 2405 1108 2448 Populo
1125 2404 1154 2437 S.
1169 2405 1202 2437 R.
1218 2404 1249 2436 E.

513 2459 695 2503 presbytero
709 2457 867 2490 cardinale
883 2457 986 2490 Cliisio
1004 2462 1252 2501 nuncupato,no-

514 2517 578 2544 stro
595 2512 765 2544 secundum
784 2521 908 2543 carnem
928 2521 962 2543 ex
989 2510 1084 2544 fratre
1100 2520 1252 2554 germano

552 2584 562 2609 1
587 2582 676 2608 Potius
696 2582 754 2617 lege
774 2582 856 2616 cli'qnz'
871 2582 913 2609 vel
929 2582 1034 2616 dignae
1049 2581 1143 2616 (ἥκῃ).

550 2626 566 2655 2
586 2627 633 2654 Ed.
652 2626 729 2653 Main.
748 2626 811 2661 legit
827 2627 923 2654 Flavis
935 2626 974 2661 (n.
991 2626 1037 2660 Τ.).

1098 226 1274 251 BULLARIUM
1300 225 1453 250 ROMANUM

1288 279 1410 317 nepote,
1436 273 1592 318 totiusque
1616 273 1719 307 Status
1743 275 1841 307 nostri
1867 275 2023 307 Ecclesia-

1288 327 1354 360 stici
1379 338 1414 360 ac
1434 337 1707 370 quorumcumque
1727 331 1907 360 nostrorum
1931 331 1959 361 et
1977 327 2026 361 Se—

1287 380 1334 412 dis
1359 380 1555 423 Apostolicae
1578 380 1777 423 negotiorum
1807 380 1945 423 generali
1974 391 2025 412 su-

1287 432 1535 476 perintendente‚
1549 438 1577 465 et
1591 443 1607 465 a
1621 443 1820 476 quocumque
1836 432 1896 465 alio
1909 432 1938 465 S.
1949 433 1982 466 R.
1992 433 2024 466 E.

1287 486 1453 530 cardinale,
1472 487 1562 520 etiam
1581 486 1618 520 de
1635 487 1733 519 latere
1749 486 1862 530 legato,
1878 496 1914 519 ae
1932 486 2025 519 etiam

1286 550 1303 572 a
1327 539 1449 573 nunciis
1473 540 1674 584 apostolicis,
1701 540 1793 572 etiam
1825 539 1908 583 apud
1940 549 2026 572 eum-

1287 592 1356 625 dem
1391 593 1583 637 Leopoldum
1620 593 1751 626 electum
1787 602 1871 625 nunc
1906 595 1936 626 et
1966 602 2026 636 pro

1287 651 1428 689 tempore
1453 645 1580 679 nomine
1604 650 1712 679 nostro
1733 650 1762 678 et
1786 644 1874 678 Sedis
1898 645 2026 689 Aposto-

1286 698 1363 731 licae
1377 698 1598 739 residentibus,
1609 704 1639 731 et
1656 709 1672 731 a
1689 698 1942 742 quibuscumque
1956 696 2025 730 aliis

1286 752 1402 785 nostris
1427 757 1456 785 et
1475 751 1562 786 Sedis
1587 751 1765 796 praedictae
1790 750 1976 784 officialibus
1996 755 2026 783 et

1287 804 1437 837 ministris
1462 804 1653 849 ubicumque
1679 803 1903 845 residentibus,
1931 803 2025 836 etiam

1286 856 1445 890 individua
1463 857 1621 891 mentione
1639 857 1751 901 dignis,
1765 857 1857 890 etiarn
1879 856 1917 889 de
1938 866 2025 889 man-

1286 910 1358 944 dato
1383 913 1491 944 nostro
1524 910 1807 955 quandocumque,
1832 909 2025 953 ubicumque

1286 969 1315 997 et
1339 963 1636 1008 quomodocumque
1669 964 1765 997 factos
1804 968 1834 997 et
1864 963 1970 1004 sactaS,
1995 967 2026 996 et

1285 1030 1343 1063 pro
1368 1023 1510 1063 tempore
1535 1017 1692 1052 faciendos
1725 1022 1755 1051 et
1790 1016 1964 1057 faciendas,
1989 1026 2025 1049 ac

1286 1072 1357 1105 inde
1382 1077 1513 1116 sequuta
1537 1078 1567 1105 et
1591 1076 1762 1115 sequutura
1786 1080 2024 1115 quaecumque,

1285 1125 1378 1157 etiam
1404 1125 1549 1168 pluribus
1581 1124 1701 1158 vicibus
1726 1124 1873 1164 iteratos,
1898 1123 2025 1156 iteratas

1286 1182 1315 1210 et
1340 1178 1459 1218 iterata,
1485 1176 1538 1210 ac¹
1565 1176 1710 1210 effectum
1736 1176 1873 1218 sortitos,
1898 1174 2025 1208 sortitas

1286 1236 1315 1264 et
1340 1230 1458 1272 sortita,
1484 1235 1699 1275 quotcumque
1729 1234 1758 1263 et
1783 1229 2025 1274 qualiacumque

1285 1285 1347 1317 sint
1371 1290 1400 1317 et
1424 1295 1482 1328 pro
1508 1288 1650 1327 tempore
1674 1283 1808 1324 suerint,
1833 1282 1927 1316 etiam
1952 1293 2024 1315 cum

1285 1343 1410 1371 oratore
1436 1343 1466 1370 et
1490 1337 1669 1370 oratoribus
1699 1347 1782 1369 nunc
1813 1340 1842 1369 et
1866 1336 1897 1368 in
1921 1340 2024 1380 poste-

1285 1401 1354 1423 rum
1393 1390 1486 1423 etiam
1523 1389 1605 1433 apud
1640 1400 1696 1422 nos
1727 1389 1938 1432 Sanctamque
1973 1388 2025 1421 Se-

1285 1443 1354 1476 dem
1372 1443 1564 1487 praedictam
1579 1442 1705 1475 nomine
1719 1441 1859 1474 eiusdem
1873 1440 2024 1485 Leopoldi

1285 1496 1376 1529 etiam
1403 1496 1447 1529 uti
1472 1496 1686 1529 Romanorum
1708 1495 1909 1539 imperatoris
1934 1494 2023 1528 electi

1285 1559 1342 1593 pro
1360 1554 1502 1593 tempore
1523 1548 1680 1582 residente
1702 1552 1731 1582 et
1751 1548 1970 1589 residentibus,
1988 1558 2024 1581 ac

1285 1614 1355 1636 cum
1382 1603 1634 1647 quibuscumque
1659 1602 1726 1635 aliis
1751 1601 1849 1646 ipsius
1874 1601 2024 1646 Leopoldi

1285 1657 1373 1690 electi
1395 1655 1580 1689 officialibus
1605 1660 1635 1688 et
1658 1655 1822 1695 ministris,
1841 1660 2025 1698 procurato-

1285 1710 1372 1743 ribus
1389 1714 1419 1744 et
1435 1709 1728 1753 plenipotentiariis,
1738 1709 1846 1752 quavis
1860 1708 2024 1742 occasione

1285 1769 1314 1797 et
1339 1765 1444 1803 causa,
1458 1763 1549 1795 etiarn
1568 1763 1689 1795 ratione
1705 1762 1839 1795 foederis
1866 1762 2025 1795 universa-

1285 1817 1331 1857 lis,
1355 1827 1391 1850 ac
1416 1816 1605 1849 defensionis
1630 1821 1659 1848 et
1689 1814 1926 1859 propagationis
1951 1814 2023 1847 fidei

1285 1870 1466 1910 catholicae,
1484 1875 1511 1902 et
1526 1869 1634 1913 quavis
1652 1868 1711 1901 alia
1730 1869 1822 1901 etiam
1841 1867 2022 1912 particulari

1285 1923 1485 1968 expressione
1510 1923 1615 1966 digna,
1633 1923 1786 1955 hactenus
1811 1926 1841 1954 et
1865 1932 1924 1965 pro
1949 1926 2024 1954 tem-

1284 1986 1361 2021 pore
1381 1977 1469 2019 facta,
1488 1980 1619 2009 tractata
1639 1980 1668 2008 et
1693 1980 1790 2018 gesta,
1809 1974 2023 2019 faciendaque,

1284 2030 1444 2063 tractanda
1469 2033 1499 2063 et
1523 2029 1676 2072 gerenda,
1702 2039 1823 2062 necnon
1854 2038 1910 2072 per
1935 2039 2024 2072 quas-

1284 2093 1418 2127 cumque
1454 2082 1745 2125 denominationes,
1781 2082 2022 2126 inscriptiones,

1284 2137 1518 2181 appellationes,
1533 2135 1782 2179 nuncupationes
1798 2140 1827 2168 et
1851 2134 2023 2168 narrativas

1285 2191 1315 2223 in
1340 2191 1477 2223 savorem
1502 2189 1652 2233 praedicti
1686 2188 1833 2232 Leopoldi
1859 2189 1889 2220 in
1915 2198 2022 2231 regem

1285 2245 1498 2277 Romanorum
1525 2243 1664 2275 futurum
1691 2242 1913 2285 imperatorem
1933 2241 2022 2274 electi

1284 2307 1342 2340 per
1366 2306 1582 2340 quoscumque
1600 2295 1692 2329 etiam
1717 2294 1844 2328 nomine
1868 2298 1975 2326 nostro
1992 2299 2022 2326 et

1285 2349 1482 2394 Apostolicae
1500 2348 1597 2390 Sedis,
1616 2358 1650 2381 ac
1670 2347 1762 2380 etiam
1782 2357 1839 2391 per
1863 2357 1929 2388 nOS,
1947 2356 2022 2391 quo-

1286 2403 1457 2437 modolibet
1470 2403 1564 2435 saetas
1579 2407 1608 2434 et
1624 2412 1683 2446 pro
1698 2407 1838 2445 tempore
1856 2400 2021 2441 faciendas,

1285 2457 1372 2489 illum
1398 2455 1490 2489 etiam
1523 2465 1630 2498 regem
1662 2455 1875 2487 Romanorum
1901 2453 1931 2486 in
1957 2453 2020 2486 im-

1284 2515 1461 2554 peratorem
1488 2509 1620 2542 electum
1642 2507 1843 2552 appellando,
1867 2517 1903 2539 ac
1927 2505 2020 2539 etiam

1285 2574 1342 2607 per
1355 2571 1587 2606 quamcumque
1601 2561 1735 2595 oratoris
1759 2566 1789 2594 et
1804 2565 1964 2593 oratorum
1982 2559 2020 2592 ad

1324 2627 1329 2650 1
1355 2625 1420 2651 Male
1440 2625 1504 2652 edit.
1525 2625 1602 2652 lllain.
1625 2624 1689 2659 legit
1703 2624 1741 2651 acl
1756 2632 1804 2660 pro
1820 2632 1854 2650 ac
1872 2623 1908 2657 (a.
1925 2623 1973 2652 TA.

2042 225 2091 254 An.
2108 225 2137 254 C.
2155 226 2218 258 ¹658
