2243 3205
48 196 97 225 An.
119 195 149 224 C.
167 195 232 223 1661

72 1267 219 1294 Tra-:sumptu-

37 1300 81 1316 rum
95 1294 153 1315 fides.

7 1928 11 1949 1,
8 1884 11 1899 -
1 1382 11 1874 --—-—.—---r—-e—-———n—-——

845 193 1032 218 ALEXANDER
1055 193 1100 218 vn
1124 194 1171 218 PP-

243 242 394 286 quaesito,
409 242 541 286 aliisque
558 242 705 275 omnibus
719 246 748 275 et
762 242 893 284 singulis
910 242 981 282 illis,

242 307 323 340 quae
357 301 551 329 memoratus
582 296 725 330 Urbanus
757 295 983 340 praedecessor

241 349 273 382 in
287 349 351 382 suis
369 349 480 383 litteris
494 349 640 393 praefatis
655 350 752 383 voluit
765 359 829 382 non
842 349 981 389 obstare;

241 401 355 445 quibus
381 402 528 436 omnibus
554 407 583 436 et
607 402 756 445 singulis,
779 402 900 435 etiamsi
924 413 982 446 pro

241 455 368 488 illorum
406 456 572 489 sufficienti
607 456 813 499 derogatione
847 456 885 489 de
921 456 982 488 illis

241 519 415 553 eorumque
451 510 522 543 totis
556 510 717 543 tenoribus
749 510 903 553 specialis,
927 520 981 542 ex-

239 573 348 606 pressa
373 568 403 595 et
426 563 597 603 individua,
622 573 658 596 ac
678 563 716 595 de
741 563 838 596 verbo
856 563 894 595 ad
915 573 982 595 ver-

239 614 324 657 bum,
349 625 413 648 non
437 621 541 648 autem
567 627 623 659 per
637 616 793 649 clausulas
818 617 980 659 generales

239 667 323 701 idem
358 668 586 712 imponantes,
613 669 730 702 mentio
767 680 822 702 seu
853 669 981 713 quaevis

240 722 300 754 alia
331 722 494 765 expressio
523 722 669 755 habenda
702 728 754 755 aut
785 723 889 766 aliqua
921 723 981 755 alia

238 775 391 819 exquisita
415 776 518 808 forma
542 776 579 808 ad
604 776 664 809 hoc
693 776 845 809 servanda
881 776 979 817 soret,

237 829 365 863 illorum
402 835 549 872 tenores,
582 830 698 863 formas
734 836 763 862 et
799 830 980 863 occasiones

235 884 455 927 praesentibus
494 895 552 928 pro
593 885 684 928 plene
721 889 751 917 et
787 884 980 917 sufficienter

235 947 271 969 ac
303 937 341 970 de
373 937 470 970 verbo
503 937 540 970 ad
566 938 718 979 verbum,
752 938 831 970 nihil
855 937 978 981 penitus

235 991 364 1032 omisso,
390 991 528 1031 insertis,
552 991 682 1025 servatis
703 997 733 1024 et
754 991 912 1035 expressis
934 1003 979 1024 re-

235 1044 374 1088 spective
391 1044 550 1086 habentes,
569 1045 629 1077 illis
642 1045 717 1077 alias
739 1045 769 1076 in
788 1055 843 1078 suo
862 1044 978 1077 robore

235 1097 462 1141 permansuris,
476 1098 534 1131 hac
559 1098 625 1131 vice
650 1098 822 1138 dumtaxat,
852 1098 974 1141 specia-

235 1151 307 1183 liter
331 1156 361 1184 et
385 1162 534 1195 expresse
566 1151 774 1194 derogamus;
801 1151 976 1195 ceterisque

235 1204 401 1237 contrariis
427 1204 691 1248 quibuscumque.

279 1258 294 1301 §
327 1257 358 1290 4.
397 1258 547 1291 Volumus
582 1263 685 1290 autem
724 1263 757 1290 ut
793 1258 975 1291 earumdem

233 1311 446 1355 praesentium
461 1312 637 1345 litterarum
652 1312 867 1355 transumptis,
882 1312 975 1345 etiam

234 1364 418 1408 impressis,
443 1375 538 1397 manu
562 1365 694 1398 alicuius
718 1365 831 1398 notarii
857 1365 974 1409 publici

234 1417 435 1461 subscriptis,
460 1423 490 1451 et
513 1418 617 1461 sigillo
642 1429 795 1462 personae
820 1418 851 1450 in
876 1419 974 1451 eccle-

232 1470 356 1504 siastica
380 1471 531 1514 dignitate
556 1472 743 1505 constitutae
769 1472 907 1513 munitis,
926 1483 974 1504 ea-

233 1525 304 1558 dem
329 1535 461 1568 prorsus
476 1524 555 1558 fides
580 1525 699 1568 ubique
729 1528 790 1558 tam
810 1525 839 1556 in
858 1525 974 1558 iudicio

232 1588 327 1622 quam
348 1583 435 1611 extra
470 1579 645 1621 habeatur,
681 1589 761 1622 quae
803 1579 974 1612 haberetur

232 1633 309 1677 ipsis
322 1633 551 1676 praesentibus,
568 1634 593 1666 si
618 1634 722 1666 forent
745 1633 900 1667 exhibitae
926 1635 972 1667 vel

231 1691 384 1720 ostensae.

274 1741 385 1774 Datum
412 1742 540 1782 Romae,
566 1742 648 1786 apud
669 1743 697 1775 S.
717 1743 846 1775 Mariam
871 1743 969 1776 Maio-

230 1805 308 1836 rem,
333 1795 391 1828 sub
417 1796 532 1829 annulo
558 1796 735 1836 piscatoris,
761 1796 810 1829 die
835 1807 877 1830 x11
902 1807 971 1840 scp-

229 1848 362 1881 tembris
385 1858 521 1892 MDCin,
553 1849 754 1883 Pontiticatus
786 1850 886 1883 nostri
911 1860 969 1882 an-

229 1912 271 1935 no
296 1912 349 1936 vn.

265 1964 323 1992 Dat.
341 1965 385 1993 die
406 1966 438 1993 12
453 1965 616 2001 septembris
638 1967 716 2000 1661,
729 1967 825 2003 pontif.
842 1976 911 1996 anno
924 1975 968 1995 vn.

520 2128 675 2162 CCCLVII.

228 2219 437 2263 Confirmatio
464 2218 583 2252 decreti
615 2219 875 2262 conqreyationis
903 2221 969 2264 epi-

270 2283 438 2317 scoporum
456 2276 484 2305 et
501 2271 718 2315 requtarium,
732 2283 795 2316 quo
810 2274 910 2316 fratri
915 2275 969 2307 bus

272 2326 498 2370 Cappuccinis,
514 2325 629 2358 aliisve
645 2326 818 2359 cuiuslibet
834 2326 968 2360 Ordinis

270 2380 491 2424 reqularibus,
509 2389 667 2412 novorum
684 2384 899 2413 conventuum
912 2391 967 2413 seu

271 2434 442 2467 domorum
470 2434 677 2477 requlorium
706 2434 913 2478 fundationes
938 2439 967 2468 et

270 2489 441 2522 erectiones
480 2488 597 2532 absque
639 2489 730 2522 Sedis
764 2489 789 2523 A
794 2490 968 2533 postotz‘cae

269 2541 419 2586 expressa
445 2541 575 2574 licentia
597 2542 833 2585 proltibentur¹.

263 2605 274 2632 1
291 2603 330 2632 Ex
346 2604 454 2639 Regest.
471 2604 498 2630 in
511 2603 613 2631 Secret.
631 2603 708 2631 Brev.

309 2658 389 2688 Buce.
410 2657 493 2686 Rom.
536 2657 595 2687 Vol.
615 2658 690 2687 XVI.
852 2657 887 2686 90

1212 243 1378 270 Alexander
1403 243 1481 277 Papa
1500 243 1563 277 vu,

1133 288 1169 313 ad
1194 290 1370 321 perpetuam
1390 288 1435 315 rei
1460 288 1640 316 memoriam.

1060 347 1075 390 ἓ
1101 348 1129 380 ¹l.
1157 348 1250 389 Alias,
1269 359 1328 391 pro
1354 353 1442 393 parte
1468 349 1573 382 dilecti
1594 350 1650 382 filii
1675 350 1761 383 Ioan-
1805 363 1924 383 umanum.

1015 400 1063 433 nis
1088 401 1172 434 Ortiz
1197 401 1234 434 de
1259 402 1380 442 Zurate,
1396 402 1520 435 Ordinis
1547 403 1678 435 fratrum
1705 403 1761 436 Mi-

1016 464 1128 486 norum
1163 455 1260 488 sancti
1291 456 1448 489 Francisci
1485 457 1523 489 de
1555 457 1761 491 Observantia

1016 513 1270 551 nuncupatorum
1295 510 1493 552 professoris,
1520 511 1760 553 congregationi

1016 561 1241 594 venerabilium
1268 564 1401 596 fratrum
1427 569 1607 597 nostrorum
1626 564 1654 597 S.
1673 565 1707 597 R.
1725 565 1759 597 E.

1016 614 1222 647 cardinalium
1249 616 1382 658 negotiis
1416 622 1445 649 et
1476 617 1759 650 consultationibus

1015 668 1239 711 episcoporum
1277 672 1305 701 et
1339 669 1534 711 regularium
1560 671 1759 714 praepositae

1015 721 1168 764 exposito,
1194 721 1278 764 quod
1304 721 1423 754 dudum
1450 723 1548 755 felicis
1570 723 1760 757 recordatio-

1014 774 1061 807 nis
1087 774 1230 807 Clemens
1256 775 1338 819 Papa
1357 776 1422 808 vtlt
1448 776 1675 820 praedeeessor
1700 787 1758 810 no-

1014 833 1077 861 ster
1102 829 1321 871 (considerans
1346 830 1377 862 in
1402 830 1566 873 provincia
1596 831 1758 874 Carthagi-

1013 883 1101 914 nensi
1135 883 1209 915 dicti
1234 883 1380 923 Ordinis,
1406 884 1478 916 licet
1503 884 1591 917 valde
1615 887 1758 927 angusta,

1014 936 1142 979 triginta
1163 942 1236 977 tres,
1255 943 1284 969 et
1309 948 1344 970 ex
1370 937 1432 970 illis
1457 943 1529 971 octo
1554 938 1687 971 fratrum
1703 940 1758 972 Re-

1013 990 1218 1023 collectorum
1237 996 1267 1023 et
1287 991 1542 1025 Reformatorum
1566 999 1758 1036 nuncupato-

1013 1054 1093 1083 rum,
1108 1050 1279 1077 conventus
1293 1045 1461 1085 contineri;
1476 1046 1669 1089 provinciam
1683 1057 1757 1079 vero

1011 1096 1056 1129 Ss.
1083 1098 1207 1130 Ioannis
1233 1098 1388 1141 Baptistae
1413 1104 1443 1132 et
1468 1099 1591 1142 Iosephi
1618 1099 1649 1131 in
1675 1099 1757 1132 eius-

1011 1150 1081 1182 dem
1107 1152 1247 1193 regionis
1273 1152 1407 1185 circuitu
1439 1158 1558 1196 septem
1584 1158 1756 1186 conventus

1011 1203 1137 1245 habere,
1164 1205 1305 1247 aliosque
1331 1205 1368 1237 de
1394 1215 1476 1238 novo
1501 1206 1646 1248 erigere,
1672 1205 1755 1238 unde

1011 1257 1168 1290 seculares
1189 1258 1493 1301 praegravabantur,
1518 1258 1590 1292 dicti
1610 1269 1683 1291 vero
1701 1260 1756 1291 Re-

1011 1310 1133 1342 collecti
1159 1321 1194 1343 ex
1220 1311 1427 1355 eleemosynis
1441 1312 1632 1354 quotidianis
1651 1312 1755 1344 vivere

1009 1363 1191 1406 nequibant,
1207 1364 1259 1397 sed
1280 1374 1297 1396 3
1317 1365 1453 1408 puritate
1463 1366 1591 1408 regulae
1606 1365 1754 1398 recedere

1010 1417 1228 1458 cogebantur,
1255 1417 1470 1462 eleemosynas
1495 1418 1533 1450 ad
1558 1418 1606 1450 sui
1632 1423 1753 1450 susten-

1010 1470 1157 1503 tationem
1179 1471 1419 1511 accumulando,
1445 1471 1597 1514 quinimo,
1615 1471 1655 1504 ob
1677 1471 1754 1503 mul-

1010 1523 1173 1556 titudinem
1200 1530 1422 1566 conventuum,
1448 1535 1575 1557 necesse
1600 1524 1660 1556 illis
1686 1529 1753 1556 erat

1008 1576 1141 1610 novitios
1162 1577 1263 1610 omnis
1281 1579 1406 1620 generis
1424 1578 1580 1622 recipere)
1594 1589 1650 1622 per
1663 1589 1753 1621 quas-

1007 1629 1077 1661 dam
1104 1640 1175 1662 suas
1201 1630 1231 1662 in
1257 1630 1353 1662 simili
1378 1631 1479 1664 forma
1501 1631 1606 1663 Brevis
1631 1631 1751 1663 litteras

1008 1683 1219 1725 mandaverat,
1244 1694 1282 1717 ne
1308 1695 1344 1717 ex
1369 1690 1443 1717 tunc
1460 1685 1491 1716 in
1511 1690 1673 1728 posterum
1701 1695 1751 1718 ae-

1007 1736 1127 1769 dificari
1152 1738 1252 1781 possit
1276 1739 1357 1771 ullus
1382 1744 1553 1771 conventus
1574 1738 1655 1771 intra
1679 1749 1751 1782 spa-

1007 1790 1083 1822 tium
1110 1797 1245 1834 quatuor
1281 1792 1327 1824 vel
1365 1792 1504 1835 quinque
1538 1792 1699 1825 leucarum
1732 1803 1749 1825 a

1006 1844 1211 1877 conventibus
1234 1845 1347 1877 erectis
1378 1855 1434 1877 seu
1455 1845 1613 1888 erigendis
1627 1856 1644 1877 a
1661 1856 1749 1889 prae-

1005 1898 1084 1939 fatis,
1110 1903 1206 1942 prout
1230 1899 1261 1931 in
1286 1899 1404 1931 eisdem
1431 1899 1542 1933 litteris
1559 1899 1610 1932 dic
1634 1910 1656 1932 11
1681 1900 1748 1932 111111

1005 1961 1080 1984 noct
1105 1951 1257 1995 expeditis
1282 1952 1411 1985 uberius
1435 1952 1550 1985 dicitur
1575 1952 1746 1993 contineri;

1005 2010 1034 2038 et
1058 2005 1088 2037 in
1113 2005 1222 2037 eadem
1249 2005 1441 2048 expositione
1466 2006 1643 2047 subiuncto‚
1661 2006 1747 2050 quod

1004 2058 1035 2090 in
1070 2058 1233 2102 provincia
1268 2059 1420 2101 Burgensi
1453 2059 1527 2092 dicti
1560 2059 1685 2093 Ordinis
1716 2060 1746 2092 in

1003 2112 1133 2145 Castella
1159 2112 1340 2146 consistenti
1362 2112 1471 2145 eadem
1502 2123 1537 2146 ae
1562 2113 1654 2145 etiam
1686 2123 1746 2145 ma-

1003 2165 1070 2198 iora
1082 2165 1292 2198 nascebantur
1306 2166 1566 2206 inconvenientia,
1579 2177 1649 2199 cum
1665 2166 1746 2199 intra

1003 2219 1138 2262 spatium
1175 2219 1304 2262 triginta
1328 2230 1380 2252 sex
1406 2220 1567 2252 leucarum
1606 2220 1744 2262 regionis

1003 2273 1155 2306 maiorem
1180 2279 1300 2316 partem
1326 2273 1441 2305 sterilis
1461 2279 1491 2306 et
1516 2278 1681 2306 montanae
1700 2273 1743 2306 vi-

1002 2326 1080 2368 ginti
1118 2333 1252 2369 quatuor
1290 2333 1461 2359 conventus
1497 2327 1630 2359 fratrum
1668 2327 1743 2360 dicti

1001 2380 1135 2422 Ordinis,
1149 2391 1185 2413 ac
1210 2381 1269 2413 tria
1293 2381 1440 2422 oratoria,
1455 2391 1576 2413 necnon
1594 2392 1646 2413 sex
1669 2392 1742 2414 con-

1002 2438 1110 2466 ventus
1134 2434 1266 2466 fratrum
1292 2434 1446 2466 Δ111110111111
1478 2433 1617 2466 eiusdem
1643 2435 1740 2467 sancti

1001 2487 1158 2519 Francisci
1185 2487 1457 2530 Cappuccinorum
1487 2492 1741 2530 nuncupatorum

1000 2540 1242 2584 reperirentur,
1284 2545 1410 2584 praeter
1447 2543 1508 2574 tres
1543 2540 1740 2574 fundationes

1001 2598 1228 2635 controversas,
1254 2604 1289 2627 30
1313 2593 1440 2627 circiter
1457 2593 1665 2638 quadraginta
1689 2593 1741 2627 do-

1672 185 1734 220 713
1781 196 1832 222 An.
1849 195 1876 221 c.
1896 195 1959 222 166¹
