2243 3205
824 161 921 185 INDEX
948 160 1145 187 RUBRICARUM

215 213 351 250 CCCXIX
377 213 584 248 Confirmatio
614 212 828 256 dispositionis
858 219 956 247 testa-

307 267 408 301 menti
448 266 576 301 Ioannis
608 265 736 299 Pizzulli
775 265 814 298 de
838 266 959 309 Regina

305 320 549 361 Bisinianensis,
574 314 697 353 necnon
729 320 958 363 motusproprii

307 373 426 408 Urbani
440 373 497 406 ΡΡ.
519 372 584 406 VIII
598 383 653 416 pro
671 372 806 416 collegio
822 374 957 406 fratrum

302 428 500 461 studentium
531 425 562 460 S.
590 425 752 460 Francisci
791 426 828 459 de
859 426 957 459 Paula

303 481 336 514 in
359 480 455 521 Urbe,
484 478 557 513 631.

213 533 348 569 CCCXX.
364 533 533 568 Restitutio
551 533 780 567 iurisdictionis
806 533 955 578 episcopo

300 587 447 622 Comensi
486 588 519 621 in
555 588 751 631 capitulum,
787 587 955 631 dignitates

301 647 331 675 et
356 640 527 675 canonicos
552 641 743 683 Comenses,
778 651 955 685 eorumque

304 695 562 739 consanguineos
587 700 616 728 et
638 695 820 736 familiares,
840 694 915 727 632.

216 748 368 784 CCCXXI.
380 747 564 789 Declaratio‚
578 747 664 792 quod
677 747 711 780 in
727 749 859 792 septima
873 747 955 792 (31³)

302 802 533 836 constitutione
549 812 614 836 non
639 801 956 846 comprehenduntur

300 857 406 900 legata
429 865 490 899 pro
515 854 575 900 piis
595 855 746 900 operibus
760 855 891 889 incertis
905 867 954 891 re-

298 910 384 951 licta,
411 908 486 943 633.

210 961 379 998 CCCXXII.
409 961 615 997 Confirmatio
640 963 759 997 decreti
780 973 955 1007 congrega-

298 1016 397 1051 tionis
434 1017 474 1051 de
509 1017 719 1062 propaganda
758 1017 837 1051 Fide
869 1017 953 1050 circa

299 1070 556 1106 iurisdictionem
585 1071 816 1116 archiepiscopi
841 1071 950 1105 Sardi-

299 1124 404 1160 censis
436 1135 494 1159 seu
525 1124 709 1169 Sophiensis
745 1131 776 1159 et
812 1125 953 1169 episcopi

299 1178 469 1212 Bosnensis
503 1178 535 1211 in
566 1179 728 1222 regulares
755 1178 787 1211 in
815 1187 950 1213 concer-

297 1231 449 1265 nentibus
466 1242 577 1265 curam
597 1231 780 1266 animarum
802 1243 953 1276 persona-

298 1295 371 1319 rum
397 1284 602 1326 secularium,
631 1284 704 1319 635.

208 1337 383 1373 CCCXXIII.
404 1338 614 1383 Praeceptum
629 1337 765 1372 dominis
785 1337 953 1372 cardinali-

295 1393 356 1427 bus
368 1392 606 1437 protectoribus
619 1393 746 1436 collegii
771 1392 952 1426 Germanici

297 1452 328 1481 et
343 1445 517 1490 Hungarici
537 1446 577 1479 de
594 1446 696 1487 Urbe,
713 1451 748 1479 ut
762 1456 952 1489 congregen-

297 1504 350 1534 tur
374 1499 407 1533 in
432 1500 505 1533 aula
528 1499 786 1544 congregationis
811 1499 850 1532 de
875 1500 952 1532 Pro-

296 1553 444 1599 paganda
461 1553 537 1587 Fide
566 1553 605 1586 ad
625 1553 786 1598 agendum
802 1552 840 1585 de
856 1552 951 1587 rebus

297 1608 338 1641 ad
362 1607 446 1641 idem
472 1608 644 1652 collegium
669 1614 700 1642 et
731 1607 830 1652 ipsius
854 1608 952 1641 alum-

297 1672 357 1695 nos
389 1661 632 1705 spectantibus,
662 1673 734 1695 cum
769 1662 949 1695 interventu

296 1714 442 1749 moderni
476 1720 507 1750 et
535 1725 594 1759 pro
618 1721 765 1759 tempore
789 1715 949 1748 existentis

296 1768 459 1803 secretarii
476 1768 618 1802 eiusdem
638 1768 893 1812 congregationis
910 1768 949 1802 de

297 1821 506 1866 Propaganda
528 1821 617 1863 Fide,
642 1821 717 1855 638.

205 1875 377 1911 CCCXXIV.
405 1875 613 1911 Confirmatio
639 1875 829 1911 concordiae
854 1887 950 1921 super

295 1928 504 1963 dissolutione
538 1929 669 1963 unionis
701 1929 948 1964 universitatum

293 1986 508 2017 mercatorum
524 1982 742 2017 sundacalium
761 1989 790 2018 et
815 1983 855 2019 de
880 1984 948 2018 fun-

295 2035 375 2069 daco
400 2035 440 2070 de
464 2035 560 2077 Urbe,
583 2035 658 2069 640.

208 2089 363 2126 CCCXXV.
391 2089 582 2124 Constitutio
607 2100 702 2135 super
727 2101 863 2125 numero
887 2101 944 2125 vo-

293 2145 410 2179 calium
419 2155 478 2190 pro
493 2144 633 2179 comitiis
646 2145 850 2189 generalibus
868 2146 948 2180 Con-

294 2198 490 2243 gregationis
523 2199 713 2233 clericorum
752 2199 948 2243 regularium

295 2252 523 2287 Theatinorum
539 2260 809 2298 nuncupatorum,
826 2253 901 2287 643.

209 2305 382 2341 CCCXXVI.
398 2306 573 2341 Prohibitio
587 2308 723 2341 missalis
740 2307 853 2352 gallico
873 2307 950 2342 idio-

299 2366 383 2396 mate
401 2360 549 2406 impressi
567 2360 626 2395 sub
645 2364 746 2406 poena
772 2372 949 2396 excommu-

293 2413 467 2449 nicationis
492 2414 574 2449 latae
598 2415 784 2457 sententiae,
807 2415 881 2449 645.

208 2467 394 2504 CCCXXVII.
423 2468 571 2503 Decernit
595 2474 625 2503 et
649 2469 787 2503 declarat
810 2470 945 2504 rectori-

291 2521 352 2556 bus
362 2527 393 2556 et
411 2521 724 2557 administratoribus
741 2523 948 2558 monasterio-

291 2585 363 2610 rum
383 2574 667 2610 Carmelitanarum
685 2576 774 2620 regni
795 2577 947 2612 Franciac

344 2637 424 2668 Bull.
445 2638 528 2667 Rom.
549 2653 583 2659 -
606 2639 665 2667 Vol.
687 2639 761 2666 XVI.

929 2639 979 2668 106

1640 154 1698 187 841

1099 213 1222 247 nullum
1247 213 1308 255 ius,
1334 214 1506 258 nequidem
1536 216 1751 259 cumulative,

1099 267 1250 301 visitandi
1272 268 1382 302 eadem
1407 270 1600 303 monasteria
1626 281 1752 315 compe-

1099 327 1188 363 tere,
1217 322 1271 354 sed
1305 323 1408 356 solum
1444 324 1751 358 administrationem

1097 374 1299 417 spiritualem
1324 382 1355 410 et
1379 378 1591 420 temporalem
1617 389 1750 412 eorum-

1097 427 1168 460 dem
1183 428 1222 460 ad
1237 429 1366 462 eosdem
1384 436 1545 474 spectare3
1573 432 1750 465 decretum-

1097 491 1159 525 que
1175 487 1204 514 et
1221 482 1467 517 declarationem
1487 484 1673 518 huiusmodi
1690 486 1748 519 sub

1097 535 1440 570 excommunicationis
1465 538 1546 570 latae
1572 539 1749 572 sententiae

1095 589 1198 630 poena
1218 599 1274 632 per
1291 599 1402 622 omncs
1423 595 1453 623 et
1477 591 1616 634 singulas
1641 602 1748 635 perso-

1095 651 1164 682 nas,
1194 652 1275 684 quae
1300 642 1377 686 ipsis
1403 644 1515 686 quovis
1545 646 1640 678 modo
1665 656 1745 678 con-

1097 695 1302 736 travenerint,
1330 697 1397 740 ipso
1422 698 1504 731 facto
1541 698 1745 739 incurrentia,

1094 748 1287 782 inconcusse
1326 750 1485 783 observari
1529 752 1681 796 praecipit
1717 759 1749 786 et

1094 801 1237 842 mandat,
1261 801 1334 834 646.

1006 853 1206 889 CCCXXVIII.
1233 855 1393 897 Decernit,
1428 856 1513 900 quod
1540 857 1637 890 Breve
1662 857 1745 891 San—

1093 908 1211 943 ctitatis
1235 909 1328 950 Suae,
1355 911 1440 953 quod
1466 911 1615 945 statuitur
1640 913 1747 945 eccle—

1094 963 1239 997 siasticos
1257 963 1394 997 directos
1421 964 1570 999 dominos
1587 966 1746 999 bonorum

1093 1016 1254 1050 stabilium
1265 1017 1495 1051 livellariorum
1515 1025 1545 1052 et
1563 1020 1747 1064 emphyteu-

1093 1070 1233 1104 ticorum
1252 1071 1283 1103 in
1300 1071 1461 1106 territorio
1472 1072 1606 1106 civitatis
1623 1074 1747 1107 Perusi-

1092 1125 1201 1158 nensis
1217 1125 1433 1167 existentium,
1454 1137 1535 1170 quae
1553 1137 1610 1171 per
1628 1128 1744 1161 lineam

1093 1177 1217 1211 finitam
1242 1179 1363 1213 devolvi
1388 1179 1558 1222 contigerit
1584 1181 1683 1214 teneri
1709 1181 1746 1214 de

1092 1231 1154 1264 illis
1171 1231 1317 1265 investire
1338 1232 1552 1275 proximiores
1573 1233 1670 1274 illius,
1690 1245 1746 1277 per

1094 1285 1184 1318 cuius
1209 1285 1334 1319 obitum
1351 1286 1435 1319 linea
1451 1286 1637 1320 huiusmodi
1655 1287 1747 1321 finita

1091 1339 1198 1379 fuerit,
1220 1339 1353 1382 perinde
1381 1340 1491 1381 valeat,
1516 1351 1552 1373 ac
1572 1340 1597 1373 si
1617 1347 1747 1374 narrata

1093 1392 1126 1425 in
1151 1392 1204 1425 illo
1229 1393 1321 1435 plene
1346 1393 1507 1427 verificam
1532 1394 1746 1437 reperiuntur;

1094 1445 1273 1480 dummodo
1306 1451 1413 1480 tamen
1444 1447 1528 1487 laici,
1548 1447 1602 1490 qui
1634 1453 1747 1491 petunt

1093 1499 1332 1533 renovationem
1369 1510 1433 1532 non
1471 1501 1575 1534 solum
1609 1506 1744 1544 augeant

1092 1563 1247 1586 canonem
1266 1553 1305 1586 ad
1323 1552 1625 1597 quinquagesimam
1643 1558 1674 1586 et
1687 1554 1747 1586 sol-

1091 1612 1165 1640 vant
1182 1605 1376 1639 laudemiam
1397 1607 1485 1640 iuxta
1503 1606 1744 1651 dispositionem

1091 1659 1167 1694 dicti
1201 1659 1326 1700 Brevis,
1361 1661 1415 1694 sed
1448 1660 1543 1694 etiam
1569 1661 1743 1693 intraturas

1089 1713 1144 1747 ubi
1176 1719 1206 1747 et
1233 1718 1329 1758 prout
1361 1714 1395 1746 in
1426 1715 1638 1758 praeteritum
1664 1714 1743 1748 solvi

1091 1767 1255 1801 consuevit
1272 1773 1301 1801 et
1318 1777 1383 1801 non
1401 1768 1490 1809 alias,
1509 1767 1583 1801 647.

1001 1820 1173 1855 CCCXXIX.
1199 1820 1405 1855 Confirmatio
1423 1827 1454 1855 et
1478 1821 1650 1856 declaratio
1669 1831 1744 1854 con-

1089 1874 1292 1909 stitutionum
1326 1875 1574 1918 apostolicarum
1608 1875 1647 1908 de
1679 1885 1743 1908 non

1089 1929 1307 1962 contrahendo
1333 1929 1364 1962 in
1390 1929 1531 1963 savorem
1566 1928 1741 1962 sorensium

1089 1992 1183 2026 super
1214 1982 1306 2016 bonis
1339 1982 1371 2015 in
1403 1982 1492 2016 Statu
1517 1982 1741 2016 Ecclesiastico

1089 2036 1349 2076 consistentibus,
1375 2035 1449 2069 650.

1000 2089 1157 2125 CCCXXX.
1186 2091 1363 2125 Declaratio
1388 2089 1498 2125 statuti
1524 2089 1658 2124 civitatis
1682 2089 1740 2122 Bo-

1088 2144 1253 2178 noniensis
1284 2143 1482 2177 excludentis
1512 2143 1643 2176 feminas
1668 2152 1741 2186 pro-

1088 2203 1159 2242 pter
1176 2197 1336 2231 masculos
1357 2208 1374 2229 a
1391 2196 1605 2238 successione,
1622 2195 1694 2230 654.

1004 2251 1175 2286 CCCXXXI.
1204 2250 1419 2287 Confirmatio,
1445 2250 1616 2284 declaratio
1641 2255 1670 2283 ct
1693 2260 1740 2283 ex-

1089 2305 1193 2341 tensio
1226 2303 1463 2339 constitutionis
1495 2304 1540 2337 Pii
1565 2304 1587 2335 V
1612 2303 1652 2337 de
1675 2314 1741 2336 non

1089 2360 1264 2394 alienandis
1299 2365 1328 2393 et
1360 2358 1565 2392 infeudandis
1599 2358 1740 2392 civitati-

1088 2415 1148 2448 bus
1165 2420 1195 2448 et
1220 2413 1290 2447 aliis
1315 2412 1390 2446 locis
1415 2411 1507 2446 Sedis
1526 2412 1736 2455 Apostolicae‚

998 2520 1186 2556 CCCXXXII.
1210 2518 1416 2553 Confirmatio
1431 2517 1549 2553 decreti
1568 2527 1740 2562 congrega-

1085 2574 1180 2610 tionis
1204 2574 1428 2619 episcoporum
1462 2578 1492 2608 et
1523 2571 1735 2618 regularium,
