2185 3188
0 205 45 231 An.
66 202 180 230 (3.1655

0 2070 92 2092 totesttzs
105 2077 167 2097 quae-

0 2103 74 2145 {inque
97 2099 166 2124 prohi-

792 199 975 222 aiAEXANDER
1001 198 1044 221 vn
1071 199 1117 221 ΡΡ.

193 249 366 292 decumque
381 248 608 292 provenientia,
628 247 665 280 ad
687 257 842 280 cameram
860 256 932 289 apo-

192 303 335 335 stolicam
361 313 415 334 seu
442 302 471 334 in
496 301 586 334 dictis
622 300 783 334 beneficiis
807 310 930 332 sncces-

192 366 279 388 sores
311 365 373 388 non
405 356 602 399 pertincant,
627 354 679 387 sed
711 353 749 386 ad
781 353 930 386 haeredes

191 408 286 441 vestri
304 408 465 451 sanguinis
486 408 607 450 integre
627 407 801 446 deveniant,
816 411 855 446 ct,
870 406 930 439 illis

193 462 421 502 deficientibus,
441 463 520 495 inter
545 461 712 494 familiares
737 466 856 493 vestros
880 471 948 511 alu,

190 515 285 548 bitrio
310 526 473 559 personae,
490 526 544 548 seu
562 525 779 558 personarum,
797 524 874 556 quas
891 513 928 546 ad
946 514 948 534 =¹

190 567 220 600 id
252 568 368 612 scripto
399 567 652 607 nominaveritis,
681 566 947 608 distribuantur,⁴

189 621 248 654 nisi
280 621 318 654 de
350 622 410 654 alia
435 620 639 665 dispositione
675 620 721 652 vel
757 620 927 652 intentione

190 677 295 708 vestra
312 676 467 719 scriptura
489 675 580 708 etiam
602 674 706 707 minus
731 674 863 708 solemni
885 685 946 722 ερ-ἦ

190 739 244 761 cus
265 734 438 772 appareret,
460 739 553 772 quam
578 734 651 762 tunc
669 728 752 761 velut.
769 728 925 761 efficacem

187 782 274 825 ipsae
297 793 450 826 personae
478 782 525 815 vel
550 782 601 815 alii
627 782 745 815 iudices
775 793 830 815 seu
855 792 926 814 exe-

187 841 312 868 cutores
344 836 471 868 omnino
501 835 610 879 exequi
637 840 666 868 et
690 835 862 879 adimplere
891 835 926 867 il-

186 888 271 932 lique
289 899 356 922 sese
381 890 580 923 conformare
605 889 636 921 in
661 889 807 922 omnibus
825 893 854 921 ct
871 899 926 933 pcr

187 942 291 974 omnia
315 941 465 975 debeant:
484 948 514 975 ct
532 942 738 975 nihilominus
762 952 927 986 quaecum·
943 945 945 965 i

186 1007 247 1039 que
280 996 458 1030 huiusmodi
492 1002 691 1038 testamenta,
720 997 839 1039 legata,
864 996 944 1029 d0-:

185 1049 348 1091 nationes,
373 1049 595 1094 dispositiones
624 1055 654 1083 et
685 1049 744 1082 alia
775 1049 878 1082 forsan
910 1040 945 1082 a'

186 1103 274 1135 vobis
306 1103 398 1136 etiam
432 1104 518 1136 nulla
554 1103 601 1136 vel
626 1103 729 1136 minus
761 1102 924 1136 sufficienti

186 1156 329 1190 facultate
360 1157 495 1190 suffultis
526 1157 564 1190 de
595 1156 776 1190 huiusmodi
812 1156 944 1196 bonis‚;

186 1210 306 1243 iuribus
330 1215 361 1243 et
383 1210 567 1252 actionibus,
588 1210 751 1252 fructibus,
772 1209 924 1254 pecuniis,
942 1242 943 1254 ,

187 1263 346 1306 iocalibus,
360 1264 489 1308 aliisque
507 1263 601 1297 rebus
618 1263 817 1308 supradictis,
831 1263 923 1296 etiam
941 1289 942 1301 t

186 1317 217 1349 in
240 1318 377 1350 savorem
402 1318 706 1360 consanguineorum
731 1323 761 1350 et
785 1317 923 1350 affinium

187 1371 419 1414 praedictorum
438 1376 467 1403 et
487 1371 561 1403 alias
581 1371 819 1414 quomodolibet
836 1372 924 1411 sacta,

188 1433 259 1455 eum
280 1424 426 1456 omnibus
450 1424 521 1456 inde
546 1424 693 1467 sequutis,
711 1435 746 1457 ac
764 1424 856 1457 etiam
878 1412 942 1465 ea,¹

189 1487 267 1520 quae
292 1488 348 1520 per
373 1487 426 1510 vos
451 1477 481 1509 in
506 1477 644 1510 suturam
669 1478 754 1518 fient,
779 1488 815 1510 ex
842 1488 942 1530 nunc,¹

187 1535 282 1573 prout
306 1541 341 1562 ex
367 1535 438 1562 tunc
453 1535 478 1562 et
498 1540 514 1562 e
531 1535 650 1571 contra,
668 1542 725 1574 pro
741 1530 822 1564 dicta
839 1542 923 1564 suin-
940 1531 942 1542 ”

188 1585 238 1615 ina
263 1593 315 1616 sex
341 1583 473 1616 millium
492 1584 688 1625 ducatorum,
713 1584 924 1628 approbamus

187 1639 216 1669 et
247 1635 487 1679 confirmamus,
521 1647 691 1680 omnesque
724 1643 754 1670 et
785 1637 925 1680 singulos

186 1688 262 1721 iuris
279 1694 308 1721 et
328 1689 398 1721 sacti
416 1700 451 1721 ac
471 1689 703 1723 solemnitatum
735 1690 923 1723 omissarum

185 1747 215 1775 ct
246 1741 507 1783 ontinenam-um,
544 1752 667 1776 necnon
706 1743 924 1776 substantiales

184 1795 323 1839 aliosque
348 1795 485 1828 desectus
510 1806 737 1840 quoscumque,
759 1797 783 1829 si
804 1797 856 1840 qui
878 1797 941 1842 5¹¹-t

183 1849 375 1884 tervenerint
395 1854 448 1882 aut
480 1849 716 1882 intervenerunt
739 1850 770 1882 in
794 1850 922 1892 eisdem,

184 1903 304 1935 etiamsi
330 1903 405 1935 tales
429 1903 489 1935 sint
513 1903 560 1936 vel
596 1903 711 1936 suerint
745 1903 828 1947 quod
854 1914 923 1947 spe-

183 1956 269 1989 cialis
290 1962 320 1989 ct
341 1957 486 2000 specifica
504 1956 620 1990 mentio
640 1956 678 1989 de
698 1957 758 1990 illis
775 1968 922 2001 praesen-

183 2009 266 2042 tibus
289 2009 433 2043 habenda
457 2015 546 2052 esset,
572 2010 765 2054 supplemus.

227 2063 241 2106 ἓ
268 2062 319 2095 14.
348 2063 523 2096 Districtius
553 2063 730 2096 inhibentes
761 2063 921 2107 quibusvis

182 2116 426 2160 archiepiscopis
452 2122 503 2149 aut
521 2117 589 2149 aliis
609 2117 811 2150 ecclesiarum
831 2129 920 2161 prae-

182 2170 266 2210 latis,
291 2180 413 2203 necnon
437 2181 578 2204 camerae
603 2172 780 2215 praedictae
803 2173 919 2216 praesi-

181 2224 328 2256 dentibus
357 2229 387 2256 ct
416 2224 554 2265 clericis,
579 2235 614 2257 ac
642 2236 772 2267 eorum,
797 2237 918 2260 necnon

180 2277 315 2310 sabi-icae
343 2277 488 2310 basilicae
518 2278 669 2322 Principis
693 2280 917 2323 Apostolorum

180 2331 218 2364 dc
243 2332 325 2365 Urbe
353 2343 389 2364 ac
413 2332 567 2366 cruciatae
588 2338 711 2366 sanctae
727 2339 756 2367 et
773 2335 841 2367 aliis
859 2336 918 2368 eol-

180 2385 351 2418 lectoribus
369 2389 398 2419 et
418 2385 710 2428 subcoHectorilms,
731 2388 917 2432 ceterisque,

180 2439 405 2482 cuiuscumque
422 2439 590 2482 dignitatis,
607 2445 704 2474 status
721 2446 751 2474 et
771 2442 918 2475 conditio-

179 2492 226 2526 nis
251 2493 462 2534 existentibus,
484 2493 575 2526 etiam
600 2495 707 2537 quavis
732 2495 916 2528 auctoritate

179 2551 210 2579 ct
236 2549 386 2590 potestate
415 2547 623 2589 fungentibus,
652 2548 708 2580 sub
729 2559 912 2581 excommu-

179 2599 341 2634 nicationis
378 2600 504 2633 maioris
540 2601 669 2645 aliisque
697 2602 914 2636 ecclesiasticis

1632 187 1673 221 53

965 245 1137 285 sententiis,
1163 245 1303 278 censuris
1328 250 1357 278 et
1382 245 1503 289 poenis,
1524 254 1562 278 ne
1582 245 1706 277 univer-

965 300 1078 342 sitates,
1100 299 1231 342 collegia
1249 310 1283 332 ac
1308 299 1376 332 loca
1393 305 1422 331 ct
1438 298 1607 341 legatarios
1636 298 1706 331 hae-

965 353 1055 386 redes
1073 358 1102 386 et,
1121 363 1281 396 personas,
1297 363 1417 385 necnon
1436 356 1704 392 testamentorum,

966 407 1158 439 voluntatum
1193 410 1223 438 et
1255 405 1486 438 ordinationum
1525 405 1704 438 huiusmodi

964 465 1173 503 exequutores
1197 458 1384 502 praedictos,
1406 458 1523 491 directe
1553 460 1598 491 vel
1625 458 1705 491 indi-

964 518 1057 553 recte,
1072 512 1183 556 quovis
1209 512 1349 555 quaesito
1369 512 1475 545 colore
1495 512 1541 544 vel
1568 512 1703 555 iugenio,

964 566 1129 599 molestare
1147 565 1281 599 audeant
1308 576 1435 610 quoquo
1457 566 1550 599 modo
1569 566 1613 598 vel
1636 576 1705 609 per-

962 619 1098 652 turbare.

1007 674 1020 716 ἓ
1042 673 1092 706 ta.
1119 674 1160 706 Ac
1185 673 1389 706 decernentes
1413 673 1571 717 praedicta
1596 674 1702 706 onmia

944 723 991 759 *et
1012 727 1144 770 singula,
1163 732 1404 771 praesentesque
1418 727 1548 767 litteras,
1567 732 1596 759 ct
1614 733 1702 760 testa<

963 784 1083 822 menta,
1109 780 1308 820 donationes,
1334 779 1508 821 codicillos,
1534 780 1698 813 fideicom-

962 834 1065 874 missa,
1090 834 1202 877 lcgata,
1228 834 1450 879 ordinationes,
1471 833 1701 877 derogationes,

960 886 1182 931 dispositiones
1199 893 1227 920 et
1245 888 1304 920 alia
1328 888 1555 931 quaecumque,
1579 898 1702 920 necnon

961 951 1039 984 quac
1069 941 1099 973 in
1127 941 1308 985 praemissis
1336 941 1414 973 sacta
1440 947 1511 974 sunt
1546 947 1598 974 aut
1633 941 1702 974 sieri

943 994 1127 1038 'contigerit
1164 1000 1225 1027 tarn
1261 995 1369 1037 vigore
1401 994 1574 1038 praesentis
1606 1004 1700 1038 quam

943 1047 1052 1080 'etiam
1079 1048 1210 1081 aliarum
1237 1048 1473 1081 concessionum
1501 1047 1587 1080 vobis
1611 1047 1702 1079 sacta-

961 1112 1028 1133 runi
1061 1111 1097 1134 ac
1121 1101 1268 1145 deinceps
1294 1101 1323 1133 in
1349 1111 1464 1144 genere
1489 1105 1516 1133 ct
1542 1100 1572 1133 in
1598 1100 1701 1144 specie

942 1156 943 1164 ¹
960 1153 1182 1196 faciendarum,
1201 1166 1271 1188 eum
1294 1154 1365 1187 inde
1386 1154 1526 1198 sequutis
1543 1159 1570 1186 et
1589 1164 1701 1198 sequu-

960 1207 1047 1248 turis,
1073 1208 1194 1241 etiamsi
1220 1219 1274 1241 vos
1300 1208 1380 1242 intra
1404 1207 1524 1240 curiam
1556 1212 1609 1240 aut
1629 1217 1701 1250 qua-

942 1271 1092 1305 ‘cuinque
1114 1262 1174 1295 alia
1194 1262 1302 1295 mundi
1329 1266 1417 1306 parte
1442 1267 1528 1294 extra
1553 1261 1700 1294 ecclesias

959 1321 987 1348 et
1012 1316 1164 1349 beneficia
1193 1317 1392 1360 personalem
1420 1315 1620 1349 residentiam
1651 1326 1699 1348 rc-

941 1368 1112 1412 *quii-entia
1142 1370 1413 1413 qualitercumque
1433 1369 1620 1413 mellificata,
1643 1379 1699 1412 per

959 1433 1012 1456 vos
1036 1434 1118 1456 nunc
1143 1429 1173 1456 et
1196 1435 1255 1467 pro
1281 1429 1423 1467 tempore
1448 1423 1584 1462 obtenta,
1605 1422 1699 1456 etiam

959 1487 1016 1520 pro
1042 1478 1144 1510 vestra
1174 1478 1240 1510 sola
1266 1477 1423 1511 voluntate
1448 1482 1478 1509 et
1506 1477 1591 1509 nulla
1619 1477 1696 1509 sub-

958 1530 1084 1563 sistente
1106 1533 1198 1563 causa
1219 1541 1281 1564 non
1303 1531 1474 1563 residentes
1494 1530 1532 1562 ab
1552 1529 1699 1562 humanis

958 1583 1109 1617 decedere
1134 1584 1311 1627 contigerit,
1336 1584 1393 1616 sub
1420 1584 1532 1617 litteris
1558 1584 1698 1616 recolen-

959 1635 1015 1669 dae
1041 1637 1212 1670 memoriae
1233 1638 1276 1669 Pii
1299 1638 1399 1680 Papae
1420 1637 1456 1669 lV
1477 1636 1699 1680 praedecesso-

940 1689 1000 1721 ¹ris
1025 1691 1123 1722 nostri
1149 1696 1257 1724 contra
1282 1700 1498 1733 quoscumque
1522 1690 1697 1733 episcopos,

958 1744 1212 1788 archiepiscopos
1238 1749 1267 1776 et
1291 1744 1368 1776 alios
1394 1744 1558 1787 praelatos,
1576 1754 1698 1776 necnon

957 1798 1183 1840 parochialium
1208 1797 1411 1830 ecclesiarum
1439 1802 1594 1837 rectores,
1615 1803 1697 1831 cete-

957 1860 1072 1893 rosque
1105 1849 1291 1883 residentiae
1327 1849 1483 1893 personali
1522 1850 1697 1893 praedictae

956 1902 1132 1944 adstrictos,
1156 1909 1242 1936 extra
1278 1903 1362 1935 illam
1399 1903 1697 1948 quomodocumque

956 1956 1158 1998 decedentes,
1183 1957 1316 2001 septimo
1337 1957 1485 1990 kalendas
1509 1957 1696 1998 decembris,

955 2011 1155 2054 pontificatus
1181 2011 1228 2044 sui
1253 2022 1334 2044 anno
1360 2022 1389 2053 v,
1415 2017 1467 2044 aut
1494 2012 1554 2044 alio
1581 2012 1695 2045 veriori

955 2069 1107 2108 tempore,
1135 2065 1296 2105 emanatis,
1314 2069 1344 2099 et
1361 2065 1418 2097 sub
1444 2065 1695 2110 qnilniscumque

954 2119 1022 2151 aliis
1049 2118 1324 2153 constitutionibus
1349 2124 1401 2151 aut
1426 2120 1694 2160 revocationibus,

954 2172 1227 2216 suspensionibus,
1253 2172 1500 2211 limitationibus,
1527 2172 1691 2205 modifica—

955 2225 1101 2266 tionibus,
1125 2225 1268 2268 decretis,
1289 2225 1552 2259 declarationibus
1573 2232 1695 2269 aposto-

954 2279 1030 2318 licis,
1056 2279 1259 2312 cancellariae
1284 2279 1475 2322 apostolicae
1503 2279 1630 2321 regulis,
1656 2290 1692 2312 cx

952 2332 1114 2375 quibusvis
1143 2333 1244 2365 causis
1273 2339 1561 2376 quantnmcmnspie
1589 2332 1691 2364 maxi-

953 2387 1020 2427 mis,
1036 2387 1220 2429 urgentibus
1234 2392 1264 2420 et
1281 2387 1582 2428 inexcogitabilibus,
1598 2387 1692 2419 ctiam

952 2441 981 2472 in
1000 2442 1136 2473 timorem
1156 2440 1226 2473 [idei
1248 2446 1277 2473 et
1297 2441 1392 2473 divini
1423 2441 1524 2473 cultus
1542 2451 1692 2482 augmen-

952 2499 1028 2535 tum,
1053 2505 1088 2527 ac
1113 2494 1382 2534 consistorialiter,
1397 2494 1488 2526 etiam
1511 2505 1527 2526 a
1552 2494 1641 2526 nobis
1662 2499 1692 2527 et

949 2548 1027 2581 Sede
1053 2548 1222 2592 praedicta,
1248 2549 1398 2581 hactenus
1415 2549 1461 2581 vel
1483 2559 1565 2581 nunc
1584 2554 1612 2580 et
1634 2559 1690 2592 pro

950 2607 1091 2646 tempore
1118 2602 1205 2634 sactis
1226 2608 1252 2634 et
1276 2602 1374 2636 editis,
1394 2602 1521 2634 minime
1547 2613 1690 2645 compre-

1721 198 1769 224 ΛΠ.
1790 198 1816 225 C.
1837 200 1903 228 1655

1789 685 1900 707 Clausulas

1716 716 1899 736 praescr-vatum.
