2243 3205
255 236 305 262 An.
327 234 356 261 C.
374 233 441 262 1658

319 1998 412 2022 aragoni
436 1997 461 2018 xl

279 2031 425 2045 CRRCBSSlOUES
442 2030 462 2043 Θ·

279 2054 396 2073 narrantur.

489 225 552 257 {³170

452 281 631 325 gnationcm
657 280 879 323 omnipotentis
906 280 957 312 Dei
979 284 1008 313 et
1026 279 1187 314 beatorum

453 335 534 367 Petri
560 338 589 366 et
614 333 699 366 Pauli
731 333 945 377 apostolorum
977 333 1042 366 eius
1074 343 1106 366 se
1133 343 1189 365 no-

454 386 532 419 verit
556 386 766 418 incursurum.

490 448 586 474 Datum
607 446 764 478 Aveniene,
787 453 849 472 xxvi
871 445 998 472 kalendas
1019 444 1172 472 decembris
1185 466 1191 477 ,

456 490 627 527 pontificatus
651 489 734 516 nostri
761 497 830 516 anno
852 496 894 523 ιιι,
918 489 1110 516 incarnationis
1131 496 1192 515 vero

457 535 612 562 bominicae
632 542 701 561 anno
722 540 843 560 mcccxix.

502 598 516 641 g
541 596 569 629 8.
596 596 752 637 Ceterum,
769 601 803 628 ut
820 595 1000 628 earumdem
1018 595 1193 628 litterarum

459 657 547 684 tenor
571 650 740 693 praefatus,
757 648 801 681 sic
818 648 962 689 insertus,
981 647 1194 681 omnimodam

460 703 504 736 rei
541 713 596 735 scu
623 702 692 736 facti
719 701 938 734 certitudinem
963 700 1093 741 habeat,
1121 711 1195 744 apo-

459 756 568 790 stolica
592 756 775 789 auctoritate
811 754 1030 796 decernimus,
1054 757 1088 787 ut
1120 753 1196 786 illud

463 809 543 842 idem
569 808 676 850 robur⁷
703 818 835 851 eamque
848 807 933 851 avim,
959 817 1094 850 eumque
1114 806 1197 850 vigo-

461 872 526 895 rem
553 862 653 895 dictus
675 867 763 894 tenor
776 871 833 904 per
847 861 951 894 onmia
966 860 1086 902 lrabeat,
1104 870 1197 903 quem

462 915 613 949 baberent
639 915 807 957 originales
837 914 958 946 litterae
983 913 1198 957 supradictae,

462 975 491 1003 ct
516 969 623 1002 cadem
650 979 779 1012 prorsus
804 967 903 1000 cidem
931 967 1029 1000 tenori
1057 966 1133 999 fides
1151 966 1200 998 ad-

462 1023 608 1055 hibeatur
626 1049 633 1062 ,
666 1021 929 1065 quandocumque
955 1025 985 1053 ct
1009 1019 1199 1062 ubicumque

464 1077 527 1109 sire
552 1076 582 1107 in
608 1075 723 1107 iudicio
749 1075 794 1107 vel
825 1073 897 1106 alibi
926 1073 1018 1106 fuerit
1043 1073 1200 1105 exhibitus

464 1128 511 1161 vel
537 1133 690 1168 ostensus,
716 1132 746 1160 et
771 1127 871 1159 eidem
897 1131 996 1159 stetur
1020 1126 1153 1159 firmiter
1171 1125 1201 1158 in

465 1181 620 1222 omnibus,
635 1181 714 1214 sicut
731 1180 848 1213 eisdem
867 1179 1074 1222 originalibus
1092 1179 1202 1212 litteris

466 1241 611 1276 staretur,
638 1235 661 1267 si
687 1235 790 1267 forent
807 1233 965 1266 exhibitae
982 1233 1031 1266 vel
1050 1237 1201 1266 ostensae.

467 1290 525 1322 I'er
549 1289 610 1322 hoc
631 1293 734 1320 autem
756 1288 876 1319 nullum
895 1286 942 1320 ius
959 1286 997 1319 dc
1018 1296 1099 1320 novo
1117 1286 1204 1319 vobis

467 1344 588 1389 acquiri
614 1344 768 1383 volumus,
793 1343 846 1375 scd
871 1342 1045 1385 antiquum,
1071 1342 1096 1375 si
1121 1341 1204 1384 quod

468 1398 621 1441 habetur,
648 1398 864 1432 tantummodo
896 1397 1085 1431 conservari.
1124 1396 1204 1429 Nulli

470 1464 545 1496 ergo
571 1453 699 1486 omnino
724 1452 887 1485 hominum
913 1452 1001 1485 liccat
1028 1452 1107 1484 hanc
1124 1451 1208 1494 pagi-

470 1516 541 1539 nam
566 1511 691 1538 nostrae
716 1504 946 1545 annotationis,
979 1503 1207 1537 constitutionis

471 1563 500 1591 et
525 1558 692 1591 voluntatis
717 1558 898 1601 infringere,
917 1557 963 1590 vel
981 1557 1007 1590 ei
1022 1567 1099 1590 ausu
1118 1562 1209 1590 teme-

473 1611 556 1644 rario
582 1611 747 1644 contraire.
774 1611 804 1644 Si
829 1611 898 1654 quis
916 1615 1020 1643 autem
1039 1610 1099 1643 hoc
1116 1614 1210 1643 atten-

474 1671 537 1698 tare
561 1664 818 1708 praesumpserit,
844 1663 1088 1706 indignationem
1114 1663 1211 1696 omni-

473 1719 608 1764 potentis
634 1719 685 1752 Dei
713 1730 748 1752 ac
772 1719 937 1752 beatorum
964 1718 1046 1751 Petri
1069 1723 1098 1750 ct
1126 1717 1210 1750 Pauli

475 1773 691 1817 apostolorum
717 1772 783 1805 eius
801 1782 833 1804 se
853 1771 975 1805 noverit
1000 1771 1211 1804 incursurum.

511 1834 606 1861 Datum
627 1834 771 1868 Avenione,
793 1841 837 1861 xiv
857 1833 985 1861 kalendas
1004 1833 1128 1868 augusti,
1145 1842 1211 1869 pou-

477 1881 590 1907 tificatus
606 1880 688 1907 nostri
704 1888 774 1907 anno
791 1886 808 1913 1,
829 1878 1023 1906 incarnationis
1045 1886 1105 1905 vero
1127 1879 1213 1906 Domi-

477 1925 550 1951 nicae
566 1932 636 1951 anno
656 1930 796 1950 nccchui.

522 1988 536 2031 ἓ
560 1987 589 2020 9.
616 1988 651 2020 Et
676 1986 787 2019 deinde
812 1985 881 2029 piae
907 1985 1079 2018 memoriae
1096 1985 1215 2028 Grego-

478 2041 543 2074 rius
568 2042 649 2084 Papa
670 2040 718 2080 xl,
737 2039 828 2072 etiam
859 2038 1081 2082 praedecessor
1098 2044 1214 2082 noster,

479 2093 594 2138 prioris
619 2092 773 2136 generalis
794 2097 823 2125 et
846 2092 979 2124 fratrum
998 2096 1070 2124 tunc
1087 2092 1216 2125 existen-

479 2148 556 2180 tium
582 2145 779 2179 liuiusmodi¹
806 2150 879 2178 tunc
905 2145 1080 2184 inclinatus,
1106 2156 1215 2178 eorum

480 2200 602 2240 domus,
629 2200 658 2231 in
683 2199 796 2242 quibus
821 2198 926 2232 divino
952 2198 1100 2231 vacabant
1125 2199 1216 2231 obse-

481 2253 565 2297 quio,
591 2252 648 2285 sub
673 2252 753 2284 beati
779 2252 859 2285 Petri
885 2256 915 2286 et
939 2254 994 2285 sua
1021 2252 1216 2295 protectione

484 2306 630 2350 suscepit,
649 2311 798 2346 statuens,
820 2309 852 2339 ut
869 2305 951 2338 Ordo
969 2305 1146 2346 canonicus,
1164 2305 1217 2349 qui

483 2358 655 2392 secundum
682 2359 778 2391 Deum
809 2364 838 2390 et
874 2358 953 2391 beati
979 2358 1142 2401 Augustini
1170 2369 1216 2391 rc-

483 2412 587 2455 gulam
615 2411 644 2443 in
669 2411 814 2444 domibus
840 2411 914 2454 ipsis
932 2411 1116 2444 auctoritate
1145 2423 1218 2455 apo-

485 2465 593 2497 stolica
618 2464 776 2498 institutus
794 2474 861 2497 esse
884 2464 1135 2507 dignoscebatur,
1152 2475 1220 2508 per-

486 2517 586 2561 petuis
620 2517 734 2549 ibidem
771 2517 965 2560 temporibus
1001 2517 1220 2551 inviolabiliter

488 2570 647 2602 observari
674 2570 818 2608 deberet;

524 2636 534 2662 1
558 2630 636 2658 Deest
654 2631 786 2666 precibus
806 2635 852 2658 aut
871 2632 957 2659 simile
976 2633 1014 2667 (n.
1031 2632 1078 2668 τ.).

1026 232 1203 256 BULL'ARIUM
1229 232 1382 256 ROMANUM

1268 280 1282 321 ξ
1313 278 1358 311 10.
1387 279 1571 318 Praeterea,
1596 283 1629 310 ut
1653 288 1865 322 quascumque
1889 288 1960 323 pos-

1225 332 1377 365 sessiones
1402 336 1431 364 et
1455 331 1546 371 bona,
1571 341 1649 374 quae
1674 331 1829 375 praefatae
1849 331 1961 365 domus

1227 390 1300 417 tunc
1325 385 1402 417 iuste
1428 388 1456 418 et
1481 383 1631 417 canonice
1664 383 1886 427 possidebant,
1911 390 1962 417 aut

1227 438 1258 470 in
1281 438 1421 471 futurum
1447 437 1647 471 concessione
1674 436 1876 478 Pontificum,
1901 437 1962 469 lar-

1227 490 1344 533 gitione
1368 501 1478 534 regum
1515 490 1561 523 vel
1585 489 1782 534 principum,
1808 489 1964 522 oblatione

1227 543 1386 584 fidelium,
1412 553 1465 576 seu
1490 543 1558 576 aliis
1583 543 1670 575 iustis
1696 541 1796 575 modis
1821 546 1965 585 poterant

1229 595 1369 639 adipisci,
1383 596 1530 630 fratribus
1551 595 1697 639 praefatis
1711 605 1884 638 corumque
1900 604 1965 628 suc-

1230 649 1408 682 cessoribus
1424 649 1517 681 firma
1542 654 1571 681 et
1596 648 1714 681 illibata
1734 652 1965 692 permanerent,

1230 703 1292 734 una
1317 712 1388 735 cum
1406 701 1555 742 ecclesiis,
1573 701 1711 741 decimis,
1729 700 1839 741 hortis,
1859 699 1966 741 vineis,

1231 754 1362 796 olivetis,
1388 755 1495 798 pratis,
1521 754 1623 796 terris,
1649 753 1840 795 nemoribus,
1860 752 1966 794 wadis,

1231 808 1354 851 pascuis
1384 808 1414 840 in
1446 807 1542 841 bosco
1573 812 1602 840 et
1634 807 1746 850 plano,
1771 806 1802 839 in
1826 806 1914 850 aquis
1939 811 1969 839 et

1233 860 1429 901 molendinis,
1455 861 1485 893 in
1510 861 1566 893 viis
1592 865 1621 893 et
1645 859 1773 900 semitis,
1798 865 1827 893 et
1851 859 1881 892 in
1905 870 1969 893 om-

1233 913 1325 946 nibus
1349 914 1416 946 aliis
1447 913 1643 946 libertatibus
1667 918 1696 945 et
1721 910 1969 945 imriiunitatibus

1234 966 1307 1007 suis,
1322 966 1490 1007 novalium,
1505 972 1558 998 aut
1577 976 1655 1010 quac
1672 965 1808 1010 propriis
1826 964 1970 998 manibus

1234 1024 1287 1052 aut
1311 1019 1488 1063 sumptibus
1505 1019 1657 1060 colebant,
1675 1019 1713 1051 de
1729 1018 1843 1062 quibus
1859 1017 1970 1062 aliquis

1235 1073 1385 1107 hactenus
1401 1073 1541 1106 decimas
1560 1082 1622 1106 non
1643 1077 1835 1116 perceperat,
1853 1071 1917 1105 sive
1933 1071 1972 1105 de

1236 1126 1418 1159 animalium
1436 1136 1566 1159 suorum
1583 1124 1794 1166 nutrimentis,
1814 1125 1918 1157 nullus
1934 1124 1972 1157 ab

1238 1179 1312 1223 ipsis
1337 1179 1487 1212 fratribus
1519 1178 1656 1212 decimas
1689 1178 1814 1221 exigere
1842 1177 1889 1211 vel
1914 1188 1969 1211 ex-

1239 1238 1388 1276 torquere
1422 1232 1551 1265 auderet
1582 1242 1636 1265 seu
1669 1237 1906 1276 praesumeret;
1937 1232 1974 1265 li-

1239 1291 1323 1319 ceret
1348 1296 1472 1330 quoque
1490 1285 1599 1319 iisdem
1613 1286 1762 1318 fratribus
1777 1285 1909 1319 clericos
1927 1286 1975 1318 vel

1240 1339 1336 1372 laicos
1363 1339 1478 1373 liberos
1503 1345 1532 1372 et
1556 1339 1714 1372 absolutos
1747 1349 1764 1371 a
1799 1339 1904 1372 seculo
1929 1339 1976 1372 fu-

1240 1394 1359 1437 gientes
1384 1394 1421 1426 ad
1446 1394 1684 1428 conversionem
1704 1394 1857 1438 accipere,
1877 1398 1907 1427 et
1923 1404 1976 1427 eos

1241 1447 1358 1491 absque
1383 1447 1629 1481 contradictione
1653 1447 1758 1491 aliqua
1783 1447 1928 1482 retinere.

1286 1501 1300 1544 g
1330 1501 1375 1533 ll.
1399 1501 1566 1548 ¹Prohibuit
1589 1502 1734 1546 insuper,
1759 1507 1792 1535 ut
1814 1503 1891 1536 nulli
1921 1504 1980 1537 fra-

1244 1560 1325 1587 trum
1341 1555 1554 1598 praefatorum
1573 1560 1642 1599 post
1659 1555 1769 1591 factam
1786 1556 1817 1590 in
1834 1557 1980 1592 domibus

1244 1607 1423 1642 huiusmodi
1460 1608 1686 1652 professionem
1721 1610 1765 1642 sas
1797 1614 1897 1652 esset,
1922 1610 1982 1644 nisi

1244 1661 1359 1705 prioris
1385 1661 1430 1694 sui
1450 1661 1573 1695 licentia
1591 1662 1734 1696 arctioris
1751 1663 1912 1707 religionis
1930 1665 1983 1698 oh-

1247 1716 1340 1756 tenta‚
1365 1715 1403 1747 de
1428 1715 1538 1748 iisdem
1564 1715 1709 1749 domibus
1734 1716 1904 1759 discedere,
1925 1718 1983 1751 dis-

1247 1768 1408 1802 cedentem
1434 1778 1508 1801 vero
1533 1769 1650 1813 absque
1676 1771 1836 1803 communi
1869 1771 1984 1805 littera-

1248 1832 1317 1854 rum
1343 1822 1584 1866 apostolicarum
1612 1822 1755 1856 cautione
1772 1824 1875 1857 nullus
1892 1825 1985 1858 aude-

1247 1879 1294 1907 ret
1319 1874 1464 1907 retinere.
1493 1875 1654 1908 Praeterea
1679 1875 1814 1911 inhibuit
1837 1887 1876 1910 ne
1903 1877 1985 1912 ullus

1248 1927 1414 1972 episcopus
1439 1928 1486 1960 vel
1511 1928 1668 1972 quaelibet
1699 1929 1758 1962 alia
1788 1940 1923 1974 persona
1946 1932 1984 1965 ad

1249 1980 1382 2024 synodos
1415 1981 1461 2014 vel
1486 1981 1524 2014 ad
1549 1981 1626 2015 alios
1651 1987 1821 2016 conventus
1847 1984 1986 2019 forenses

1250 2033 1333 2077 ipsos
1358 2034 1468 2066 fratres
1494 2034 1609 2075 venire,
1635 2045 1692 2069 nee
1716 2035 1830 2070 iudicio
1852 2037 1985 2072 seculari

1249 2087 1287 2120 de
1313 2088 1442 2132 propria
1468 2088 1639 2122 substantia
1668 2090 1714 2123 vel
1736 2091 1986 2135 possessionibus

1251 2151 1360 2174 eorum
1382 2141 1544 2175 subiacere
1569 2143 1781 2187 compelleret,
1807 2154 1864 2178 nec
1881 2144 1919 2178 ad
1936 2144 1988 2178 do-

1252 2204 1319 2227 mos
1355 2195 1507 2238 praefatas
1543 2197 1635 2228 causa
1670 2196 1876 2231 ordinationis
1907 2198 1986 2232 cele-

1251 2248 1372 2291 brandi,
1391 2259 1499 2282 causas
1529 2250 1691 2291 tractandi,
1714 2251 1757 2284 vel
1778 2251 1898 2295 aliquos
1916 2261 1987 2285 con-

1253 2306 1361 2334 ventus
1395 2301 1520 2346 publice
1551 2304 1742 2337 convocandi
1768 2304 1874 2338 venire
1896 2314 1986 2349 prae-

1253 2359 1400 2395 sumeret,
1425 2365 1482 2388 nec
1506 2356 1684 2399 regularem
1709 2356 1783 2390 dicti
1800 2357 1915 2401 prioris
1930 2357 1988 2391 ele-

1253 2407 1386 2441 ctionem
1425 2408 1611 2453 impediret‚
1647 2416 1698 2442 aut
1731 2410 1768 2443 de
1800 2410 1988 2444 instituendo

1254 2461 1300 2493 vel
1326 2461 1501 2495 revocando
1527 2473 1563 2496 eo
1587 2463 1639 2506 qui
1664 2474 1722 2508 pro
1740 2469 1882 2509 tempore
1910 2464 1990 2498 foret

1254 2518 1361 2546 contra
1388 2520 1500 2547 statuta
1528 2525 1636 2549 eorum
1669 2516 1792 2550 Ordinis
1816 2527 1848 2551 se
1872 2517 1989 2561 aliqua-

1255 2570 1344 2599 tenus
1366 2567 1597 2610 intromitteret,
1615 2569 1692 2602 illud
1708 2569 1866 2611 adiiciens,
1883 2575 1917 2603 ut
1933 2570 1989 2604 sci-

1255 2619 1326 2652 licet
1350 2619 1470 2664 priores
1497 2621 1553 2665 ipsi
1579 2622 1742 2666 episcopo,
1768 2622 1852 2655 salvo
1876 2622 1986 2657 ordine

1971 232 2022 258 An.
2043 231 2071 258 G.
2088 231 2155 260 1658
