2185 3188
19 193 68 220 An.
84 191 112 219 C.
135 192 203 220 1655

807 194 993 220 ALEXANDER
1018 194 1061 219 VH
1086 195 1134 219 1¹1³.

215 241 304 275 annis
329 251 418 276 suum
445 242 616 287 capitulum
642 243 788 288 generale
814 254 831 276 a
848 244 955 277 multis

215 295 254 328 ab
279 295 352 329 hinc
383 297 496 330 seculis
534 297 608 330 inibi
645 297 797 331 celebrari
831 297 953 331 solitam

216 349 385 394 componit,
399 351 595 394 Apostolicae
609 351 679 385 Sedi
694 351 872 384 immediate
886 350 955 383 sub-

217 403 330 436 iectum
351 404 463 446 existit,
482 415 603 438 necnon
621 406 651 437 in
669 409 786 449 septem
811 404 955 448 priorati-

216 455 274 488 bus
292 456 482 497 buiusmodi,
498 458 706 491 ecclesiastica
721 456 953 500 regularisque¹

215 508 397 553 disciplina,
414 510 466 543 ubi
492 511 627 554 collapsa
644 516 699 549 est,
718 510 909 551 restituatur,
925 516 952 543 et

215 561 267 594 ubi
286 569 469 596 conservata
482 569 538 604 est,
556 563 747 596 constantius
764 568 952 607 perseveret,

215 616 497 660 supplicationibus
512 617 650 650 eiusdem
676 617 789 650 Mariae
809 617 955 650 Constan-

216 668 275 701 tiae
306 670 479 704 abbatissae
503 671 629 704 nomine
654 671 744 704 nobis
775 681 869 714 super
894 671 953 703 boc

215 721 374 756 humiliter
406 723 560 768 porrectis
587 723 738 764 inclinati,
767 724 951 756 fraternitati

215 780 295 815 tuae,
315 776 353 808 de
377 777 466 810 cuius
489 777 677 820 integritate,
691 777 763 818 side,
775 777 951 821 prudentia,

214 832 243 862 et
259 829 432 862 catholicae
455 830 618 873 religionis
642 831 708 864 zelo
728 831 900 875 plurimum
922 831 951 863 in

214 881 346 915 Domino
377 883 575 925 confidimus,
596 894 654 928 per
673 890 854 928 praesentes
871 896 953 919 com-

214 935 367 969 mittimus
392 941 421 969 et
446 936 641 978 mandamus,
657 942 811 982 quatenus
831 949 888 982 per
913 943 952 979 te,

214 989 261 1023 vel
278 990 385 1031 alium,
399 1001 452 1024 seu
474 991 561 1034 alios,
575 1002 670 1036 quem
689 1003 742 1026 seu
763 1003 841 1036 quos
865 993 903 1026 ad
921 993 951 1026 id

214 1042 341 1077 duxeris
358 1044 568 1088 deputandum
593 1056 647 1079 seu
665 1045 868 1090 deputandos,
890 1056 952 1080 mo-

214 1096 383 1130 nasterium
399 1108 434 1131 ac
452 1104 568 1143 septem
583 1099 740 1143 prioratus
760 1100 951 1141 huiusmodi,

214 1161 386 1196 eorumque
412 1152 611 1194 abbatissam,
637 1154 815 1198 priorissas,
836 1155 952 1188 monia-

214 1204 258 1237 les
293 1210 322 1237 et
346 1216 496 1249 personas
520 1217 735 1251 quascumque
759 1208 950 1251 respective,

216 1262 276 1291 tam
303 1258 332 1291 in
353 1260 455 1304 capite
482 1272 575 1305 quam
601 1262 631 1294 in
656 1261 826 1302 membris,
855 1262 949 1295 semel

215 1316 344 1354 tantum,
361 1314 545 1348 auctoritate
562 1317 670 1348 nostra
694 1316 865 1360 apostolica
883 1315 951 1348 visi-

217 1370 270 1406 tes,
291 1376 326 1398 ac
351 1367 381 1398 in
406 1377 515 1400 eorum
541 1373 670 1408 statum,
699 1368 950 1409 consuetudines,

218 1418 330 1461 vitam,
353 1430 477 1459 moreS,
502 1421 580 1453 ritus
613 1426 643 1454 et
665 1421 861 1465 disciplinam
889 1428 949 1455 tam

217 1473 406 1506 coniunctim
431 1484 524 1517 quam
557 1475 678 1507 divisim
711 1475 878 1518 diligenter
910 1476 951 1508 in-

217 1526 332 1568 quiras,
349 1537 481 1568 necnon,
499 1529 695 1571 evangelicae
715 1534 745 1562 et
764 1530 951 1573 apostolicae

216 1577 385 1622 doctrinae,
410 1590 635 1625 sacrorumque
660 1591 813 1615 canonum
839 1588 867 1615 et
899 1593 950 1625 ge-

214 1631 367 1664 neralium
392 1633 608 1676 conciliorum,
630 1640 659 1667 et
676 1635 860 1678 praesertim
885 1636 951 1669 Tri-

214 1683 330 1717 dentini
366 1686 520 1725 decretis,
553 1698 588 1720 ac
620 1694 798 1722 sanctorum
826 1695 949 1733 patrum

214 1738 450 1780 traditionibus,
475 1741 692 1784 regularisque
717 1742 841 1775 Ordinis
865 1754 951 1786 prae-

213 1790 285 1824 dicti
311 1792 458 1825 institutis
493 1793 706 1835 inhaerendo,
734 1805 951 1839 quaecumque

213 1845 393 1885 mutatione,
419 1847 624 1888 correctione,
649 1848 876 1890 emendatione,
901 1860 950 1882 re-

212 1899 387 1941 novatione,
405 1901 613 1944 revocatione,
631 1912 666 1935 ac
694 1902 786 1935 etiam
812 1913 847 1936 ex
870 1902 948 1936 inte-

213 1961 270 1994 gro
295 1952 430 1987 editione
454 1954 594 1998 indigere
618 1956 825 1999 cognoveris,
854 1957 949 1990 resor-

213 2015 288 2047 mes,
309 2011 421 2047 mutes,
441 2008 598 2051 corrigas,
627 2019 663 2041 ac
687 2009 780 2042 etiam
805 2009 843 2043 de
867 2020 948 2044 novo

213 2058 338 2099 condas,
359 2060 492 2101 condita,
517 2062 613 2096 sacris
637 2063 809 2096 canonibus
829 2069 858 2097 et
875 2064 949 2098 Con-

213 2112 275 2144 cilii
293 2113 463 2147 Tridentini
478 2114 611 2149 decretis
628 2117 889 2161 regularibusque
904 2118 948 2150 in-

213 2166 327 2199 stitutis
358 2168 524 2211 praedictis
552 2179 613 2202 non
642 2171 857 2214 repugnantia,
875 2176 966 2204 con-3

213 2218 330 2260 firmas,
348 2220 463 2254 abusus
486 2232 701 2266 quoscumque
727 2225 825 2265 tollas,
851 2225 948 2258 bonas

213 2277 243 2305 et
266 2273 436 2307 laudabiles
468 2275 676 2310 institutiones
692 2304 699 2318 ,
722 2288 758 2310 ac
782 2278 812 2310 in
838 2278 949 2322 primis

212 2325 352 2360 divinum
377 2328 507 2369 cultum,
523 2330 788 2374 monasticamque
813 2331 966 2376 discipli-,¹

213 2389 282 2413 nam
308 2386 337 2413 et
361 2382 590 2416 observantiam
612 2385 782 2427 regulares,
806 2385 966 2419 abicam-³

213 2445 273 2478 que
297 2436 479 2477 exciderint,
497 2437 596 2470 modis
620 2439 767 2481 congruis
792 2440 966 2480 1·estituas,⁵

213 2487 237 2520 si
255 2488 373 2532 aliquas
391 2500 541 2533 personas
561 2491 590 2523 in
612 2492 948 2536 aliqno'delinqucntes

252 2609 259 2632 1
281 2606 346 2633 Mate
362 2607 426 2634 edit.
444 2607 521 2635 Μαίη.
538 2608 601 2643 legit
615 2610 797 2645 reqularique
815 2613 849 2646 (n.
863 2611 910 2645 aa).

1654 186 1696 220 45

989 243 1156 287 repereris,
1174 242 1252 283 illas,
1265 243 1350 277 iuxta
1366 244 1532 277 canonicas
1548 243 1727 277 sanctiones

989 301 1018 328 et
1036 296 1194 338 regularia
1211 296 1285 329 dicti
1304 296 1428 330 Ordinis
1445 297 1595 337 instituta,
1616 296 1727 340 punias

989 355 1019 381 et
1043 349 1199 393 castiges,
1232 350 1479 384 contradictores
1508 351 1666 394 quoslibet
1697 355 1727 383 et

989 402 1131 442 rebelles,
1149 403 1255 446 eisque
1272 403 1421 436 auxilium
1437 404 1483 436 vel
1506 405 1655 443 savorem,
1673 414 1728 447 pu-

988 456 1067 489 blice
1092 457 1139 489 vel
1164 457 1307 497 occulte,
1328 457 1445 490 directe
1478 458 1523 491 vel
1554 458 1726 497 indirecte,

988 510 1099 554 quovis
1123 511 1265 554 quaesito
1286 511 1402 552 colore,
1419 511 1555 553 ingenio,
1574 512 1619 543 vel
1640 521 1728 554 prae-

990 569 1073 596 textu
1091 569 1296 607 praestantes,
1314 564 1540 608 cuiuscumque
1557 564 1726 607 dignitatis,

988 622 1095 657 status,
1116 618 1242 660 gradus,
1271 617 1395 651 Ordinis
1420 623 1450 650 et
1475 618 1662 650 conditionis
1679 629 1727 651 ex-

988 670 1117 710 titerint,
1143 682 1200 714 per
1223 681 1372 703 censuras
1396 676 1426 703 ct
1451 681 1567 714 poenas
1585 671 1727 703 ecclesia-

987 723 1079 756 sticas
1097 724 1219 767 aliaque
1239 730 1415 768 opportuna
1440 724 1516 756 iuris
1537 729 1567 756 et
1594 724 1662 756 sacti
1682 734 1727 756 re-

988 776 1090 809 media
1115 787 1315 821 compescas,
1333 788 1369 810 ac
1393 777 1451 809 alia
1477 777 1507 809 in
1533 777 1724 820 praemissis,

987 836 1014 863 et
1040 830 1123 863 circa
1148 841 1183 863 ea
1207 831 1393 870 necessaria,
1412 841 1465 863 seu
1489 830 1727 874 quomodolibet

987 888 1163 928 opportuna
1190 885 1294 924 facias,
1311 885 1407 924 dicas,
1428 895 1519 928 geras
1543 889 1573 918 et
1596 893 1727 928 exequa-

987 938 1045 975 ris;
1063 949 1158 982 super
1177 939 1291 982 quibus
1308 939 1455 971 omnibus
1473 944 1503 971 et
1517 938 1648 981 singulis
1665 938 1726 982 ple-

986 1001 1068 1034 nam,
1085 992 1214 1024 liberam
1241 996 1270 1024 et
1294 992 1429 1035 amplam
1456 991 1512 1024 tibi
1537 992 1725 1031 facultatem,

986 1045 1166 1078 earumdem
1192 1050 1302 1079 tenore
1327 1045 1554 1089 praesentium,
1580 1044 1725 1079 concedi-

987 1109 1054 1131 mus
1079 1105 1108 1132 et
1132 1099 1341 1143 impertimur.

1030 1153 1044 1196 ἓ
1068 1153 1096 1186 ἓ.
1122 1153 1301 1186 Mandantes
1325 1159 1494 1197 propterea
1525 1153 1671 1186 omnibus
1696 1158 1726 1186 et

985 1206 1126 1249 singulis,
1152 1207 1189 1239 ad
1215 1218 1293 1250 quos
1318 1210 1445 1250 spectat,
1463 1212 1496 1239 ut
1514 1207 1567 1239 tibi
1590 1207 1619 1239 in
1636 1216 1726 1250 prae-

986 1260 1087 1293 missis
1113 1261 1260 1293 omnibus
1284 1266 1431 1304 prompte
1455 1266 1586 1304 pareant
1606 1265 1636 1293 et
1655 1260 1726 1293 obe-

985 1313 1080 1353 diant,
1106 1318 1219 1357 tuaque
1237 1314 1375 1347 salubria
1394 1314 1510 1348 monita
1531 1319 1560 1346 et
1581 1313 1726 1346 mandata

985 1366 1146 1401 humiliter
1171 1367 1341 1411 suscipiant
1371 1373 1401 1400 et
1426 1367 1595 1400 efficaciter
1618 1367 1722 1399 adim-

985 1422 1072 1464 plere
1102 1427 1232 1462 curent,
1263 1421 1401 1465 alioquin
1427 1422 1634 1463 sententiam,
1660 1422 1724 1454 sive

985 1485 1138 1518 poenam,
1164 1485 1257 1519 quain
1283 1475 1342 1508 rite
1367 1475 1476 1508 tuleris
1501 1486 1553 1508 seu
1579 1475 1725 1509 statueris

986 1528 1016 1560 in
1030 1528 1175 1569 rebelleS,
1192 1534 1292 1561 ratam
1310 1528 1506 1571 habebimus,
1521 1534 1549 1562 et
1564 1529 1724 1570 faciemus,

985 1586 1113 1614 auctore
1137 1581 1280 1623 Domino,
1306 1593 1405 1625 usque
1422 1582 1460 1615 ad
1481 1582 1724 1616 satisfactionem

985 1635 1173 1678 condignam
1200 1635 1422 1669 inviolabiliter
1446 1635 1617 1669 observari.

1029 1689 1043 1731 ξ
1069 1688 1096 1720 5.
1124 1689 1275 1721 Volumus
1299 1694 1414 1729 autem,
1439 1694 1472 1721 ut
1488 1689 1512 1721 si
1537 1688 1634 1732 quae¹
1653 1699 1725 1732 gra-

986 1741 1071 1774 viora
1097 1741 1126 1773 in
1152 1741 1331 1774 huiusmodi
1357 1742 1533 1774 visitatione
1558 1742 1725 1785 repereris,

984 1848 1058 1880 rerit
1089 1858 1144 1880 seu
1169 1847 1359 1891 repererint,
1386 1847 1451 1889 illa,
1477 1858 1600 1881 necnon
1625 1848 1724 1881 insor-

984 1900 1136 1934 mationes
1168 1911 1276 1933 omnes
1304 1901 1440 1944 desuper
1468 1902 1635 1935 sumendas
1667 1901 1724 1935 sub

984 1960 1037 1987 tuo
1062 1954 1166 1997 sigillo
1191 1955 1312 1988 clausas
1337 1955 1374 1988 ad
1400 1965 1457 1988 nos
1488 1955 1723 1999 quamprimum

983 2008 1151 2051 diligenter
1175 2008 1388 2049 transmittas,
1414 2013 1465 2050 ut,
1497 2009 1580 2052 quod
1607 2009 1636 2041 in
1663 2009 1723 2042 illis

983 2062 1180 2095 statuendum
1208 2063 1315 2104 suerit,
1342 2064 1465 2095 matura
1494 2063 1722 2096 consultatione

982 2116 1120 2149 adbibita
1143 2116 1359 2149 decernamus.

1026 2170 1040 2213 ξ
1065 2170 1093 2202 4.
1120 2171 1186 2203 Non
1208 2170 1403 2204 obstantibus
1428 2170 1619 2214 apostolicis,
1637 2170 1721 2204 acin

982 2223 1211 2256 universalibus
1239 2223 1549 2267 provincialibusque
1580 2224 1721 2257 conciliis

982 2277 1072 2310 editis
1096 2277 1295 2320 generalibus
1321 2278 1366 2310 vel
1393 2279 1591 2321 specialibus,
1609 2278 1722 2311 consti-

982 2331 1154 2364 tutionibus
1178 2336 1208 2363 et
1228 2331 1626 2371 ordinationibus,necnon
1652 2342 1720 2364 mo-

982 2384 1108 2417 nasterii
1134 2388 1162 2418 et
1187 2385 1386 2428 prioratuum
1412 2384 1604 2424 huiusmodi,
1626 2385 1720 2418 etiam

982 2438 1172 2478 iuramento,
1199 2438 1437 2471 confirmatione
1462 2438 1648 2482 apostolica,
1674 2438 1721 2470 vel

982 2492 1089 2536 quavis
1114 2491 1260 2524 firmitate
1281 2492 1340 2524 alia
1364 2492 1529 2531 roboratis,
1553 2491 1675 2524 statutis
1691 2495 1721 2523 et

1019 2614 1027 2637 1
1052 2610 1144 2645 Aptius
1165 2610 1222 2645 lege
1242 2618 1299 2644 qua
1319 2611 1357 2644 (a.
1374 2612 1421 2642 τᾷ.

984 1805 1038 1827 seu
1063 1805 1080 1826 a
1106 1800 1133 1827 te
1159 1794 1357 1838 deputandus
1383 1796 1429 1827 vel
1450 1795 1617 1838 deputandi
1641 1805 1726 1839 repe-

1742 195 1792 222 An.
1808 195 1835 223 C.
1858 196 1926 224 1655

1809 2175 1919 2198 Conium

1736 2202 1821 2224 refellit.
