2243 3205
71 179 123 207 An.
140 178 170 206 C.
190 178 256 205 1658

866 176 1050 200 ALExANDEn
1077 176 1119 198 vn
1140 177 1186 198 rr.
1691 165 1755 198 5385

268 229 333 257 tum
358 224 396 258 ad
421 225 608 258 solutionem
638 223 818 258 huiusmodi
845 229 1008 266 cogantur,

268 287 330 311 non
361 282 464 311 autem
497 288 603 311 coram
637 277 792 310 iudicibus
824 276 911 309 laicis
945 275 1008 308 sive

268 330 465 364 exactoribus
495 331 676 364 earumdem
713 330 908 373 gabellarum
944 329 1007 361 sive

267 383 414 424 sisarum,
438 393 540 427 neque
565 394 670 416 coram
686 383 848 426 quibusvis
872 382 940 414 aliis
959 381 1006 413 iu-

267 435 388 469 dicibus
412 436 499 469 laicis
535 441 588 469 aut
624 436 775 468 ministris
800 435 871 478 (sub
907 436 1007 479 poena

268 488 602 522 excommunicationis
619 488 746 521 maioris
764 492 793 522 et
809 488 878 520 aliis
898 487 1007 532 poenis

267 551 283 574 a
309 541 405 574 saeris
431 541 604 574 canonibus
625 547 654 574 et
679 541 956 574 constitutionibus
976 551 1007 573 a·

265 594 427 638 postolicis
444 594 570 627 inssictis
585 599 613 626 et
629 593 827 627 comminatis
842 593 909 637 ipso
928 593 1007 627 sacto

266 647 332 680 sine
356 647 415 679 alia
440 646 612 680 monitione
630 652 660 680 et
677 646 887 680 declaratione
908 646 1008 679 incur-

265 699 380 741 rendis,
405 710 423 732 a
447 700 563 743 quibus
588 710 604 732 a
632 700 758 732 nemine
783 705 1004 743 praeterquam

264 764 282 785 a
305 753 396 787 nobis
414 759 444 786 et
461 753 602 787 Romano
621 753 770 787 Pontifiee
788 764 846 797 pro
865 759 1006 797 tempore

264 806 415 840 existente
440 806 557 840 absolvi
595 807 687 840 etiam
715 807 822 850 vigore
854 817 1006 850 quorum-

264 870 399 904 cumque
442 860 684 904 privilegiorum
733 860 979 904 apostolicorum
998 887 1005 901 ,

264 912 357 945 etiam
383 912 540 946 cruciatae
566 917 707 954 sanetae,
732 913 910 956 nequeant)
936 923 1007 946 con-

264 965 362 998 veniri
395 965 460 998 ullo
486 965 580 999 modo
612 966 733 1009 possint
764 976 818 998 seu
850 965 1005 1007 debeant,

263 1019 317 1052 sed
341 1030 358 1052 a
383 1019 552 1063 praedictis
584 1019 753 1053 ordinariis
785 1019 1005 1054 ecclesiasticis

263 1077 382 1106 tantum
399 1072 438 1105 ad
454 1073 643 1106 solutionem
661 1071 842 1106 huiusmodi
857 1072 1004 1116 compelli

262 1125 404 1166 valeant,
429 1125 544 1170 quibus
568 1125 737 1159 ordinariis
762 1125 821 1159 sub
846 1126 1003 1159 interdicti

262 1179 425 1222 ingressus
450 1178 599 1212 ecelesiae
624 1184 654 1212 et
678 1178 890 1223 suspensionis
914 1190 930 1211 a
951 1179 1000 1212 di-

262 1232 360 1273 vinis,
385 1242 507 1265 necnon
538 1232 685 1265 omnibus
710 1238 739 1265 et
763 1232 895 1275 singulis
920 1232 1002 1266 eius-

261 1286 333 1319 dem
360 1285 529 1320 maiestatis
554 1291 624 1319 tuae
649 1285 834 1319 officialibus
861 1291 891 1319 et
909 1285 1002 1318 mini-

261 1339 344 1380 stris,
363 1339 591 1383 cuiuscumque
611 1344 720 1380 status,
747 1338 873 1381 gradus,
895 1338 1003 1372 condi-

262 1391 365 1434 tionis,
383 1392 544 1435 dignitatis
561 1396 591 1425 et
611 1392 858 1436 praeminentiae
875 1391 1001 1433 suerint,

261 1455 297 1478 ac
314 1445 383 1477 aliis
400 1445 651 1488 quibuscumque
671 1445 764 1478 etiam
782 1445 910 1488 speciali
928 1447 1000 1479 nota

261 1497 374 1541 dignis,
400 1498 492 1530 etiam
518 1497 715 1542 Apostolicae
740 1498 827 1531 Sedis
851 1497 1001 1541 delegatis

261 1554 291 1585 et
315 1551 550 1592 commissariis,
576 1551 668 1584 etiam
696 1552 852 1585 cruciatae
878 1551 1002 1595 praedi-

261 1609 346 1646 ctae,
372 1604 548 1649 ceterisque
573 1604 720 1638 omnibus
744 1604 834 1647 aliis,
859 1604 896 1637 ad
923 1615 1001 1650 quos

261 1657 500 1701 quomodolibet
514 1663 633 1702 spectat
651 1662 680 1692 et
698 1669 756 1702 pro
774 1663 917 1702 tempore
934 1668 1001 1702 spe-

261 1711 374 1751 ctabit,
400 1711 457 1745 sub
481 1711 641 1755 praedicta
667 1711 1000 1745 excommunicationis

262 1765 390 1798 maioris
414 1767 527 1809 poena,
552 1769 585 1799 ut
608 1766 796 1810 praefertur,
814 1775 850 1798 eo
871 1765 941 1809 ipso
959 1765 1000 1798 in-

261 1818 428 1861 currenda,
453 1818 520 1851 eius
545 1819 743 1852 absolutione
769 1818 875 1851 itidem
905 1824 937 1851 ut
954 1829 1000 1851 su-

259 1883 316 1917 pra
341 1874 511 1913 reservata,
536 1883 572 1906 ac
596 1872 653 1906 sub
678 1872 886 1906 obtestatione
903 1872 999 1905 divini

260 1925 366 1959 iudicii
381 1931 409 1959 et
432 1926 687 1960 interminatione
707 1925 934 1959 maledictionis
953 1937 1001 1959 ae-

260 1984 366 2014 ternae
390 1979 530 2013 districte
555 1980 779 2024 praecipiendo
802 1980 999 2022 mandamus,

260 2044 298 2067 ne
322 2033 470 2067 ecclesias
495 2039 525 2066 et
548 2034 617 2067 loca
640 2033 810 2077 praedicta,
828 2044 863 2066 ac
880 2034 998 2066 clerum

260 2092 290 2120 et
313 2087 551 2128 ecclesiasticos,
576 2087 717 2131 aliosque
741 2087 928 2131 praedictos,
953 2087 999 2120 in-

259 2140 373 2182 debite,
398 2150 501 2184 neque
526 2140 626 2182 ultra,
651 2143 778 2184 praeter
813 2145 866 2173 aut
890 2145 999 2173 contra

260 2193 482 2228 continentiam
504 2197 534 2226 et
558 2197 698 2226 tenorem
717 2193 929 2237 praesentium
948 2204 998 2227 no-

260 2251 395 2282 strarum
408 2247 593 2288 litterarum,
608 2252 739 2290 gravent
752 2247 997 2291 quomodolibet,

259 2312 317 2335 nec
342 2311 358 2333 a
383 2311 541 2345 quoquam
578 2300 702 2344 gravari
738 2300 943 2344 permittant,
969 2306 998 2333 et

260 2355 375 2388 nedum
401 2359 510 2388 contra
534 2364 749 2398 quoscumque
767 2354 998 2387 contravenien-

261 2414 306 2443 tes
320 2413 350 2442 et
369 2407 608 2452 quomodolibet
626 2407 862 2440 inobservantes
876 2406 912 2439 ad
932 2417 998 2440 sen-

260 2461 427 2496 tentiarum
453 2466 483 2493 et
508 2470 680 2505 poenarum
698 2460 930 2504 praedictarum
949 2460 998 2493 de-

260 2516 462 2549 clarationem
474 2520 504 2547 et
516 2514 800 2558 promulgationem
816 2515 997 2558 respective,

260 2569 313 2603 sed
338 2569 429 2602 etiam
448 2573 557 2601 contra
578 2567 702 2601 eosdem
720 2567 949 2602 ecclesiasticos
970 2573 1000 2600 et

367 2631 441 2659 Ball.
458 2631 541 2659 Rom.
554 2646 585 2650 —
608 2630 666 2658 Vol.
684 2629 761 2658 XVI.
925 2629 957 2656 49

1042 223 1204 265 regulares
1230 224 1322 256 etiam
1357 228 1540 267 exemptos,
1575 222 1728 266 nobisque
1754 228 1783 255 et

1042 276 1129 308 Sedis
1154 276 1351 319 Apostolicae
1388 276 1567 309 immediate
1601 276 1782 315 subiectos,

1026 329 1135 362 etiam
1161 328 1323 361 Societatis
1348 330 1426 370 Iesu,
1447 329 1567 362 solvere
1593 335 1783 368 recusantes,

1041 382 1079 415 ad
1115 393 1348 426 quamcumque
1387 383 1560 426 simplicem
1600 383 1782 415 eorumdem

1041 440 1223 468 exactorum
1241 435 1490 479 requisitionem,
1505 436 1597 468 etiam
1613 435 1783 475 executive,

1041 499 1076 522 ae
1100 499 1299 532 quacumque
1324 489 1534 532 appellatione
1559 491 1696 529 remota,
1722 500 1780 521 au·

1041 542 1185 575 ctoritate
1210 544 1315 574 nostra
1344 541 1526 585 procedant.

1086 595 1101 639 g
1124 595 1154 627 4.
1180 594 1331 628 Volumus
1361 600 1464 627 autem
1491 594 1574 638 quod
1601 594 1680 627 istud
1714 595 1783 627 sub-

1041 647 1155 680 sidium
1192 653 1339 691 respectu
1371 646 1613 680 contrilmtionis
1646 647 1720 679 cleri
1754 652 1846 680 ettalx
1867 667 1890 679 „

1041 701 1257 741 ecclesiarum,
1273 701 1481 744 locorumque
1507 699 1632 743 piorum
1659 705 1688 732 et
1712 710 1782 743 per-

1041 765 1190 788 sonarum
1227 754 1510 788 ecclesiasticarum
1548 752 1781 796 praedictorum

1041 818 1224 852 regnorum,
1250 808 1369 841 scilicet
1394 807 1502 841 decem
1531 811 1560 839 et
1578 816 1688 839 novem
1716 806 1783 838 mil—

1040 862 1161 895 lionum
1185 861 1422 906 praedictorum
1441 861 1627 893 ducatorum
1650 870 1719 892 cum
1739 859 1782 891 di-

1040 913 1137 947 midio
1171 914 1300 948 alterius
1335 914 1501 954 millionis,
1535 912 1682 946 succedat
1713 912 1782 945 loco

1039 978 1314 1014 quorumcumque
1340 978 1487 1009 onerum,
1514 965 1731 1009 gravaminum
1753 970 1782 997 et

1039 1019 1288 1064 impositionum,
1307 1020 1398 1053 etiam
1417 1030 1475 1064 pro
1496 1018 1647 1052 militibus
1665 1023 1694 1051 et
1714 1018 1781 1050 aliis

1038 1072 1288 1118 quibuscumque
1306 1073 1538 1118 impositorum,
1552 1083 1586 1105 ac
1598 1071 1690 1105 etiam
1712 1071 1781 1104 loco

1038 1136 1314 1170 quorumcumque
1340 1126 1473 1160 aliorum
1496 1125 1709 1159 subsidiorum
1728 1135 1780 1157 su-

1037 1189 1094 1223 per
1119 1179 1315 1212 millionibus
1343 1190 1401 1223 per
1430 1178 1528 1212 felicis
1554 1177 1780 1211 reeordationis

1036 1232 1252 1266 Innocentium
1286 1233 1400 1277 Papam
1430 1233 1454 1266 X
1480 1232 1620 1275 aliosque
1649 1231 1780 1274 praede-

1038 1295 1179 1319 cessores
1203 1290 1330 1319 nostros
1356 1286 1506 1319 hactenus
1530 1284 1778 1328 approbatorum

1037 1343 1066 1372 et
1090 1349 1325 1379 concessorum,
1351 1339 1391 1371 ita
1416 1338 1500 1382 quod
1526 1338 1651 1370 illorum
1671 1337 1779 1379 vigore

1036 1391 1113 1424 nihil
1138 1391 1273 1435 amplius
1297 1402 1313 1424 a
1339 1391 1447 1431 clero,
1480 1401 1537 1423 nec
1569 1401 1585 1422 a
1619 1400 1777 1433 quoquam

1036 1444 1257 1486 ecclesiarum,
1283 1445 1491 1488 locorumque
1516 1444 1641 1487 piorum
1668 1447 1697 1476 et
1722 1454 1775 1475 ec-

1035 1497 1284 1531 clesiasticorum
1310 1498 1545 1542 praedictorum
1566 1496 1648 1539 exigi
1670 1497 1777 1540 possit,

1035 1551 1182 1595 quodque
1202 1552 1366 1596 pecuniae,
1384 1563 1419 1585 ex
1440 1551 1608 1595 praedictis
1628 1550 1777 1583 subsidiis

1035 1610 1064 1638 et
1089 1605 1220 1648 gabellis
1245 1615 1299 1638 seu
1325 1605 1405 1647 sisis,
1430 1609 1465 1638 ut
1485 1604 1672 1648 praefertur,
1698 1614 1715 1636 a
1732 1604 1777 1636 di-

1035 1658 1092 1692 ctis
1112 1658 1334 1691 ecclesiasticis
1353 1657 1535 1701 exigendae,
1553 1657 1584 1690 in
1598 1657 1776 1701 praedictos

1035 1717 1064 1745 et
1088 1722 1150 1745 non
1175 1712 1253 1744 alios
1266 1722 1340 1744 usus
1354 1716 1587 1750 convertantur,
1605 1721 1700 1754 super
1715 1722 1776 1754 quo

1035 1765 1173 1799 eiusdem
1211 1764 1380 1798 maiestatis
1414 1770 1485 1797 tuae
1523 1764 1652 1807 eiusque
1684 1764 1776 1796 mini-

1034 1825 1171 1852 strorum
1209 1823 1239 1851 et
1279 1818 1460 1851 officialium
1501 1828 1776 1861 quorumcumque

1034 1872 1240 1906 conscientias
1261 1881 1440 1904 oneramus.

1078 1926 1092 1969 g
1109 1925 1138 1958 5.
1159 1925 1369 1958 Decernentes
1394 1930 1574 1969 praesentes
1590 1925 1710 1957 litteras
1729 1936 1776 1957 va-

1034 1979 1123 2020 lidas,
1149 1979 1256 2011 firmas
1285 1984 1315 2011 et
1339 1979 1481 2011 efficaces
1498 1978 1633 2011 existere
1652 1983 1681 2010 et
1699 1978 1776 2018 sore,

1033 2032 1155 2076 sicque,
1181 2037 1210 2065 et
1236 2042 1298 2066 non
1324 2032 1430 2073 aliter,
1456 2031 1567 2075 quovis
1594 2035 1775 2075 praetextu,

1033 2087 1154 2120 ratione
1186 2087 1233 2119 vel
1264 2087 1367 2127 eausa,
1393 2096 1449 2130 per
1474 2095 1692 2129 quoscumque
1724 2085 1773 2117 iu-

1032 2140 1117 2174 dices
1138 2140 1315 2174 ordinarios
1340 2144 1370 2173 et
1395 2139 1554 2182 delegatos
1586 2139 1677 2171 etiam
1704 2149 1777 2171 rau-

1032 2204 1136 2227 sarum
1154 2193 1259 2237 palatii
1277 2192 1441 2237 apostolici
1459 2191 1617 2225 auditores
1640 2191 1776 2233 (sublata

1032 2257 1231 2291 quacumque
1263 2246 1409 2279 omnibus
1444 2250 1472 2277 et
1497 2244 1646 2287 singulis,
1672 2244 1774 2277 cuius-

1032 2311 1167 2344 cumque
1192 2300 1319 2343 gradus,
1345 2305 1453 2339 status,
1479 2298 1676 2339 conditionis,
1703 2309 1776 2340 qua-

1032 2355 1136 2394 litatis,
1154 2353 1421 2398 praeeminentIae
1448 2358 1477 2385 et
1502 2351 1661 2393 dignitatis
1682 2351 1773 2383 etiam

1032 2407 1279 2447 ecclesiasticae,
1306 2407 1399 2439 etiam
1429 2405 1587 2438 individua
1619 2405 1775 2437 mentione

1032 2461 1145 2504 dignis,
1163 2459 1400 2504 quomodolibet
1426 2459 1455 2491 in
1482 2457 1673 2491 contrarium
1699 2457 1776 2489 iudi-

1032 2513 1133 2556 candi,
1158 2513 1326 2545 definiendi
1341 2517 1369 2545 et
1392 2510 1615 2555 interpretandi
1632 2511 1774 2543 tacultate

1033 2573 1062 2601 et
1086 2566 1295 2604 auctoritate)
1326 2565 1478 2607 iudicari,
1513 2564 1712 2607 interpretari
1745 2569 1775 2595 et

1803 175 1838 199 Λιι
1868 176 1884 198 t}
1920 176 1984 202 1658

1826 607 1946 626 ¹<ulmi-qum
1964 615 1982 627 in

1798 635 1864 653 nullm
1873 635 1923 653 alii-s
1935 641 1981 653 u-u<

1792 1960 1864 1977 lli-itti.
