2243 3205
21 205 70 232 An.
90 202 118 230 C.
134 202 202 229 1660

69 1865 177 1886 Oratorem
200 1870 213 1885 a

31 1892 123 1913 censuris
143 1892 213 1912 absul-

32 1918 60 1939 vit
93 1921 114 1939 et
141 1919 213 1939 decre·

33 1947 72 1966 tum
97 1946 213 1971 praeinser-

33 1974 73 1992 tuiu
88 1972 203 1993 coufirmat.

811 201 1001 227 ALEXANDER
1025 201 1069 225 vn
1093 201 1141 225 Pr.

217 248 422 283 cardinalium
459 250 682 294 propagandae
718 249 791 283 fidei
824 250 957 293 negotiis

216 303 396 346 praeposita
416 302 577 336 decretum
599 303 717 337 tenoris
734 303 786 347 qui
805 303 957 347 sequitur,

217 354 377 389 videlicet:

261 409 432 442 Decretum
451 420 561 444 sacrae
581 411 840 454 conyreqatiom's
865 420 958 454 yene-

217 462 301 496 ralis
325 462 362 496 de
392 463 613 507 Propayandci
639 463 720 496 Fide
746 463 876 496 habitae
908 463 960 495 die

218 525 317 549 xxvin
338 516 427 549 iunii
442 526 557 549 moccx.

240 605 246 610 ,
268 582 281 601 <i
295 570 339 603 Ne
357 569 470 602 fratres
487 569 612 603 Ordinis
630 570 839 604 Eremitarum
855 570 960 604 Excal-

219 627 379 655 ceatorum
399 622 495 655 sancti
514 623 691 666 Augustini,
706 623 757 667 qui
777 634 813 656 ex
835 624 959 667 Europa

219 676 257 709 ad
282 676 399 709 insulas
423 676 618 721 Philippinas
638 677 675 709 ad
701 677 903 710 christianam
929 677 960 709 fi-

219 729 290 763 dem
323 730 398 762 inibi
430 730 596 763 iuvandam
629 736 681 763 aut
714 731 960 774 promovendam

219 783 483 824 transmittuntur,
501 794 518 816 a
535 789 596 816 tam
615 790 722 816 sancto
740 794 837 828 opere
854 784 962 817 distra-

219 836 344 878 hantur,
369 836 571 882 subsidiaque
588 837 761 881 spiritualia
784 837 820 869 iis
837 838 961 881 populis

219 890 430 932 retardentur,
453 901 541 923 sacra
559 890 762 934 congregatio
788 890 825 923 de
850 891 962 934 Propa-

220 943 321 986 ganda
338 943 425 985 Fide,
443 944 523 978 sacto
541 944 638 978 verbo
656 955 727 978 cum
749 944 960 987 Sancfissimo,

220 1007 256 1030 ac
281 998 530 1032 eminentissimo
547 999 676 1032 Duratio
697 999 862 1039 referente,
887 1009 961 1042 pro-

221 1050 324 1084 hibuit
341 1056 370 1084 et
385 1052 533 1096 prohibet
550 1052 682 1095 singulis
700 1062 820 1093 eorum,
834 1063 872 1085 ne
889 1063 963 1096 quo-

221 1104 267 1137 vis
284 1109 445 1148 praetextu
463 1105 494 1138 in
512 1105 635 1138 civitate
655 1105 763 1138 Mexici
783 1105 914 1149 aliisque
932 1106 963 1138 in

219 1157 309 1199 locis,
334 1169 392 1203 per
409 1169 489 1202 quae
514 1169 567 1192 eos
591 1159 765 1202 transigere
786 1159 963 1202 contigerit,

222 1222 355 1254 moram,
378 1213 459 1246 ultra
477 1223 569 1256 quam
587 1213 756 1245 necessitas
774 1213 894 1246 itineris
912 1219 964 1246 aut

222 1270 417 1300 commeatus
442 1266 558 1307 tulerit,
579 1267 643 1299 ullo
661 1271 753 1310 pacto
770 1266 896 1299 trahere
913 1277 965 1299 au-

223 1319 325 1362 deant,
354 1319 408 1352 sed
433 1325 519 1352 recto
542 1319 666 1352 tramite
691 1319 728 1351 ad
754 1319 962 1352 obedientiam

223 1374 271 1407 sui
297 1373 507 1407 commissarii
534 1373 564 1405 in
589 1373 737 1417 praefatis
762 1373 872 1406 insulis
893 1374 982 1406 resi-1

223 1427 326 1461 dentis
351 1438 383 1460 se
407 1427 589 1467 conserant,
614 1426 671 1459 sub
696 1428 797 1470 poena
821 1427 966 1471 privatio-

223 1480 272 1513 nis
291 1480 456 1524 utriusque
475 1480 570 1520 vocis
588 1485 822 1524 perpetuaeque
847 1480 965 1513 inhabi-

223 1534 319 1567 litatis
335 1534 373 1567 ad
398 1533 552 1577 quaslibet
579 1533 746 1576 dignitates
764 1544 818 1566 seu
836 1544 966 1567 munera

225 1597 299 1621 suae
323 1587 495 1630 religionis.
521 1587 632 1619 Datum
665 1586 794 1620 aedibus
825 1586 965 1620 eiusdem

225 1652 332 1674 sacrae
358 1640 612 1684 congregationis
637 1640 696 1674 hac
721 1641 771 1674 die
796 1651 895 1674 xxvm
920 1641 966 1674 iu-

225 1695 268 1728 nii
293 1705 407 1729 anax.

380 1747 551 1782 Cardinalis
576 1748 756 1789 ANTONIUS,
781 1748 967 1792 praefectus.

427 1802 465 1835 M.
490 1802 689 1844 ALBERlcms,
711 1801 899 1834 secretarius
918 1814 945 1834 ³).

273 1855 289 1899 ἓ
311 1854 342 1888 ⁶2.
378 1855 453 1889 Cum
479 1860 594 1895 autem,
619 1855 700 1887 sicut
731 1854 862 1887 dilectus
886 1855 969 1888 filius

228 1912 417 1953 procurator
458 1909 615 1952 generalis
650 1908 723 1942 dicti
755 1908 879 1942 Ordinis
915 1920 969 1942 seu

229 1962 483 2006 congregationis
498 1962 629 1995 fratrum
644 1962 856 1995 Eremitarum
872 1963 968 1996 sancti

228 2015 393 2059 Augustini
426 2016 682 2049 Excalceatorum
715 2019 969 2059 nuncupatorum

228 2069 319 2103 nobis
344 2069 476 2102 subinde
493 2069 604 2113 exponi
623 2069 703 2109 fecit,
722 2069 787 2113 ipse
807 2069 969 2103 decretum

229 2123 410 2157 huiusmodi
435 2123 625 2168 apostolicae
649 2124 898 2157 confirmationis
915 2135 970 2158 no-

229 2183 313 2211 strae
338 2177 453 2211 robore
478 2177 667 2212 communiri
693 2188 895 2222 summopere
918 2178 971 2211 de-

229 2231 361 2265 sideret:
387 2241 461 2274 nos,
498 2231 600 2275 ipsum
638 2237 877 2275 procuratorem
911 2243 967 2275 ge-

229 2284 367 2317 neralem
393 2284 581 2329 specialibus
609 2284 769 2318 favoribus
801 2289 830 2318 et
862 2285 971 2328 gratiis

229 2338 378 2383 prosequi
403 2339 553 2382 volentes,
571 2344 601 2371 ct
617 2349 634 2371 a
658 2339 819 2382 quibusvis
844 2349 970 2372 excom-

231 2392 474 2433 municationis,
500 2392 714 2436 suspensionis
739 2397 769 2425 et
794 2392 970 2434 interdicti,

231 2447 363 2491 aliisque
389 2447 609 2480 ecclesiasticis
635 2446 806 2487 sententiis,
832 2447 972 2480 censuris

232 2505 262 2534 et
285 2500 405 2544 poenis,
431 2510 447 2532 a
472 2500 540 2532 iure
566 2499 611 2532 vel
638 2499 675 2532 ab
700 2499 838 2541 homine,
864 2499 972 2543 quavis

232 2553 397 2587 occasione
422 2554 467 2586 vel
494 2555 587 2586 causa
612 2553 692 2593 latis,
713 2553 870 2597 siquibus
895 2564 972 2597 quo-

233 2606 402 2641 modolibet
431 2606 596 2640 innodatus
621 2606 739 2648 existit,
765 2606 802 2638 :ul
828 2606 972 2640 css‘ectum

1641 190 1705 224 595

991 249 1216 293 praesentium,
1230 249 1389 282 dumtaxat
1404 247 1670 292 consequendum,
1685 248 1736 281 lia-

992 314 1062 335 rum
1088 302 1168 336 serie
1198 302 1394 336 absolventes
1423 306 1452 336 et
1482 301 1640 335 absolutas
1668 301 1735 334 sore

992 361 1170 409 cerrscntes,
1204 356 1484 400 supplicationibus
1518 356 1584 388 eius
1608 355 1736 388 nomine

992 409 1082 443 nobis
1103 420 1198 453 super
1214 409 1274 443 hoc
1292 409 1454 442 humiliter
1473 409 1628 453 porrectis
1654 407 1738 440 incli-

994 463 1068 505 nati,
1094 462 1255 496 decretum
1282 463 1527 506 praeinsertum,
1552 461 1735 495 auctoritate

994 516 1176 561 apostolica,
1194 521 1301 549 tenore
1326 516 1551 560 praesentium,
1569 515 1737 548 confirma-

994 582 1063 604 mus
1089 576 1118 603 et
1142 570 1378 614 approbamus,
1407 569 1514 612 illique
1548 568 1737 601 inviolabilis

994 623 1183 668 apostolicae
1219 623 1376 656 firmitatis
1413 623 1512 655 robur
1549 622 1736 661 adiicimus;

995 678 1078 711 salva
1105 683 1207 710 tamen
1232 687 1357 721 semper
1383 676 1412 708 in
1437 675 1618 719 praemissis
1635 680 1739 708 aucto-

995 732 1084 765 ritate
1119 731 1276 775 praefatae
1301 729 1556 773 congregationis
1588 729 1735 762 cardina-

995 785 1082 819 lium.

1040 840 1054 883 ξ
1078 839 1106 872 3.
1126 839 1336 872 Decernentes
1358 837 1480 871 easdem
1496 841 1676 881 praesentes
1693 837 1740 869 lit-

997 898 1080 925 teras
1106 902 1233 935 semper
1253 892 1380 932 firmas,
1402 890 1519 923 validas
1545 896 1574 922 et
1599 890 1739 922 efficaces

997 946 1134 979 existere
1160 951 1189 977 et
1214 945 1291 985 sore,
1310 955 1345 978 ac
1362 944 1400 976 ab
1423 944 1493 985 illis,
1512 943 1548 976 ad
1567 954 1645 987 quos
1670 953 1740 986 spe-

997 1005 1059 1032 ctat
1084 1005 1113 1032 et
1137 1010 1196 1043 pro
1221 1003 1363 1042 tempore
1387 997 1550 1042 spectabit,
1575 997 1740 1030 inviolabi-

997 1054 1068 1086 liter
1093 1053 1265 1093 observari,
1294 1053 1401 1097 sicque
1423 1052 1453 1084 in
1478 1051 1660 1095 praemissis
1684 1061 1742 1094 per

998 1116 1214 1150 quoscumque
1247 1105 1364 1138 iudices
1396 1104 1574 1138 ordinarios
1598 1109 1627 1136 et
1652 1103 1740 1136 dele-

998 1164 1098 1202 gatos,
1127 1160 1219 1192 etiam
1250 1169 1415 1192 causarum
1441 1158 1548 1202 palatii
1575 1157 1739 1201 apostolici

999 1213 1167 1254 auditores,
1193 1213 1323 1246 iudicari
1350 1218 1380 1245 et
1403 1212 1527 1245 definiri
1549 1211 1675 1251 debere,
1707 1222 1742 1244 ac

1000 1267 1122 1299 irritum
1150 1272 1177 1299 et
1208 1267 1322 1306 inane,
1347 1266 1371 1298 si
1404 1276 1494 1298 secus
1526 1276 1622 1309 super
1653 1265 1702 1297 his
1725 1275 1742 1297 a

999 1331 1168 1364 quoquam,
1194 1319 1303 1363 quavis
1328 1318 1523 1358 auctoritate,
1543 1319 1677 1351 scienter
1695 1319 1742 1351 vel

1000 1374 1192 1417 ignoranter,
1219 1373 1389 1416 contigerit
1413 1372 1568 1405 attentari.

1044 1428 1059 1471 ἓ
1088 1427 1118 1460 4.
1152 1428 1219 1460 Non
1250 1426 1444 1460 obstantibus
1469 1425 1744 1459 constitutionibus

1000 1486 1030 1513 et
1061 1480 1312 1514 ordinationibus
1344 1479 1546 1523 apostolicis,
1568 1479 1743 1523 ceterisque

1001 1534 1166 1568 contrariis
1191 1534 1452 1577 quibuscumque.

1046 1588 1111 1632 §5
1145 1587 1297 1620 Volumus
1329 1592 1433 1619 autem
1466 1591 1499 1618 ut
1529 1586 1743 1630 praesentium

1002 1640 1219 1684 transumptis,
1240 1650 1334 1672 manu
1353 1639 1485 1672 alicuius
1498 1639 1611 1672 notarii
1626 1639 1744 1683 publici

1003 1694 1204 1738 subscriptis,
1230 1699 1259 1726 et
1284 1693 1387 1736 sigillo
1412 1702 1565 1736 personae
1590 1692 1620 1724 in
1645 1693 1744 1726 eccle-

1002 1748 1126 1781 siastica
1150 1747 1302 1790 dignitate
1327 1747 1515 1780 constitutae
1540 1746 1678 1787 munitis,
1697 1757 1745 1779 ea-

1003 1802 1073 1834 dem
1100 1811 1231 1845 prorsus
1248 1800 1367 1843 ubique
1384 1800 1527 1833 locorum
1551 1804 1579 1831 et
1604 1800 1744 1842 gentium

1005 1860 1065 1889 tam
1099 1855 1129 1887 in
1163 1854 1279 1887 iudicio
1307 1865 1400 1898 quam
1427 1859 1512 1887 extra
1536 1853 1744 1895 adhibeatur,

1004 1920 1083 1953 quac
1108 1909 1312 1942 adhiberetur
1342 1908 1416 1952 ipsis
1449 1908 1689 1952 praesentibus,
1721 1907 1745 1940 si

1004 1963 1105 1996 forent
1130 1962 1286 1995 exhibitae
1312 1962 1358 1994 vel
1384 1967 1536 1995 ostensae.

1048 2017 1158 2050 Datum
1188 2017 1320 2058 Romae,
1345 2015 1428 2059 apud
1452 2015 1481 2048 S.
1507 2014 1635 2047 Mariam
1655 2014 1747 2048 Maio-

1006 2081 1082 2110 rem⁷
1100 2070 1158 2103 sub
1183 2070 1299 2103 annulo
1325 2069 1503 2110 Piscatoris,
1521 2068 1571 2101 die
1600 2079 1618 2101 v
1646 2079 1745 2111 augu-

1005 2124 1043 2157 sti
1068 2134 1185 2165 MDCLx,
1209 2124 1410 2168 pontificatus
1428 2123 1527 2157 nostri
1552 2133 1634 2156 anno
1659 2133 1701 2156 vi.

1040 2187 1100 2214 Dat⁴
1119 2187 1160 2214 die
1176 2188 1192 2215 5
1207 2186 1314 2222 augusti
1332 2186 1410 2221 1660,
1427 2185 1523 2222 pontif.
1541 2193 1611 2212 anno
1626 2191 1661 2211 vt.

1304 2355 1447 2389 CCCVlll,

1009 2446 1218 2488 Confirmatio
1236 2446 1341 2489 primi
1357 2445 1472 2478 Brevis
1489 2444 1657 2476 erectionis
1679 2454 1750 2487 pro-

1050 2500 1176 2532 νίηοῖαε
1194 2499 1232 2531 Β.
1251 2499 1344 2532 Petri
1360 2498 1396 2531 dc
1413 2497 1594 2531 Alcantami
1615 2496 1749 2531 Ordinis

1050 2553 1155 2586 saucii
1178 2552 1350 2586 Francisci
1372 2555 1504 2595 patrum
1533 2550 1747 2584 De'scalceato-

1051 2616 1126 2640 rum
1142 2606 1178 2639 in
1194 2605 1369 2650 Hispania,
1389 2615 1459 2639 cum
1482 2603 1633 2639 electione
1655 2605 1749 2638 mini-

1751 199 1800 226 An,
1819 200 1848 226 C.
1868 200 1935 226 1660

1782 849 1901 870 Clausulac.

1759 1435 1871 1457 Contraria
1881 1436 1942 1456 tollit.

1793 1596 1943 1622 Traneumpto-

1759 1629 1803 1645 rum
1819 1623 1878 1644 tides.
