2243 3205
245 184 291 209 An.
308 181 336 208 C.
360 182 427 209 1659

297 1996 409 2016 Decretum
425 2000 444 2015 e-

261 2025 367 2044 manatuiu
376 2028 388 2042 a
397 2027 445 2042 con-

262 2051 384 2074 gregatione
400 2054 445 2068 car-

262 2076 370 2097 dinanum.

471 172 535 205 erll

445 229 536 268 dinis,
556 230 653 271 eaque
678 231 802 271 attenta,
818 230 1015 264 mandassent
1032 231 1179 266 dilectum

445 281 563 325 pariter
599 281 697 314 silium
730 282 978 317 Bonaventuram
1004 285 1180 328 lloequard,

446 333 597 377 praedicti
615 333 739 367 Ordinis
756 335 896 377 fratrem,
910 347 1003 380 super
1017 337 1088 378 illis,
1102 348 1181 381 quae

446 386 521 430 ipsis
552 387 764 420 cardinalibus
799 389 939 432 exposita
970 390 1112 430 fuerant,
1145 390 1181 423 de

447 444 552 472 cetero
573 449 636 472 non
655 440 767 481 audiri,
784 446 823 481 et,
837 442 985 484 quoniam
1002 443 1068 486 ipse
1085 443 1183 475 otiose

447 497 478 524 et
501 492 618 535 absque
642 493 705 525 ulla
730 494 924 528 subiectione
950 495 979 527 in
1004 495 1091 528 curia
1119 506 1183 528 mo-

447 543 587 586 rabatur,
614 545 714 578 eidem
732 547 930 589 procuratori
948 547 1087 590 generali
1104 558 1184 580 com-

449 596 627 638 misissent,
663 603 816 642 quatenus
851 600 895 632 illi
939 599 1118 642 iniungeret
1152 604 1185 632 ut

449 651 683 694 quamprimum
709 652 747 684 ad
771 663 858 685 suam
884 652 1078 696 provinciam
1103 652 1184 685 redi-

449 709 506 746 ret,
536 710 566 736 et
597 704 721 737 interim
748 705 785 738 de
810 710 967 739 conventu
991 715 1055 739 non
1088 705 1186 738 exiret

449 757 567 801 absque
591 757 715 791 licentia
743 759 874 802 praefati
905 758 1132 802 procuratoris,
1157 764 1187 792 et

450 810 536 844 socio
561 811 599 843 ab
624 811 733 844 eodem
759 812 962 855 assignando,
988 812 1187 855 quibuscum—

456 874 516 907 que
540 875 603 897 non
627 865 832 907 obstantibus,
850 866 951 898 dictus
971 866 1187 898 Bonaventura

451 917 655 951 nihilominus
689 928 751 952 non
785 919 887 951 solum
923 918 1023 951 eidem
1061 918 1186 952 decreto

449 981 514 1004 non
538 971 810 1015 obtemperaverit,
837 972 890 1005 sed
915 972 1006 1004 etiam
1032 971 1070 1005 ad
1095 972 1184 1016 capi-

452 1024 550 1056 tulum
565 1024 710 1066 generale
724 1024 797 1057 dicti
813 1025 936 1058 Ordinis
954 1025 999 1058 ire
1016 1035 1110 1057 ausus
1126 1025 1189 1057 sue-

451 1077 502 1117 rit,
520 1077 768 1120 suffragiumque
791 1078 882 1111 tacito
901 1078 1042 1121 praefato
1063 1078 1188 1111 decreto

453 1130 541 1174 quasi
566 1135 670 1164 custos
701 1131 837 1172 dederit,
863 1132 937 1172 imo,
966 1137 1075 1165 eontra
1105 1132 1188 1165 idem

452 1183 636 1224 decretum,
661 1194 723 1227 quo
748 1194 764 1216 a
788 1184 876 1217 curia
902 1186 1041 1218 Romana
1075 1185 1190 1219 eiectus

453 1239 555 1271 suerat
579 1243 608 1270 ct
633 1237 782 1270 remissus
806 1237 844 1270 ad
865 1249 952 1271 suam
977 1239 1190 1282 provinciam,

454 1302 517 1325 non
541 1291 670 1325 redierit
691 1292 728 1324 ad
754 1292 895 1325 eamdem
918 1293 1123 1337 provinciam,
1138 1294 1191 1327 sed

455 1346 585 1379 Romam
601 1345 732 1386 renerit3
747 1345 880 1389 ideoque
890 1357 948 1390 per
962 1347 1087 1380 eosdem
1103 1358 1192 1392 expo-

455 1403 563 1433 nentes
587 1399 756 1443 praedictis
776 1400 988 1434 cardinalibus
1005 1401 1191 1445 supplicato,

456 1457 489 1485 ut
511 1452 705 1495 praedictum
731 1452 892 1486 decretum
923 1454 1033 1496 exequi
1059 1454 1189 1487 manda-

457 1511 536 1545 rent,
547 1504 715 1538 silentium¹
730 1512 919 1550 perpetuum
935 1512 1118 1551 praetensae
1131 1519 1193 1541 ere-

457 1558 550 1591 ctioni
576 1558 736 1592 custodiae
760 1560 788 1592 S.
807 1559 925 1593 Nicolai
943 1561 1192 1594 Recollectorum

457 1618 709 1656 nuncupatorum
727 1613 757 1645 in
772 1613 974 1657 Lotharingia
993 1614 1193 1658 imponendo,

457 1676 580 1698 necnon
604 1666 670 1698 eius
688 1672 867 1709 conventus,
886 1667 1006 1708 domos,
1024 1678 1078 1701 seu
1092 1668 1196 1712 hospi-

459 1719 499 1751 tia
516 1719 711 1753 obedientiae
736 1725 765 1752 et
789 1720 943 1763 gubernio
965 1721 1099 1754 ministri
1126 1733 1196 1765 pro-

459 1773 598 1805 vincialis
619 1773 719 1806 dictae
736 1774 915 1817 provinciae
938 1775 1087 1808 Franciae
1112 1776 1196 1808 Pari-

460 1826 569 1859 siensis
586 1827 772 1860 reformatae
786 1827 994 1871 subiiciendo)
1009 1828 1163 1860 emanavit
1180 1839 1196 1860 a

460 1880 704 1921 congregatione
727 1886 972 1914 memoratorum
992 1881 1196 1914 cardinalium

461 1932 622 1965 decretum
649 1933 765 1966 tenoris
787 1933 839 1976 qui
866 1934 1016 1976 sequitur,
1036 1934 1194 1968 videlicet:

511 1986 631 2019 «Sacra
650 1987 852 2029 congregatio
877 1987 1197 2021 emiuentissimorum

461 2038 490 2071 S.
520 2040 553 2071 R.
590 2039 623 2071 E.
656 2039 860 2072 cardinalium
892 2040 1026 2083 negotiis
1058 2048 1087 2073 et
1118 2025 1448 2091 con-{stitutionibus
1467 2045 1496 2073 et
1512 2040 1760 2074 ordinationibus
1778 2042 1969 2085 apostolicis,

1025 184 1202 209 BULLARIUM
1230 185 1382 210 ROMANUM

1962 189 2011 216 An.
2028 189 2056 217 C.
2078 190 2142 219 1659

1215 233 1326 276 exequi
1357 239 1387 267 et
1421 234 1566 268 effectum
1597 235 1704 269 sortiri
1740 236 1888 270 mandent
1919 242 1950 270 et

1214 287 1417 330 praecipiant,
1432 298 1525 331 super
1541 289 1667 331 negotio
1684 295 1865 332 praetensae
1883 301 1950 323 ere-

1216 338 1326 372 ctionis
1340 339 1439 372 dictae
1451 340 1610 373 custodiae
1620 341 1867 374 Recolleetorum
1876 352 1952 375 nun-

1216 395 1400 434 cupatorum
1416 393 1634 435 Lotharingiae
1654 394 1782 426 fratrem
1796 393 1952 426 Bonaven-

1218 450 1317 476 turam
1336 445 1503 489 Hoequard
1521 446 1558 479 de
1576 452 1680 479 cetero
1700 457 1763 480 non
1788 447 1952 487 audiendo,

1218 498 1280 530 imo
1306 498 1405 530 eidem
1432 499 1558 541 negotio
1582 505 1770 543 perpetuum
1795 499 1954 533 silentium

1218 550 1428 594 imponendo,
1447 551 1513 585 eius
1531 558 1634 585 autem
1653 558 1824 586 conventus
1839 557 1869 585 et
1892 552 1952 586 do-

1220 613 1288 635 mus
1325 603 1383 636 sub
1419 603 1596 637 obedientia
1624 610 1654 637 et
1685 604 1840 647 gubernio
1873 615 1950 649 pro-

1220 655 1338 688 vinciae
1375 657 1523 689 Franciae
1556 657 1738 690 Par-islensis
1773 657 1955 691 omnimodo

1219 708 1390 751 redigendo
1419 715 1449 742 et
1473 709 1676 752 subiiciendo,
1697 710 1863 744 contrariis
1887 711 1956 754 qui-

1220 761 1413 805 buscumque
1432 772 1495 795 non
1519 762 1724 796 obstantibus.

1266 815 1393 856 Romae,
1417 824 1440 847 11
1460 815 1534 848 maii
1558 825 1683 849 MDCLIX.

1450 867 1488 901 M.
1513 867 1679 900 cardinalis
1703 867 1862 902 Gmmws
1883 879 1911 900 D.

1265 918 1279 962 ξ
1304 918 1332 951 ⁶2.
1359 919 1434 953 Cum
1459 925 1574 961 autem,
1594 919 1674 953 sieut
1699 920 1808 953 eadem
1834 919 1956 964 exposi-
1978 937 2157 963 Decrelumpm.

1222 972 1264 1005 tio
1297 972 1504 1016 subiungebat
1527 973 1600 1007 dieti
1631 978 1820 1018 exponentes
1843 973 1955 1007 decre·
1971 963 2155 1016 Εζῗηξῗξβξζῗζ.

1223 1030 1287 1058 tum
1302 1025 1531 1069 praeinsertum
1546 1027 1734 1074 apostolicae
1751 1026 1959 1061 confirmatio-
1971 1017 2007 1038 Μ’
2027 1017 2128 1038 ””“““Γ“””

1222 1080 1270 1112 nis
1279 1085 1405 1113 nostrae
1422 1080 1537 1114 robore
1554 1080 1743 1114 communiri
1756 1079 1960 1124 summopere

1223 1133 1417 1174 desiderent,
1442 1143 1508 1174 nos,
1528 1133 1696 1177 specialem
1713 1133 1789 1178 ipsis
1805 1143 1960 1177 exponen-

1224 1185 1305 1218 tibus
1332 1186 1464 1229 gratiam
1495 1187 1597 1220 sacere
1629 1187 1776 1228 volentes,
1795 1191 1825 1218 et
1849 1195 1960 1219 eorum

1225 1239 1399 1282 singulares
1425 1250 1575 1284 personas
1600 1251 1617 1273 a
1648 1239 1809 1284 quibusvis
1840 1249 1961 1272 exeom—

1225 1292 1456 1334 municationis,
1467 1299 1536 1334 ete,
1547 1294 1658 1326 harum
1673 1293 1753 1326 serie
1765 1293 1961 1326 absolventes

1226 1352 1255 1379 et
1271 1347 1430 1380 absolutas
1448 1348 1514 1380 fore
1539 1353 1710 1389 censentes,
1732 1347 1964 1392 supplicationi-

1226 1400 1284 1433 bus
1308 1411 1418 1434 eorum
1440 1401 1565 1434 nomine
1590 1401 1679 1435 nobis
1704 1412 1798 1445 super
1821 1401 1882 1434 boe
1905 1401 1964 1434 hu-

1226 1454 1343 1487 militer
1360 1455 1515 1498 porrectis
1532 1455 1680 1498 inclinati,
1698 1455 1859 1488 decretum
1877 1464 1965 1498 prae-

1227 1508 1390 1549 insertum,
1416 1509 1602 1542 auctoritate
1632 1508 1824 1552 apostoliea,
1856 1513 1965 1542 tenore

1227 1561 1450 1604 praesentium,
1462 1561 1687 1595 confirmamus
1700 1565 1729 1596 et
1742 1561 1964 1606 approbamus,

1227 1613 1336 1657 illique
1363 1613 1553 1647 inviolabilis
1584 1614 1774 1658 apostolieae
1806 1613 1965 1647 firmitatis

1229 1667 1326 1700 robur
1346 1667 1522 1700 adiicimus.
2138 1699 2141 1700 γ

1273 1721 1287 1764 ἓ
1311 1720 1340 1753 3.
1359 1721 1566 1753 Deeernentes
1587 1720 1710 1754 casdem
1724 1725 1904 1764 praesentes
1919 1721 1966 1754 lit·
1993 1733 2118 1763 ‘Decretum
2136 1732 2163 1753 ir-

1230 1778 1311 1806 teras
1328 1774 1446 1815 firmas,
1463 1774 1589 1817 validas,
1609 1780 1677 1814 etc.;
1696 1775 1803 1818 sicque
1826 1775 1856 1808 in
1880 1785 1967 1819 prae·
1981 1762 2053 1781 'nm‘

1230 1826 1332 1860 missis
1357 1837 1415 1870 per
1428 1837 1645 1871 quoscumque
1663 1827 1791 1869 iudices,
1808 1832 1877 1871 ete¹⁷
1895 1828 1967 1861 defi-

1230 1879 1290 1912 niri
1315 1879 1450 1921 debere,
1476 1891 1511 1913 ac
1535 1880 1659 1913 irritum
1684 1886 1714 1913 et
1737 1880 1849 1921 inane,
1875 1880 1900 1914 si
1924 1891 1968 1914 se-

1231 1943 1296 1973 eus,
1314 1936 1382 1974 etc„
1401 1933 1567 1976 contigerit
1591 1934 1746 1967 attentari.
2206 1971 2207 1975 ,

1276 1986 1331 2030 §le
1351 1987 1418 2020 Non
1432 1986 1627 2020 obstantibus
1641 1987 1832 2031 praemissis,
1850 1998 1886 2021 ac
1899 1998 1970 2022 eon·
1985 1997 2093 2019 contraria
2108 1996 2167 2018 tollit.

461 2091 680 2125 sultationibus
705 2092 925 2136 episcoporum
952 2099 981 2126 et
1005 2094 1197 2137 regularium
1215 2093 1217 2142 'j
1233 2094 1406 2137 ceterisque
1431 2094 1596 2127 contrariis
1621 2094 1880 2139 quibuscumque.

461 2145 661 2189 praeposita,
692 2146 816 2179 attentis
847 2147 1002 2187 narratis,
1034 2152 1062 2180 et
1094 2147 1217 2205 ³¹¹dit³⁴¹l
1277 2148 1387 2181 Datum
1410 2148 1538 2189 Romae,
1560 2148 1642 2192 apud
1667 2148 1695 2182 S.
1722 2149 1849 2186 Mariam
1874 2149 1969 2183 Maio-

463 2198 614 2231 relatione
631 2199 838 2232 commissarii
857 2200 1012 2242 generalis
1029 2201 1134 2234 curiae
1148 2201 1200 2235 Or·
1216 2214 1218 2244 ζ
1233 2212 1310 2242 rem,
1328 2201 1385 2234 sub
1406 2202 1520 2235 annulo
1539 2202 1716 2243 Piscatoris,
1734 2202 1784 2236 die
1800 2212 1855 2236 >4111
1872 2213 1970 2246 augu-

463 2251 543 2284 dinis
568 2252 756 2294 huiusmodi,
774 2253 1033 2286 committendum
1052 2260 1081 2287 et
1098 2255 1198 2288 iuiun-
1234 2255 1271 2289 sti
1288 2265 1416 2297 MDCLIx,
1436 2256 1637 2300 pontificatus
1658 2257 1758 2290 nostri
1776 2267 1857 2291 anno
1872 2268 1900 2291 v.

464 2304 601 2348 gendum
627 2306 757 2347 censuit,
782 2311 878 2350 prout
895 2307 1006 2339 harum
1021 2307 1100 2341 serie
1119 2319 1201 2341 com-

465 2358 558 2390 mittit
582 2364 612 2391 et
637 2358 771 2402 iniungit
794 2359 895 2392 cidem
921 2360 1138 2394 commissario
1166 2372 1201 2394 ae

466 2411 612 2444 omnibus
636 2412 802 2454 aliisudicti
828 2412 952 2446 Ordinis
984 2413 1202 2457 superioribus

467 2465 667 2507 regularibus
692 2466 729 2498 ad
751 2477 830 2509 quos
854 2472 972 2510 spectat
996 2468 1043 2500 vel
1061 2473 1203 2512 spectare

1270 2318 1327 2345 Dat.
1348 2307 1390 2345 die
1414 2318 1445 2345 13
1463 2317 1571 2353 augusti
1594 2318 1669 2352 1659,
1687 2318 1781 2354 pontif.
1799 2327 1868 2346 anno
1884 2325 1910 2346 V.

1556 2451 1658 2484 CCLV.

469 2518 593 2561 poterit,
607 2523 639 2550 ut
657 2519 884 2562 praeinsertum
899 2520 1057 2553 decretum
1076 2520 1204 2554 omnino
1237 2521 1411 2554 Imlultum
1427 2525 1462 2554 ut
1484 2521 1718 2565 Complulensz‘s
1737 2521 1905 2554 academia
1923 2532 1972 2554 re-

507 2582 516 2605 1
535 2578 604 2606 Edit.
622 2579 700 2607 Main.
717 2580 780 2615 legit
794 2581 1001 2618 silentiumque
1015 2583 1052 2617 (tt.
1068 2581 1116 2618 T.).

1282 2574 1381 2607 citare
1404 2574 1505 2619 possit
1533 2574 1676 2618 officium
1705 2574 1736 2608 S.
1767 2574 1905 2607 leomae
1936 2574 1974 2609 de
