2243 3205
276 174 324 200 An.
341 173 369 200 c.
390 174 460 201 1660
505 164 568 197 6530

475 222 657 255 eorumdem
691 222 949 255 imbussolationc
979 229 1008 255 et
1044 224 1209 266 regionum

475 274 684 317 assignatione
698 274 887 318 httiusmodi,
902 275 1031 320 aliisque
1049 276 1119 309 inde
1136 286 1211 320 quo-

475 327 646 360 modolibet
671 328 810 371 sequutis
836 333 865 361 et
889 329 1080 372 sequuturis,
1103 335 1210 362 tenore

472 381 684 423 praesentium
710 381 934 414 confirmamus
948 387 976 414 et
989 382 1208 426 approbamus,

474 433 598 477 illisque
623 434 810 466 inviolabilis
834 435 1023 478 apostolicae
1054 434 1209 467 firmitatis

473 485 571 518 robur
596 491 623 518 et
648 486 816 519 efficaciam
842 487 1020 528 adiicimus,
1044 498 1079 520 ac
1102 498 1210 520 omnes

473 544 503 571 et
527 539 668 582 singulos
693 540 768 572 iuris
793 546 822 573 et
846 541 939 582 sacti,
972 551 1092 574 necnon
1123 541 1206 573 sole-

474 592 639 624 mnitatum
664 603 956 637 quarumcumque,
982 599 1042 626 tam
1069 605 1104 626 ex
1134 594 1210 625 iuris

474 645 651 677 communis
683 651 713 678 et
745 647 1001 680 constitutionum
1026 647 1210 690 apostolica-

474 709 555 739 rum,
573 709 608 731 ac
636 698 736 731 dictae
761 699 893 732 civitatis
918 700 1116 743 aliorumque
1136 710 1211 743 quo-

474 751 593 783 rumvis
632 757 842 794 statutorum,
885 752 976 785 etiam
1012 752 1209 792 iuramento,

474 804 713 837 confirmatione
727 805 907 848 apostolica,
927 806 973 837 vel
991 806 1099 848 quavis
1116 805 1211 837 firmi-

474 861 535 888 tate
559 857 619 889 atta
644 857 882 900 roboratorum,
908 859 1071 902 stylorum,
1096 869 1209 891 usuum

474 913 504 941 et
521 910 782 943 consuetudinum
800 911 892 943 etiam
912 911 1210 944 imn‘temorabilium

474 963 680 1006 praescripto,
701 974 794 1006 quarn
816 963 890 996 alias
915 964 1211 1008 quomodocumque

475 1020 504 1047 et
525 1016 796 1060 qualitercumque
821 1017 851 1048 in
876 1017 1030 1050 similibus
1056 1018 1149 1050 etiam
1175 1018 1211 1050 de

474 1068 659 1101 necessitate
684 1069 963 1110 observandarum,
982 1075 1012 1102 ct
1028 1070 1105 1103 alios
1123 1081 1213 1113 quos-

475 1121 552 1153 libet
576 1122 775 1164 quantumvis
801 1134 932 1166 magnos
953 1134 988 1157 ac
1019 1124 1166 1157 formales
1184 1129 1213 1156 et

476 1174 692 1208 substantiales
703 1175 850 1218 desectus,
865 1177 889 1209 si
908 1176 960 1220 qui
977 1177 1007 1209 in
1021 1177 1212 1220 praemissis,

476 1227 522 1259 vel
546 1237 655 1260 eorum
674 1228 789 1272 aliquo,
813 1229 1028 1272 principaliter
1049 1230 1095 1262 vel
1113 1240 1214 1263 acces-

476 1281 569 1321 sorie,
594 1287 646 1313 aut
666 1282 741 1314 alias
754 1283 865 1327 quovis
884 1282 976 1316 modo
990 1283 1213 1316 intervenerint

475 1343 530 1366 seu
555 1333 758 1367 intervenisse
783 1335 862 1375 dici,
888 1335 1026 1376 censeri,
1051 1335 1212 1379 praetendi

476 1386 523 1418 vel
550 1386 679 1429 intelligi
705 1398 843 1430 unquam
872 1394 1007 1432 possent,
1032 1388 1213 1432 plenissime

476 1439 658 1482 supplemus
676 1445 706 1472 et
723 1450 877 1482 sanamus,
903 1451 938 1473 ae
963 1441 1086 1484 penitus
1104 1446 1136 1473 et
1147 1451 1213 1474 om-

476 1492 550 1524 nino
576 1492 714 1525 tollimus
739 1498 768 1525 et
792 1493 964 1526 abolemus.

521 1544 535 1587 ᾗ
551 1544 580 1577 3.
600 1544 764 1578 Praeterea
784 1546 910 1579 eosdem
929 1547 1213 1590 supranominatos,

476 1596 556 1629 sicut
592 1598 802 1640 praemittitur
841 1605 1050 1642 aggregatos,
1088 1599 1213 1640 denuo,

477 1656 628 1693 quatenus
661 1662 739 1695 opus
772 1652 833 1693 sit,
866 1658 1057 1686 memoratae
1082 1653 1214 1686 civitatis

476 1703 641 1737 Firmanae
665 1705 786 1748 priores
812 1710 841 1738 et
866 1707 1062 1749 regulatores
1082 1717 1153 1739 cum
1171 1717 1215 1739 as-

478 1756 653 1799 signatione
671 1758 903 1801 praedictarum
925 1760 1091 1801 regionum
1110 1770 1215 1803 respe-

478 1810 579 1851 ctive,
612 1816 719 1851 motu,
749 1811 901 1853 scientia,
934 1812 1161 1845 deliberatione
1186 1818 1216 1846 et

477 1863 640 1906 potestatis
671 1864 863 1907 plenitudine
889 1865 1035 1908 paribus,
1061 1876 1214 1906 creamus

478 1917 619 1956 facimus,
640 1917 859 1950 constituimus
884 1923 914 1949 et
937 1917 1132 1961 deputamus,
1151 1929 1216 1952 eos-

478 1969 613 2012 demque
630 1975 807 2003 ceterorum
829 1970 968 2003 eiusdem
990 1971 1121 2004 civitatis
1135 1972 1216 2015 prio-

480 2033 548 2054 rum
574 2028 603 2054 et
627 2023 841 2065 regulatorum
860 2034 992 2056 numero
1010 2028 1039 2057 et
1057 2024 1215 2058 consortio

479 2075 651 2118 respective
666 2075 878 2108 favorabiliter
892 2087 1101 2119 aggregamus
1115 2082 1145 2110 et
1162 2077 1215 2109 ad-

479 2127 656 2168 scribimus,
675 2128 855 2161 mandantes
872 2135 1041 2173 propterea
1058 2131 1089 2162 in
1103 2130 1216 2163 virtute

479 2186 604 2214 sanctae
629 2181 833 2223 obedientiae,
858 2193 893 2215 ac
918 2183 975 2215 sub
994 2183 1216 2226 indignationis

479 2238 624 2277 nostrae,
657 2235 788 2279 aliisque
812 2235 932 2268 arbitrii
959 2237 1057 2269 nostri
1088 2236 1215 2280 poenis,

480 2287 626 2320 omnibus
642 2292 672 2320 et
685 2287 825 2330 singulis,
850 2288 887 2320 ad
905 2299 983 2331 quos
997 2289 1107 2332 quovis
1122 2289 1216 2322 modo

480 2345 598 2383 spectat
622 2345 651 2374 et
664 2340 694 2372 in
707 2340 846 2373 futurum
872 2341 1133 2385 quandocumque
1148 2352 1217 2386 spe-

481 2392 585 2435 ctabit,
604 2397 757 2436 quatenus
775 2394 1049 2437 supranominatos
1073 2394 1215 2438 priorum

481 2450 511 2477 ct
535 2446 747 2488 regulatorum
771 2446 1005 2489 magistratibus
1025 2447 1216 2489 huiusmodi,

481 2497 560 2530 sicut
584 2499 805 2541 praemittitur,
830 2505 1028 2543 aggregatos,
1042 2510 1217 2545 eorumque

482 2561 689 2593 successores,
714 2553 957 2595 aggregationis,
984 2553 1215 2597 adscriptionis,

1044 175 1220 199 BULLARIUM
1246 174 1399 199 ROMANUM

1244 221 1512 255 imbussolationis
1532 226 1562 254 et
1578 221 1742 264 regionum
1761 221 1980 265 assignationis

1244 274 1424 308 huiusmodi
1449 274 1573 315 effectu,
1597 274 1870 318 praesentiumque
1889 275 1974 308 litte-

1243 338 1349 360 rarum
1374 327 1540 360 commodo
1572 327 1700 371 pacifice
1731 327 1792 359 srui
1825 327 1927 360 sinant
1950 332 1980 360 et

1242 380 1372 420 faciant,
1398 391 1513 424 eosque
1539 380 1710 424 respective
1736 385 1979 422 recognoscant,

1242 444 1278 466 ac
1304 434 1364 466 illis
1388 434 1526 476 faveant,
1551 439 1681 478 pareant
1706 439 1735 467 et
1759 433 1912 467 assistant.

1287 487 1343 529 §Aa
1369 488 1411 520 Ac
1431 487 1633 521 decernentes
1654 487 1777 520 easdem
1796 491 1977 531 praesentes
1995 501 2127 554 ροξὲῗῃςῃιι,
2138 507 2172 529 ψ.

1243 539 1372 580 litteras,
1397 544 1427 572 et
1452 540 1482 572 in
1507 540 1550 572 eis
1576 545 1721 573 contenta
1751 549 1979 583 quaecumque,

1243 593 1334 624 etiam
1361 604 1397 625 ex
1419 603 1455 625 eo
1480 593 1564 636 quod
1595 593 1746 636 praedicti
1773 598 1803 626 et
1830 592 1882 625 alii
1910 592 1980 637 qui-

1243 656 1387 689 cumque,
1413 645 1549 678 cuiusvis
1574 650 1680 686 status,
1698 645 1826 688 gradus,
1850 645 1979 687 ordinis,

1243 698 1506 741 praeeminentiae
1531 704 1561 731 et
1580 698 1749 741 dignitatis,
1767 709 1821 731 seu
1838 698 1898 731 alia
1914 708 1981 743 spe-

1244 751 1311 783 ciali
1337 752 1411 783 nota
1438 756 1468 783 et
1492 751 1697 795 expressione
1719 751 1805 794 digni
1838 750 1980 793 existant,

1244 804 1304 836 illis
1329 814 1391 837 non
1416 805 1646 845 consenserint,
1671 809 1724 838 aut
1747 804 1786 837 ad
1810 815 1845 838 ea
1869 803 1980 844 vocati,

1244 857 1328 889 citati
1354 862 1382 889 et
1403 857 1509 899 auditi,
1535 868 1589 890 seu
1614 868 1735 898 causae,
1752 862 1882 901 propter
1904 867 1981 901 quas

1244 914 1424 953 praesentes
1432 915 1626 950 emanarunt,
1634 910 1795 951 adductae,
1806 910 1982 943 veriticatae

1245 968 1274 995 et
1299 962 1482 995 iustificatae
1506 973 1568 996 non
1592 963 1728 1003 suerint,
1764 963 1828 996 sive
1859 974 1896 996 ex
1921 963 1982 996 alia

1245 1026 1442 1059 quacumque
1465 1017 1664 1059 quantumvis
1699 1016 1795 1057 iusta,
1820 1016 1982 1059 legitima,

1246 1069 1378 1101 iuridica
1411 1074 1440 1100 et
1475 1069 1671 1112 privilegiata
1706 1071 1819 1110 causa,
1855 1069 1982 1110 colore,

1246 1125 1408 1164 praetextu
1426 1126 1456 1153 et
1474 1121 1583 1165 capite,
1598 1122 1690 1154 etiam
1710 1121 1740 1154 in
1758 1132 1892 1166 corpore
1906 1122 1983 1155 iuris

1246 1174 1372 1214 clauso,
1397 1174 1488 1208 ctiam
1520 1175 1668 1215 enormis,
1694 1175 1931 1208 enormissimae
1954 1177 1984 1208 et

1246 1228 1348 1261 totalis
1373 1228 1536 1270 laesionis,
1561 1229 1648 1261 nullo
1679 1239 1816 1272 unquam
1842 1232 1984 1272 tempore

1246 1280 1283 1313 de
1301 1281 1514 1325 subreptionis
1541 1282 1587 1314 vel
1612 1282 1807 1325 obreptionis
1825 1287 1878 1314 aut
1897 1281 1985 1314 nulli-

1247 1334 1317 1366 tatis
1335 1334 1421 1374 vitio,
1446 1345 1500 1367 seu
1522 1334 1701 1368 intentionis
1725 1341 1850 1368 nostrae
1875 1334 1922 1367 vel
1943 1334 1986 1367 in-

1247 1392 1366 1420 teresse
1382 1387 1565 1420 habentium
1580 1386 1776 1431 consensus¹,
1794 1388 1896 1421 aliove
1912 1397 1986 1431 quo-

1249 1439 1429 1482 modolibet,
1450 1441 1648 1483 quantumvis
1669 1451 1783 1484 magno
1800 1446 1830 1474 et
1846 1440 1986 1474 substan-

1247 1493 1322 1534 tiali,
1347 1504 1382 1526 ac
1407 1493 1614 1536 inexcogitato
1634 1500 1664 1527 et
1681 1494 1911 1537 inexcogitabili
1937 1493 1987 1527 de-

1248 1546 1340 1587 fectu,
1351 1546 1462 1586 notari,
1479 1547 1668 1591 impugnari,
1678 1547 1836 1590 redargui,
1845 1546 1984 1590 infringi,

1248 1600 1412 1632 retraetari
1437 1611 1472 1633 ac
1498 1601 1528 1632 in
1553 1601 1799 1634 controversiam
1822 1600 1984 1643 revocari,
2019 1609 2022 1612 ’

1248 1658 1301 1685 aut
1314 1653 1351 1685 ad
1366 1654 1517 1687 terminos
1543 1654 1619 1687 iuris
1637 1654 1754 1696 reduci,
1770 1664 1824 1687 seu
1838 1653 1986 1687 adversus

1248 1706 1316 1738 illas
1341 1706 1526 1750 aperitionis
1551 1707 1625 1748 oris,
1651 1707 1857 1740 restitutionis
1881 1707 1912 1739 in
1939 1706 1986 1739 in-

1249 1764 1384 1802 tegrum,
1409 1759 1532 1792 aliudve
1559 1760 1782 1803 quodcumque
1803 1759 1891 1800 iuris,
1915 1758 1987 1792 sacti

1249 1813 1296 1845 vel
1321 1812 1440 1855 gratiae
1465 1813 1639 1846 remedium
1666 1813 1836 1857 impetrari,
1857 1817 1911 1845 aut
1927 1813 1986 1845 im-

1249 1869 1381 1908 petrato,
1407 1866 1454 1898 vel
1479 1867 1572 1898 etiam
1598 1871 1695 1906 motu,
1720 1865 1850 1899 scientia
1871 1870 1901 1898 et
1924 1876 1983 1909 po-

1250 1919 1367 1952 testatis
1402 1919 1595 1963 plenitudine
1638 1919 1792 1952 similibus
1828 1929 1987 1959 concesso,

1250 1971 1427 2015 quempiam
1453 1972 1484 2004 in
1509 1972 1625 2006 iudicio
1650 1973 1697 2005 vel
1728 1976 1813 2007 extra
1843 1972 1919 2005 illud
1943 1971 1987 2005 uti

1250 2034 1305 2057 seu
1331 2035 1363 2057 se
1388 2024 1495 2058 iuvare
1520 2036 1622 2069 posse,
1651 2025 1704 2058 sed
1736 2025 1859 2058 easdem
1891 2035 1985 2069 prae-

1251 2082 1352 2110 sentes
1376 2077 1495 2110 litteras
1520 2088 1644 2122 semper
1668 2077 1792 2119 firmas,
1817 2077 1934 2110 validas
1958 2081 1988 2110 et

1250 2130 1393 2163 efficaces
1417 2131 1551 2164 existere
1576 2136 1606 2164 et
1629 2131 1705 2172 fore,
1730 2141 1766 2164 ac
1790 2129 1988 2174 supranomi-

1251 2184 1329 2217 natis
1354 2194 1528 2228 eorumque
1547 2184 1781 2218 successoribus
1808 2183 1989 2228 plenissime

1251 2236 1427 2279 suffragari,
1452 2242 1482 2270 et
1506 2237 1543 2270 ab
1568 2237 1639 2278 illis,
1664 2237 1703 2270 ad
1727 2247 1806 2280 quos
1822 2240 1940 2280 spectat
1959 2240 1989 2269 et

1252 2299 1310 2333 pro
1335 2295 1477 2334 tempore
1502 2290 1675 2334 spectabit,
1707 2289 1930 2323 inviolabiliter
1959 2293 1989 2322 et

1252 2342 1435 2376 inconcusse
1449 2343 1621 2384 observari,
1646 2343 1753 2386 sieque
1774 2348 1804 2376 et
1820 2353 1883 2376 non
1899 2342 1989 2375 aliter

1251 2396 1281 2428 in
1305 2396 1484 2440 praemissis
1509 2396 1654 2430 omnibus
1668 2401 1698 2429 et
1710 2396 1840 2439 singulis
1854 2394 1986 2437 censeri,

1251 2454 1343 2492 atque
1367 2449 1408 2481 ita
1431 2459 1487 2492 per
1511 2459 1727 2493 quoscumque
1752 2448 1871 2481 iudices
1896 2446 1986 2481 ordi—

1288 2564 1297 2588 1
1321 2562 1386 2590 Male
1403 2561 1464 2589 edit.
1482 2561 1561 2590 Main.
1579 2561 1641 2598 legit
1656 2570 1793 2589 consensu
1807 2561 1845 2596 (n.
1860 2561 1908 2595 T.).

2197 0 2243 129 ,1

1992 174 2038 200 An.
2060 175 2090 202 C.
2107 177 2170 206 ¹660
2197 214 2201 229 1
