2202 3190
264 195 312 222 An.
329 194 358 222 C.
380 195 442 222 ¹601

287 628 396 647 Decretum
410 630 441 650 1¹11

288 655 292 663 ,
328 654 332 660 v

494 186 556 219 720

461 243 671 276 dinationibus
696 243 898 287 apostolicis,
924 244 1098 289 ceterisque
1122 256 1195 279 con-

460 296 564 328 trariis
589 296 848 340 quibuscumque.

494 357 588 384 Datum
610 357 719 393 Romae,
740 359 810 393 apud
830 359 855 386 S.
879 359 997 393 Petrum,
1018 361 1069 387 sub
1095 362 1195 388 annulo

458 401 612 435 piscatoris,
625 401 669 429 die
684 409 717 428 xx
733 402 886 430 decembris
901 411 1012 439 mnm'tu,
1026 406 1196 440 pontificatus

457 445 541 472 nostri
561 453 630 473 auno
651 454 685 473 tv.

832 492 863 525 B.
890 493 1106 526 MELcuiomrs

830 545 965 579 lomnes
990 556 1029 578 DE
1054 546 1150 579 [ΕΘΝ.

501 615 516 657 g
540 615 569 647 ⁶2.
586 615 713 648 Necnon
732 615 916 649 recolendae
933 617 1104 650 memoriae
1123 617 1195 650 Pius

457 667 540 711 Papa
567 668 587 700 V
612 668 731 711 pariter
755 669 979 712 praedecessor
1002 675 1108 702 noster
1125 679 1195 703 con-

456 720 632 754 stitutiones
664 726 695 754 et
729 722 942 755 ordinationes
978 723 1063 755 Pauli
1094 724 1133 756 IlI
1165 728 1195 756 et

456 775 542 807 Pauli
567 775 604 807 IV
628 775 906 818 praedecessorum
931 776 1132 817 huiusmodi,
1158 787 1194 809 ac

456 828 639 861 eorumdem
665 829 870 872 collegiorum
901 830 1139 863 constitutiones
1164 837 1194 863 et

454 886 567 916 statuta
580 882 749 926 praedicta,
764 889 860 925 motu,
875 883 1004 916 scientia
1019 889 1049 916 et
1061 889 1194 927 potesta-

454 935 492 967 tis
517 936 710 978 plenitudine
728 936 892 976 similibus,
918 937 1147 980 approbaverat
1164 944 1194 971 et

454 988 704 1029 confirmaverat,
722 999 758 1022 ac
778 995 908 1022 auxerat
931 995 961 1022 et
977 990 1191 1033 ampliaverat,

452 1047 547 1085 prout
571 1042 602 1075 in
627 1043 765 1075 eiusdem
792 1043 836 1076 Pii
861 1044 1112 1086 praedecessoris
1140 1045 1190 1077 lit-

453 1095 527 1128 teris
551 1095 696 1128 similiter
720 1096 842 1139 plenius
867 1096 1051 1130 continetur.
1070 1098 1107 1130 Et
1120 1098 1191 1132 licet

453 1148 565 1181 Paulus
579 1149 629 1188 III,
640 1149 752 1182 Paulus
765 1150 801 1182 IV
816 1155 845 1182 et
859 1150 930 1183 Pius
940 1151 962 1183 V
976 1151 1192 1194 praedecesso-

451 1211 502 1234 res
526 1202 667 1245 praesati,
688 1203 784 1235 menti
809 1209 839 1236 et
862 1204 1013 1237 voluntati
1037 1205 1191 1238 Dominici

452 1260 481 1288 et
495 1255 642 1298 Stephani
660 1256 864 1289 cardinalium
885 1257 1086 1291 fundatorum
1104 1269 1192 1302 prae-

451 1307 625 1348 dictorum,
651 1319 760 1342 eorum
785 1310 998 1344 ordinationes
1023 1317 1053 1343 et
1077 1317 1191 1345 statuta

451 1361 684 1404 confirmantes,
698 1364 872 1405 consulere,
887 1369 916 1396 et
930 1365 1114 1407 praesertim
1129 1366 1192 1409 ple-
1207 1405 1208 1408 Ἴ

450 1414 570 1447 nariam
592 1415 838 1449 iurisdictionem
854 1418 1018 1451 custodum
1039 1419 1192 1461 guberna-

451 1473 554 1501 torum
578 1469 810 1512 praedictorum
829 1471 922 1504 modo
940 1476 970 1504 et
986 1472 1086 1504 forma
1104 1483 1191 1515 prae-

450 1520 539 1554 dictis
564 1531 750 1555 conservare
774 1523 939 1563 voluerint,
956 1529 1052 1567 prout
1076 1525 1190 1558 clarius

450 1574 610 1617 colligitur
635 1585 671 1608 ex
696 1575 807 1608 litteris
832 1576 917 1609 Pauli
939 1577 977 1609 ΙΙΙ
1005 1578 1188 1621 praedeces-

449 1627 530 1661 soris
554 1628 723 1671 praedicti;
748 1629 976 1672 nihilominus,
1002 1641 1084 1672 cum,
1110 1631 1190 1664 sicut

448 1681 648 1724 accepimus,
676 1692 848 1725 progressu
872 1684 1022 1727 temporis
1045 1685 1187 1718 nonnulli

448 1733 500 1766 alii
525 1734 657 1767 Romani
682 1735 848 1769 Pontifices
871 1737 988 1780 pariter
1004 1738 1188 1780 praedeces-

448 1797 556 1828 sores,
588 1793 618 1820 et
641 1789 827 1831 praesertim
862 1789 973 1822 similis
1004 1791 1189 1824 recolendae

449 1840 621 1874 memoriae
646 1842 845 1875 Innocentius
869 1843 951 1886 Papa
975 1845 999 1876 X
1024 1845 1054 1876 in
1081 1851 1187 1888 prote-

448 1899 567 1927 ctorem
585 1895 724 1928 eiusdem
741 1897 865 1940 collegii
882 1898 1117 1940 Capranicensis
1139 1909 1188 1932 ve-

447 1948 622 1981 nerabilem
665 1949 794 1982 fratrem
836 1956 980 1983 nostrum
1018 1952 1187 1984 Antonium

448 2000 654 2034 Barberinum
679 2002 861 2046 episcopum
887 2004 1095 2036 Tusculanum
1122 2009 1204 2037 tum=

448 2053 478 2087 S.
503 2054 617 2087 Mariae
641 2054 673 2087 in
699 2056 818 2088 Vialata
849 2056 1017 2089 diaconum
1043 2057 1204 2092 cardina-⁴,

448 2107 509 2140 lem
523 2108 693 2141 Antonium
719 2115 942 2152 nuncupatum,
957 2120 1027 2143 cum
1042 2111 1186 2144 facultate

448 2165 478 2192 et
501 2161 687 2194 auctoritate
712 2172 769 2205 per
799 2172 870 2195 eum
903 2163 951 2195 vel
987 2163 1122 2197 iudicem
1146 2165 1185 2197 ab

448 2223 485 2246 eo
510 2214 722 2258 deputandum
748 2226 963 2260 quascumque
987 2227 1104 2259 causas,
1123 2223 1203 2259 tam}

448 2268 554 2301 civiles
572 2279 666 2312 quam
691 2269 881 2312 criminales,
906 2270 1036 2314 praefati
1061 2271 1184 2314 collegii

447 2321 698 2365 Capranicensis,
724 2326 754 2356 et
778 2323 861 2356 illius
885 2324 1086 2365 scholarium,
1112 2335 1184 2368 per-

449 2385 596 2408 sonarum
628 2382 657 2409 et
693 2386 816 2419 rerum,
842 2387 897 2409 seu
933 2377 971 2410 ad
1007 2378 1076 2410 illos
1112 2389 1185 2422 quo-

450 2427 620 2461 modolibet
639 2434 834 2472 spectantes,
866 2435 927 2462 tam
960 2436 1059 2463 motas
1090 2441 1184 2474 quam

449 2481 627 2523 movendas,
648 2482 827 2523 audiendas,
852 2483 1105 2526 cognoscendas,
1131 2484 1184 2517 de-

449 2532 594 2566 cidendas
618 2540 648 2567 et
672 2536 882 2569 terminandas
902 2547 958 2580 per
978 2547 1048 2570 suas
1068 2537 1185 2570 litteras

449 2586 480 2624 in
504 2587 604 2620 forma
636 2588 742 2622 Brevis
774 2590 832 2622 sub
867 2591 983 2624 annulo
1019 2591 1185 2624 piscatoris

1034 198 1210 222 BULLMUUM
1235 198 1388 222 ROMANUM

1230 251 1333 287 motu,
1362 246 1491 279 scientia
1522 252 1552 280 et
1586 250 1707 282 matura
1742 250 1967 285 deliberatione

1229 298 1355 341 paribus
1369 299 1572 343 deputaverit,
1590 306 1685 344 prout
1704 301 1735 334 in
1759 302 1897 336 eiusdem
1919 305 1968 337 ln-

1229 353 1364 386 nocentii
1404 354 1655 397 praedecessoris
1697 355 1806 388 litteris
1846 357 1967 399 plenius

1229 406 1417 447 continetur,
1443 408 1559 440 tenoris
1584 409 1752 451 sequentis,
1776 409 1933 443 videlicet:

1272 459 1299 492 A
1317 463 1419 501 teryo:
1436 472 1448 491 ‹<
1462 460 1577 494 Dilecto
1591 460 1656 494 filio
1669 461 1802 494 Antonio
1815 462 1844 495 S.
1855 462 1968 496 Mariae
1982 476 2132 524 deciffiffinui
2143 477 2162 500 x

1230 512 1259 543 in
1274 512 1392 544 Vialata
1406 513 1537 546 diacono
1551 514 1903 555 cardinali’Barberino;
1921 517 1968 549 in-

1231 568 1280 597 tus
1304 575 1392 598 vero:
1419 566 1617 599 Innocentius
1642 567 1723 610 Papa
1740 567 1778 607 X,
1796 567 1906 600 dilecte
1923 568 1967 600 lili

1228 622 1344 658 noster,
1362 619 1492 651 salutem
1506 624 1536 651 et
1556 620 1758 662 apostolicam
1775 620 1967 654 benedictio-

1228 680 1310 703 nem.
1336 670 1571 714 Capranicensis
1591 672 1714 715 collegii
1739 673 1966 716 protectionem

1227 734 1282 766 per
1296 724 1416 756 obitum
1430 725 1530 758 bonae
1549 726 1722 759 memoriae
1735 726 1851 759 Tiberii
1868 727 1967 760 cardi-

1227 777 1306 809 nalis
1316 777 1389 810 Muti
1401 784 1561 811 vacantem
1576 779 1667 812 alicui
1682 779 1831 812 cardinali
1845 780 1969 813 deman-

1228 830 1301 862 dare
1316 831 1487 874 cupientes,
1506 837 1593 865 motu
1609 832 1705 875 igitur
1723 834 1864 876 proprio,
1881 844 1916 867 ac
1930 845 1967 867 ex

1227 885 1312 916 certa
1335 884 1475 926 scientia,
1493 896 1528 918 ac
1546 889 1668 919 matura
1686 887 1919 927 deliberatione,
1938 892 1967 921 te

1226 929 1299 969 (ficti
1318 938 1441 980 collegii
1457 939 1701 982 Capranicensis,
1720 940 1849 983 eiusque
1865 940 1967 973 alum-

1226 1000 1339 1023 norum
1354 997 1384 1024 et
1397 1002 1614 1035 personarum,
1624 1003 1660 1026 ac
1671 993 1859 1033 reddituum,
1871 994 1967 1028 liono-

1227 1054 1296 1076 rum
1311 1050 1340 1077 et
1353 1045 1468 1078 iurium
1483 1047 1624 1079 omnium
1639 1047 1720 1091 apud
1736 1058 1793 1080 nos
1807 1053 1836 1081 et
1853 1048 1965 1081 Sedem

1225 1098 1439 1141 Apostolicam
1463 1105 1687 1142 protectorem,
1713 1100 1815 1144 quoad
1840 1101 1966 1143 vixeris,

1228 1154 1334 1184 tenore
1347 1152 1570 1194 praesentium,
1585 1153 1770 1186 auctoritate
1784 1154 1965 1197 apostolica,

1227 1204 1367 1244 facimus,
1385 1205 1605 1239 constituimus
1630 1211 1659 1239 et
1679 1206 1875 1250 deputamus,
1893 1207 1964 1240 tibi-

1226 1267 1285 1299 que
1311 1268 1381 1290 cum
1406 1258 1553 1291 omnibus
1578 1264 1608 1291 et
1632 1259 1773 1301 singulis,
1791 1259 1964 1302 privilegiis

1226 1310 1398 1343 honoribus
1422 1316 1452 1343 et
1482 1311 1649 1351 oneribus,
1674 1312 1910 1346 auctoritatibus
1935 1318 1964 1346 et

1224 1363 1422 1396 facultatibus
1446 1364 1483 1396 ad
1509 1365 1689 1398 huiusmodi
1714 1366 1902 1408 protectoris
1923 1367 1965 1400 of—

1225 1415 1330 1448 ficium
1354 1416 1393 1448 de
1417 1416 1495 1457 iure,
1521 1428 1579 1450 usu
1604 1423 1634 1450 et
1658 1418 1901 1461 consuetudine,
1926 1429 1963 1453 ac

1224 1470 1298 1502 alias
1317 1470 1553 1513 quomodolibet
1572 1472 1808 1515 pertinentibuS,
1826 1478 1856 1505 et
1874 1483 1963 1516 prae-

1224 1523 1330 1556 sertim
1357 1529 1510 1566 potestate
1533 1535 1591 1568 per
1615 1530 1653 1567 te,
1675 1525 1722 1558 vel
1746 1536 1803 1569 per
1826 1526 1961 1559 iudicem

1223 1586 1240 1608 a
1257 1581 1286 1609 te
1300 1576 1525 1620 deputandum,
1544 1588 1651 1611 causas
1670 1582 1729 1612 tam
1747 1578 1853 1612 civiles
1868 1590 1961 1622 quarn

1223 1630 1401 1663 criminales
1434 1630 1573 1663 eiusdem
1602 1632 1726 1674 collegii
1751 1632 1961 1674 scholarium,

1223 1694 1430 1727 personarum
1456 1689 1486 1716 et
1509 1694 1627 1726 rerum,
1645 1695 1699 1718 seu
1717 1685 1755 1718 ad
1779 1686 1863 1729 ipsos
1888 1697 1962 1729 quo—

1223 1737 1394 1770 modolibet
1427 1742 1602 1781 spectantes
1617 1766 1624 1777 ‚
1648 1744 1710 1771 tam
1742 1744 1842 1773 motas
1867 1750 1960 1783 quam

1223 1791 1401 1830 movendas,
1422 1791 1577 1832 audiendi,
1603 1792 1823 1834 cognoscendi,
1845 1798 1875 1825 et
1898 1793 1960 1826 fine

1222 1844 1337 1883 debito,
1355 1848 1449 1887 prout
1464 1845 1540 1876 iuris
1558 1845 1659 1885 fuerit,
1674 1845 1835 1878 decidendi
1851 1852 1882 1879 et
1899 1850 1960 1880 ter-

1222 1896 1371 1937 minandi,
1386 1897 1440 1937 uti,
1454 1897 1515 1930 frui
1534 1903 1563 1930 et
1579 1897 1673 1940 potiri
1690 1899 1790 1941 possis
1805 1904 1835 1931 et
1847 1899 1959 1940 valeas,

1221 1951 1406 1983 auctoritate
1426 1956 1455 1983 et
1480 1956 1588 1984 tenore
1612 1951 1823 1995 praesentium
1848 1962 1959 1986 conce-

1220 2004 1323 2036 dimus
1348 2009 1377 2036 et
1402 2004 1610 2047 indulgemus,
1636 2005 1817 2038 mandantes
1837 2005 1958 2040 dilectis

1221 2057 1291 2089 filiis
1306 2057 1581 2099 gubernatoribus,
1599 2058 1779 2100 guardianis
1797 2062 1826 2092 et
1842 2059 1958 2092 rectori

1220 2116 1249 2143 et
1263 2111 1460 2144 scholaribus
1477 2111 1551 2144 dicti
1576 2111 1709 2154 collegii,
1725 2112 1908 2155 ceterisque,
1923 2117 1958 2145 ut

1221 2169 1248 2195 te
1262 2163 1292 2195 in
1309 2168 1520 2206 protectorem
1545 2164 1619 2197 dicti
1637 2165 1760 2207 collegii
1778 2170 1958 2198 reverenter

1219 2216 1409 2260 suscipiant,
1438 2217 1555 2260 tibique
1586 2217 1616 2249 in
1644 2218 1789 2250 omnibus
1817 2218 1954 2251 officium

1218 2271 1405 2313 protectoris
1419 2271 1598 2304 huiusmodi
1612 2272 1871 2305 concernentibus
1885 2283 1956 2305 cum

1218 2324 1329 2356 effectu
1346 2329 1485 2367 pareant,
1503 2325 1649 2357 obediant
1663 2329 1691 2358 et
1706 2325 1876 2366 intendant,
1892 2330 1957 2358 tua-

1217 2387 1277 2420 que
1301 2377 1459 2417 salubria,
1485 2378 1603 2410 monita
1628 2383 1657 2410 et
1682 2378 1824 2410 mandata
1848 2388 1955 2421 prom-

1217 2436 1268 2474 pte
1282 2436 1312 2463 et
1325 2431 1492 2463 efficaciter
1506 2431 1677 2474 adimplere
1690 2436 1869 2474 procurent;
1886 2441 1956 2464 con-

1218 2484 1321 2516 trariis
1345 2484 1596 2528 quibuscumque
1620 2495 1681 2517 non
1706 2484 1910 2518 obstantibus.

1252 2554 1346 2581 Datum
1358 2554 1467 2588 Romae,
1479 2554 1549 2590 apud
1565 2555 1592 2581 S.
1606 2555 1729 2589 Petrum,
1741 2554 1784 2582 die
1797 2561 1862 2581 xxxx
1877 2557 1952 2582 octo-

1217 2598 1273 2626 bris
1292 2605 1413 2634 mucxmv,
1435 2599 1608 2627 Pontificatus
1629 2599 1714 2626 nostri
1725 2606 1794 2626 anno
1813 2606 1833 2628 1.

1980 204 2029 231 An.
2046 203 2074 231 C.
2097 205 2160 234 ¹661
2187 202 2191 231 l
