2243 3205
15 276 68 305 Ἀο.
86 274 115 302 C.
132 273 199 301 ¹658

52 1561 159 1583 Decretum
178 1562 204 1582 ii·-

30 1588 96 1610 riuus.

4 1638 9 1672 l

6 1674 11 1707 l

7 1708 11 1726 i

7 1729 15 1909 i

13 1914 17 1943 Ι

13 1949 18 1982 ἰ

63 2253 164 2276 centuria
180 2262 210 2276 re·

40 2281 86 2303 licit.

813 270 1000 298 ALEXANDER
1026 271 1069 295 vn
1094 272 1141 295 PP.

213 320 299 354 chiae
334 321 545 354 Anconitanae
585 321 761 355 civitatibus
801 320 952 354 celebrari

213 373 318 407 solitas
349 373 559 418 impediatur,
591 374 758 418 providere
793 375 953 414 volentes,

213 427 433 472 dictorumque
459 428 694 461 communitatis
727 434 755 461 et
788 427 954 461 bominum

213 480 388 523 singulares
418 492 568 525 personas
593 492 609 514 a
633 481 797 525 quibusvis
830 491 954 514 excom-

214 535 442 577 municationis,
474 535 688 579 suspensionis
724 539 753 569 et
788 533 955 575 interdicti,

213 588 343 632 aliisque
371 589 588 623 ecclesiasticis
616 590 794 632 sententiis,
816 589 956 623 censuris

214 647 243 674 et
266 642 386 685 poenis⁷
416 653 433 674 a
458 642 525 675 iure
551 642 596 675 vel
624 642 662 674 ab
685 642 821 683 homine,
848 643 956 686 quavis

214 696 378 728 occasione
397 695 442 728 vel
462 697 556 728 causa
577 696 663 735 latis,
688 696 712 728 si
737 696 852 739 quibus
877 707 956 739 quo-

215 749 388 782 modolibet
404 749 570 782 innodatae
588 749 733 790 existunt,
754 749 792 781 ad
811 750 956 782 effectum

214 802 425 845 praesentium
443 802 603 835 dumtaxat
620 802 888 846 consequendum,
908 802 958 835 lia-

216 865 285 887 rum
317 855 398 888 serie
431 855 627 888 absolventes
650 861 679 888 ct
707 855 866 889 absolutas
891 856 958 889 sore

215 912 387 949 censentes,
400 908 683 952 supplicationibus
698 919 807 942 eorum
828 909 957 942 nomine

215 961 306 995 nobis
331 972 426 1006 super
450 962 511 995 hoc
536 962 696 996 humiliter
721 962 876 1006 porrectis
905 963 954 995 in-

216 1015 330 1056 clinati,
344 1012 499 1059 praefatas
512 1015 667 1048 nundinas
685 1016 714 1048 in
733 1016 814 1048 dicta
834 1016 958 1048 civitate

216 1069 408 1102 Anconitana
435 1079 496 1102 non
522 1080 577 1113 per
596 1075 666 1103 octo
680 1069 746 1102 dies
767 1073 836 1103 ante
855 1074 884 1101 et
901 1079 959 1114 per

218 1122 346 1157 totidem
372 1121 437 1155 dies
470 1128 538 1166 post
573 1122 684 1154 festum
717 1123 814 1156 sancti
840 1122 958 1167 Cyriaci

217 1175 409 1217 huiusmodi,
435 1175 487 1208 sed
513 1186 528 1207 a
554 1175 602 1208 die
624 1175 857 1219 decimaquinta
885 1175 958 1208 maii

218 1239 318 1273 usquc
351 1229 387 1262 ad
422 1229 503 1262 diem
537 1229 672 1273 primam
701 1229 775 1262 iunii
808 1229 959 1263 inclusive

217 1283 306 1316 annis
331 1283 464 1326 singulis
490 1283 518 1315 in
545 1288 745 1327 perpetuum,
761 1294 832 1316 cum
860 1283 960 1317 solitis

218 1342 248 1369 et
272 1337 429 1370 consuetis
455 1337 706 1380 exemptionibus
729 1343 758 1369 et
784 1337 960 1370 immunita-

220 1390 301 1424 tibus
319 1390 497 1434 pracdictis,
514 1389 692 1423 celebrare*
712 1391 838 1430 debere,
856 1397 962 1424 aucto-

220 1444 310 1477 ritate
335 1444 516 1488 apostolira,
536 1450 643 1477 tenore
660 1445 886 1488 praesentium,
906 1449 962 1479 sla-

221 1497 336 1530 tuimus
361 1502 390 1529 et
414 1497 606 1530 ordinamus.

264 1552 279 1593 ,ξ
311 1550 340 1584 3.
377 1551 586 1584 Decernentcs
622 1550 746 1583 easdem
782 1557 962 1594 praesentes

220 1605 339 1639 litteras
357 1615 481 1649 semper
499 1605 618 1642 tirmas,
641 1604 756 1637 validas
775 1611 804 1637 ct
822 1605 963 1638 efficaces

221 1659 353 1692 existere
379 1662 409 1692 ct
433 1658 509 1698 sore,
534 1669 568 1690 ac
596 1658 666 1697 illis,
688 1658 724 1690 ad
746 1669 825 1702 qnos
845 1664 964 1702 spectat

221 1718 250 1745 et
273 1723 331 1756 pro
357 1718 500 1756 tempore
518 1712 781 1755 quandocumque
801 1712 964 1755 spectabit,

220 1766 400 1810 plenissime
415 1766 592 1808 suffragari,
608 1771 634 1798 et
655 1766 694 1797 ab
713 1765 772 1797 illis
792 1766 964 1808 respective

223 1819 444 1852 inviolabiliter
457 1819 629 1861 observari,
646 1819 752 1862 sicque
768 1819 797 1850 in
813 1818 964 1862 praemis-

222 1873 263 1906 sis
283 1882 341 1916 per
366 1882 584 1916 quoscumque
603 1871 723 1905 iudices
740 1871 918 1905 ordinarios
937 1876 966 1904 et

223 1924 402 1968 delegatos,
434 1925 526 1958 etiam
556 1935 724 1958 causarum
756 1925 861 1969 palatii
895 1935 966 1969 apo-

222 1978 324 2012 stolici
349 1978 525 2019 auditores,
551 1984 579 2011 et
605 1978 633 2011 S.
662 1979 693 2011 lt.
721 1978 752 2010 E.
780 1978 966 2019 cardinales,

224 2032 316 2065 etiam
331 2031 368 2065 de
385 2033 482 2066 latere
499 2032 628 2075 legatos,
648 2031 778 2065 indicari
797 2037 823 2065 et
841 2031 965 2065 definiri

223 2085 347 2126 debere,
365 2096 399 2118 ac
418 2086 541 2118 irritum
557 2091 587 2118 et
605 2086 705 2126 inane,
723 2086 746 2119 si
770 2097 860 2119 secus
873 2097 968 2130 snper

224 2140 272 2173 liis
296 2151 313 2173 a
338 2150 506 2184 quoquam,
525 2140 632 2184 quavis
659 2141 853 2181 anctoritate,
873 2141 969 2173 scicn-

225 2196 271 2227 ler
289 2193 335 2225 vel
354 2193 545 2235 ignoranter,
571 2193 737 2236 contigerit
762 2194 914 2227 attentari.

270 2246 338 2289 gli.
372 2247 439 2279 Non
477 2246 671 2279 obstantibus
707 2247 819 2280 littcris
853 2247 968 2280 nostris

227 2300 405 2344 praedictis,
430 2310 551 2333 necnon
578 2301 724 2334 omnibus
755 2307 784 2333 et
814 2301 967 2344 singulis,

227 2364 306 2398 quae
332 2354 360 2386 in
387 2353 429 2386 eis
457 2353 610 2386 voluimus
636 2364 696 2387 non
722 2354 864 2395 obstare,
888 2360 969 2387 cete-

230 2407 334 2451 risque
360 2407 525 2440 contrariis
551 2408 811 2451 (piibuscnmqnc.

274 2461 383 2494 Datum
410 2462 537 2503 Romae,
563 2462 644 2505 apud
670 2463 698 2495 S.
725 2462 851 2494 Mariam
878 2462 971 2494 Maio-

231 2525 308 2556 rem,
324 2515 380 2547 snb
392 2516 506 2547 annulo
529 2515 705 2557 piscatoris,
719 2515 768 2548 die
783 2526 842 2549 xxx
863 2516 972 2559 aprilis

231 2578 380 2610 MDCLl'Ht,
401 2568 600 2612 pontificatus
623 2569 720 2602 nostri
743 2579 825 2602 anno
843 2579 883 2602 iv.

265 2622 322 2648 Dat.
345 2622 387 2648 die
409 2622 442 2649 30
463 2622 556 2657 aprilis
578 2622 661 2655 1658,
684 2621 779 2657 pontis.
804 2630 874 2649 anno
892 2629 926 2649 iv.

267 2687 277 2712 1
302 2685 391 2711 Potius
412 2685 469 2720 lege
490 2685 632 2713 celebrari
652 2687 688 2719 (n.
707 2691 752 2718 τ.).

1293 319 1426 353 CXCVII.

988 400 1179 434 Subsidium
1197 399 1302 432 decem
1315 400 1462 432 millium
1478 400 1655 433 {clerorum
1674 400 1731 431 im-

1031 453 1209 496 perialium
1234 453 1273 485 ab
1299 452 1520 485 ecclesiasticis
1552 453 1645 495 requi
1669 453 1732 485 Po-

1035 507 1141 539 loni'ac
1167 506 1235 548 reqt'
1261 506 1488 538 tradendorum
1509 507 1528 538 ¹.

990 586 1158 614 Venerabili
1186 585 1272 613 fratri
1301 587 1387 613 Petro
1408 585 1547 619 episcopo
1568 585 1733 619 Laudensi,

1026 632 1103 665 apud
1120 631 1308 659 carissimum
1320 630 1350 657 in
1363 630 1479 657 Christo
1490 630 1584 657 filium
1596 633 1733 658 nostrum

1026 678 1168 704 Ioannem
1200 675 1372 702 casimirum
1393 674 1531 702 Poloniae
1555 678 1585 702 et
1611 674 1733 702 sveciae

1026 729 1124 756 regem
1144 721 1296 747 illustrem
1322 723 1426 747 nostro
1447 722 1477 747 et
1497 719 1581 746 Sedis
1608 720 1734 753 Aposto-

1026 767 1104 793 licae
1124 765 1244 799 nuncio,

1187 821 1352 847 Alexander
1372 819 1451 852 Papa
1472 819 1533 846 VII.

1208 891 1396 919 Venerabilis
1412 890 1513 923 frater,

1027 936 1158 964 salutem
1179 939 1210 962 et
1230 935 1429 969 apostolicam
1450 934 1698 961 benedictionem.

1037 1016 1051 1059 ξ
1078 1016 1104 1047 ’1.
1130 1015 1218 1055 Cum,
1239 1014 1318 1047 sicut
1342 1012 1532 1058 accepimns,
1554 1013 1657 1046 dilecti
1679 1012 1734 1045 filii

993 1069 1095 1102 clerus
1111 1068 1197 1111 regni
1217 1067 1373 1109 Poloniae,
1392 1067 1523 1111 provide
1537 1066 1736 1099 consideran-

994 1128 1038 1155 tes
1063 1122 1141 1155 adeo
1173 1122 1338 1155 exhaustas
1371 1131 1436 1153 esse
1466 1120 1556 1163 regni
1585 1119 1735 1163 praedicti

993 1176 1075 1209 vires
1106 1181 1135 1208 ut
1162 1175 1200 1207 ad
1225 1174 1473 1219 propulsandam
1507 1174 1652 1207 hostilem
1677 1184 1735 1217 po-

994 1229 1122 1263 tentiam
1141 1234 1171 1261 et
1192 1228 1360 1262 avertenda
1382 1228 1578 1260 imminentia
1595 1226 1737 1270 pericula

994 1289 1055 1316 tam
1082 1283 1168 1316 laicis
1194 1293 1288 1326 quam
1315 1281 1535 1315 ecclesiasticis
1557 1281 1738 1314 communia

994 1336 1147 1369 laicorum
1176 1335 1337 1368 facultates
1355 1344 1553 1378 nequaqnam
1570 1333 1736 1375 sufficiant,

994 1399 1053 1433 pro
1066 1388 1211 1432 publicae
1236 1388 1343 1420 salutis
1360 1388 1541 1431 patriaeque
1558 1386 1739 1419 defensione

996 1453 1150 1475 summam
1177 1442 1285 1475 decem
1315 1441 1449 1474 millium
1482 1441 1655 1473 talerorum
1682 1440 1739 1471 im-

996 1497 1173 1540 perialium⁷
1200 1495 1330 1528 subsidii
1355 1495 1493 1536 nomine,
1520 1493 1684 1526 carissimo
1709 1494 1739 1525 in

995 1550 1119 1584 Christo
1144 1549 1210 1583 filio
1236 1554 1344 1583 nostro
1372 1548 1477 1581 loanni
1504 1547 1655 1581 Casiiniro
1681 1547 1739 1580 Po-

996 1604 1099 1637 loniac
1125 1608 1155 1636 et
1179 1604 1305 1636 Sveciae
1330 1603 1397 1645 regi
1424 1601 1537 1634 illustri
1561 1611 1620 1645 pro
1645 1611 1739 1634 com-

998 1656 1146 1700 parandis
1167 1656 1326 1688 artileriae
1351 1655 1608 1695 necessitatibus,
1634 1655 1741 1687 nostra

998 1716 1027 1743 et
1052 1710 1139 1743 Sedis
1163 1709 1360 1753 Apostolicae
1384 1708 1421 1741 ad
1452 1708 1482 1740 id
1513 1707 1679 1741 accedente
1704 1707 1741 1739 li-

999 1764 1099 1796 centia
1125 1768 1153 1796 et
1179 1772 1343 1802 consensu,
1378 1766 1488 1805 sponte
1520 1762 1673 1802 conferre,
1701 1766 1740 1799 et,

999 1817 1072 1861 quia
1085 1817 1161 1849 hacc
1175 1815 1327 1860 pecuniae
1345 1825 1468 1848 summa
1485 1821 1545 1847 tam
1563 1815 1635 1855 cito,
1648 1819 1742 1857 prout

999 1881 1079 1915 opus
1112 1875 1175 1912 est,
1208 1869 1313 1912 colligi
1339 1879 1400 1902 non
1432 1873 1555 1912 potest,
1585 1866 1742 1901 Ordinarii

999 1925 1142 1958 locorum
1185 1923 1308 1956 interim
1355 1934 1389 1956 ex
1433 1922 1573 1955 ecclesiis
1614 1931 1742 1954 suarum

1000 1978 1198 2017 dioecesum,
1225 1976 1391 2010 accedente
1417 1982 1446 2008 et
1472 1976 1508 2008 ad
1534 1976 1593 2008 lioc
1617 1975 1743 2008 licentia

1001 2038 1029 2065 et
1055 2042 1210 2066 consensu
1242 2030 1427 2075 praedictis,
1460 2035 1503 2063 tot
1535 2040 1604 2062 vasa
1630 2035 1659 2061 et
1684 2029 1744 2061 alia

1001 2086 1146 2120 utensilia
1175 2096 1270 2119 aurea
1296 2086 1343 2118 vel
1373 2090 1542 2127 argentea,
1569 2095 1604 2116 ex
1631 2083 1744 2127 quibus

1001 2140 1143 2173 conflatis
1156 2140 1305 2184 pecuniae
1324 2138 1505 2172 huiusmodi
1525 2138 1595 2170 cudi
1612 2138 1742 2178 valeant,

1003 2199 1113 2227 mutuo
1138 2194 1296 2237 accipere,
1313 2198 1417 2236 atque,
1439 2203 1473 2225 cx
1500 2191 1641 2236 pecuniis
1666 2201 1743 2234 pau<

1003 2248 1088 2280 latim
1116 2247 1223 2291 vigore
1249 2246 1392 2279 licentiae
1418 2246 1478 2278 sibi
1505 2246 1534 2278 in
1566 2245 1625 2277 vini
1652 2255 1743 2288 prae-

1003 2301 1137 2334 sentium
1153 2300 1371 2334 concedendae
1386 2299 1532 2344 usquead
1551 2299 1744 2342 praedictam

1003 2355 1112 2387 deceni
1145 2354 1279 2386 millium
1317 2354 1488 2386 talcrornm
1527 2362 1681 2385 snnimain
1713 2351 1744 2384 in

1005 2407 1136 2451 singulis
1161 2407 1358 2440 dioecesibus
1383 2406 1522 2439 eiusdem
1546 2406 1633 2449 regni
1654 2406 1681 2437 in
1703 2410 1746 2437 to-

1006 2466 1070 2493 tum
1105 2460 1309 2503 colligendis,
1342 2460 1402 2492 alia
1435 2459 1574 2492 eiusdem
1610 2459 1745 2497 valoris,

1006 2515 1154 2558 ponderis
1180 2520 1207 2546 ct
1233 2514 1391 2557 qualitatis
1426 2523 1496 2545 rasa
1522 2523 1574 2544 scn
1601 2512 1746 2545 utensilia

1007 2568 1175 2611 unicuique
1201 2567 1351 2600 ecclesia‹¹
1378 2578 1393 2599 a
1414 2578 1474 2612 qua
1493 2572 1602 2599 mutuo
1624 2571 1747 2610 sumpta

1048 2687 1055 2712 l
1080 2685 1115 2711 Ex
1137 2684 1243 2719 llegest.
1266 2685 1291 2711 in
1312 2684 1413 2711 Secret.
1437 2683 1510 2711 eres.

1633 260 1696 294 347
1743 268 1792 296 An.
1815 268 1843 297 C.
1861 269 1928 298 ¹658

1815 1025 1938 1046 Subsidium

1752 1052 1826 1072 deceni
1850 1052 1938 1072 millium

1753 1079 1938 1099 tat-*rotumabcc-

1752 1106 1878 1126 clesiasticts
1906 1111 1938 1125 re-

1753 1138 1786 1158 gni
1836 1133 1938 1152 Pommae

1753 1159 1878 1180 tradendum
1901 1160 1938 1179 im-

1752 1186 1818 1212 [ιιιΙΙίΐ.
