2243 3205
3 253 48 281 An.
67 251 94 279 C.
111 249 177 277 1658

26 418 159 440 Prooemium.

27 842 135 869 Εῐρὼίῑίο.

787 245 972 270 ALEXANDER
997 245 1041 267 VII
1065 244 1112 267 PP.

385 296 549 324 Alexander
568 296 646 329 Papa
665 293 729 329 VII,

335 341 370 367 ad
387 340 517 367 futuram
538 341 581 367 rei
602 339 783 367 memoriam.

235 402 430 435 Sacrosaneti
457 402 648 446 apostolatus
666 401 803 435 officium
830 400 931 433 humi-

191 455 268 488 litati
304 461 429 489 nostrae
463 467 519 500 per
555 456 775 488 abundantiam
809 454 931 487 divinae

191 509 338 542 bonitatis
363 510 544 554 impositum
573 510 718 553 postulat,
737 515 767 542 ut
786 509 868 542 circa
886 518 931 548 ea,

191 573 248 606 per
279 574 358 607 quae
395 563 503 597 felici¹
536 563 757 606 religiosorum
791 562 931 596 virorum

193 621 263 649 vota
288 627 343 649 sua
368 617 527 650 Altissimo
555 615 686 649 reddere
712 615 827 658 iugiter
856 620 933 648 sata-

192 668 330 711 gentium
367 669 531 702 directioni
567 667 759 708 consulitur,
792 667 932 700 sollicitis

191 722 301 755 studiis
326 722 534 762 intendamus,
553 727 645 765 prout
665 722 693 754 in
713 721 845 755 Domino
863 732 933 755 con-

191 776 341 820 spicimus
360 775 529 809 salubriter
549 775 706 819 expedire.

236 829 250 872 ξ
276 829 305 862 l.
334 829 441 873 Nuper
467 828 622 872 siquidem
648 839 707 871 pro
731 834 820 871 parte
848 828 928 861 dilc-

192 885 314 914 ctorum
336 882 474 915 filiorum
494 882 719 915 canonicorum
738 881 931 924 regularium

191 935 450 978 Congregationis
470 935 678 978 portugalliae
693 934 817 968 Ordinis
834 935 931 969 sancti

192 989 355 1032 Augustini
381 989 471 1022 nobis
496 989 673 1033 expositum
699 989 766 1029 fuit,
784 989 866 1032 quod
887 1000 933 1022 ca-

192 1041 290 1085 pitulo
328 1042 465 1085 generali
506 1042 646 1075 eiusdem
679 1042 932 1085 congregationis

195 1094 302 1136 viginti
328 1101 355 1127 et
383 1094 481 1128 unus⁹
500 1095 661 1128 dumtaxat
679 1095 815 1138 religiosi
835 1095 933 1139 ipsius

192 1147 465 1191 Congregationis3
480 1159 550 1181 cum
568 1148 634 1181 iure
648 1147 788 1191 suffragii
803 1159 857 1181 seu
871 1148 932 1181 voti

193 1201 309 1234 serendi
337 1201 487 1234 interesse
517 1201 668 1235 hactenus
693 1206 932 1242 consueverunt,

192 1264 306 1299 nempe
331 1259 436 1289 rector
457 1255 580 1298 collegii
602 1255 838 1288 Colimbriensis
857 1255 934 1287 eius-

192 1308 262 1341 dem
299 1309 577 1352 Congregationis,
608 1309 774 1342 duodecim
810 1309 933 1353 priores

192 1361 321 1394 totidem
339 1367 560 1402 conventuum,
577 1362 629 1406 qui
649 1362 932 1405 Congregationem

193 1414 371 1448 huiusmodi
399 1416 601 1456 constituunt,
625 1426 660 1449 ac
686 1422 756 1449 octo
781 1427 933 1460 procura-

193 1473 287 1509 tores,
312 1468 373 1502 duo
399 1479 432 1501 ex
460 1474 612 1502 conventu
638 1469 666 1502 S.
694 1469 800 1502 Crucis
825 1470 936 1503 Colim-

192 1521 337 1564 briensis,
363 1527 393 1555 et
418 1533 471 1555 sex
490 1522 542 1555 alii
560 1533 596 1555 ex
623 1522 751 1556 totidem
777 1523 845 1556 aliis
866 1534 936 1557 con-

195 1575 336 1607 ventibus
371 1575 470 1608 dictae
506 1575 787 1618 Congregationis‚
822 1576 935 1619 quibus

193 1627 267 1661 solis
296 1629 444 1672 competit
476 1629 695 1672 praerogativa
731 1629 871 1662 mittendi
899 1641 934 1663 ex

194 1682 399 1715 conventibus
411 1682 589 1715 huiusmodi
602 1683 774 1727 respective
793 1685 852 1716 una
865 1694 934 1717 cuin

194 1735 354 1778 prioribus
379 1737 519 1780 ipsorum
546 1743 755 1770 conventuum
783 1737 820 1770 ad
845 1749 935 1782 prae—

194 1789 310 1823 dictum
343 1789 514 1833 capitulum
541 1790 688 1832 generale
712 1797 935 1834 procuratores

194 1851 210 1874 a
228 1842 372 1886 capitulis
389 1843 646 1876 conventualibus
664 1844 847 1877 eorumdem
866 1855 937 1877 con-

196 1901 343 1929 ventuum
366 1896 492 1929 electos.
511 1897 625 1929 Verum
640 1897 833 1941 experientia
854 1909 937 1931 com-

196 1954 321 1992 pertum
346 1954 392 1982 est
417 1950 496 1982 lianc
521 1949 772 1992 singularitatem
796 1951 849 1984 Dei
875 1962 936 1985 scr-

199 2002 273 2035 vitio
312 2003 476 2046 dictaeque
516 2004 774 2047 congregationis
811 2005 935 2038 utilitati

196 2055 368 2098 plurimum
395 2056 565 2097 adversari,
591 2057 663 2100 quia
688 2058 810 2101 priores
835 2058 935 2092 dicto-

198 2120 267 2141 ruin
282 2113 491 2143 conventuum
510 2110 794 2153 privilegiatorum,
809 2112 867 2145 sibi
886 2112 938 2145 ob-

199 2163 307 2196 noxios
325 2173 379 2196 seu
397 2164 544 2207 partiales
562 2164 592 2196 in
607 2170 830 2208 procuratores
848 2165 937 2209 eligi*

198 2215 356 2250 ordinarie
381 2216 603 2259 desiderantes,
629 2218 723 2251 variis
747 2219 866 2252 artibus
893 2220 939 2263 (ut

199 2271 322 2304 evenire
347 2270 446 2304 visum
471 2272 530 2315 est)
549 2277 735 2316 procurant,
754 2278 787 2305 ut
812 2272 938 2306 electis⁵

236 2389 246 2413 1
266 2385 385 2414 Pessime
405 2385 469 2415 edit.
491 2386 569 2414 Main.
587 2386 669 2414 babet
687 2388 735 2422 fel.
754 2396 807 2416 rec.
830 2396 876 2423 pro
896 2390 938 2422 sc-

201 2431 249 2460 lici
267 2434 303 2467 (n.
326 2433 373 2466 τ.).

234 2478 250 2504 2
262 2478 408 2513 Perperam
420 2477 514 2504 eadem
526 2477 591 2511 legit
602 2477 691 2504 unius
703 2485 750 2512 pro
762 2486 837 2504 unus
848 2478 939 2512 (nr).
955 2476 956 2479 ’

235 2522 251 2549 3
266 2523 364 2550 Contra
379 2522 509 2549 rationem
526 2526 667 2549 contextus
683 2521 776 2548 eadem
794 2522 845 2548 sert
866 2523 940 2549 Con-

201 2569 327 2603 yreyaaeis
342 2576 391 2603 pro
408 2568 645 2602 Conyreqatiom's
660 2570 698 2601 (it.
714 2569 762 2601 τ.).

236 2613 252 2639 4
271 2611 319 2639 Ed.
336 2612 415 2639 Main.
432 2611 515 2639 habet
529 2612 602 2646 elegi
619 2619 666 2647 pro
682 2612 752 2646 eligi
766 2612 805 2647 (n.
821 2613 867 2647 T.).

237 2657 253 2683 5
272 2657 384 2684 Videtur
399 2656 541 2692 legendum
557 2657 654 2684 electio
670 2664 718 2691 pro
734 2657 829 2684 electis
840 2660 879 2691 (n.
892 2657 939 2691 τ.).
955 2653 957 2686 ζ

961 290 1142 326 huiusmodi
1168 291 1198 323 in
1215 301 1365 335 personas
1382 291 1490 324 aetatis
1516 291 1703 323 immaturae

963 357 1020 380 nec
1044 344 1245 390 qualitatibus
1278 344 1316 377 ad
1348 344 1407 378 hoc
1434 344 1572 377 muneris
1597 353 1704 377 neces-

964 400 1054 434 sariis
1089 398 1246 444 praeditas
1279 398 1376 431 cedat.
1403 398 1489 432 Unde
1521 397 1705 442 disciplinae

965 452 1120 496 regularis
1145 451 1368 486 detrimentum
1393 462 1517 495 semper
1543 450 1705 495 consequi-

966 511 1016 539 tur
1041 510 1070 540 et
1103 505 1276 548 tumultus,
1309 505 1580 549 turluilentiaeque
1611 515 1704 548 saepe

967 559 1121 592 oriuntur.
1140 559 1266 602 Hacque
1291 558 1329 591 de
1347 560 1439 592 causa
1452 558 1488 590 de
1502 568 1582 591 anno
1600 568 1705 591 iinon

968 613 1013 646 vir
1038 612 1206 656 religiosus
1230 612 1380 645 Martinus
1406 612 1503 645 Monis
1532 612 1629 645 frater
1653 611 1706 644 Or-

967 666 1047 699 dinis
1068 667 1096 700 S.
1118 666 1232 699 Mariae
1257 665 1294 698 de
1321 666 1423 698 Monte
1447 665 1606 706 Carmelo,
1633 671 1705 699 tunc

967 720 1129 763 temporis,
1156 730 1210 752 seu
1228 719 1313 760 alias,
1338 718 1597 762 Congregationis
1621 730 1706 762 prae-

967 773 1067 806 dictae
1094 773 1235 806 visitator
1256 772 1441 806 auctoritate
1460 772 1630 816 apostolica
1657 772 1706 805 de-

967 831 1110 870 putatus,
1140 825 1377 869 congregationi
1403 829 1475 860 tunc
1508 825 1706 858 existentium

967 879 995 913 S.
1015 880 1048 913 R.
1068 880 1100 912 E.
1120 879 1325 914 cardinalium
1351 879 1485 922 negotiis
1506 884 1535 912 et
1555 879 1708 912 consulta·

968 933 1104 968 tionibus
1118 935 1341 978 episcoporum
1360 939 1389 966 et
1407 932 1600 975 regularium
1618 943 1707 976 prae-

968 987 1086 1030 positae
1113 987 1239 1027 rctulit‚
1265 998 1297 1020 se
1334 987 1365 1019 in
1401 986 1575 1020 visitatione
1608 986 1708 1019 dictae

967 1041 1226 1083 Congregationis
1255 1040 1464 1083 Portugalliae
1489 1051 1506 1072 a
1531 1040 1708 1073 senioribus

969 1094 1065 1138 ipsius
1082 1093 1341 1136 Congregationis
1360 1093 1514 1136 religiosis
1540 1093 1708 1136 accepisse,

969 1148 1027 1180 boc
1052 1147 1219 1191 praecipue
1246 1152 1396 1190 punctum
1423 1147 1646 1179 reformatione
1668 1146 1710 1179 in-

968 1200 1085 1243 digere,
1111 1205 1142 1233 ut
1170 1200 1339 1244 capitulum
1365 1200 1511 1243 generale
1536 1200 1710 1243 Congrega-

969 1253 1060 1286 tionis
1085 1253 1264 1286 huiusmodi
1291 1253 1434 1297 personis
1458 1253 1657 1295 dignioribus
1681 1258 1710 1285 et

970 1307 1196 1340 maturioribus
1221 1313 1436 1351 componatur.

1013 1361 1027 1404 g
1051 1360 1080 1393 2.
1106 1361 1182 1395 Cum
1207 1368 1328 1401 autem,
1361 1361 1439 1394 sicut
1473 1360 1581 1393 eadem
1616 1371 1709 1404 expo-

969 1414 1039 1448 sitio
1064 1414 1284 1458 subiungebat,
1313 1414 1386 1447 dicti
1416 1419 1607 1457 exponentes
1635 1413 1709 1447 Con-

969 1468 1161 1512 gregationis
1194 1468 1373 1512 praedictae
1407 1467 1503 1511 quieti
1532 1468 1710 1500 consultum

970 1521 1006 1554 iri
1036 1526 1181 1565 sperent,
1212 1521 1251 1561 si,
1282 1520 1432 1563 abrogata
1463 1526 1710 1554 memoratorum

970 1580 1213 1618 procuratorum
1251 1574 1502 1608 conventualium
1540 1574 1709 1615 electione,

969 1628 1030 1661 duo
1063 1628 1202 1671 collegae
1236 1628 1409 1672 superioris
1445 1628 1600 1671 generalis
1633 1628 1711 1660 eius-

969 1682 1040 1715 dem
1068 1681 1344 1725 Congregutionis,
1371 1682 1424 1725 qui
1453 1681 1545 1714 ctiam
1572 1681 1709 1714 visitato*

971 1746 1020 1769 res
1046 1735 1139 1769 totius
1157 1735 1414 1778 Congregationis
1432 1734 1611 1768 huiusmodi
1637 1735 1712 1767 exis-

971 1794 1047 1831 tunt⁷
1065 1799 1186 1822 necnon
1204 1788 1343 1822 eiusdem
1362 1788 1538 1832 superioris
1556 1788 1711 1832 generalis

970 1843 1168 1882 substitutus,
1188 1853 1223 1875 ac
1249 1848 1312 1875 tres
1337 1842 1529 1882 definitores,
1546 1842 1599 1885 qui
1618 1841 1710 1874 etiam

970 1896 1140 1941 supradicti
1167 1902 1337 1929 conventus
1348 1896 1494 1929 &Crucis
1511 1895 1713 1929 Coliuibrien-

970 1951 1021 1991 sis,
1046 1950 1098 1994 qui
1124 1950 1318 1994 saepedictae
1339 1949 1596 1993 Congregationis
1620 1953 1714 1992 caput

971 2004 1086 2044 existit,
1101 2004 1275 2037 visitatores
1293 2007 1373 2045 sunt,
1388 2009 1417 2036 et
1432 2003 1565 2036 vicarius
1577 2002 1596 2043 ¹,
1614 2002 1712 2047 quae‘z

970 2057 1107 2092 secunda
1121 2069 1138 2091 a
1154 2058 1293 2102 praefato
1307 2057 1469 2101 superiore
1485 2057 1625 2101 generali
1644 2068 1712 2101 per-

971 2122 1047 2146 sona
1071 2111 1170 2146 dictae
1195 2111 1454 2155 Congregationis
1480 2111 1590 2153 existit,
1615 2111 1712 2154 magi-

972 2171 1098 2208 sterque
1122 2165 1315 2198 novitiorum
1341 2169 1512 2198 conventus
1532 2163 1712 2197 huiusmodi

973 2219 1003 2251 in
1032 2217 1216 2251 corumdem
1251 2223 1495 2261 procuratorum
1528 2222 1714 2250 conventua-

973 2271 1049 2304 lium
1063 2271 1168 2304 locum
1184 2271 1306 2304 vocales
1323 2270 1396 2303 dicti
1415 2270 1542 2314 capituli
1557 2269 1713 2313 generalis

974 2325 1064 2365 fiant;
1090 2325 1197 2369 eisque
1223 2325 1434 2368 adiungantur
1466 2325 1606 2358 eiusdem
1638 2325 1712 2358 Con-

974 2378 1166 2421 gregationis
1187 2384 1410 2422 procuratores
1428 2378 1590 2421 generales
1607 2377 1713 2411 curiae

976 2432 1224 2477 Ulyssiponensis
1248 2436 1277 2466 et
1302 2432 1433 2466 civitatis
1459 2431 1712 2475 Portugallcnsis,

974 2486 1026 2530 qui
1045 2496 1154 2520 omnes
1172 2498 1242 2519 cum
1270 2487 1298 2519 ῑιι
1321 2486 1456 2530 capitulo
1482 2485 1619 2529 generali
1640 2486 1714 2519 Con-

1013 2612 1021 2637 1
1045 2611 1111 2638 Male
1127 2610 1189 2637 edit.
1207 2610 1286 2638 Main.
1308 2610 1371 2645 legit
1391 2610 1532 2637 vicarium
1548 2611 1585 2644 (a.
1601 2612 1649 2644 Τ.).

1011 2656 1025 2681 2
1047 2655 1140 2691 Aptius
1156 2656 1212 2690 lege
1228 2656 1278 2689 «μα’
1295 2664 1341 2690 pro
1358 2663 1431 2689 quae
1447 2663 1486 2681 ιιι.
1503 2661 1518 2681 τ
1533 2676 1551 2690 Γ

1602 232 1667 266 389
1713 243 1761 268 Αιι.
1782 243 1810 269 C.
1836 244 1900 272 1658

1752 1371 1892 1396 stimuleum.
