2263 3215
305 228 352 256 An.
369 227 397 255 c.
419 228 485 256 ¹657
531 218 596 252 294

1071 226 1249 253 BULLARIUM
1272 226 1426 252 ROMANUM

499 281 619 319 partem
652 274 761 308 rosarii
801 274 831 307 B.
867 275 980 307 Mai-iae
1015 275 1150 319 Virginis
1186 281 1237 308 aut
1275 276 1362 308 mora
1384 280 1525 318 tempore
1546 273 1650 317 pestis,
1675 274 1766 306 etiam
1792 274 2006 318 superioribus

501 332 624 370 septem
650 327 788 370 psalmos
820 327 1057 370 poenitentiales
1090 328 1237 361 recitax‘e-
1273 338 1335 361 non
1359 327 1527 371 requisitiS‚
1543 337 1603 370 pro
1620 326 1746 359 servitio
1772 332 1857 370 peste
1881 327 2007 361 infecto-

501 379 584 419 rint,
605 379 776 422 plenariam
792 407 799 421 ,
823 384 986 423 practerea
1010 380 1127 414 eisdem
1152 385 1238 424 peste

501 432 622 466 infectis
647 433 677 465 in
702 433 869 466 cuiuslibet
893 443 1003 467 eorum
1029 435 1138 467 mortis
1163 434 1237 466 arti-

501 485 583 525 culo,
600 486 624 518 si
650 486 793 519 similiter
813 497 885 520 vere
904 487 1098 530 poenitentes
1116 490 1145 520 et
1169 496 1239 519 con—

500 538 571 571 fessi
593 549 628 572 ae
653 542 741 573 sacra
765 540 986 573 communione
1011 539 1139 579 refecti,
1171 539 1238 579 vel,

503 596 656 634 quatenus
682 592 711 624 id
745 592 847 626 facere
882 592 1102 636 nequiverint,
1130 591 1237 625 saltem

501 644 626 678 contriti
650 654 766 678 nomen
801 646 869 678 Iesu
894 655 970 685 ore,
1002 646 1027 677 si
1058 645 1238 688 potuerint,

500 697 547 729 sin
565 698 667 731 minus
689 698 784 731 corde
808 698 917 731 devote
940 698 1160 737 invocaverint,
1177 698 1240 741 ple-

502 751 623 783 nariam
641 752 783 784 omnium
798 751 942 785 similiter
955 755 1156 794 peccatorum
1171 760 1239 783 suo-

501 814 571 837 rum
597 804 823 847 indulgentiam
849 810 878 836 et
902 804 1119 837 remissionem
1151 803 1240 835 inise-

501 857 669 890 ricorditer
694 857 724 889 in
750 857 880 890 Domino
905 857 1122 895 concedimus;
1147 866 1238 899 prae-

501 914 597 948 terea,
623 909 842 942 defunctorum
875 909 967 941 etiam
993 908 1156 940 animabus
1186 918 1237 950 op-

501 967 637 1005 portuna
666 962 704 995 de
734 962 889 995 thesauris
914 961 1070 995 Ecclesiae
1103 961 1238 994 subsidia

501 1015 740 1048 subministrare
754 1016 905 1056 volentes,
919 1015 1012 1048 etiam
1028 1014 1238 1054 concedimus,

502 1074 535 1101 ut
559 1069 819 1113 quotiescumque
847 1069 959 1113 aliquis
984 1069 1150 1109 sacerdos,
1175 1068 1239 1101 sive

503 1122 653 1155 secularis
669 1123 734 1156 sive
759 1123 922 1165 regularis,
943 1123 1069 1155 missam
1088 1122 1125 1154 ad
1141 1132 1237 1155 unum

502 1186 538 1209 ex
563 1176 681 1220 aliquot
698 1176 848 1209 altaribus
868 1187 924 1219 per
949 1180 977 1210 te
1001 1186 1037 1208 ex
1063 1175 1239 1208 civitatibus

503 1235 533 1262 et
548 1229 743 1262 dioecesibus
760 1230 821 1262 tuis
840 1229 1008 1272 praedictis
1028 1228 1238 1271 designandis,

501 1282 633 1315 durante
651 1282 838 1325 contagione
857 1281 1047 1321 huiusmodi,
1064 1292 1122 1325 pro
1140 1282 1239 1314 cuius-

502 1345 637 1378 cumque
660 1334 761 1367 fidelis
786 1345 822 1367 ex
846 1338 931 1378 peste
956 1334 1092 1367 defuncti
1117 1334 1238 1366 animae

503 1387 534 1419 in
558 1387 743 1431 purgatorio
768 1386 927 1420 existentis
951 1386 1134 1419 liberatione
1159 1386 1238 1419 ecle-

502 1440 654 1481 braverit‚
679 1440 782 1473 anima
808 1440 873 1483 ipsa
898 1439 936 1472 de
960 1439 1107 1471 thesauro
1132 1439 1237 1472 Eccle-

502 1492 566 1526 siae
590 1503 646 1536 per
679 1492 807 1527 modum
839 1492 980 1534 suffragii
1012 1492 1237 1534 indulgentiam

503 1551 731 1588 consequatur,
756 1545 798 1579 ita
820 1550 855 1578 ut
886 1545 1009 1578 Domini
1041 1544 1138 1577 nostri
1170 1545 1239 1577 Iesu

503 1598 616 1631 Christi
636 1609 671 1631 ac
698 1598 896 1632 beatissimae
920 1597 1056 1641 Virginis
1081 1598 1193 1630 Mariae
1210 1602 1239 1630 et

504 1652 689 1685 Sanctorum
723 1652 842 1686 meritis
873 1651 976 1684 adiuta
1012 1661 1028 1684 a
1064 1651 1237 1695 purgatorii

1274 391 1343 414 rum
1361 379 1477 421 utendi,
1496 379 1683 420 facultatem,
1704 378 1786 412 dicta
1810 379 2004 421 auctoritate,

1273 438 1380 466 tenore
1404 432 1636 476 praesentium,
1664 430 1864 464 concedimus
1888 436 1918 464 et
1941 431 2003 464 im-

1271 485 1434 529 pertimur.

1317 540 1331 581 §
1347 539 1376 570 τὶ.
1395 539 1461 572 Nou
1475 537 1680 578 obstantibus,
1694 543 1846 581 quatenus
1862 547 1940 581 opus
1956 536 2005 580 sit,
2020 549 2125 574 Comari·
2139 553 2192 577 ωυει

1273 593 1381 624 nostra
1405 591 1443 623 de
1474 600 1537 624 non
1567 590 1775 623 concedendis
1808 589 2007 633 indulgentiis

1272 645 1309 677 ad
1329 645 1440 686 instar,
1460 649 1490 676 ct
1507 644 1667 687 quibusvis
1691 643 1759 676 aliis
1783 642 2008 676 constitutioni-

1273 698 1329 730 bus
1354 703 1384 730 et
1408 696 1656 730 ordinationibus
1680 696 1867 740 apostolicis,
1885 706 1921 729 ac
1944 696 2008 739 qui·

1273 750 1398 790 busvis,
1423 750 1515 782 etiam
1541 749 1738 790 iuramento,
1770 747 2006 782 confirmatione

1272 803 1452 847 apostolica,
1469 803 1515 835 vel
1534 802 1642 846 quavis
1667 802 1814 835 firmitate
1838 802 1899 834 alia
1919 801 2009 834 robo-

1275 857 1360 897 ratis,
1385 857 1507 889 statutis
1531 861 1560 889 et
1585 855 1871 896 consuetudinibus,
1887 854 2009 899 privile-

1274 911 1333 953 giis
1350 920 1486 954 quoque,
1504 909 1631 942 indultis
1648 915 1678 942 et
1694 909 1804 943 litteris
1829 907 2008 952 apostolicis

1273 964 1303 995 in
1329 962 1521 996 contrarium
1545 962 1791 1006 praemissorum
1815 960 2009 1005 quomodoli-

1273 1016 1324 1049 bet
1349 1015 1521 1055 concessis,
1552 1014 1745 1049 confirmatis
1781 1019 1811 1047 et
1844 1012 2007 1047 innovatis.

1272 1068 1492 1102 Praesentibus
1526 1067 1564 1100 ad
1600 1074 1662 1101 tres
1692 1077 1815 1101 menses
1848 1066 2008 1111 proximos

1273 1127 1300 1154 et
1316 1122 1441 1154 interim
1456 1121 1587 1154 durante
1605 1121 1700 1164 (quod
1714 1120 1807 1164 absit)
1821 1119 2008 1162 contagione

1272 1178 1392 1208 tantum
1418 1174 1568 1207 valituris.

1316 1228 1426 1260 Datum
1450 1228 1576 1267 Romae,
1598 1226 1680 1270 apud
1705 1227 1734 1259 S.
1760 1226 1887 1259 Mariam
1913 1225 2008 1259 Maio-

1273 1291 1349 1322 rem,
1365 1281 1422 1313 sub
1440 1280 1556 1313 annulo
1571 1280 1755 1320 piscatoris,
1772 1279 1822 1312 die
1836 1290 1855 1313 x
1872 1283 2009 1323 septem-

1272 1334 1337 1366 bris
1358 1343 1497 1375 MDCLVII,
1513 1333 1714 1377 pontificatus
1733 1333 1832 1365 nostri
1857 1341 1939 1365 anno
1959 1341 2005 1364 111.

1307 1395 1364 1422 ltat.
1387 1394 1429 1422 die
1447 1396 1478 1421 to
1497 1394 1662 1430 septembris
1679 1394 1756 1429 1657,
1773 1393 1868 1429 pontif.
1885 1400 2007 1421 annom.

1575 1534 1700 1568 CLXIX.

1272 1614 1404 1655 Statuit,
1424 1613 1507 1658 quod
1532 1623 1623 1646 nemo
1648 1613 1684 1646 de
1708 1617 1804 1659 cetero
1827 1613 1864 1645 in
1883 1612 2009 1646 electio·

1315 1667 1411 1700 nibus
1446 1666 1608 1710 yeneratz's
1633 1666 1891 1709 conyreyationis
1914 1676 2009 1699 eano-

1316 1721 1464 1753 nieorum
1483 1719 1688 1763 reyularium
1705 1719 1737 1753 S.
1755 1719 1890 1753 Ioannis
1906 1719 2009 1753 Evom-

2017 226 2065 255 An.
2082 227 2110 256 C.
2131 226 2192 262 16δῖ
2218 230 2222 255 t

504 1705 613 1748 poenis
637 1705 796 1738 liberetur.

326 1769 488 1790 restauremus
547 1758 563 1801 ᾗ
593 1758 623 1790 02.
656 1758 790 1802 Insuper
821 1757 877 1790 tibi
909 1767 1124 1801 quoscumque
1153 1762 1238 1800 peste

305 1796 632 1851 {ztcfdifffflzffifiinfectos
663 1815 715 1845 aut
749 1816 909 1854 suspectos
940 1821 957 1843 a
987 1811 1238 1854 quibuscumque

305 1846 397 1870 ⁰⁸¹⁹be
420 1849 488 1869 ‘'mm'‘
503 1865 649 1909 peceatis,
663 1864 784 1897 delictis
800 1869 830 1896 et
847 1864 997 1903 censuris,
1014 1864 1104 1896 nobis
1121 1868 1150 1895 et
1162 1864 1239 1907 Apo-

1316 1773 1448 1817 9elistae
1480 1773 1516 1805 in
1547 1772 1778 1816 Portuqallist,
1803 1773 2009 1817 aliorumque

1316 1830 1475 1859 rectorum
1501 1825 1637 1858 illorum
1654 1826 1936 1869 monasteriorum,
1955 1837 2008 1859 vo-

1317 1884 1385 1912 tum
1402 1890 1457 1912 seu
1482 1879 1677 1922 .susfraqi¹um
1699 1889 1757 1922 per
1783 1878 1908 1913 litteras
1932 1879 2009 1912 dare

307 1875 366 1896 vendi
402 1875 487 1895 tacuna-

306 1903 346 1922 ’ω
364 1901 471 1927 etaruaur.
503 1917 630 1950 stolicae
646 1917 717 1951 Sedi
735 1916 827 1949 etiam
844 1926 900 1959 per
916 1916 1033 1949 litteras
1051 1916 1081 1948 in
1099 1916 1148 1948 die
1168 1916 1239 1949 Coe-

502 1980 561 2003 nae
578 1969 700 2003 Domini
718 1969 779 2012 legi
800 1969 905 2001 solitas
931 1968 1105 2008 reservatis,
1123 1968 1154 2001 in
1171 1969 1238 2002 foro

504 2022 714 2055 conscientiae
738 2027 857 2054 tantum
883 2021 1074 2061 absolvendi,
1092 2026 1122 2054 et
1141 2021 1238 2053 facul-

504 2081 598 2109 tatem
623 2076 802 2109 huiusmodi
822 2076 890 2109 aliis
910 2075 1101 2119 presbyteris
1125 2076 1240 2108 secula-

505 2129 591 2162 ribus
615 2135 645 2162 et
669 2129 804 2162 cuiusvis
828 2128 952 2161 Ordinis
976 2129 1174 2171 regularibus
1191 2129 1240 2161 de-

504 2181 639 2225 legandi,
667 2192 787 2215 necnon
812 2191 1036 2226 quoscumque,
1062 2181 1153 2214 etiam
1179 2182 1239 2214 cle-

503 2235 586 2268 ricos
603 2240 633 2267 et
652 2236 862 2279 presbyteros,
880 2245 897 2266 a
913 2234 1075 2278 quibusvis
1100 2235 1239 2268 censuris

503 2293 533 2321 et
551 2288 660 2332 poenis
684 2287 901 2321 ecclesiasticis
926 2297 983 2330 per
1007 2297 1060 2320 eos
1077 2288 1240 2321 occasione

503 2341 675 2373 curationis
698 2340 794 2384 pestis
819 2340 977 2373 dumtaxat
998 2340 1130 2372 incursis
1155 2340 1240 2372 simi-

503 2393 573 2425 liter
597 2392 776 2426 absolvendi
802 2397 832 2424 et
854 2392 1016 2434 liberandi,
1041 2402 1076 2425 ac
1101 2403 1170 2425 cum
1196 2393 1240 2425 eis

503 2456 597 2489 super
611 2445 842 2489 irregularitate
855 2455 974 2489 percos
984 2445 1148 2478 occasione
1162 2445 1240 2478 eius-

504 2499 573 2531 dem
599 2499 769 2532 curationis
794 2498 890 2542 pestis
914 2497 1150 2542 quomodolibet
1170 2507 1240 2531 con-

504 2553 602 2584 tracta
618 2551 883 2598 dispensandihac
903 2561 1175 2594 quorumcumque
1191 2561 1239 2583 re-

505 2604 659 2647 gularium
681 2605 778 2647 opera
796 2609 825 2636 et
853 2604 1024 2638 ministerio
1041 2604 1158 2647 absque
1175 2603 1236 2636 ulla

1312 1933 1423 1976 possit,
1439 1933 1493 1965 sed
1516 1933 1552 1965 in
1577 1932 1646 1965 iltis
1670 1934 1795 1966 servari
1819 1933 1930 1967 debeat
1947 1933 2009 1967 dis-

1314 1985 1432 2028 positio
1456 1996 1622 2019 sacrorum
1647 1996 1804 2019 canonum
1819 1986 1837 2018 ¹.

1469 2065 1635 2092 Alexander
1655 2066 1734 2099 Papa
1752 2065 1814 2099 vn,

1413 2109 1450 2136 ad
1470 2109 1603 2136 futuram
1622 2109 1668 2137 rei
1689 2109 1868 2137 memoriam.

1317 2180 1331 2222 ξ
1356 2180 1384 2212 Χ1.
1414 2180 1455 2212 Ex
1482 2180 1640 2213 commissi
1665 2180 1755 2213 nobis
1780 2179 1927 2213 divinitus
1957 2190 2009 2224 pa-

1273 2233 1396 2266 storalis
1420 2234 1514 2266 officii
1539 2233 1644 2266 debito
1662 2234 1693 2266 in
1719 2234 1749 2266 id
1775 2234 1925 2278 peculiari
1948 2237 2010 2268 stu-

1273 2287 1324 2319 dio
1342 2286 1561 2328 incumbimus,
1577 2286 1623 2319 ut²
1634 2287 1853 2330 religiosorum
1867 2287 2008 2320 virorum

1273 2339 1421 2372 Altissimi
1446 2339 1604 2384 obsequiis
1636 2340 1693 2373 sub
1729 2341 1814 2373 suavi
1848 2340 2009 2383 religionis

1274 2392 1347 2435 iugo
1371 2393 1621 2436 mancipatorum
1642 2393 1901 2436 congregationes
1916 2393 1947 2425 in
1963 2403 2009 2425 sa-

1274 2455 1399 2478 crorum
1419 2455 1574 2479 canonum
1596 2445 1795 2478 observantia
1820 2445 2009 2479 felicioribus

1274 2498 1303 2531 in
1322 2497 1388 2530 dies
1408 2498 1659 2532 successionibus
1683 2504 1919 2542 prosperentur.

1309 2570 1318 2594 1
1343 2568 1379 2595 Ex
1400 2569 1505 2604 Regest.
1527 2569 1552 2595 in
1573 2569 1675 2596 Secret.
1697 2569 1772 2597 Brev.

1307 2613 1322 2639 2
1337 2613 1402 2639 Male
1418 2613 1483 2641 edit.
1499 2613 1577 2640 Main.
1595 2613 1657 2648 legit
1672 2617 1698 2641 et
1713 2622 1761 2649 pro
1777 2617 1806 2640 ut
1823 2617 1858 2648 (R.
1875 2613 1923 2648 r).

2049 2187 2175 2210 Prooemium.
