2243 3205
40 215 85 241 An.
100 213 128 239 C.
150 210 214 238 1661

56 431 213 456 Contravenien-

38 463 86 484 tium
99 463 187 486 poenae.

45 749 171 800 d’tmnffllas
183 747 219 770 ad·

58 785 64 800 ι
73 794 79 800 .

125 2401 210 2427 Dorogat
215 2402 234 2422 io

61 2428 211 2448 contrariorum.

95 2597 236 2625 'transumpto-

32 2630 35 2642 ν
64 2628 105 2646 mn
118 2625 174 2646 Mos.

825 210 1010 236 ALEXANDER
1035 210 1079 234 vll
1104 211 1151 234 PP.

227 261 257 291 et
281 256 553 291 administratores
570 262 724 302 spectare,
745 263 855 292 tenore
879 269 968 302 prae-

227 310 362 344 sentium
389 311 589 345 decernimus
620 312 738 356 pariter
766 318 796 345 et
829 312 968 345 declara-

228 375 308 404 muS,
332 364 557 408 decretumque
586 372 615 398 et
639 366 883 399 declarationem
912 365 970 397 hu-

228 417 364 450 iusmodi
382 418 440 450 sub
458 419 792 452 excommunicationis
809 419 888 451 latae
906 428 971 451 sen-

230 471 345 503 tentiae
380 472 483 514 poena
522 482 581 515 per
616 482 726 505 omnes
765 478 795 504 et
834 472 971 514 singulas

230 534 381 567 personas
404 535 484 567 quae
510 525 570 558 illis
596 525 707 568 quovis
733 525 827 558 modo
852 530 973 558 contra-

232 576 375 609 venerint
396 577 464 620 ipso
489 577 570 611 sacto
601 578 791 611 incurrenda
813 578 974 611 inviolabi-

232 630 304 664 liter
323 635 354 663 et
370 629 557 664 inconcusse
582 631 743 664 observari
760 631 973 675 praecipimus

233 688 264 716 et
280 683 475 716 mandamus.

279 737 294 779 ἓ
316 735 346 769 3.
371 736 580 770 Decernentes
594 737 717 770 easdem
736 738 976 781 praesenteslit-

236 796 317 823 teras
341 800 466 834 semper
487 796 517 823 et
534 796 689 834 perpetuo
709 791 836 831 firmas,
859 791 976 824 validas

235 848 266 876 et
289 843 432 876 efficaces
457 843 591 877 existere
613 850 643 876 et
667 844 754 885 fore,
779 855 815 877 ac
835 844 912 886 illis,
938 844 976 877 ad

235 906 315 940 quos
339 901 458 940 spectat
491 902 521 929 et
551 908 609 940 pro
635 902 777 941 tempore
802 897 976 941 spectabit,

235 949 417 993 plenissime
441 949 620 992 suffragari,
644 960 747 993 neque
771 950 809 982 de
834 950 972 994 subrep-

236 1002 330 1036 tionis
354 1003 402 1036 veI
427 1003 625 1046 obreptionis
649 1007 702 1037 aut
725 1004 875 1036 nullitatis
893 1004 977 1043 vitio,

237 1055 302 1089 sive
335 1056 516 1090 intentionis
547 1062 673 1089 nostrae
709 1057 810 1089 aliove
837 1057 980 1100 quolibet

237 1109 437 1154 quantumvis
462 1120 576 1152 magno
597 1115 627 1142 et
644 1109 839 1144 substantiali
857 1110 980 1142 defectu

237 1163 351 1205 notai-i,
377 1163 567 1206 impugnari,
592 1163 731 1206 infringi,
756 1164 931 1204 retractari,
950 1165 980 1196 in

239 1217 486 1250 controversiam
511 1216 664 1257 revocari,
686 1222 739 1249 aut
764 1217 803 1249 ad
829 1217 980 1250 terminos

239 1270 317 1303 iuris
341 1270 460 1310 reduci,
486 1281 540 1303 seu
565 1270 714 1303 adversus
740 1270 808 1303 illas
832 1271 980 1313 aperitio-

239 1324 288 1357 nis
312 1323 387 1364 oris,
405 1323 612 1357 restitutionis
628 1324 659 1355 in
674 1323 843 1366 integrum,
858 1324 982 1357 aliudve

240 1377 380 1421 quolibet
403 1377 481 1410 iuris
501 1377 572 1410 sacti
598 1377 645 1409 vel
662 1377 782 1419 gratiae
806 1377 982 1410 remedium

240 1430 415 1475 impetrari,
432 1436 485 1463 aut
504 1431 681 1474 impetrato,
695 1431 742 1463 vel
766 1430 859 1463 etiam
885 1436 982 1472 motu,

241 1484 372 1518 scientia
388 1489 418 1517 et
435 1484 596 1527 potestatis
610 1483 805 1527 plenitudine
829 1484 984 1517 similibus

242 1549 402 1579 concesso,
423 1538 606 1581 quempiam
631 1537 662 1570 in
687 1537 803 1570 iudicio
825 1538 872 1570 vel
897 1543 985 1570 extra

243 1591 321 1625 illud
346 1592 389 1624 uti
414 1601 470 1624 seu
494 1601 527 1624 se
551 1591 659 1624 iuvare
683 1601 796 1634 posse,
819 1591 925 1635 sicque
957 1595 985 1625 et

242 1655 307 1679 non
331 1644 422 1677 aliter
453 1645 484 1677 in
518 1644 700 1688 praemissis
725 1645 868 1684 censeri,
893 1650 986 1688 atque

243 1698 286 1731 ita
318 1708 375 1742 per
406 1707 625 1741 quoscumque
658 1697 776 1730 iudices
809 1697 986 1730 ordinarios

244 1758 274 1786 et
297 1752 468 1794 delegatos,
493 1751 584 1784 etiam
612 1762 775 1784 causarum
795 1752 899 1795 palatii
917 1762 987 1796 apo-

245 1805 348 1839 stolici
370 1805 540 1845 auditores,
558 1816 594 1838 ac
611 1805 751 1838 eiusdem
771 1806 800 1838 S.
819 1806 853 1838 R.
872 1806 905 1838 E.
924 1816 988 1838 car—

245 1860 375 1902 dinales,
401 1860 492 1893 etiam
515 1859 552 1892 de
570 1860 668 1893 latere
693 1860 824 1902 legatos,
836 1860 988 1903 Sedisque

245 1913 424 1959 praedictae
439 1913 583 1953 nuncios,
601 1917 630 1945 et
647 1912 725 1946 alios
739 1913 897 1956 quoslibet
911 1923 988 1956 qua-

246 1967 292 2000 vis
316 1967 502 2000 auctoritate
534 1972 563 1999 et
587 1971 740 2010 potestate
768 1966 935 2009 fungentes
960 1971 989 1998 et

246 2021 429 2061 functurus,
454 2020 577 2053 sublata
602 2020 646 2052 cis
671 2025 701 2052 et
725 2030 834 2053 eorum
861 2019 991 2052 cuilibet

247 2074 356 2119 quavis
380 2074 470 2107 aliter
502 2073 660 2106 iudicandi
696 2079 726 2106 et
763 2073 990 2117 interpretandi

247 2128 393 2161 facultate
417 2133 447 2160 et
471 2127 674 2168 auctoritate,
700 2127 832 2159 iudicari
859 2132 888 2160 et
915 2127 991 2159 desi-

248 2180 309 2213 niri
333 2180 465 2222 debere,
484 2191 519 2213 ac
536 2180 660 2212 irritum
689 2185 719 2212 et
739 2180 840 2220 inane,
859 2180 883 2212 si
902 2190 991 2212 secus

249 2244 344 2277 super
369 2233 418 2267 his
442 2244 459 2266 a
483 2244 654 2277 quoquam,
669 2233 778 2276 quavis
794 2234 992 2273 auctoritate,

249 2287 385 2320 scienter
410 2288 457 2320 vel
483 2287 675 2330 ignoranter,
701 2287 868 2329 contigerit
893 2292 992 2319 atten-

250 2341 318 2374 tari.

296 2394 353 2437 §la
369 2395 437 2428 Non
450 2393 644 2427 obstantibus
663 2392 854 2436 praemissiS,
872 2402 994 2425 necnon

250 2447 399 2481 omnibus
427 2453 458 2480 et
493 2446 624 2489 singulis
649 2446 719 2486 illis,
745 2456 825 2489 quae
851 2446 881 2477 in
905 2456 995 2490 prae-

251 2500 376 2534 insertis
409 2500 520 2534 litteris
557 2499 713 2533 voluimus
748 2508 810 2533 non
847 2499 994 2539 obstare,

252 2554 428 2597 ceterisque
447 2552 612 2586 contrariis
630 2552 890 2597 quibuscumque.

1002 268 1108 290 sarum
1145 258 1358 301 praesentium
1397 257 1623 301 transumptis,
1653 257 1746 290 etiam

1003 311 1188 354 impressis,
1215 322 1310 344 manu
1334 311 1466 345 alicuius
1489 310 1603 343 notarii
1628 310 1747 353 publici

1004 365 1199 408 subscriptis,
1224 371 1254 398 et
1279 365 1381 408 sigillo
1406 375 1560 409 personae
1585 365 1617 396 in
1641 364 1747 397 eccle-

1005 418 1129 451 siastica
1154 418 1305 461 dignitate
1330 419 1517 452 constitutae
1541 417 1680 458 munitis,
1701 427 1749 450 ea-

1005 471 1077 504 dem
1100 481 1231 514 prorsus
1255 471 1333 503 fides
1358 471 1476 514 ubique
1510 471 1652 504 Iocorum
1686 475 1749 503 tam

1007 524 1038 557 in
1062 524 1179 557 iudicio
1208 535 1302 568 quam
1336 530 1422 557 extra
1450 524 1526 556 illud
1555 524 1750 563 adhibeatur,

1007 588 1087 622 quac
1119 577 1196 621 ipsis
1221 577 1441 620 praesentibus
1476 577 1700 618 adhiberetur,
1725 576 1751 609 si

1008 631 1110 664 forent
1135 630 1291 664 exhibitae
1318 631 1363 662 vel
1389 635 1539 662 ostensae.

1049 684 1161 716 Datum
1186 684 1314 723 Romae,
1335 683 1419 726 apud
1446 683 1475 716 S.
1496 682 1624 715 Mariam
1650 682 1751 715 Maio-

1010 748 1088 778 rem,
1102 737 1160 770 sub
1174 737 1290 770 annulo
1308 736 1493 776 Piscatoris,
1508 736 1558 768 die
1576 745 1632 769 x111
1646 735 1751 768 ianua-

1010 791 1049 824 rii
1073 801 1202 831 mnchl,
1219 790 1422 834 pontificatus
1442 789 1543 822 nostri
1568 799 1650 821 anno
1671 799 1712 821 vt.

1048 853 1106 880 Dat.
1124 853 1167 880 die
1183 853 1214 880 13
1230 852 1345 880 ianuarii
1367 852 1430 879 1661
1443 873 1449 885 ,
1468 851 1563 886 pontif.
1582 859 1652 878 anno
1672 857 1707 878 vt.

1287 1021 1483 1055 CCCXXVIII.

1014 1111 1175 1153 Decernit,
1201 1111 1288 1154 quod
1312 1111 1414 1144 Breve
1443 1110 1634 1144 Sanctitatis
1658 1111 1754 1152 Suae,

1059 1175 1119 1209 quo
1155 1165 1316 1197 statuitur
1354 1164 1579 1197 ecclesiasticos
1622 1164 1758 1198 directos

1060 1217 1206 1250 dominos
1232 1218 1390 1250 bonorum
1420 1216 1592 1249 stabilium
1628 1216 1758 1249 livella-

1060 1272 1188 1305 riorum
1208 1276 1236 1304 et
1265 1272 1580 1315 emplzyteutieorum
1605 1271 1640 1303 in
1667 1271 1759 1304 terri-

1062 1326 1143 1359 torio
1168 1326 1311 1358 civitatis
1336 1326 1521 1358 Perusinae
1538 1325 1759 1365 existentium,

1062 1389 1144 1422 quoe
1167 1389 1225 1422 per
1250 1379 1370 1411 lineam
1394 1378 1526 1421 finitam
1546 1377 1671 1410 devolvi
1690 1388 1761 1410 con-

1064 1433 1184 1475 tiyerit,
1207 1433 1308 1465 teneri
1332 1432 1369 1464 de
1393 1432 1464 1464 iltis
1481 1431 1633 1464 investire
1653 1431 1761 1474 proxi-

1063 1485 1180 1517 miores
1204 1485 1310 1525 itlius,
1334 1485 1503 1528 peronius
1524 1483 1647 1516 obitum
1673 1483 1762 1516 tinea

1064 1538 1254 1572 huiusmodi
1266 1538 1363 1580 finita
1379 1537 1489 1581 fuerit,
1496 1537 1630 1580 perinde
1642 1537 1760 1578 valeat,

1062 1603 1099 1626 ae
1123 1593 1151 1625 si
1171 1596 1311 1625 narrata
1336 1592 1372 1624 in
1396 1591 1455 1623 itto
1478 1591 1573 1634 plene
1596 1591 1763 1632 verificata

1064 1646 1275 1689 reperiuntur
1284 1656 1296 1685 ,·
1323 1643 1497 1677 dummodo
1523 1647 1631 1676 tamen
1663 1643 1758 1683 laici,

1064 1700 1124 1744 qui
1145 1703 1260 1742 petunt
1296 1699 1548 1737 renovationem,
1567 1707 1632 1729 non
1657 1697 1763 1730 solum

1065 1756 1207 1795 auqeant
1225 1762 1379 1784 canonem
1396 1751 1438 1783 acl
1451 1749 1763 1794 quiuquoyestmam

1066 1811 1095 1839 et
1118 1806 1246 1839 solvant
1272 1805 1476 1837 [evidentium
1508 1805 1602 1836 iuxta
1626 1803 1763 1847 disposi-

1069 1861 1185 1893 tionem
1211 1859 1290 1891 dieti
1314 1859 1438 1900 Brevis,
1464 1857 1518 1890 sed
1542 1858 1642 1890 etiam
1658 1857 1764 1889 intra-

1069 1918 1159 1946 turas
1172 1912 1228 1945 ubi
1243 1916 1271 1945 et
1286 1915 1383 1955 prout
1401 1911 1437 1943 in
1454 1912 1666 1955 praeteritum
1683 1910 1765 1943 solvi

1068 1966 1241 2006 consuevit,
1269 1969 1298 1998 et
1322 1975 1388 1998 non
1413 1964 1509 1997 alios.

1219 2055 1384 2082 Alexander
1403 2054 1482 2088 Papa
1502 2053 1570 2087 vn,

1144 2102 1179 2127 ad
1200 2102 1378 2134 perpetuam
1400 2099 1445 2126 rei
1465 2099 1645 2126 memoriam.

1071 2181 1085 2223 ἓ
1110 2181 1139 2212 1.
1165 2180 1248 2212 Alias
1279 2185 1465 2212 emanarunt
1496 2190 1513 2212 a
1540 2179 1631 2212 nobis
1660 2179 1699 2211 ad
1722 2179 1767 2211 sa-

1027 2245 1134 2267 vorem
1160 2234 1347 2267 dilectornm
1372 2234 1511 2267 filiorum
1531 2232 1767 2267 communitatis

1028 2293 1058 2320 et
1082 2287 1247 2320 hominum
1278 2286 1410 2320 civitatis
1442 2292 1567 2320 nostrae
1600 2286 1768 2319 Perusinae

1028 2341 1150 2373 litterae
1187 2340 1217 2372 in
1258 2340 1352 2373 simili
1385 2340 1487 2373 forma
1519 2339 1626 2373 Brevis
1651 2339 1768 2373 tenoris

1029 2394 1081 2437 qui
1099 2393 1251 2436 sequitur,
1278 2393 1438 2426 videlicet:

1073 2445 1207 2479 Dilectis
1231 2446 1312 2488 filiis
1338 2446 1581 2479 communitatis
1605 2450 1634 2479 et
1663 2446 1768 2479 homi-

1030 2500 1123 2533 nibus
1143 2500 1285 2532 civitatis
1303 2504 1430 2532 nostrae
1447 2499 1639 2540 Perusinae,
1659 2499 1770 2533 dilecti

1028 2553 1094 2595 filii
1117 2553 1254 2585 satutem
1281 2557 1308 2585 et
1337 2552 1548 2595 apostolicam
1574 2553 1766 2586 benedictio-

296 2610 311 2652 ᾗ
342 2608 371 2640 5.
404 2608 548 2640 Ceterum
576 2606 719 2639 volumus
743 2617 868 2650 quoquc
890 2612 921 2639 ut
953 2606 996 2650 ip·
1012 2603 1014 2650 Ι
1029 2617 1113 2640 tecm.
1142 2606 1316 2639 Constantis
1334 2606 1405 2639 ndei
1424 2613 1453 2639 ct
1471 2606 1611 2639 sincerae
1629 2606 1769 2640 devotio-

1651 200 1714 233 647
1760 208 1810 236 An.
1827 209 1854 236 c.
1878 209 1941 235 1661

1809 2187 1928 2208 Exordium.

1785 2482 1791 2499 ι
1811 2453 1878 2474 Brcvo
1904 2453 1968 2474 reter-

1795 2486 1825 2501 ur.
