<?xml version="1.0" encoding="UTF-8"?>
<!DOCTYPE html PUBLIC "-//W3C//DTD XHTML 1.0 Transitional//EN"
    "http://www.w3.org/TR/xhtml1/DTD/xhtml1-transitional.dtd">
<html xmlns="http://www.w3.org/1999/xhtml" xml:lang="en" lang="en">
 <head>
  <title>
</title>
<meta http-equiv="Content-Type" content="text/html;charset=utf-8" />
  <meta name='ocr-system' content='tesseract 3.04.00' />
  <meta name='ocr-capabilities' content='ocr_page ocr_carea ocr_par ocr_line ocrx_word'/>
</head>
<body>
  <div class='ocr_page' id='page_1' title='image "./bullarumdiplomat16cath_0737.png"; bbox 0 0 2243 3205; ppageno 0'>
   <div class='ocr_carea' id='block_1_1' title="bbox 54 210 231 244">
    <p class='ocr_par' dir='ltr' id='par_1_1' title="bbox 54 210 231 244">
     <span class='ocr_line' id='line_1_1' title="bbox 54 210 231 244; baseline -0.006 0"><span class='ocrx_word' id='word_1_1' title='bbox 54 210 144 244; x_wconf 55' lang='lat' dir='ltr'>ause.</span> <span class='ocrx_word' id='word_1_2' title='bbox 166 216 231 244; x_wconf 77' lang='lat'>1661</span> 
     </span>
    </p>
   </div>
   <div class='ocr_carea' id='block_1_2' title="bbox 58 914 241 963">
    <p class='ocr_par' dir='ltr' id='par_1_2' title="bbox 58 914 241 963">
     <span class='ocr_line' id='line_1_2' title="bbox 72 914 241 944; baseline -0.012 -8"><span class='ocrx_word' id='word_1_3' title='bbox 72 914 203 944; x_wconf 73' lang='lat' dir='ltr'>Commissio,</span> <span class='ocrx_word' id='word_1_4' title='bbox 217 914 241 934; x_wconf 75' lang='grc' dir='ltr'>ιιι</span> 
     </span>
     <span class='ocr_line' id='line_1_3' title="bbox 58 942 187 963; baseline -0.023 0"><span class='ocrx_word' id='word_1_5' title='bbox 58 942 78 963; x_wconf 80' lang='lat' dir='ltr'>in</span> <span class='ocrx_word' id='word_1_6' title='bbox 95 942 187 962; x_wconf 80' lang='lat' dir='ltr'>rubrica.</span> 
     </span>
    </p>
   </div>
   <div class='ocr_carea' id='block_1_3' title="bbox 64 1443 246 1497">
    <p class='ocr_par' dir='ltr' id='par_1_3' title="bbox 64 1443 246 1497">
     <span class='ocr_line' id='line_1_4' title="bbox 133 1443 246 1464; baseline 0 -1"><span class='ocrx_word' id='word_1_7' title='bbox 133 1443 246 1464; x_wconf 74' lang='lat' dir='ltr'>Contrariis</span> 
     </span>
     <span class='ocr_line' id='line_1_5' title="bbox 64 1471 159 1497; baseline -0.011 -4"><span class='ocrx_word' id='word_1_8' title='bbox 64 1471 159 1497; x_wconf 62' lang='lat' dir='ltr'>derogat.</span> 
     </span>
    </p>
   </div>
   <div class='ocr_carea' id='block_1_4' title="bbox 841 215 1165 240">
    <p class='ocr_par' dir='ltr' id='par_1_4' title="bbox 841 215 1165 240">
     <span class='ocr_line' id='line_1_6' title="bbox 841 215 1165 240; baseline -0.006 0"><span class='ocrx_word' id='word_1_9' title='bbox 841 215 1026 240; x_wconf 73' lang='lat' dir='ltr'><strong>ALEXANDER</strong></span> <span class='ocrx_word' id='word_1_10' title='bbox 1051 216 1095 238; x_wconf 72' lang='lat' dir='ltr'>Vll</span> <span class='ocrx_word' id='word_1_11' title='bbox 1118 215 1165 238; x_wconf 82' lang='lat' dir='ltr'>PP.</span> 
     </span>
    </p>
   </div>
   <div class='ocr_carea' id='block_1_5' title="bbox 1670 204 1957 242">
    <p class='ocr_par' dir='ltr' id='par_1_5' title="bbox 1670 204 1957 242">
     <span class='ocr_line' id='line_1_7' title="bbox 1670 204 1957 242; baseline 0.014 -5"><span class='ocrx_word' id='word_1_12' title='bbox 1670 204 1733 238; x_wconf 76' lang='grc'>703</span> <span class='ocrx_word' id='word_1_13' title='bbox 1779 215 1827 241; x_wconf 76' lang='lat' dir='ltr'>An.</span> <span class='ocrx_word' id='word_1_14' title='bbox 1844 214 1872 240; x_wconf 91' lang='lat' dir='ltr'>C.</span> <span class='ocrx_word' id='word_1_15' title='bbox 1896 214 1957 242; x_wconf 80' lang='lat'>1661</span> 
     </span>
    </p>
   </div>
   <div class='ocr_carea' id='block_1_6' title="bbox 248 261 1765 360">
    <p class='ocr_par' dir='ltr' id='par_1_6' title="bbox 248 261 1765 360">
     <span class='ocr_line' id='line_1_8' title="bbox 248 261 1765 307; baseline -0.001 -12"><span class='ocrx_word' id='word_1_16' title='bbox 248 263 390 307; x_wconf 85' lang='lat' dir='ltr'>proprio,</span> <span class='ocrx_word' id='word_1_17' title='bbox 415 273 450 296; x_wconf 86' lang='lat' dir='ltr'>ac</span> <span class='ocrx_word' id='word_1_18' title='bbox 468 274 504 296; x_wconf 85' lang='lat' dir='ltr'>ex</span> <span class='ocrx_word' id='word_1_19' title='bbox 527 264 613 296; x_wconf 71' lang='lat' dir='ltr'>certa</span> <span class='ocrx_word' id='word_1_20' title='bbox 637 263 767 297; x_wconf 73' lang='lat' dir='ltr'>scientia</span> <span class='ocrx_word' id='word_1_21' title='bbox 791 265 910 304; x_wconf 76' lang='lat' dir='ltr'>nostra,</span> <span class='ocrx_word' id='word_1_22' title='bbox 933 263 990 295; x_wconf 86' lang='lat' dir='ltr'>fra-</span> <span class='ocrx_word' id='word_1_23' title='bbox 1026 262 1137 303; x_wconf 87' lang='lat' dir='ltr'>iorem,</span> <span class='ocrx_word' id='word_1_24' title='bbox 1151 261 1209 294; x_wconf 89' lang='lat' dir='ltr'>sub</span> <span class='ocrx_word' id='word_1_25' title='bbox 1227 263 1342 295; x_wconf 87' lang='lat' dir='ltr'>annulo</span> <span class='ocrx_word' id='word_1_26' title='bbox 1361 262 1537 301; x_wconf 85' lang='lat' dir='ltr'>Piscatoris,</span> <span class='ocrx_word' id='word_1_27' title='bbox 1551 261 1599 294; x_wconf 89' lang='lat' dir='ltr'>die</span> <span class='ocrx_word' id='word_1_28' title='bbox 1615 272 1623 294; x_wconf 91' lang='lat'>1</span> <span class='ocrx_word' id='word_1_29' title='bbox 1640 261 1765 304; x_wconf 87' lang='lat' dir='ltr'>augusti</span> 
     </span>
     <span class='ocr_line' id='line_1_9' title="bbox 250 315 1643 360; baseline 0 -12"><span class='ocrx_word' id='word_1_30' title='bbox 250 315 448 349; x_wconf 85' lang='lat' dir='ltr'>ternitatibus</span> <span class='ocrx_word' id='word_1_31' title='bbox 474 317 584 349; x_wconf 88' lang='lat' dir='ltr'>vestris</span> <span class='ocrx_word' id='word_1_32' title='bbox 608 327 665 360; x_wconf 91' lang='lat' dir='ltr'>per</span> <span class='ocrx_word' id='word_1_33' title='bbox 690 321 872 360; x_wconf 77' lang='lat' dir='ltr'>praesentes</span> <span class='ocrx_word' id='word_1_34' title='bbox 904 326 989 349; x_wconf 89' lang='lat' dir='ltr'>com-</span> <span class='ocrx_word' id='word_1_35' title='bbox 1024 327 1150 355; x_wconf 63' lang='lat' dir='ltr'>noemi,</span> <span class='ocrx_word' id='word_1_36' title='bbox 1165 316 1364 360; x_wconf 80' lang='lat' dir='ltr'>pontificatus</span> <span class='ocrx_word' id='word_1_37' title='bbox 1378 317 1476 349; x_wconf 85' lang='lat' dir='ltr'>nostri</span> <span class='ocrx_word' id='word_1_38' title='bbox 1491 327 1572 349; x_wconf 87' lang='lat' dir='ltr'>anno</span> <span class='ocrx_word' id='word_1_39' title='bbox 1590 326 1643 349; x_wconf 86' lang='lat' dir='ltr'>vu.</span> 
     </span>
    </p>
   </div>
   <div class='ocr_carea' id='block_1_7' title="bbox 251 368 1016 2651">
    <p class='ocr_par' dir='ltr' id='par_1_7' title="bbox 251 368 1002 1425">
     <span class='ocr_line' id='line_1_10' title="bbox 251 368 992 409; baseline 0 -9"><span class='ocrx_word' id='word_1_40' title='bbox 251 368 402 401; x_wconf 74' lang='lat' dir='ltr'>mittimus</span> <span class='ocrx_word' id='word_1_41' title='bbox 427 374 456 401; x_wconf 88' lang='lat' dir='ltr'>et</span> <span class='ocrx_word' id='word_1_42' title='bbox 482 369 677 409; x_wconf 81' lang='lat' dir='ltr'>mandamus,</span> <span class='ocrx_word' id='word_1_43' title='bbox 695 373 728 402; x_wconf 90' lang='lat' dir='ltr'>ut</span> <span class='ocrx_word' id='word_1_44' title='bbox 748 375 857 402; x_wconf 87' lang='lat' dir='ltr'>eontra</span> <span class='ocrx_word' id='word_1_45' title='bbox 876 379 992 401; x_wconf 90' lang='lat' dir='ltr'>memo-</span> 
     </span>
     <span class='ocr_line' id='line_1_11' title="bbox 251 422 988 466; baseline 0 -12"><span class='ocrx_word' id='word_1_46' title='bbox 251 426 335 455; x_wconf 91' lang='lat' dir='ltr'>ratos</span> <span class='ocrx_word' id='word_1_47' title='bbox 359 422 506 455; x_wconf 90' lang='lat' dir='ltr'>Ioannem</span> <span class='ocrx_word' id='word_1_48' title='bbox 531 423 699 466; x_wconf 90' lang='lat' dir='ltr'>Baptistam</span> <span class='ocrx_word' id='word_1_49' title='bbox 725 427 755 456; x_wconf 90' lang='lat' dir='ltr'>et</span> <span class='ocrx_word' id='word_1_50' title='bbox 776 422 988 456; x_wconf 77' lang='lat' dir='ltr'>Alexandrum</span> 
     </span>
     <span class='ocr_line' id='line_1_12' title="bbox 252 474 991 519; baseline 0.003 -13"><span class='ocrx_word' id='word_1_51' title='bbox 252 474 386 507; x_wconf 88' lang='lat' dir='ltr'>vicarios</span> <span class='ocrx_word' id='word_1_52' title='bbox 411 476 573 517; x_wconf 78' lang='lat' dir='ltr'>generales</span> <span class='ocrx_word' id='word_1_53' title='bbox 586 486 649 508; x_wconf 91' lang='lat' dir='ltr'>non</span> <span class='ocrx_word' id='word_1_54' title='bbox 667 476 769 509; x_wconf 87' lang='lat' dir='ltr'>solum</span> <span class='ocrx_word' id='word_1_55' title='bbox 795 486 890 519; x_wconf 88' lang='lat' dir='ltr'>super</span> <span class='ocrx_word' id='word_1_56' title='bbox 903 486 991 519; x_wconf 89' lang='lat' dir='ltr'>prae·</span> 
     </span>
     <span class='ocr_line' id='line_1_13' title="bbox 253 527 992 572; baseline 0 -13"><span class='ocrx_word' id='word_1_57' title='bbox 253 527 365 568; x_wconf 89' lang='lat' dir='ltr'>missis‚</span> <span class='ocrx_word' id='word_1_58' title='bbox 390 527 443 560; x_wconf 85' lang='lat' dir='ltr'>sed</span> <span class='ocrx_word' id='word_1_59' title='bbox 469 528 561 560; x_wconf 87' lang='lat' dir='ltr'>etiam</span> <span class='ocrx_word' id='word_1_60' title='bbox 586 539 682 572; x_wconf 89' lang='lat' dir='ltr'>super</span> <span class='ocrx_word' id='word_1_61' title='bbox 703 529 770 561; x_wconf 86' lang='lat' dir='ltr'>aliis</span> <span class='ocrx_word' id='word_1_62' title='bbox 791 529 992 572; x_wconf 87' lang='lat' dir='ltr'>quibuscum-</span> 
     </span>
     <span class='ocr_line' id='line_1_14' title="bbox 252 580 992 625; baseline 0.001 -13"><span class='ocrx_word' id='word_1_63' title='bbox 252 590 313 623; x_wconf 90' lang='lat' dir='ltr'>que</span> <span class='ocrx_word' id='word_1_64' title='bbox 336 580 368 612; x_wconf 93' lang='lat' dir='ltr'>in</span> <span class='ocrx_word' id='word_1_65' title='bbox 392 581 503 613; x_wconf 90' lang='lat' dir='ltr'>eodem</span> <span class='ocrx_word' id='word_1_66' title='bbox 529 581 631 615; x_wconf 90' lang='lat' dir='ltr'>edicto</span> <span class='ocrx_word' id='word_1_67' title='bbox 649 582 992 625; x_wconf 74' lang='lat' dir='ltr'>coniprebensis,quae</span> 
     </span>
     <span class='ocr_line' id='line_1_15' title="bbox 252 635 993 667; baseline 0.001 -2"><span class='ocrx_word' id='word_1_68' title='bbox 252 638 443 666; x_wconf 87' lang='lat' dir='ltr'>concernant</span> <span class='ocrx_word' id='word_1_69' title='bbox 466 639 519 666; x_wconf 87' lang='lat' dir='ltr'>aut</span> <span class='ocrx_word' id='word_1_70' title='bbox 550 635 727 667; x_wconf 84' lang='lat' dir='ltr'>referantur</span> <span class='ocrx_word' id='word_1_71' title='bbox 759 635 798 667; x_wconf 90' lang='lat' dir='ltr'>ad</span> <span class='ocrx_word' id='word_1_72' title='bbox 831 635 993 667; x_wconf 87' lang='lat' dir='ltr'>mendacia</span> 
     </span>
     <span class='ocr_line' id='line_1_16' title="bbox 253 688 994 731; baseline 0.001 -13"><span class='ocrx_word' id='word_1_73' title='bbox 253 691 283 718; x_wconf 89' lang='lat' dir='ltr'>et</span> <span class='ocrx_word' id='word_1_74' title='bbox 308 691 426 719; x_wconf 87' lang='lat' dir='ltr'>temere</span> <span class='ocrx_word' id='word_1_75' title='bbox 449 692 568 719; x_wconf 84' lang='lat' dir='ltr'>asserta</span> <span class='ocrx_word' id='word_1_76' title='bbox 592 688 716 728; x_wconf 87' lang='lat' dir='ltr'>similia,</span> <span class='ocrx_word' id='word_1_77' title='bbox 735 688 782 721; x_wconf 90' lang='lat' dir='ltr'>vel</span> <span class='ocrx_word' id='word_1_78' title='bbox 804 698 854 720; x_wconf 86' lang='lat' dir='ltr'>res</span> <span class='ocrx_word' id='word_1_79' title='bbox 874 688 994 731; x_wconf 83' lang='lat' dir='ltr'>aliquas</span> 
     </span>
     <span class='ocr_line' id='line_1_17' title="bbox 253 738 994 783; baseline 0.001 -12"><span class='ocrx_word' id='word_1_80' title='bbox 253 749 324 771; x_wconf 87' lang='lat' dir='ltr'>eum</span> <span class='ocrx_word' id='word_1_81' title='bbox 349 738 535 783; x_wconf 79' lang='lat' dir='ltr'>deceptione</span> <span class='ocrx_word' id='word_1_82' title='bbox 559 745 589 773; x_wconf 91' lang='lat' dir='ltr'>et</span> <span class='ocrx_word' id='word_1_83' title='bbox 614 741 874 783; x_wconf 70' lang='lat' dir='ltr'>tergiversatione</span> <span class='ocrx_word' id='word_1_84' title='bbox 899 741 994 774; x_wconf 88' lang='lat' dir='ltr'>eonti-</span> 
     </span>
     <span class='ocr_line' id='line_1_18' title="bbox 253 793 996 839; baseline 0.003 -15"><span class='ocrx_word' id='word_1_85' title='bbox 253 796 347 824; x_wconf 85' lang='lat' dir='ltr'>neant</span> <span class='ocrx_word' id='word_1_86' title='bbox 363 802 443 835; x_wconf 87' lang='lat' dir='ltr'>quae</span> <span class='ocrx_word' id='word_1_87' title='bbox 461 793 616 839; x_wconf 78' lang='lat' dir='ltr'>praefatas</span> <span class='ocrx_word' id='word_1_88' title='bbox 631 794 870 827; x_wconf 81' lang='lat' dir='ltr'>constitutiones</span> <span class='ocrx_word' id='word_1_89' title='bbox 890 794 996 826; x_wconf 80' lang='lat' dir='ltr'>insi-in-</span> 
     </span>
     <span class='ocr_line' id='line_1_19' title="bbox 255 845 996 888; baseline 0.004 -12"><span class='ocrx_word' id='word_1_90' title='bbox 255 854 329 887; x_wconf 83' lang='lat' dir='ltr'>gere</span> <span class='ocrx_word' id='word_1_91' title='bbox 341 845 472 887; x_wconf 86' lang='lat' dir='ltr'>valeant‚</span> <span class='ocrx_word' id='word_1_92' title='bbox 483 847 614 880; x_wconf 85' lang='lat' dir='ltr'>servatis</span> <span class='ocrx_word' id='word_1_93' title='bbox 628 847 799 888; x_wconf 77' lang='lat' dir='ltr'>servandis,</span> <span class='ocrx_word' id='word_1_94' title='bbox 810 847 996 880; x_wconf 88' lang='lat' dir='ltr'>auctoritate</span> 
     </span>
     <span class='ocr_line' id='line_1_20' title="bbox 255 899 995 943; baseline 0.003 -13"><span class='ocrx_word' id='word_1_95' title='bbox 255 899 365 931; x_wconf 71' lang='lat' dir='ltr'>nostra</span> <span class='ocrx_word' id='word_1_96' title='bbox 398 899 570 942; x_wconf 79' lang='lat' dir='ltr'>apostolica</span> <span class='ocrx_word' id='word_1_97' title='bbox 602 900 799 943; x_wconf 81' lang='lat' dir='ltr'>procedatis3</span> <span class='ocrx_word' id='word_1_98' title='bbox 828 911 884 933; x_wconf 91' lang='lat' dir='ltr'>nos</span> <span class='ocrx_word' id='word_1_99' title='bbox 913 900 995 933; x_wconf 90' lang='lat' dir='ltr'>enim</span> 
     </span>
     <span class='ocr_line' id='line_1_21' title="bbox 256 951 997 997; baseline 0.003 -13"><span class='ocrx_word' id='word_1_100' title='bbox 256 951 345 985; x_wconf 88' lang='lat' dir='ltr'>vobis</span> <span class='ocrx_word' id='word_1_101' title='bbox 369 953 550 985; x_wconf 84' lang='lat' dir='ltr'>annullandi</span> <span class='ocrx_word' id='word_1_102' title='bbox 574 953 769 997; x_wconf 84' lang='lat' dir='ltr'>praedictum</span> <span class='ocrx_word' id='word_1_103' title='bbox 799 954 936 987; x_wconf 90' lang='lat' dir='ltr'>edictum</span> <span class='ocrx_word' id='word_1_104' title='bbox 961 964 997 986; x_wconf 89' lang='lat' dir='ltr'>ae</span> 
     </span>
     <span class='ocr_line' id='line_1_22' title="bbox 257 1005 995 1050; baseline 0.001 -12"><span class='ocrx_word' id='word_1_105' title='bbox 257 1005 382 1039; x_wconf 86' lang='lat' dir='ltr'>eosdem</span> <span class='ocrx_word' id='word_1_106' title='bbox 397 1005 544 1039; x_wconf 88' lang='lat' dir='ltr'>Ioannem</span> <span class='ocrx_word' id='word_1_107' title='bbox 559 1007 727 1050; x_wconf 89' lang='lat' dir='ltr'>Baptistam</span> <span class='ocrx_word' id='word_1_108' title='bbox 743 1013 772 1039; x_wconf 90' lang='lat' dir='ltr'>et</span> <span class='ocrx_word' id='word_1_109' title='bbox 785 1007 995 1040; x_wconf 77' lang='lat' dir='ltr'>Alexandrum</span> 
     </span>
     <span class='ocr_line' id='line_1_23' title="bbox 257 1057 997 1104; baseline 0.001 -13"><span class='ocrx_word' id='word_1_110' title='bbox 257 1057 391 1092; x_wconf 87' lang='lat' dir='ltr'>vicarios</span> <span class='ocrx_word' id='word_1_111' title='bbox 415 1060 578 1102; x_wconf 77' lang='lat' dir='ltr'>generales</span> <span class='ocrx_word' id='word_1_112' title='bbox 603 1061 714 1094; x_wconf 84' lang='lat' dir='ltr'>officiis</span> <span class='ocrx_word' id='word_1_113' title='bbox 739 1061 802 1093; x_wconf 87' lang='lat' dir='ltr'>suis</span> <span class='ocrx_word' id='word_1_114' title='bbox 832 1060 997 1104; x_wconf 91' lang='lat' dir='ltr'>privandi,</span> 
     </span>
     <span class='ocr_line' id='line_1_24' title="bbox 258 1113 996 1158; baseline 0.001 -13"><span class='ocrx_word' id='word_1_115' title='bbox 258 1122 375 1156; x_wconf 88' lang='lat' dir='ltr'>eosque</span> <span class='ocrx_word' id='word_1_116' title='bbox 392 1113 422 1145; x_wconf 93' lang='lat' dir='ltr'>in</span> <span class='ocrx_word' id='word_1_117' title='bbox 443 1124 561 1157; x_wconf 88' lang='lat' dir='ltr'>poenas</span> <span class='ocrx_word' id='word_1_118' title='bbox 583 1114 615 1146; x_wconf 91' lang='lat' dir='ltr'>in</span> <span class='ocrx_word' id='word_1_119' title='bbox 636 1114 783 1158; x_wconf 81' lang='lat' dir='ltr'>praefatis</span> <span class='ocrx_word' id='word_1_120' title='bbox 801 1114 996 1147; x_wconf 86' lang='lat' dir='ltr'>constitutio-</span> 
     </span>
     <span class='ocr_line' id='line_1_25' title="bbox 258 1166 999 1207; baseline 0.003 -10"><span class='ocrx_word' id='word_1_121' title='bbox 258 1166 351 1198; x_wconf 89' lang='lat' dir='ltr'>nibus</span> <span class='ocrx_word' id='word_1_122' title='bbox 376 1172 538 1200; x_wconf 87' lang='lat' dir='ltr'>eontentas</span> <span class='ocrx_word' id='word_1_123' title='bbox 563 1167 734 1200; x_wconf 80' lang='lat' dir='ltr'>incurrisse</span> <span class='ocrx_word' id='word_1_124' title='bbox 755 1167 945 1207; x_wconf 73' lang='lat' dir='ltr'>declarandi,</span> <span class='ocrx_word' id='word_1_125' title='bbox 963 1177 999 1199; x_wconf 88' lang='lat' dir='ltr'>ae</span> 
     </span>
     <span class='ocr_line' id='line_1_26' title="bbox 258 1219 999 1265; baseline 0.003 -13"><span class='ocrx_word' id='word_1_126' title='bbox 258 1219 297 1252; x_wconf 88' lang='lat' dir='ltr'>ad</span> <span class='ocrx_word' id='word_1_127' title='bbox 317 1219 502 1253; x_wconf 89' lang='lat' dir='ltr'>electionem</span> <span class='ocrx_word' id='word_1_128' title='bbox 521 1221 628 1253; x_wconf 87' lang='lat' dir='ltr'>vicarii</span> <span class='ocrx_word' id='word_1_129' title='bbox 648 1221 823 1265; x_wconf 84' lang='lat' dir='ltr'>apostolici,</span> <span class='ocrx_word' id='word_1_130' title='bbox 844 1226 999 1264; x_wconf 87' lang='lat' dir='ltr'>quatenus</span> 
     </span>
     <span class='ocr_line' id='line_1_27' title="bbox 259 1274 999 1317; baseline 0.001 -11"><span class='ocrx_word' id='word_1_131' title='bbox 259 1284 338 1317; x_wconf 88' lang='lat' dir='ltr'>opus</span> <span class='ocrx_word' id='word_1_132' title='bbox 355 1274 457 1316; x_wconf 87' lang='lat' dir='ltr'>fuerit,</span> <span class='ocrx_word' id='word_1_133' title='bbox 476 1274 659 1308; x_wconf 88' lang='lat' dir='ltr'>deveniendi</span> <span class='ocrx_word' id='word_1_134' title='bbox 686 1275 879 1315; x_wconf 86' lang='lat' dir='ltr'>facultatem,</span> <span class='ocrx_word' id='word_1_135' title='bbox 897 1279 999 1307; x_wconf 90' lang='lat' dir='ltr'>aucto-</span> 
     </span>
     <span class='ocr_line' id='line_1_28' title="bbox 260 1327 1002 1371; baseline 0.003 -12"><span class='ocrx_word' id='word_1_136' title='bbox 260 1327 352 1360; x_wconf 91' lang='lat' dir='ltr'>ritate</span> <span class='ocrx_word' id='word_1_137' title='bbox 372 1327 555 1371; x_wconf 73' lang='lat' dir='ltr'>apostoliea,</span> <span class='ocrx_word' id='word_1_138' title='bbox 573 1328 754 1361; x_wconf 88' lang='lat' dir='ltr'>earumdem</span> <span class='ocrx_word' id='word_1_139' title='bbox 781 1334 889 1361; x_wconf 90' lang='lat' dir='ltr'>tenore</span> <span class='ocrx_word' id='word_1_140' title='bbox 913 1338 1002 1371; x_wconf 87' lang='lat' dir='ltr'>prae-</span> 
     </span>
     <span class='ocr_line' id='line_1_29' title="bbox 261 1380 885 1425; baseline 0.002 -12"><span class='ocrx_word' id='word_1_141' title='bbox 261 1380 407 1422; x_wconf 89' lang='lat' dir='ltr'>sentium,</span> <span class='ocrx_word' id='word_1_142' title='bbox 433 1381 601 1414; x_wconf 85' lang='lat' dir='ltr'>tribuimus</span> <span class='ocrx_word' id='word_1_143' title='bbox 625 1387 655 1414; x_wconf 89' lang='lat' dir='ltr'>et</span> <span class='ocrx_word' id='word_1_144' title='bbox 675 1381 885 1425; x_wconf 87' lang='lat' dir='ltr'>impertimur.</span> 
     </span>
    </p>

    <p class='ocr_par' dir='ltr' id='par_1_8' title="bbox 263 1433 1016 2598">
     <span class='ocr_line' id='line_1_30' title="bbox 307 1433 999 1477; baseline 0.001 -11"><span class='ocrx_word' id='word_1_145' title='bbox 307 1433 322 1477; x_wconf 64' lang='grc' dir='ltr'><strong>ἓ</strong></span> <span class='ocrx_word' id='word_1_146' title='bbox 346 1433 375 1466; x_wconf 80' lang='grc'>1.</span> <span class='ocrx_word' id='word_1_147' title='bbox 400 1434 469 1467; x_wconf 85' lang='lat' dir='ltr'>Non</span> <span class='ocrx_word' id='word_1_148' title='bbox 493 1434 690 1467; x_wconf 80' lang='lat' dir='ltr'>obstantibus</span> <span class='ocrx_word' id='word_1_149' title='bbox 720 1434 906 1467; x_wconf 82' lang='lat' dir='ltr'>recolendae</span> <span class='ocrx_word' id='word_1_150' title='bbox 930 1445 999 1467; x_wconf 84' lang='lat' dir='ltr'>me-</span> 
     </span>
     <span class='ocr_line' id='line_1_31' title="bbox 263 1487 1003 1532; baseline 0.001 -12"><span class='ocrx_word' id='word_1_151' title='bbox 263 1487 383 1521; x_wconf 86' lang='lat' dir='ltr'>moriae</span> <span class='ocrx_word' id='word_1_152' title='bbox 414 1487 563 1521; x_wconf 88' lang='lat' dir='ltr'>Bonisaeii</span> <span class='ocrx_word' id='word_1_153' title='bbox 595 1489 697 1532; x_wconf 86' lang='lat' dir='ltr'>Papae</span> <span class='ocrx_word' id='word_1_154' title='bbox 722 1488 787 1521; x_wconf 76' lang='lat' dir='ltr'>VIII</span> <span class='ocrx_word' id='word_1_155' title='bbox 820 1488 1003 1532; x_wconf 88' lang='lat' dir='ltr'>praedeces-</span> 
     </span>
     <span class='ocr_line' id='line_1_32' title="bbox 263 1540 1003 1585; baseline -0.001 -10"><span class='ocrx_word' id='word_1_156' title='bbox 263 1540 344 1575; x_wconf 87' lang='lat' dir='ltr'>soris</span> <span class='ocrx_word' id='word_1_157' title='bbox 368 1541 485 1585; x_wconf 88' lang='lat' dir='ltr'>pariter</span> <span class='ocrx_word' id='word_1_158' title='bbox 515 1541 614 1574; x_wconf 83' lang='lat' dir='ltr'>nostri</span> <span class='ocrx_word' id='word_1_159' title='bbox 643 1541 680 1574; x_wconf 91' lang='lat' dir='ltr'>de</span> <span class='ocrx_word' id='word_1_160' title='bbox 709 1543 788 1582; x_wconf 78' lang='lat' dir='ltr'>una,</span> <span class='ocrx_word' id='word_1_161' title='bbox 821 1547 851 1574; x_wconf 92' lang='lat' dir='ltr'>et</span> <span class='ocrx_word' id='word_1_162' title='bbox 879 1542 1003 1575; x_wconf 86' lang='lat' dir='ltr'>concilii</span> 
     </span>
     <span class='ocr_line' id='line_1_33' title="bbox 264 1594 1005 1638; baseline 0.003 -12"><span class='ocrx_word' id='word_1_163' title='bbox 264 1594 420 1638; x_wconf 84' lang='lat' dir='ltr'>generalis</span> <span class='ocrx_word' id='word_1_164' title='bbox 441 1594 480 1627; x_wconf 92' lang='lat' dir='ltr'>de</span> <span class='ocrx_word' id='word_1_165' title='bbox 504 1594 625 1627; x_wconf 89' lang='lat' dir='ltr'>duabus</span> <span class='ocrx_word' id='word_1_166' title='bbox 649 1594 751 1635; x_wconf 88' lang='lat' dir='ltr'>dietis,</span> <span class='ocrx_word' id='word_1_167' title='bbox 776 1594 906 1638; x_wconf 86' lang='lat' dir='ltr'>aliisque</span> <span class='ocrx_word' id='word_1_168' title='bbox 931 1606 1005 1638; x_wconf 90' lang='lat' dir='ltr'>apo-</span> 
     </span>
     <span class='ocr_line' id='line_1_34' title="bbox 264 1647 1003 1691; baseline 0 -11"><span class='ocrx_word' id='word_1_169' title='bbox 264 1647 383 1680; x_wconf 87' lang='lat' dir='ltr'>stolicis</span> <span class='ocrx_word' id='word_1_170' title='bbox 407 1657 443 1680; x_wconf 88' lang='lat' dir='ltr'>ae</span> <span class='ocrx_word' id='word_1_171' title='bbox 467 1647 498 1680; x_wconf 91' lang='lat' dir='ltr'>in</span> <span class='ocrx_word' id='word_1_172' title='bbox 525 1647 774 1689; x_wconf 77' lang='lat' dir='ltr'>universalibus,</span> <span class='ocrx_word' id='word_1_173' title='bbox 804 1648 1003 1691; x_wconf 84' lang='lat' dir='ltr'>provinciali-</span> 
     </span>
     <span class='ocr_line' id='line_1_35' title="bbox 264 1701 1005 1745; baseline -0.001 -11"><span class='ocrx_word' id='word_1_174' title='bbox 264 1701 386 1744; x_wconf 87' lang='lat' dir='ltr'>busque</span> <span class='ocrx_word' id='word_1_175' title='bbox 422 1706 452 1733; x_wconf 89' lang='lat' dir='ltr'>et</span> <span class='ocrx_word' id='word_1_176' title='bbox 488 1701 691 1745; x_wconf 57' lang='lat' dir='ltr'>synodalibus</span> <span class='ocrx_word' id='word_1_177' title='bbox 726 1701 867 1734; x_wconf 77' lang='lat' dir='ltr'>eonciliIs</span> <span class='ocrx_word' id='word_1_178' title='bbox 893 1701 1005 1741; x_wconf 89' lang='lat' dir='ltr'>editis,</span> 
     </span>
     <span class='ocr_line' id='line_1_36' title="bbox 265 1753 1007 1798; baseline -0.001 -11"><span class='ocrx_word' id='word_1_179' title='bbox 265 1753 466 1797; x_wconf 87' lang='lat' dir='ltr'>generalibus</span> <span class='ocrx_word' id='word_1_180' title='bbox 492 1754 537 1787; x_wconf 87' lang='lat' dir='ltr'>vel</span> <span class='ocrx_word' id='word_1_181' title='bbox 563 1754 760 1798; x_wconf 71' lang='lat' dir='ltr'>specialibus,</span> <span class='ocrx_word' id='word_1_182' title='bbox 778 1754 1007 1788; x_wconf 89' lang='lat' dir='ltr'>constitutioni-</span> 
     </span>
     <span class='ocr_line' id='line_1_37' title="bbox 265 1807 1007 1851; baseline -0.001 -11"><span class='ocrx_word' id='word_1_183' title='bbox 265 1807 326 1840; x_wconf 91' lang='lat' dir='ltr'>bus</span> <span class='ocrx_word' id='word_1_184' title='bbox 351 1812 381 1840; x_wconf 92' lang='lat' dir='ltr'>et</span> <span class='ocrx_word' id='word_1_185' title='bbox 405 1807 666 1847; x_wconf 80' lang='lat' dir='ltr'>ordinationibus,</span> <span class='ocrx_word' id='word_1_186' title='bbox 684 1818 730 1847; x_wconf 87' lang='lat' dir='ltr'>ac,</span> <span class='ocrx_word' id='word_1_187' title='bbox 751 1813 903 1850; x_wconf 86' lang='lat' dir='ltr'>quatenus</span> <span class='ocrx_word' id='word_1_188' title='bbox 928 1818 1007 1851; x_wconf 88' lang='lat' dir='ltr'>opus</span> 
     </span>
     <span class='ocr_line' id='line_1_38' title="bbox 267 1860 1007 1904; baseline 0 -11"><span class='ocrx_word' id='word_1_189' title='bbox 267 1860 316 1902; x_wconf 88' lang='lat' dir='ltr'>sit,</span> <span class='ocrx_word' id='word_1_190' title='bbox 331 1861 481 1894; x_wconf 87' lang='lat' dir='ltr'>ecelesiae</span> <span class='ocrx_word' id='word_1_191' title='bbox 497 1860 689 1901; x_wconf 88' lang='lat' dir='ltr'>Parisiensis,</span> <span class='ocrx_word' id='word_1_192' title='bbox 707 1866 736 1894; x_wconf 91' lang='lat' dir='ltr'>et</span> <span class='ocrx_word' id='word_1_193' title='bbox 753 1861 822 1893; x_wconf 89' lang='lat' dir='ltr'>aliis</span> <span class='ocrx_word' id='word_1_194' title='bbox 836 1861 1007 1904; x_wconf 84' lang='lat' dir='ltr'>quibusvis,</span> 
     </span>
     <span class='ocr_line' id='line_1_39' title="bbox 268 1914 1008 1958; baseline -0.001 -11"><span class='ocrx_word' id='word_1_195' title='bbox 268 1914 362 1947; x_wconf 88' lang='lat' dir='ltr'>etiam</span> <span class='ocrx_word' id='word_1_196' title='bbox 377 1914 564 1955; x_wconf 88' lang='lat' dir='ltr'>iuramento,</span> <span class='ocrx_word' id='word_1_197' title='bbox 578 1914 817 1947; x_wconf 83' lang='lat' dir='ltr'>confirmatione</span> <span class='ocrx_word' id='word_1_198' title='bbox 837 1915 1008 1958; x_wconf 77' lang='lat' dir='ltr'>apostoliea</span> 
     </span>
     <span class='ocr_line' id='line_1_40' title="bbox 270 1967 1009 2012; baseline 0 -11"><span class='ocrx_word' id='word_1_199' title='bbox 270 1968 317 2001; x_wconf 90' lang='lat' dir='ltr'>vel</span> <span class='ocrx_word' id='word_1_200' title='bbox 342 1968 451 2012; x_wconf 87' lang='lat' dir='ltr'>quavis</span> <span class='ocrx_word' id='word_1_201' title='bbox 468 1968 616 2000; x_wconf 83' lang='lat' dir='ltr'>firmitate</span> <span class='ocrx_word' id='word_1_202' title='bbox 630 1968 690 2000; x_wconf 82' lang='lat' dir='ltr'>alia</span> <span class='ocrx_word' id='word_1_203' title='bbox 705 1967 871 2009; x_wconf 84' lang='lat' dir='ltr'>roboratis,</span> <span class='ocrx_word' id='word_1_204' title='bbox 888 1968 1009 2001; x_wconf 86' lang='lat' dir='ltr'>statutis</span> 
     </span>
     <span class='ocr_line' id='line_1_41' title="bbox 270 2020 1010 2064; baseline -0.004 -9"><span class='ocrx_word' id='word_1_205' title='bbox 270 2026 303 2055; x_wconf 83' lang='lat' dir='ltr'>et.</span> <span class='ocrx_word' id='word_1_206' title='bbox 319 2020 608 2060; x_wconf 84' lang='lat' dir='ltr'>consuetudinibus,</span> <span class='ocrx_word' id='word_1_207' title='bbox 625 2021 798 2064; x_wconf 83' lang='lat' dir='ltr'>privilegiis</span> <span class='ocrx_word' id='word_1_208' title='bbox 816 2031 951 2064; x_wconf 84' lang='lat' dir='ltr'>quoque,</span> <span class='ocrx_word' id='word_1_209' title='bbox 969 2021 1010 2053; x_wconf 89' lang='lat' dir='ltr'>in-</span> 
     </span>
     <span class='ocr_line' id='line_1_42' title="bbox 269 2074 1010 2117; baseline -0.003 -9"><span class='ocrx_word' id='word_1_210' title='bbox 269 2075 363 2109; x_wconf 75' lang='lat' dir='ltr'>dultis</span> <span class='ocrx_word' id='word_1_211' title='bbox 381 2080 411 2108; x_wconf 89' lang='lat' dir='ltr'>et</span> <span class='ocrx_word' id='word_1_212' title='bbox 424 2074 535 2107; x_wconf 90' lang='lat' dir='ltr'>litteris</span> <span class='ocrx_word' id='word_1_213' title='bbox 560 2074 739 2117; x_wconf 86' lang='lat' dir='ltr'>apostolicis</span> <span class='ocrx_word' id='word_1_214' title='bbox 765 2074 795 2106; x_wconf 91' lang='lat' dir='ltr'>in</span> <span class='ocrx_word' id='word_1_215' title='bbox 816 2074 1010 2107; x_wconf 89' lang='lat' dir='ltr'>eontrarium</span> 
     </span>
     <span class='ocr_line' id='line_1_43' title="bbox 270 2127 1010 2172; baseline -0.001 -11"><span class='ocrx_word' id='word_1_216' title='bbox 270 2128 517 2172; x_wconf 84' lang='lat' dir='ltr'>praemissorum</span> <span class='ocrx_word' id='word_1_217' title='bbox 559 2127 797 2170; x_wconf 83' lang='lat' dir='ltr'>quomodolibet</span> <span class='ocrx_word' id='word_1_218' title='bbox 832 2128 1010 2168; x_wconf 83' lang='lat' dir='ltr'>concessis,</span> 
     </span>
     <span class='ocr_line' id='line_1_44' title="bbox 271 2181 1012 2224; baseline -0.003 -9"><span class='ocrx_word' id='word_1_219' title='bbox 271 2182 465 2215; x_wconf 86' lang='lat' dir='ltr'>confirmatis</span> <span class='ocrx_word' id='word_1_220' title='bbox 491 2186 520 2213; x_wconf 92' lang='lat' dir='ltr'>et</span> <span class='ocrx_word' id='word_1_221' title='bbox 545 2181 712 2221; x_wconf 82' lang='lat' dir='ltr'>innovatis;</span> <span class='ocrx_word' id='word_1_222' title='bbox 731 2181 844 2224; x_wconf 88' lang='lat' dir='ltr'>quibus</span> <span class='ocrx_word' id='word_1_223' title='bbox 865 2181 1012 2214; x_wconf 85' lang='lat' dir='ltr'>omnibus</span> 
     </span>
     <span class='ocr_line' id='line_1_45' title="bbox 272 2234 1012 2278; baseline -0.003 -9"><span class='ocrx_word' id='word_1_224' title='bbox 272 2241 302 2269; x_wconf 88' lang='lat' dir='ltr'>et</span> <span class='ocrx_word' id='word_1_225' title='bbox 326 2235 467 2278; x_wconf 85' lang='lat' dir='ltr'>singulis,</span> <span class='ocrx_word' id='word_1_226' title='bbox 497 2234 622 2267; x_wconf 86' lang='lat' dir='ltr'>illorum</span> <span class='ocrx_word' id='word_1_227' title='bbox 650 2240 773 2268; x_wconf 87' lang='lat' dir='ltr'>tenores</span> <span class='ocrx_word' id='word_1_228' title='bbox 796 2235 1012 2278; x_wconf 87' lang='lat' dir='ltr'>praesentibus</span> 
     </span>
     <span class='ocr_line' id='line_1_46' title="bbox 271 2287 1013 2333; baseline -0.001 -12"><span class='ocrx_word' id='word_1_229' title='bbox 271 2299 331 2333; x_wconf 93' lang='lat' dir='ltr'>pro</span> <span class='ocrx_word' id='word_1_230' title='bbox 355 2289 447 2332; x_wconf 85' lang='lat' dir='ltr'>plene</span> <span class='ocrx_word' id='word_1_231' title='bbox 472 2293 501 2320; x_wconf 85' lang='lat' dir='ltr'>et</span> <span class='ocrx_word' id='word_1_232' title='bbox 522 2287 714 2320; x_wconf 85' lang='lat' dir='ltr'>sufficienter</span> <span class='ocrx_word' id='word_1_233' title='bbox 734 2288 889 2331; x_wconf 80' lang='lat' dir='ltr'>expressis</span> <span class='ocrx_word' id='word_1_234' title='bbox 912 2298 948 2320; x_wconf 89' lang='lat' dir='ltr'>ac</span> <span class='ocrx_word' id='word_1_235' title='bbox 975 2288 1013 2320; x_wconf 90' lang='lat' dir='ltr'>de</span> 
     </span>
     <span class='ocr_line' id='line_1_47' title="bbox 273 2340 1014 2381; baseline -0.004 -6"><span class='ocrx_word' id='word_1_236' title='bbox 273 2341 369 2375; x_wconf 81' lang='lat' dir='ltr'>verbo</span> <span class='ocrx_word' id='word_1_237' title='bbox 395 2341 432 2373; x_wconf 90' lang='lat' dir='ltr'>ad</span> <span class='ocrx_word' id='word_1_238' title='bbox 458 2340 587 2373; x_wconf 87' lang='lat' dir='ltr'>verbum</span> <span class='ocrx_word' id='word_1_239' title='bbox 614 2340 739 2373; x_wconf 87' lang='lat' dir='ltr'>insertis</span> <span class='ocrx_word' id='word_1_240' title='bbox 768 2341 929 2381; x_wconf 85' lang='lat' dir='ltr'>habentes,</span> <span class='ocrx_word' id='word_1_241' title='bbox 955 2341 1014 2373; x_wconf 91' lang='lat' dir='ltr'>illis</span> 
     </span>
     <span class='ocr_line' id='line_1_48' title="bbox 274 2393 1015 2437; baseline -0.001 -11"><span class='ocrx_word' id='word_1_242' title='bbox 274 2394 349 2427; x_wconf 79' lang='lat' dir='ltr'>alias</span> <span class='ocrx_word' id='word_1_243' title='bbox 374 2394 405 2426; x_wconf 90' lang='lat' dir='ltr'>in</span> <span class='ocrx_word' id='word_1_244' title='bbox 422 2404 479 2427; x_wconf 79' lang='lat' dir='ltr'>suo</span> <span class='ocrx_word' id='word_1_245' title='bbox 497 2393 612 2426; x_wconf 84' lang='lat' dir='ltr'>robore</span> <span class='ocrx_word' id='word_1_246' title='bbox 628 2394 854 2437; x_wconf 71' lang='lat' dir='ltr'>permansuris,</span> <span class='ocrx_word' id='word_1_247' title='bbox 875 2393 911 2425; x_wconf 87' lang='lat' dir='ltr'>ad</span> <span class='ocrx_word' id='word_1_248' title='bbox 930 2404 1015 2437; x_wconf 87' lang='lat' dir='ltr'>prae-</span> 
     </span>
     <span class='ocr_line' id='line_1_49' title="bbox 275 2446 1016 2488; baseline -0.003 -7"><span class='ocrx_word' id='word_1_249' title='bbox 275 2448 444 2482; x_wconf 85' lang='lat' dir='ltr'>miSsorum</span> <span class='ocrx_word' id='word_1_250' title='bbox 470 2446 634 2487; x_wconf 76' lang='lat' dir='ltr'>effectum,</span> <span class='ocrx_word' id='word_1_251' title='bbox 667 2447 724 2479; x_wconf 85' lang='lat' dir='ltr'>bae</span> <span class='ocrx_word' id='word_1_252' title='bbox 749 2446 815 2479; x_wconf 79' lang='lat' dir='ltr'>vice</span> <span class='ocrx_word' id='word_1_253' title='bbox 839 2447 1016 2488; x_wconf 77' lang='lat' dir='ltr'>dumtaxat,</span> 
     </span>
     <span class='ocr_line' id='line_1_50' title="bbox 275 2500 1016 2546; baseline -0.004 -10"><span class='ocrx_word' id='word_1_254' title='bbox 275 2501 453 2546; x_wconf 84' lang='lat' dir='ltr'>specialiter</span> <span class='ocrx_word' id='word_1_255' title='bbox 478 2506 507 2533; x_wconf 88' lang='lat' dir='ltr'>ct</span> <span class='ocrx_word' id='word_1_256' title='bbox 531 2510 678 2544; x_wconf 83' lang='lat' dir='ltr'>expresse</span> <span class='ocrx_word' id='word_1_257' title='bbox 702 2500 907 2543; x_wconf 78' lang='lat' dir='ltr'>derogamus3</span> <span class='ocrx_word' id='word_1_258' title='bbox 937 2507 1016 2534; x_wconf 88' lang='lat' dir='ltr'>cete-</span> 
     </span>
     <span class='ocr_line' id='line_1_51' title="bbox 275 2553 842 2598; baseline -0.005 -10"><span class='ocrx_word' id='word_1_259' title='bbox 275 2555 381 2598; x_wconf 88' lang='lat' dir='ltr'>risque</span> <span class='ocrx_word' id='word_1_260' title='bbox 399 2553 564 2587; x_wconf 87' lang='lat' dir='ltr'>contrariis</span> <span class='ocrx_word' id='word_1_261' title='bbox 581 2553 842 2597; x_wconf 87' lang='lat' dir='ltr'>quibuscumque.</span> 
     </span>
    </p>

    <p class='ocr_par' dir='ltr' id='par_1_9' title="bbox 320 2607 1012 2651">
     <span class='ocr_line' id='line_1_52' title="bbox 320 2607 1012 2651; baseline -0.003 -9"><span class='ocrx_word' id='word_1_262' title='bbox 320 2609 430 2642; x_wconf 85' lang='lat' dir='ltr'>Datum</span> <span class='ocrx_word' id='word_1_263' title='bbox 462 2609 591 2651; x_wconf 76' lang='lat' dir='ltr'>Itoniae,</span> <span class='ocrx_word' id='word_1_264' title='bbox 625 2607 707 2651; x_wconf 80' lang='lat' dir='ltr'>apud</span> <span class='ocrx_word' id='word_1_265' title='bbox 739 2608 768 2641; x_wconf 79' lang='lat' dir='ltr'>S.</span> <span class='ocrx_word' id='word_1_266' title='bbox 794 2607 922 2640; x_wconf 85' lang='lat' dir='ltr'>Mariam</span> <span class='ocrx_word' id='word_1_267' title='bbox 948 2609 1012 2641; x_wconf 85' lang='lat' dir='ltr'>Ma-</span> 
     </span>
    </p>
   </div>
   <div class='ocr_carea' id='block_1_8' title="bbox 1060 379 1693 414">
    <p class='ocr_par' dir='ltr' id='par_1_10' title="bbox 1060 379 1693 414">
     <span class='ocr_line' id='line_1_53' title="bbox 1060 379 1693 414; baseline -0.002 -8"><span class='ocrx_word' id='word_1_268' title='bbox 1060 380 1120 406; x_wconf 86' lang='lat' dir='ltr'>Dat.</span> <span class='ocrx_word' id='word_1_269' title='bbox 1139 379 1180 406; x_wconf 82' lang='lat' dir='ltr'>die</span> <span class='ocrx_word' id='word_1_270' title='bbox 1196 379 1209 405; x_wconf 85' lang='lat'><strong>1</strong></span> <span class='ocrx_word' id='word_1_271' title='bbox 1227 379 1333 414; x_wconf 83' lang='lat' dir='ltr'>augusti</span> <span class='ocrx_word' id='word_1_272' title='bbox 1352 380 1429 413; x_wconf 69' lang='lat'>1661,</span> <span class='ocrx_word' id='word_1_273' title='bbox 1447 379 1543 414; x_wconf 84' lang='lat' dir='ltr'>pontis.</span> <span class='ocrx_word' id='word_1_274' title='bbox 1564 387 1634 405; x_wconf 84' lang='lat' dir='ltr'>anno</span> <span class='ocrx_word' id='word_1_275' title='bbox 1649 385 1693 405; x_wconf 79' lang='lat' dir='ltr'>vu.</span> 
     </span>
    </p>
   </div>
   <div class='ocr_carea' id='block_1_9' title="bbox 1338 494 1452 528">
    <p class='ocr_par' dir='ltr' id='par_1_11' title="bbox 1338 494 1452 528">
     <span class='ocr_line' id='line_1_54' title="bbox 1338 494 1452 528; baseline -0.009 -1"><span class='ocrx_word' id='word_1_276' title='bbox 1338 494 1452 528; x_wconf 83' lang='lat' dir='ltr'>CCCLI.</span> 
     </span>
    </p>
   </div>
   <div class='ocr_carea' id='block_1_10' title="bbox 1029 565 1774 919">
    <p class='ocr_par' dir='ltr' id='par_1_12' title="bbox 1029 565 1774 919">
     <span class='ocr_line' id='line_1_55' title="bbox 1029 565 1768 609; baseline -0.007 -8"><span class='ocrx_word' id='word_1_277' title='bbox 1029 566 1239 609; x_wconf 74' lang='lat' dir='ltr'>Confirmatio</span> <span class='ocrx_word' id='word_1_278' title='bbox 1270 565 1491 609; x_wconf 80' lang='lat' dir='ltr'>quarumdam</span> <span class='ocrx_word' id='word_1_279' title='bbox 1524 565 1768 597; x_wconf 78' lang='lat' dir='ltr'>ordinationum</span> 
     </span>
     <span class='ocr_line' id='line_1_56' title="bbox 1074 618 1771 662; baseline -0.003 -10"><span class='ocrx_word' id='word_1_280' title='bbox 1074 619 1340 662; x_wconf 62' lang='lat' dir='ltr'>Conqreyaffonis</span> <span class='ocrx_word' id='word_1_281' title='bbox 1357 620 1499 661; x_wconf 76' lang='lat' dir='ltr'>fratrum</span> <span class='ocrx_word' id='word_1_282' title='bbox 1521 618 1552 651; x_wconf 83' lang='lat' dir='ltr'>S.</span> <span class='ocrx_word' id='word_1_283' title='bbox 1574 618 1771 661; x_wconf 71' lang='lat' dir='ltr'>Hieronymi</span> 
     </span>
     <span class='ocr_line' id='line_1_57' title="bbox 1072 671 1773 715; baseline -0.003 -10"><span class='ocrx_word' id='word_1_284' title='bbox 1072 673 1231 706; x_wconf 77' lang='lat' dir='ltr'>Fesulam·</span> <span class='ocrx_word' id='word_1_285' title='bbox 1244 683 1340 715; x_wconf 82' lang='lat' dir='ltr'>super</span> <span class='ocrx_word' id='word_1_286' title='bbox 1354 672 1562 705; x_wconf 80' lang='lat' dir='ltr'>electionibus</span> <span class='ocrx_word' id='word_1_287' title='bbox 1572 676 1707 714; x_wconf 75' lang='lat' dir='ltr'>patrum</span> <span class='ocrx_word' id='word_1_288' title='bbox 1724 671 1773 703; x_wconf 76' lang='lat' dir='ltr'>cle-</span> 
     </span>
     <span class='ocr_line' id='line_1_58' title="bbox 1071 725 1773 769; baseline -0.003 -11"><span class='ocrx_word' id='word_1_289' title='bbox 1071 725 1212 769; x_wconf 75' lang='lat' dir='ltr'>finitorii</span> <span class='ocrx_word' id='word_1_290' title='bbox 1256 735 1378 757; x_wconf 76' lang='lat' dir='ltr'>necnon</span> <span class='ocrx_word' id='word_1_291' title='bbox 1419 728 1690 768; x_wconf 71' lang='lat' dir='ltr'>procuratorum,</span> <span class='ocrx_word' id='word_1_292' title='bbox 1745 728 1773 756; x_wconf 80' lang='lat' dir='ltr'>et</span> 
     </span>
     <span class='ocr_line' id='line_1_59' title="bbox 1073 777 1773 822; baseline -0.004 -11"><span class='ocrx_word' id='word_1_293' title='bbox 1073 789 1169 822; x_wconf 76' lang='lat' dir='ltr'>super</span> <span class='ocrx_word' id='word_1_294' title='bbox 1194 778 1312 811; x_wconf 78' lang='lat' dir='ltr'>studiis</span> <span class='ocrx_word' id='word_1_295' title='bbox 1337 782 1365 810; x_wconf 80' lang='lat' dir='ltr'>et</span> <span class='ocrx_word' id='word_1_296' title='bbox 1391 777 1520 810; x_wconf 76' lang='lat' dir='ltr'>lecturis</span> <span class='ocrx_word' id='word_1_297' title='bbox 1545 787 1581 809; x_wconf 78' lang='lat' dir='ltr'>cu:</span> <span class='ocrx_word' id='word_1_298' title='bbox 1603 777 1773 820; x_wconf 78' lang='lat' dir='ltr'>praediea-</span> 
     </span>
     <span class='ocr_line' id='line_1_60' title="bbox 1075 830 1774 875; baseline -0.004 -10"><span class='ocrx_word' id='word_1_299' title='bbox 1075 832 1218 866; x_wconf 75' lang='lat' dir='ltr'>tionibus</span> <span class='ocrx_word' id='word_1_300' title='bbox 1251 842 1308 875; x_wconf 79' lang='lat' dir='ltr'>per</span> <span class='ocrx_word' id='word_1_301' title='bbox 1339 832 1458 874; x_wconf 79' lang='lat' dir='ltr'>fratres</span> <span class='ocrx_word' id='word_1_302' title='bbox 1490 830 1645 863; x_wconf 76' lang='lat' dir='ltr'>obeundis</span> <span class='ocrx_word' id='word_1_303' title='bbox 1670 840 1774 873; x_wconf 76' lang='lat' dir='ltr'>nuper</span> 
     </span>
     <span class='ocr_line' id='line_1_61' title="bbox 1076 884 1275 919; baseline -0.01 0"><span class='ocrx_word' id='word_1_304' title='bbox 1076 886 1240 919; x_wconf 79' lang='lat' dir='ltr'>editarum</span> <span class='ocrx_word' id='word_1_305' title='bbox 1256 884 1275 917; x_wconf 93' lang='lat'>¹.</span> 
     </span>
    </p>
   </div>
   <div class='ocr_carea' id='block_1_11' title="bbox 1153 955 1651 1034">
    <p class='ocr_par' dir='ltr' id='par_1_13' title="bbox 1153 955 1651 1034">
     <span class='ocr_line' id='line_1_62' title="bbox 1224 955 1575 989; baseline -0.003 -6"><span class='ocrx_word' id='word_1_306' title='bbox 1224 956 1391 983; x_wconf 85' lang='lat' dir='ltr'>Alexander</span> <span class='ocrx_word' id='word_1_307' title='bbox 1413 955 1492 989; x_wconf 84' lang='lat' dir='ltr'>Papa</span> <span class='ocrx_word' id='word_1_308' title='bbox 1511 955 1575 986; x_wconf 85' lang='lat' dir='ltr'>VII,</span> 
     </span>
     <span class='ocr_line' id='line_1_63' title="bbox 1153 999 1651 1034; baseline -0.004 -6"><span class='ocrx_word' id='word_1_309' title='bbox 1153 1003 1188 1028; x_wconf 85' lang='lat' dir='ltr'>ad</span> <span class='ocrx_word' id='word_1_310' title='bbox 1211 1003 1386 1034; x_wconf 84' lang='lat' dir='ltr'>perpetuam</span> <span class='ocrx_word' id='word_1_311' title='bbox 1406 1000 1451 1027; x_wconf 88' lang='lat' dir='ltr'>rei</span> <span class='ocrx_word' id='word_1_312' title='bbox 1471 999 1651 1027; x_wconf 84' lang='lat' dir='ltr'>memoriam.</span> 
     </span>
    </p>
   </div>
   <div class='ocr_carea' id='block_1_12' title="bbox 1033 1061 1936 2437">
    <p class='ocr_par' dir='ltr' id='par_1_14' title="bbox 1033 1061 1936 1531">
     <span class='ocr_line' id='line_1_64' title="bbox 1076 1061 1936 1105; baseline 0.001 -11"><span class='ocrx_word' id='word_1_313' title='bbox 1076 1062 1233 1095; x_wconf 85' lang='lat' dir='ltr'>Militantis</span> <span class='ocrx_word' id='word_1_314' title='bbox 1258 1061 1414 1095; x_wconf 84' lang='lat' dir='ltr'>Ecclesiae</span> <span class='ocrx_word' id='word_1_315' title='bbox 1431 1061 1593 1104; x_wconf 86' lang='lat' dir='ltr'>regiminis</span> <span class='ocrx_word' id='word_1_316' title='bbox 1609 1072 1665 1105; x_wconf 90' lang='lat' dir='ltr'>per</span> <span class='ocrx_word' id='word_1_317' title='bbox 1678 1061 1773 1093; x_wconf 86' lang='lat' dir='ltr'>abun-</span> <span class='ocrx_word' id='word_1_318' title='bbox 1815 1075 1936 1095; x_wconf 71' lang='lat' dir='ltr'>Exordium.</span> 
     </span>
     <span class='ocr_line' id='line_1_65' title="bbox 1033 1115 1775 1156; baseline 0.001 -9"><span class='ocrx_word' id='word_1_319' title='bbox 1033 1115 1171 1148; x_wconf 82' lang='lat' dir='ltr'>(lantiam</span> <span class='ocrx_word' id='word_1_320' title='bbox 1197 1116 1319 1149; x_wconf 87' lang='lat' dir='ltr'>divinae</span> <span class='ocrx_word' id='word_1_321' title='bbox 1344 1116 1500 1156; x_wconf 85' lang='lat' dir='ltr'>bonitatis,</span> <span class='ocrx_word' id='word_1_322' title='bbox 1517 1116 1603 1148; x_wconf 91' lang='lat' dir='ltr'>nullo</span> <span class='ocrx_word' id='word_1_323' title='bbox 1621 1116 1693 1149; x_wconf 87' lang='lat' dir='ltr'>licet</span> <span class='ocrx_word' id='word_1_324' title='bbox 1713 1126 1775 1148; x_wconf 89' lang='lat' dir='ltr'>me-</span> 
     </span>
     <span class='ocr_line' id='line_1_66' title="bbox 1034 1169 1774 1212; baseline -0.001 -11"><span class='ocrx_word' id='word_1_325' title='bbox 1034 1169 1167 1202; x_wconf 88' lang='lat' dir='ltr'>ritorum</span> <span class='ocrx_word' id='word_1_326' title='bbox 1193 1174 1374 1202; x_wconf 90' lang='lat' dir='ltr'>nostrorum</span> <span class='ocrx_word' id='word_1_327' title='bbox 1401 1169 1566 1211; x_wconf 80' lang='lat' dir='ltr'>suffragio,</span> <span class='ocrx_word' id='word_1_328' title='bbox 1592 1169 1774 1212; x_wconf 86' lang='lat' dir='ltr'>praepositi,</span> 
     </span>
     <span class='ocr_line' id='line_1_67' title="bbox 1035 1222 1776 1265; baseline 0 -11"><span class='ocrx_word' id='word_1_329' title='bbox 1035 1222 1097 1262; x_wconf 91' lang='lat' dir='ltr'>illa,</span> <span class='ocrx_word' id='word_1_330' title='bbox 1122 1232 1200 1265; x_wconf 84' lang='lat' dir='ltr'>quae</span> <span class='ocrx_word' id='word_1_331' title='bbox 1215 1233 1274 1265; x_wconf 89' lang='lat' dir='ltr'>pro</span> <span class='ocrx_word' id='word_1_332' title='bbox 1291 1222 1372 1255; x_wconf 85' lang='lat' dir='ltr'>felici</span> <span class='ocrx_word' id='word_1_333' title='bbox 1398 1222 1678 1264; x_wconf 75' lang='lat' dir='ltr'>congregationum</span> <span class='ocrx_word' id='word_1_334' title='bbox 1697 1222 1776 1254; x_wconf 87' lang='lat' dir='ltr'>viro-</span> 
     </span>
     <span class='ocr_line' id='line_1_68' title="bbox 1035 1275 1778 1319; baseline 0.001 -12"><span class='ocrx_word' id='word_1_335' title='bbox 1035 1286 1106 1307; x_wconf 88' lang='lat' dir='ltr'>rum</span> <span class='ocrx_word' id='word_1_336' title='bbox 1123 1275 1274 1307; x_wconf 77' lang='lat' dir='ltr'>Altissimi</span> <span class='ocrx_word' id='word_1_337' title='bbox 1293 1275 1451 1319; x_wconf 85' lang='lat' dir='ltr'>obsequiis</span> <span class='ocrx_word' id='word_1_338' title='bbox 1470 1275 1528 1308; x_wconf 87' lang='lat' dir='ltr'>sub</span> <span class='ocrx_word' id='word_1_339' title='bbox 1549 1275 1635 1308; x_wconf 88' lang='lat' dir='ltr'>suavi</span> <span class='ocrx_word' id='word_1_340' title='bbox 1653 1275 1778 1318; x_wconf 85' lang='lat' dir='ltr'>religio-</span> 
     </span>
     <span class='ocr_line' id='line_1_69' title="bbox 1035 1327 1777 1371; baseline 0 -11"><span class='ocrx_word' id='word_1_341' title='bbox 1035 1328 1082 1360; x_wconf 91' lang='lat' dir='ltr'>nis</span> <span class='ocrx_word' id='word_1_342' title='bbox 1108 1328 1183 1371; x_wconf 91' lang='lat' dir='ltr'>iugo</span> <span class='ocrx_word' id='word_1_343' title='bbox 1208 1328 1460 1371; x_wconf 86' lang='lat' dir='ltr'>mancipatorum</span> <span class='ocrx_word' id='word_1_344' title='bbox 1479 1327 1634 1371; x_wconf 85' lang='lat' dir='ltr'>regimine</span> <span class='ocrx_word' id='word_1_345' title='bbox 1653 1333 1682 1360; x_wconf 89' lang='lat' dir='ltr'>et</span> <span class='ocrx_word' id='word_1_346' title='bbox 1698 1327 1777 1360; x_wconf 86' lang='lat' dir='ltr'>dire-</span> 
     </span>
     <span class='ocr_line' id='line_1_70' title="bbox 1036 1381 1775 1425; baseline -0.001 -11"><span class='ocrx_word' id='word_1_347' title='bbox 1036 1381 1138 1414; x_wconf 89' lang='lat' dir='ltr'>ctione</span> <span class='ocrx_word' id='word_1_348' title='bbox 1155 1381 1286 1425; x_wconf 81' lang='lat' dir='ltr'>provide</span> <span class='ocrx_word' id='word_1_349' title='bbox 1300 1381 1442 1414; x_wconf 87' lang='lat' dir='ltr'>ordinata</span> <span class='ocrx_word' id='word_1_350' title='bbox 1453 1392 1520 1414; x_wconf 86' lang='lat' dir='ltr'>esse</span> <span class='ocrx_word' id='word_1_351' title='bbox 1535 1381 1775 1424; x_wconf 84' lang='lat' dir='ltr'>dignoscuntur,</span> 
     </span>
     <span class='ocr_line' id='line_1_71' title="bbox 1037 1434 1775 1478; baseline 0.001 -12"><span class='ocrx_word' id='word_1_352' title='bbox 1037 1434 1187 1475; x_wconf 87' lang='lat' dir='ltr'>libenter,</span> <span class='ocrx_word' id='word_1_353' title='bbox 1213 1446 1283 1467; x_wconf 89' lang='lat' dir='ltr'>eum</span> <span class='ocrx_word' id='word_1_354' title='bbox 1306 1445 1323 1466; x_wconf 89' lang='lat' dir='ltr'>a</span> <span class='ocrx_word' id='word_1_355' title='bbox 1347 1434 1437 1467; x_wconf 90' lang='lat' dir='ltr'>nobis</span> <span class='ocrx_word' id='word_1_356' title='bbox 1462 1434 1589 1478; x_wconf 68' lang='lat' dir='ltr'>petHur,</span> <span class='ocrx_word' id='word_1_357' title='bbox 1613 1434 1775 1478; x_wconf 87' lang='lat' dir='ltr'>apostolici</span> 
     </span>
     <span class='ocr_line' id='line_1_72' title="bbox 1038 1487 1641 1531; baseline 0.002 -12"><span class='ocrx_word' id='word_1_358' title='bbox 1038 1487 1219 1520; x_wconf 90' lang='lat' dir='ltr'>muniminis</span> <span class='ocrx_word' id='word_1_359' title='bbox 1243 1487 1418 1531; x_wconf 82' lang='lat' dir='ltr'>patrocinio</span> <span class='ocrx_word' id='word_1_360' title='bbox 1444 1487 1641 1520; x_wconf 87' lang='lat' dir='ltr'>roboramus.</span> 
     </span>
    </p>

    <p class='ocr_par' dir='ltr' id='par_1_15' title="bbox 1039 1540 1783 2053">
     <span class='ocr_line' id='line_1_73' title="bbox 1083 1540 1776 1584; baseline 0.003 -12"><span class='ocrx_word' id='word_1_361' title='bbox 1083 1541 1105 1583; x_wconf 63' lang='lat' dir='ltr'>g.</span> <span class='ocrx_word' id='word_1_362' title='bbox 1121 1540 1150 1573; x_wconf 48' lang='lat'>«1.</span> <span class='ocrx_word' id='word_1_363' title='bbox 1176 1541 1296 1583; x_wconf 81' lang='lat' dir='ltr'>Exponi</span> <span class='ocrx_word' id='word_1_364' title='bbox 1321 1540 1476 1584; x_wconf 83' lang='lat' dir='ltr'>siquidem</span> <span class='ocrx_word' id='word_1_365' title='bbox 1501 1540 1590 1573; x_wconf 90' lang='lat' dir='ltr'>nobis</span> <span class='ocrx_word' id='word_1_366' title='bbox 1611 1550 1713 1583; x_wconf 88' lang='lat' dir='ltr'>nuper</span> <span class='ocrx_word' id='word_1_367' title='bbox 1737 1541 1776 1574; x_wconf 87' lang='lat' dir='ltr'>se-</span> 
     </span>
     <span class='ocr_line' id='line_1_74' title="bbox 1039 1594 1777 1638; baseline 0.001 -12"><span class='ocrx_word' id='word_1_368' title='bbox 1039 1594 1080 1626; x_wconf 88' lang='lat' dir='ltr'>eit</span> <span class='ocrx_word' id='word_1_369' title='bbox 1115 1594 1247 1627; x_wconf 87' lang='lat' dir='ltr'>dilectus</span> <span class='ocrx_word' id='word_1_370' title='bbox 1282 1594 1365 1627; x_wconf 85' lang='lat' dir='ltr'>silius</span> <span class='ocrx_word' id='word_1_371' title='bbox 1398 1600 1585 1638; x_wconf 87' lang='lat' dir='ltr'>procurator</span> <span class='ocrx_word' id='word_1_372' title='bbox 1621 1595 1777 1637; x_wconf 88' lang='lat' dir='ltr'>generalis</span> 
     </span>
     <span class='ocr_line' id='line_1_75' title="bbox 1039 1647 1779 1692; baseline -0.001 -11"><span class='ocrx_word' id='word_1_373' title='bbox 1039 1647 1298 1690; x_wconf 84' lang='lat' dir='ltr'>Congregationis</span> <span class='ocrx_word' id='word_1_374' title='bbox 1315 1647 1447 1681; x_wconf 84' lang='lat' dir='ltr'>fratrum</span> <span class='ocrx_word' id='word_1_375' title='bbox 1474 1647 1571 1680; x_wconf 87' lang='lat' dir='ltr'>sancti</span> <span class='ocrx_word' id='word_1_376' title='bbox 1596 1648 1779 1692; x_wconf 63' lang='lat' dir='ltr'>Hieronymi</span> 
     </span>
     <span class='ocr_line' id='line_1_76' title="bbox 1040 1700 1781 1744; baseline 0 -11"><span class='ocrx_word' id='word_1_377' title='bbox 1040 1701 1206 1741; x_wconf 83' lang='lat' dir='ltr'>Fesulani‚</span> <span class='ocrx_word' id='word_1_378' title='bbox 1240 1700 1324 1744; x_wconf 88' lang='lat' dir='ltr'>quod</span> <span class='ocrx_word' id='word_1_379' title='bbox 1360 1700 1434 1732; x_wconf 80' lang='lat' dir='ltr'>alias</span> <span class='ocrx_word' id='word_1_380' title='bbox 1466 1710 1525 1744; x_wconf 89' lang='lat' dir='ltr'>pro</span> <span class='ocrx_word' id='word_1_381' title='bbox 1561 1700 1643 1732; x_wconf 82' lang='lat' dir='ltr'>felici</span> <span class='ocrx_word' id='word_1_382' title='bbox 1678 1700 1781 1733; x_wconf 88' lang='lat' dir='ltr'>dictae</span> 
     </span>
     <span class='ocr_line' id='line_1_77' title="bbox 1040 1753 1781 1797; baseline -0.003 -10"><span class='ocrx_word' id='word_1_383' title='bbox 1040 1754 1300 1797; x_wconf 83' lang='lat' dir='ltr'>Congregationis</span> <span class='ocrx_word' id='word_1_384' title='bbox 1333 1753 1506 1796; x_wconf 78' lang='lat' dir='ltr'>gubernio,</span> <span class='ocrx_word' id='word_1_385' title='bbox 1532 1753 1569 1786; x_wconf 90' lang='lat' dir='ltr'>de</span> <span class='ocrx_word' id='word_1_386' title='bbox 1593 1753 1781 1786; x_wconf 88' lang='lat' dir='ltr'>dilectorum</span> 
     </span>
     <span class='ocr_line' id='line_1_78' title="bbox 1042 1806 1783 1850; baseline -0.001 -11"><span class='ocrx_word' id='word_1_387' title='bbox 1042 1808 1180 1840; x_wconf 85' lang='lat' dir='ltr'>filiorum</span> <span class='ocrx_word' id='word_1_388' title='bbox 1206 1807 1322 1850; x_wconf 87' lang='lat' dir='ltr'>prioris</span> <span class='ocrx_word' id='word_1_389' title='bbox 1347 1807 1503 1849; x_wconf 85' lang='lat' dir='ltr'>generalis</span> <span class='ocrx_word' id='word_1_390' title='bbox 1520 1810 1549 1840; x_wconf 84' lang='lat' dir='ltr'>et</span> <span class='ocrx_word' id='word_1_391' title='bbox 1565 1806 1698 1839; x_wconf 88' lang='lat' dir='ltr'>aliorum</span> <span class='ocrx_word' id='word_1_392' title='bbox 1725 1806 1783 1839; x_wconf 85' lang='lat' dir='ltr'>sra-</span> 
     </span>
     <span class='ocr_line' id='line_1_79' title="bbox 1043 1860 1782 1904; baseline -0.001 -11"><span class='ocrx_word' id='word_1_393' title='bbox 1043 1866 1124 1894; x_wconf 90' lang='lat' dir='ltr'>trum</span> <span class='ocrx_word' id='word_1_394' title='bbox 1146 1861 1243 1904; x_wconf 89' lang='lat' dir='ltr'>ipsius</span> <span class='ocrx_word' id='word_1_395' title='bbox 1260 1861 1520 1903; x_wconf 87' lang='lat' dir='ltr'>Congregationis</span> <span class='ocrx_word' id='word_1_396' title='bbox 1535 1860 1697 1902; x_wconf 79' lang='lat' dir='ltr'>religionis</span> <span class='ocrx_word' id='word_1_397' title='bbox 1715 1860 1782 1892; x_wconf 89' lang='lat' dir='ltr'>zelo</span> 
     </span>
     <span class='ocr_line' id='line_1_80' title="bbox 1042 1913 1783 1958; baseline -0.001 -11"><span class='ocrx_word' id='word_1_398' title='bbox 1042 1915 1249 1958; x_wconf 74' lang='lat' dir='ltr'>doctrinaque</span> <span class='ocrx_word' id='word_1_399' title='bbox 1274 1913 1510 1958; x_wconf 71' lang='lat' dir='ltr'>praeditorum²</span> <span class='ocrx_word' id='word_1_400' title='bbox 1527 1914 1668 1955; x_wconf 88' lang='lat' dir='ltr'>consilio,</span> <span class='ocrx_word' id='word_1_401' title='bbox 1686 1914 1783 1947; x_wconf 80' lang='lat' dir='ltr'>sactae</span> 
     </span>
     <span class='ocr_line' id='line_1_81' title="bbox 1043 1967 1782 2010; baseline -0.001 -10"><span class='ocrx_word' id='word_1_402' title='bbox 1043 1968 1169 2001; x_wconf 87' lang='lat' dir='ltr'>fuerunt</span> <span class='ocrx_word' id='word_1_403' title='bbox 1193 1967 1407 2000; x_wconf 87' lang='lat' dir='ltr'>ordinationes</span> <span class='ocrx_word' id='word_1_404' title='bbox 1428 1967 1544 2000; x_wconf 86' lang='lat' dir='ltr'>tenoris</span> <span class='ocrx_word' id='word_1_405' title='bbox 1560 1967 1612 2010; x_wconf 88' lang='lat' dir='ltr'>qui</span> <span class='ocrx_word' id='word_1_406' title='bbox 1630 1967 1782 2009; x_wconf 84' lang='lat' dir='ltr'>sequitur,</span> 
     </span>
     <span class='ocr_line' id='line_1_82' title="bbox 1044 2020 1207 2053; baseline -0.006 0"><span class='ocrx_word' id='word_1_407' title='bbox 1044 2020 1207 2053; x_wconf 85' lang='lat' dir='ltr'>videlieet:</span> 
     </span>
    </p>

    <p class='ocr_par' dir='ltr' id='par_1_16' title="bbox 1045 2073 1789 2437">
     <span class='ocr_line' id='line_1_83' title="bbox 1089 2073 1784 2117; baseline -0.001 -11"><span class='ocrx_word' id='word_1_408' title='bbox 1089 2073 1229 2106; x_wconf 84' lang='lat' dir='ltr'>Vicarius</span> <span class='ocrx_word' id='word_1_409' title='bbox 1254 2073 1410 2116; x_wconf 83' lang='lat' dir='ltr'>generalis</span> <span class='ocrx_word' id='word_1_410' title='bbox 1436 2074 1563 2117; x_wconf 83' lang='lat' dir='ltr'>capituli</span> <span class='ocrx_word' id='word_1_411' title='bbox 1583 2079 1613 2106; x_wconf 89' lang='lat' dir='ltr'>et</span> <span class='ocrx_word' id='word_1_412' title='bbox 1629 2074 1784 2116; x_wconf 84' lang='lat' dir='ltr'>generalis</span> 
     </span>
     <span class='ocr_line' id='line_1_84' title="bbox 1045 2127 1784 2170; baseline -0.001 -10"><span class='ocrx_word' id='word_1_413' title='bbox 1045 2128 1201 2170; x_wconf 86' lang='lat' dir='ltr'>eligantur</span> <span class='ocrx_word' id='word_1_414' title='bbox 1239 2128 1337 2160; x_wconf 89' lang='lat' dir='ltr'>libere</span> <span class='ocrx_word' id='word_1_415' title='bbox 1373 2138 1389 2159; x_wconf 92' lang='lat' dir='ltr'>a</span> <span class='ocrx_word' id='word_1_416' title='bbox 1427 2127 1569 2170; x_wconf 87' lang='lat' dir='ltr'>patribus</span> <span class='ocrx_word' id='word_1_417' title='bbox 1603 2127 1784 2168; x_wconf 82' lang='lat' dir='ltr'>vocalibus,</span> 
     </span>
     <span class='ocr_line' id='line_1_85' title="bbox 1047 2181 1784 2224; baseline -0.001 -11"><span class='ocrx_word' id='word_1_418' title='bbox 1047 2182 1121 2214; x_wconf 89' lang='lat' dir='ltr'>itaut</span> <span class='ocrx_word' id='word_1_419' title='bbox 1148 2181 1253 2214; x_wconf 86' lang='lat' dir='ltr'>nullus</span> <span class='ocrx_word' id='word_1_420' title='bbox 1283 2181 1464 2214; x_wconf 84' lang='lat' dir='ltr'>nominetur</span> <span class='ocrx_word' id='word_1_421' title='bbox 1495 2187 1548 2213; x_wconf 84' lang='lat' dir='ltr'>aut</span> <span class='ocrx_word' id='word_1_422' title='bbox 1580 2185 1784 2224; x_wconf 86' lang='lat' dir='ltr'>proponatur.</span> 
     </span>
     <span class='ocr_line' id='line_1_86' title="bbox 1047 2233 1786 2277; baseline 0 -11"><span class='ocrx_word' id='word_1_423' title='bbox 1047 2235 1080 2267; x_wconf 92' lang='lat' dir='ltr'>ln</span> <span class='ocrx_word' id='word_1_424' title='bbox 1095 2234 1258 2277; x_wconf 76' lang='lat' dir='ltr'>eligendo³</span> <span class='ocrx_word' id='word_1_425' title='bbox 1273 2245 1348 2267; x_wconf 89' lang='lat' dir='ltr'>vero</span> <span class='ocrx_word' id='word_1_426' title='bbox 1362 2244 1475 2267; x_wconf 88' lang='lat' dir='ltr'>novem</span> <span class='ocrx_word' id='word_1_427' title='bbox 1493 2239 1597 2277; x_wconf 90' lang='lat' dir='ltr'>patres</span> <span class='ocrx_word' id='word_1_428' title='bbox 1617 2233 1786 2266; x_wconf 86' lang='lat' dir='ltr'>definitorii</span> 
     </span>
     <span class='ocr_line' id='line_1_87' title="bbox 1048 2287 1787 2330; baseline -0.001 -11"><span class='ocrx_word' id='word_1_429' title='bbox 1048 2287 1222 2320; x_wconf 85' lang='lat' dir='ltr'>servabitur</span> <span class='ocrx_word' id='word_1_430' title='bbox 1251 2287 1454 2327; x_wconf 87' lang='lat' dir='ltr'>consuetudo,</span> <span class='ocrx_word' id='word_1_431' title='bbox 1483 2287 1655 2320; x_wconf 89' lang='lat' dir='ltr'>secundum</span> <span class='ocrx_word' id='word_1_432' title='bbox 1681 2297 1787 2330; x_wconf 89' lang='lat' dir='ltr'>quam,</span> 
     </span>
     <span class='ocr_line' id='line_1_88' title="bbox 1049 2339 1786 2383; baseline -0.001 -10"><span class='ocrx_word' id='word_1_433' title='bbox 1049 2341 1130 2373; x_wconf 85' lang='lat' dir='ltr'>ultra</span> <span class='ocrx_word' id='word_1_434' title='bbox 1154 2341 1334 2383; x_wconf 86' lang='lat' dir='ltr'>generalem</span> <span class='ocrx_word' id='word_1_435' title='bbox 1361 2346 1390 2373; x_wconf 88' lang='lat' dir='ltr'>et</span> <span class='ocrx_word' id='word_1_436' title='bbox 1415 2340 1578 2381; x_wconf 89' lang='lat' dir='ltr'>vicarium,</span> <span class='ocrx_word' id='word_1_437' title='bbox 1598 2339 1651 2382; x_wconf 89' lang='lat' dir='ltr'>qui</span> <span class='ocrx_word' id='word_1_438' title='bbox 1672 2350 1688 2372; x_wconf 88' lang='lat' dir='ltr'>a</span> <span class='ocrx_word' id='word_1_439' title='bbox 1709 2350 1786 2374; x_wconf 91' lang='lat' dir='ltr'>con-</span> 
     </span>
     <span class='ocr_line' id='line_1_89' title="bbox 1049 2393 1789 2437; baseline 0.001 -10"><span class='ocrx_word' id='word_1_440' title='bbox 1049 2394 1261 2428; x_wconf 86' lang='lat' dir='ltr'>stitutionibus</span> <span class='ocrx_word' id='word_1_441' title='bbox 1285 2395 1405 2437; x_wconf 83' lang='lat' dir='ltr'>absque</span> <span class='ocrx_word' id='word_1_442' title='bbox 1429 2394 1490 2426; x_wconf 72' lang='lat' dir='ltr'>alia</span> <span class='ocrx_word' id='word_1_443' title='bbox 1507 2393 1659 2428; x_wconf 85' lang='lat' dir='ltr'>electione</span> <span class='ocrx_word' id='word_1_444' title='bbox 1682 2404 1789 2428; x_wconf 91' lang='lat' dir='ltr'>nume-</span> 
     </span>
    </p>
   </div>
   <div class='ocr_carea' id='block_1_13' title="bbox 1817 1552 1932 1579">
    <p class='ocr_par' dir='ltr' id='par_1_17' title="bbox 1817 1552 1932 1579">
     <span class='ocr_line' id='line_1_90' title="bbox 1817 1552 1932 1579; baseline -0.017 -6"><span class='ocrx_word' id='word_1_445' title='bbox 1817 1552 1932 1579; x_wconf 81' lang='lat' dir='ltr'>Expositio.</span> 
     </span>
    </p>
   </div>
   <div class='ocr_carea' id='block_1_14' title="bbox 1800 2082 1984 2161">
    <p class='ocr_par' dir='ltr' id='par_1_18' title="bbox 1800 2082 1984 2161">
     <span class='ocr_line' id='line_1_91' title="bbox 1841 2082 1983 2102; baseline -0.007 0"><span class='ocrx_word' id='word_1_446' title='bbox 1841 2082 1983 2102; x_wconf 68' lang='lat' dir='ltr'>(tr-linatnnes</span> 
     </span>
     <span class='ocr_line' id='line_1_92' title="bbox 1800 2109 1984 2137; baseline -0.011 -8"><span class='ocrx_word' id='word_1_447' title='bbox 1800 2109 1885 2129; x_wconf 77' lang='lat' dir='ltr'>fratrum</span> <span class='ocrx_word' id='word_1_448' title='bbox 1918 2109 1984 2137; x_wconf 77' lang='lat' dir='ltr'>ipsius</span> 
     </span>
     <span class='ocr_line' id='line_1_93' title="bbox 1801 2136 1983 2161; baseline -0.011 -5"><span class='ocrx_word' id='word_1_449' title='bbox 1801 2136 1983 2161; x_wconf 66' lang='lat' dir='ltr'>congregationis.</span> 
     </span>
    </p>
   </div>
   <div class='ocr_carea' id='block_1_15' title="bbox 1087 2483 1790 2564">
    <p class='ocr_par' dir='ltr' id='par_1_19' title="bbox 1087 2483 1790 2564">
     <span class='ocr_line' id='line_1_94' title="bbox 1087 2483 1558 2519; baseline -0.002 -9"><span class='ocrx_word' id='word_1_450' title='bbox 1087 2485 1095 2510; x_wconf 87' lang='grc'>1</span> <span class='ocrx_word' id='word_1_451' title='bbox 1121 2483 1159 2510; x_wconf 83' lang='lat' dir='ltr'>Ex</span> <span class='ocrx_word' id='word_1_452' title='bbox 1178 2483 1284 2519; x_wconf 79' lang='lat' dir='ltr'>Regest.</span> <span class='ocrx_word' id='word_1_453' title='bbox 1307 2483 1333 2509; x_wconf 89' lang='lat' dir='ltr'>in</span> <span class='ocrx_word' id='word_1_454' title='bbox 1354 2484 1459 2509; x_wconf 88' lang='lat' dir='ltr'>Seeret.</span> <span class='ocrx_word' id='word_1_455' title='bbox 1481 2483 1558 2510; x_wconf 88' lang='lat' dir='ltr'>Brev.</span> 
     </span>
     <span class='ocr_line' id='line_1_95' title="bbox 1087 2528 1790 2564; baseline 0.003 -10"><span class='ocrx_word' id='word_1_456' title='bbox 1087 2530 1095 2554; x_wconf 91' lang='grc'>1</span> <span class='ocrx_word' id='word_1_457' title='bbox 1120 2528 1185 2554; x_wconf 83' lang='lat' dir='ltr'>Male</span> <span class='ocrx_word' id='word_1_458' title='bbox 1210 2528 1274 2555; x_wconf 89' lang='lat' dir='ltr'>edit.</span> <span class='ocrx_word' id='word_1_459' title='bbox 1302 2528 1379 2555; x_wconf 86' lang='lat' dir='ltr'>Maiu.</span> <span class='ocrx_word' id='word_1_460' title='bbox 1406 2528 1469 2562; x_wconf 80' lang='lat' dir='ltr'>legit</span> <span class='ocrx_word' id='word_1_461' title='bbox 1494 2528 1714 2562; x_wconf 80' lang='lat' dir='ltr'>praedictorum</span> <span class='ocrx_word' id='word_1_462' title='bbox 1741 2537 1790 2564; x_wconf 85' lang='lat' dir='ltr'>pro</span> 
     </span>
    </p>
   </div>
   <div class='ocr_carea' id='block_1_16' title="bbox 1047 2573 1372 2608">
    <p class='ocr_par' dir='ltr' id='par_1_20' title="bbox 1047 2573 1372 2608">
     <span class='ocr_line' id='line_1_96' title="bbox 1047 2573 1372 2608; baseline 0.003 -11"><span class='ocrx_word' id='word_1_463' title='bbox 1047 2573 1251 2608; x_wconf 76' lang='lat' dir='ltr'>praedilorum</span> <span class='ocrx_word' id='word_1_464' title='bbox 1272 2578 1307 2599; x_wconf 79' lang='lat' dir='ltr'>(n.</span> <span class='ocrx_word' id='word_1_465' title='bbox 1325 2578 1372 2601; x_wconf 83' lang='lat' dir='ltr'>T.).</span> 
     </span>
    </p>
   </div>
   <div class='ocr_carea' id='block_1_17' title="bbox 1086 2616 1788 2652">
    <p class='ocr_par' dir='ltr' id='par_1_21' title="bbox 1086 2616 1788 2652">
     <span class='ocr_line' id='line_1_97' title="bbox 1086 2616 1788 2652; baseline 0.001 -9"><span class='ocrx_word' id='word_1_466' title='bbox 1086 2617 1101 2644; x_wconf 85' lang='grc'><strong>3</strong></span> <span class='ocrx_word' id='word_1_467' title='bbox 1122 2616 1193 2643; x_wconf 85' lang='lat' dir='ltr'>Edit.</span> <span class='ocrx_word' id='word_1_468' title='bbox 1212 2616 1294 2643; x_wconf 79' lang='lat' dir='ltr'>Maia.</span> <span class='ocrx_word' id='word_1_469' title='bbox 1310 2616 1373 2652; x_wconf 75' lang='lat' dir='ltr'>legit</span> <span class='ocrx_word' id='word_1_470' title='bbox 1389 2616 1676 2651; x_wconf 73' lang='lat' dir='ltr'>cliyendis...palres</span> <span class='ocrx_word' id='word_1_471' title='bbox 1691 2618 1727 2652; x_wconf 74' lang='lat' dir='ltr'>[R.</span> <span class='ocrx_word' id='word_1_472' title='bbox 1739 2617 1788 2652; x_wconf 82' lang='lat' dir='ltr'>T.).</span> 
     </span>
    </p>
   </div>
  </div>
 </body>
</html>
