2243 3205
47 162 96 191 ΔΙ.
112 160 140 190 C.
163 158 233 188 165⁹

74 963 227 985 Habitationem

48 994 68 1021 ot
82 990 175 1011 redditus
196 995 228 1010 as-

48 1020 122 1043 ιιαυεῑ.

829 158 1013 183 ALEXANDER
1037 158 1081 182 vn
1105 159 1154 183 Pr.

241 206 380 241 cessione
403 207 593 251 impetrandi
624 207 727 241 studio
758 207 796 240 ad
820 207 980 241 basilicam

238 260 430 304 praedictam
456 271 493 294 ex
518 261 666 295 omnibus
698 261 806 294 mundi
837 261 980 305 partibus

239 314 416 358 confluunt)
434 314 466 347 in
490 314 672 358 praemissis
692 314 841 347 laudabili
866 314 931 347 zelo
953 319 982 346 et

239 367 355 411 pietate
380 367 513 401 instituit
537 373 567 401 et
591 368 703 412 coepit,
733 367 933 401 constabilire
953 372 983 400 et

239 419 403 464 perficere,
422 426 452 454 et
467 421 543 454 alias
560 427 738 465 opportune
755 421 891 465 desuper
910 431 983 465 pro-

241 475 348 509 videre
362 476 523 519 cupientes
533 503 541 517 ‚
554 480 642 510 motu
655 476 780 520 propio,
797 486 834 509 ac
848 486 884 509 ex
898 477 983 509 certa

241 528 372 562 scientia
397 534 427 562 et
451 531 574 562 matura
599 529 826 562 deliberatione
850 528 982 570 nostris,

242 582 343 628 deque
376 583 566 626 apostolicae
590 583 752 626 potestatis
781 582 984 626 plenitudine,

243 633 436 666 erectionem
463 638 494 667 et
510 633 736 667 institutionem
753 634 904 678 praedicti
926 634 986 667 col-

242 685 315 729 legii
348 687 506 720 minorum
535 688 851 731 poenitentiariorum
884 688 985 722 dictae

242 739 391 773 basilicae
422 740 574 785 Principis
607 742 852 785 Apostolorum,
877 747 986 775 tenore

242 794 468 837 praesentium,
479 794 704 828 confirmamus
718 801 748 828 et
761 796 985 840 approbamus,

242 846 412 891 ipsumque
443 848 611 891 collegium
643 849 681 882 de
712 859 793 883 novo
831 854 986 894 perpetuo

244 900 395 944 erigimus
419 905 449 936 et
473 902 674 936 instituimus.

288 954 303 998 ἓ
326 954 356 987 3.
378 955 421 988 Ac
446 966 505 999 pro
531 956 714 989 eorumdem
734 957 890 990 minorum
915 967 988 1000 poe-

243 1007 495 1041 nitentiariorum
513 1008 705 1043 habitatione
721 1009 851 1043 domum
868 1009 900 1042 in
917 1009 988 1043 civi-

245 1067 306 1095 tate
322 1063 430 1095 nostra
442 1062 589 1105 Leonina,
604 1073 659 1095 seu
673 1064 720 1106 (ut
734 1064 857 1106 vocant)
871 1063 986 1106 Burgo,

244 1125 343 1159 prope
361 1115 521 1149 basilicam
536 1116 716 1150 huiusmodi
731 1117 876 1161 positam,
889 1123 919 1150 et
931 1128 988 1161 per

245 1169 314 1202 illos
351 1169 500 1203 hactenus
536 1170 704 1203 inhabitari
737 1171 881 1212 solitam,
917 1182 986 1204 cum

244 1223 391 1256 omnibus
417 1228 447 1256 et
472 1223 603 1267 singulis
628 1224 695 1257 eius
726 1225 892 1265 membris,
918 1235 988 1269 per-

245 1276 384 1310 tinentiis
409 1282 439 1310 et
464 1277 607 1318 iuribus,
633 1278 714 1311 sicut
745 1278 819 1311 dicti
849 1279 988 1312 minores

245 1330 479 1374 poenitentiarii
517 1331 577 1364 illis
613 1331 652 1364 ad
685 1342 835 1376 praesens
871 1333 984 1366 fruun-

245 1388 308 1425 tur,
336 1384 539 1418 concedimus
556 1390 587 1418 et
603 1385 820 1428 assignamus;
850 1392 889 1427 et,
915 1397 987 1420 casu

246 1448 309 1482 quo
335 1438 442 1471 eadem
465 1439 579 1472 domus
599 1444 663 1472 tota
685 1440 731 1472 vel
756 1440 823 1473 eius
843 1450 915 1484 pars
940 1440 990 1473 de-

247 1495 407 1534 struatur,
439 1502 494 1525 seu
518 1492 550 1525 in
574 1493 652 1526 alios
677 1504 752 1526 usus
777 1498 988 1535 convertatur,

246 1544 338 1578 aliam
357 1546 486 1579 domum
509 1546 553 1579 eis
577 1546 778 1580 habitationis
795 1550 888 1580 causa
905 1558 923 1580 a
939 1557 991 1580 no-

246 1598 294 1632 bis
319 1610 373 1633 seu
399 1600 548 1633 Romanis
573 1601 780 1634 Pontificibus
805 1602 991 1635 successori-

246 1651 304 1685 bus
329 1653 445 1686 nostris
469 1664 528 1697 pro
549 1659 692 1697 tempore
717 1655 921 1688 existentibus
946 1665 992 1687 as-

247 1706 449 1749 signandam3
474 1717 533 1750 pro
564 1707 706 1750 ipsorum
732 1718 807 1741 vero
832 1708 990 1741 minorum

247 1759 562 1802 poenitentiariorum
593 1761 820 1794 sustentatione
846 1766 876 1794 et
901 1762 993 1795 colle-

249 1812 292 1855 gii
317 1812 497 1847 huiusmodi
528 1814 600 1847 dote
624 1814 662 1847 de
686 1815 828 1858 pecuniis
859 1815 993 1848 eleemo-

249 1875 408 1910 synarum,
426 1878 507 1910 quae
531 1878 567 1900 ex
592 1868 863 1912 dispensationum
886 1869 993 1901 matri-

250 1919 434 1953 monialium
459 1921 710 1964 expeditionibus
735 1922 944 1966 proveniunt,
965 1926 995 1956 et

251 1983 348 2017 penes
373 1980 510 2008 montem
533 1975 658 2019 pietatis
675 1976 713 2009 de
731 1976 839 2010 eadem
859 1977 943 2010 Urbe
963 1976 992 2008 in

253 2027 428 2062 subsidium
460 2040 636 2074 pauperum
671 2036 701 2063 et
733 2031 793 2063 alia
822 2042 920 2075 opera
944 2031 994 2075 pia

251 2082 429 2124 erogandae
441 2082 555 2127 deponi
569 2084 680 2124 solent,
694 2094 796 2117 annua
811 2084 896 2117 mille
908 2090 995 2117 scuta

252 2141 396 2168 monetae
420 2146 591 2177 romanae,
611 2147 724 2181 nempe
749 2138 882 2180 singulis
907 2148 994 2170 men-

252 2188 338 2222 sibus
362 2190 604 2233 octuagintatria
625 2194 711 2224 scuta
731 2196 761 2224 et
787 2191 995 2233 trigintaduos

252 2241 422 2276 baiocchos
452 2254 523 2276 cum
553 2243 684 2276 dimidio
716 2244 826 2277 similis
851 2244 994 2277 baiocchi

254 2296 393 2329 eiusdem
409 2302 562 2338 monetae,
574 2297 604 2329 in
618 2298 722 2330 locum
738 2297 917 2340 octuaginta
931 2308 996 2331 scu-

254 2356 358 2383 torum
383 2351 452 2383 auri
485 2351 594 2384 iisdem
627 2351 805 2384 minoribus
830 2352 994 2394 poeniten-

255 2403 354 2437 tiariis
379 2404 501 2448 pridem
527 2404 758 2447 assignatorum
790 2415 870 2447 quae
894 2404 955 2437 illis
980 2415 995 2437 a

255 2459 380 2490 camera
404 2458 576 2501 apostolica
597 2458 840 2502 praestabantur
849 2469 856 2498 ;
878 2462 997 2502 praete-

255 2520 308 2544 rea
325 2511 491 2544 dimidium
517 2511 627 2544 iulium
652 2511 753 2544 dictae
778 2516 922 2545 monetae
939 2522 997 2555 pro

255 2565 387 2609 singulis
405 2564 517 2599 litteris
532 2565 722 2610 apostolicis,
737 2575 816 2609 quae
830 2576 926 2610 super
939 2565 998 2599 dis-

1014 207 1250 251 pensationibus
1283 208 1568 242 matrimonialibus
1601 208 1632 241 in
1664 207 1758 242 tertio

1015 260 1062 293 vel
1080 259 1111 292 in
1128 266 1241 304 quarto
1258 262 1359 304 gradu
1376 272 1433 306 per
1449 262 1588 296 officium
1612 267 1758 296 nostrum

1016 313 1147 346 minoris
1171 314 1290 356 gratiae
1314 321 1529 360 nuncupatum
1551 316 1609 349 sub
1626 315 1758 360 plumbo

1016 366 1234 410 expedientur,
1255 373 1285 400 et
1304 368 1433 412 insuper
1449 370 1508 402 tria
1524 370 1593 403 loca
1610 379 1681 403 cum
1700 374 1760 402 ter-

1018 421 1058 453 tia
1078 426 1168 464 parte
1192 421 1304 454 similis
1328 422 1390 455 loci
1415 423 1530 457 montis
1549 423 1632 466 fidei,
1651 428 1681 456 et
1700 423 1761 455 alia

1017 485 1129 508 novem
1148 475 1217 507 loca
1234 476 1351 508 montis
1370 476 1442 509 salis
1460 477 1615 510 secundae
1633 476 1761 511 erectio-

1017 528 1065 561 nis
1089 528 1128 561 de
1159 528 1242 562 Urbe
1266 529 1448 572 praedicta,
1474 536 1503 563 et
1527 530 1649 563 vineam
1675 535 1762 563 extra

1018 581 1142 615 moenia
1160 581 1262 624 Urbis,
1281 582 1362 615 intra
1386 593 1458 616 suos
1483 584 1664 617 notissimos
1684 583 1762 616 fines

1019 635 1121 678 sitam,
1146 645 1164 668 a
1187 635 1356 679 praedictis
1374 636 1535 669 modernis
1559 636 1761 680 poenitentia-

1020 689 1074 722 riis
1099 689 1261 733 acquisita,
1278 699 1401 723 necnon
1426 690 1593 734 pensiones
1618 701 1655 723 ex
1680 691 1762 723 loca-

1020 743 1104 776 tione
1129 742 1346 776 membrorum
1371 742 1484 776 domus
1515 743 1692 786 praedictae
1716 743 1763 776 lo-

1020 796 1085 829 cari
1110 796 1274 829 solitorum
1306 795 1543 840 provenientes,
1569 806 1641 828 cum
1666 796 1765 829 solitis

1020 850 1174 883 donativis
1199 850 1282 892 salis,
1300 860 1401 891 cerae,
1423 860 1458 882 ac
1482 849 1514 882 in
1538 849 1690 882 electione
1708 849 1766 882 Ro-

1021 903 1104 936 mani
1124 903 1293 944 Pontificis,
1310 908 1340 936 et
1365 903 1433 936 aliis
1458 903 1609 936 hactenus
1635 903 1679 935 eis
1695 902 1765 935 fieri

1021 957 1189 997 consuetis,
1214 967 1271 1000 per
1296 957 1381 1000 ipsos
1406 957 1544 990 minores
1564 956 1766 1000 poenitentia-

1021 1011 1085 1044 rios
1110 1010 1336 1054 percipienda‚
1365 1010 1539 1053 exigenda,
1561 1009 1699 1051 levanda,
1730 1020 1765 1042 ac

1022 1065 1053 1097 in
1070 1075 1143 1097 suos
1164 1070 1194 1097 et
1218 1064 1290 1097 dicti
1310 1064 1436 1107 collegii
1453 1074 1529 1097 usus
1547 1069 1576 1096 et
1595 1063 1764 1097 necessita-

1022 1121 1067 1151 tes
1088 1117 1307 1159 convertenda,
1325 1117 1443 1150 eisdem
1465 1117 1599 1160 collegio
1617 1123 1646 1150 et
1670 1117 1766 1149 mino-

1022 1173 1110 1205 ribus
1130 1172 1380 1216 poenitentiariis
1404 1171 1512 1205 itidem
1538 1175 1692 1215 perpetuo
1722 1181 1767 1203 as—

1023 1226 1195 1268 signamus.

1067 1279 1081 1322 §
1095 1279 1125 1312 4.
1140 1279 1185 1312 Ad
1200 1279 1278 1312 haec
1291 1279 1409 1312 dictum
1424 1278 1592 1321 collegium
1608 1278 1765 1311 minorum

1023 1386 1235 1429 praemittitur
1260 1391 1401 1418 erectum
1426 1389 1455 1419 et
1480 1385 1666 1426 institutum,
1693 1384 1765 1418 Col-

1024 1439 1139 1482 legium
1173 1439 1387 1483 Apostolicum
1418 1439 1575 1472 Minorum
1604 1438 1768 1471 Poeniten-

1025 1494 1190 1526 tiariorum
1216 1503 1294 1534 esse,
1311 1503 1347 1526 ac
1364 1498 1517 1536 perpetuo
1534 1493 1600 1526 fore
1618 1497 1647 1525 et
1663 1492 1769 1525 vocari

1025 1547 1150 1587 debere,
1163 1557 1221 1580 nec
1238 1547 1322 1579 illius
1339 1552 1453 1580 statum
1472 1550 1525 1579 aut
1541 1546 1770 1579 denominatio-

1026 1611 1096 1633 nem
1125 1600 1364 1644 quomodolibet
1389 1599 1549 1632 immutari
1574 1605 1627 1632 aut
1643 1599 1769 1632 alterari

1026 1664 1163 1697 unquam
1188 1664 1291 1697 posse,
1317 1653 1482 1686 statuimus
1506 1660 1537 1686 et
1560 1653 1769 1692 decernimus,

1008 1708 1195 1751 ,ipsumque
1216 1707 1385 1750 collegium
1412 1717 1448 1740 ex
1472 1717 1556 1739 nunc
1580 1706 1638 1739 sub
1663 1706 1771 1739 imme-

1027 1761 1111 1793 diata
1136 1761 1166 1793 B.
1194 1760 1278 1793 Petri
1306 1770 1342 1792 ac
1366 1762 1475 1792 nostra
1500 1764 1529 1792 et
1554 1760 1770 1792 Romanorum

1028 1815 1215 1848 Pontificum
1238 1824 1456 1847 successorum
1472 1819 1654 1847 nostrorum
1668 1813 1771 1847 Sedis-

1028 1879 1090 1912 que
1118 1868 1318 1911 Apostolicae
1346 1868 1543 1911 protectione
1571 1867 1769 1911 suscipimus.

1073 1922 1140 1965 gf).
1168 1922 1334 1954 Praeterea
1370 1922 1451 1954 idem
1486 1922 1655 1964 collegium
1687 1931 1769 1965 apo-

1029 1976 1173 2009 stolicum
1200 1975 1322 2008 dilectis
1347 1975 1420 2008 siliis
1437 1975 1630 2020 presbyteris
1648 1975 1772 2018 regula-

1029 2029 1116 2063 ribus
1145 2030 1324 2073 praedictae
1358 2030 1519 2063 Societatis
1553 2030 1622 2062 Iesu
1653 2029 1772 2072 pariter

1030 2089 1185 2128 perpetuo
1211 2083 1423 2123 concedimus,
1441 2084 1499 2116 hac
1521 2089 1625 2115 tamen
1643 2083 1721 2126 lege,
1740 2088 1773 2115 ut

1030 2137 1138 2170 eadem
1163 2137 1303 2171 Societas
1316 2137 1347 2169 in
1366 2137 1500 2179 collegio
1516 2136 1696 2169 huiusmodi
1716 2140 1773 2170 tre-

1030 2191 1130 2223 decim
1157 2190 1254 2234 ipsius
1280 2190 1442 2224 Societatis
1467 2190 1666 2234 presbyteros
1685 2200 1773 2232 regu-

1030 2245 1120 2286 lares,
1147 2244 1378 2288 comprehenso
1408 2244 1438 2276 in
1463 2244 1524 2276 illis
1548 2243 1621 2276 dicti
1648 2243 1772 2285 collegii

1031 2302 1163 2338 rectore,
1184 2298 1238 2341 qui
1255 2308 1365 2330 omnes
1382 2303 1411 2330 et
1428 2297 1543 2339 singuli
1561 2296 1771 2329 ministerium

1032 2351 1189 2383 minorum
1211 2351 1526 2393 poenitentiariorum
1548 2350 1579 2381 in
1600 2351 1773 2383 memorata

1031 2403 1160 2436 basilica
1185 2403 1294 2436 sedulo
1319 2413 1466 2436 exercere
1491 2408 1665 2445 teneantur,
1681 2408 1713 2435 et
1737 2413 1774 2436 ex

1031 2457 1145 2500 quibus
1169 2456 1231 2489 duo
1256 2467 1315 2500 pro
1336 2456 1451 2496 Italica,
1473 2456 1535 2489 duo
1561 2466 1619 2500 pro
1644 2456 1774 2497 Gallica,

1031 2510 1094 2544 duo
1118 2520 1177 2553 pro
1201 2510 1370 2553 Hispanica
1395 2514 1425 2544 et
1444 2510 1601 2552 Lusitana,
1618 2520 1699 2543 unus
1715 2520 1774 2554 pro

1032 2564 1228 2607 Germanica,
1242 2574 1323 2598 unus
1340 2574 1399 2608 pro
1415 2563 1605 2608 Ilungarica,
1621 2574 1702 2599 unus
1715 2574 1775 2609 pro

1669 148 1735 184 435
1779 159 1827 187 An.
1840 159 1870 187 c.
1893 158 1960 188 165⁹

1852 1288 1967 1316 Collegium

1023 1333 1348 1376 poenitentiariorum,
1374 1343 1391 1365 a
1411 1332 1502 1365 nobis
1519 1331 1558 1364 de
1582 1342 1663 1364 novo
1687 1316 1967 1369 sicutssslssillhilssl’eii

1831 1928 1971 1954 angularibus

1787 1956 1901 1978 societatis
1925 1955 1973 1975 lesu

1787 1982 1892 2003 concedit.
