2243 3205
23 165 72 196 An.
91 165 120 195 C.
136 163 204 193 1659

809 157 997 184 ALEXANDER
1020 157 1065 182 vn
1088 158 1136 182 1³1³.

215 209 365 255 quaginta
387 219 488 254 usque
503 209 542 243 ad
559 213 684 244 centum
698 208 886 253 imperiales,
907 207 954 241 vel

216 269 250 297 ut
273 274 433 297 summum
458 268 583 297 centum
617 262 729 296 floreni
761 261 869 301 aurei,
896 271 955 304 pro

216 317 388 361 quantitate
404 322 434 350 et
450 316 569 349 viribus
594 316 721 349 relictae
744 313 955 356 haereditatis,

216 370 247 402 in
263 369 515 404 recordationem
532 369 748 414 praecedentis
768 367 887 401 domini
907 367 956 400 ad-

217 423 338 463 dicant;
363 423 521 467 reliquum
546 433 621 456 vero
646 421 822 462 aerarium,
847 420 952 455 consi-

217 479 321 520 gnata,
335 482 369 510 ut
382 477 442 509 iam
455 476 573 509 dictum
588 481 643 516 est,
658 475 746 517 clavi,
762 485 843 508 novo
857 474 956 507 electo

217 530 365 574 episcopo
385 536 415 563 et
435 529 529 573 capiti
559 528 716 571 integrum
743 532 956 568 conservetur,
973 550 975 555 .

217 583 270 627 qui
286 593 345 616 nec
369 583 435 627 ipse
459 582 497 615 de
521 592 558 615 eo
575 581 693 626 aliquid
711 581 770 614 nisi
788 581 820 614 in
836 580 955 614 bonum

216 636 380 681 publicum
405 641 436 669 et
452 635 603 669 ecclesiae
627 635 804 676 utilitatem,
826 634 957 678 patriae-

217 700 278 734 que
296 695 326 723 et
341 689 541 722 subditorum
560 688 788 732 protegendam
813 687 955 728 salutem,

218 748 248 776 et
271 752 335 776 non
350 742 451 783 aliter,
472 751 614 784 erogare,
635 751 692 774 nec
711 741 771 774 nisi
790 741 956 774 accedente

217 805 371 829 consensu
388 795 515 839 capituli
533 794 702 838 disponere
722 794 761 827 de
778 804 815 827 eo
832 794 955 837 poterit.

260 859 289 883 v.
307 849 384 883 Cum
401 848 595 893 experientia
620 848 714 881 etiarn
735 853 856 881 constet
872 847 957 891 quod

216 902 421 937 ecclesiarum
447 901 647 944 interregnis,
673 901 773 945 capite
791 911 847 933 suo
868 900 959 933 desti·

216 956 291 990 tutis
314 955 464 996 ecclesiis,
488 954 675 999 priusquam
693 953 777 987 aliud
803 953 957 997 subroge-

217 1015 278 1050 tur,
305 1013 367 1044 tam
394 1007 619 1048 ecclesiastici,
647 1017 742 1051 quam
775 1008 955 1050 seculares,

217 1073 325 1097 causas
349 1062 479 1106 aliquas,
497 1072 575 1107 quas
591 1061 669 1094 vivis
686 1060 859 1095 Ordinariis
883 1066 958 1094 tam-

216 1127 311 1161 quam
336 1116 549 1160 cognitionem
581 1125 690 1148 earum
715 1114 902 1148 habentibus
927 1115 957 1148 in

215 1172 356 1205 savorem
372 1170 421 1204 sui
438 1174 468 1203 et
485 1168 688 1203 commodum
705 1179 889 1212 expugnare
908 1179 958 1202 ne-

216 1223 426 1269 quiverant,in
462 1222 552 1257 dictis
588 1222 778 1265 interregnis
814 1221 957 1256 obtinere

217 1278 436 1318 connitantur;
457 1287 526 1318 nos,
551 1276 702 1310 ecclesiae
725 1281 852 1309 nostrae
876 1275 958 1309 eius-

216 1342 278 1376 que
294 1330 528 1365 successoribus
545 1330 753 1371 consulentes,
771 1328 802 1362 in
816 1339 957 1363 commo-

217 1384 310 1419 dum¹
334 1390 365 1418 et
388 1384 555 1417 utilitatem
575 1383 669 1426 illius,
694 1382 911 1417 ordinavimus
928 1388 958 1416 et

218 1437 430 1472 conclusimus
445 1436 645 1479 unanimiter,
661 1446 711 1478 ne,
729 1436 802 1469 sede
819 1441 957 1477 vacante,

217 1491 389 1535 capitulum
414 1490 576 1534 quidpiam
594 1490 625 1523 in
645 1489 706 1523 hoc
725 1499 852 1533 genere,
872 1499 959 1533 prae-

217 1545 448 1589 terquamquod
473 1544 570 1578 sacris
591 1543 764 1578 canonibus
788 1543 848 1576 illis
873 1553 959 1587 prae-

217 1597 377 1632 missum⁵l
405 1601 459 1639 est,
485 1597 674 1631 discussioni
704 1601 734 1631 et
760 1596 958 1640 dispositioni

218 1662 292 1686 suae
308 1651 469 1693 attribuat,
491 1651 544 1684 sed
561 1650 667 1684 omnia
683 1650 722 1683 ad
739 1650 877 1684 futuram
902 1650 960 1682 ele-

218 1706 353 1740 ctionem
379 1704 716 1748 intronizationemque
741 1704 829 1737 electi
855 1703 960 1737 remit-

218 1763 270 1800 tat,
296 1764 330 1792 ut
355 1763 419 1792 tum
445 1759 508 1791 una
532 1767 603 1790 cum
624 1757 692 1801 ipso
712 1756 831 1801 pariter
854 1762 884 1789 et
912 1767 961 1789 ca-

218 1813 319 1858 pitulo
344 1811 577 1846 controversiae
600 1821 659 1855 pro
684 1810 730 1844 rei
755 1810 907 1854 gravitate
931 1813 961 1844 et

218 1865 404 1900 necessitate
427 1865 650 1909 prospiciatur.

265 1919 417 1953 Universa
441 1919 518 1951 haec
542 1917 699 1962 superiori
724 1918 842 1962 scripto
867 1928 959 1951 com-

219 1973 397 2018 prehensa,
424 1977 459 2005 ut
482 1972 521 2005 de
544 1972 641 2006 verbo
665 1971 704 2004 ad
738 1972 868 2005 verbum
884 1999 892 2012 ,
923 1971 960 2004 de

220 2026 355 2059 articulo
379 2025 417 2058 ad
443 2025 609 2058 articulum
627 2025 814 2058 inconcusse
831 2025 862 2057 in
879 2024 961 2057 hunc

220 2079 350 2113 modum
379 2084 409 2112 et
426 2078 559 2111 firmiter
578 2089 636 2122 pro
660 2078 752 2111 nobis
783 2078 962 2121 nostrisque

221 2134 254 2167 in
271 2132 403 2166 ecclesia
428 2135 457 2165 et
482 2131 618 2175 capitulo
637 2131 872 2165 successoribus
895 2142 963 2175 per-

221 2187 324 2231 petuis
343 2186 456 2219 futuris
473 2185 670 2229 temporibus
695 2184 913 2225 observentur,
934 2189 964 2217 et

222 2239 355 2273 memori
381 2238 600 2272 recordatione
628 2239 733 2272 animo
758 2238 964 2272 observentur

223 2293 262 2326 ad
293 2293 464 2326 faciliorem
494 2292 686 2336 posteritatis
710 2291 863 2333 notitiam,
882 2291 913 2323 in
933 2290 965 2322 il-

223 2346 276 2379 lud
300 2356 427 2390 quoque
445 2345 669 2385 consensimus,
688 2349 720 2378 ut
736 2354 885 2388 praeseus
905 2344 965 2376 hoc

224 2405 414 2444 perpetuum
433 2404 583 2431 statutum
613 2397 781 2441 quotannis
806 2397 835 2429 in
861 2397 964 2440 vigilia

225 2464 280 2487 seu
303 2463 362 2498 pro
386 2453 464 2486 sesto
497 2452 594 2485 sancti
621 2451 732 2485 Kiliani
766 2451 902 2495 episcopi
936 2455 966 2483 et

263 2526 272 2550 1
293 2523 361 2550 Edit.
380 2523 458 2550 Main.
475 2523 540 2556 legit
554 2522 768 2550 incommodum
784 2524 821 2555 (n.
838 2523 886 2554 τ.).

259 2567 276 2594 2
296 2568 408 2594 Videtur
426 2567 571 2602 legendum
589 2567 766 2601 permissum
786 2566 822 2602 (R.
843 2567 891 2600 ¹12).

308 2621 386 2649 Bull.
406 2621 490 2649 Rom.
508 2636 541 2641 —
560 2621 618 2648 Vol.
640 2620 714 2648 XVI.
872 2618 906 2648 58

1636 148 1703 183 457

989 206 1137 250 martyris
1160 212 1350 251 nostraeque
1366 206 1507 241 tutelaris
1525 206 1678 241 ecclesiae
1703 208 1734 240 in

989 263 1140 294 consueto
1160 265 1190 292 et
1213 261 1427 304 peremptorio
1453 261 1590 304 capitulo
1616 261 1735 304 praele-

989 317 1101 357 gatum
1134 319 1285 357 quantum
1322 324 1397 347 vero
1431 325 1467 346 ex
1501 315 1548 346 his
1574 314 1735 347 concernit

990 368 1172 412 episcopos,
1195 367 1309 400 futuris
1334 367 1556 411 episcoporum
1582 368 1734 412 capitula-

990 421 1127 455 tionibus
1157 431 1235 464 quae
1272 421 1456 453 incumbunt
1492 421 1630 464 capitulo
1665 430 1736 454 con-

990 474 1086 508 suetis
1104 474 1329 508 canonicorum
1349 474 1532 507 iuramentis
1551 474 1645 507 inseri
1665 484 1736 518 pro-

991 527 1184 561 curabimus.

1035 581 1069 614 In
1093 580 1187 613 huius
1211 579 1257 613 rei
1282 579 1391 620 fidem,
1418 580 1606 624 firmamque
1630 584 1659 614 et
1682 580 1732 613 in-

991 644 1175 668 concussam
1209 634 1482 675 observationem,
1515 644 1573 667 nos
1605 635 1735 667 loannes

992 687 1155 732 Philippus
1179 686 1233 720 Dei
1258 687 1360 730 gratia
1385 692 1510 720 sanctae
1535 688 1734 730 lllaguntinae

991 740 1073 774 sedis
1089 740 1356 785 archiepiscopus,
1371 741 1451 774 sacri
1470 741 1592 773 romani
1611 741 1733 784 imperii

991 804 1048 838 per
1072 793 1271 828 Germaniam
1302 794 1618 834 archicancellarius,
1641 794 1731 838 prin-

992 858 1065 891 ceps
1090 847 1228 887 elector,
1250 847 1418 891 episcopus
1443 847 1680 890 Ilerbipolensis
1706 852 1736 879 et

992 900 1160 933 Franciae¹
1179 900 1339 933 orientalis
1356 900 1428 942 dux,
1447 905 1477 932 et
1499 910 1556 933 nos
1576 900 1735 943 praeposi-

992 959 1051 995 tus,
1068 953 1205 992 decanus
1218 954 1334 994 senior,
1352 957 1382 988 et
1401 954 1572 998 capitulum
1590 958 1734 986 nostrum

992 1006 1165 1051 respective
1190 1007 1368 1048 electorale,
1389 1012 1597 1050 nostrumque
1615 1007 1736 1051 capitu-

991 1061 1057 1094 lare
1072 1061 1213 1104 sigillum
1231 1061 1279 1094 his
1296 1061 1429 1105 appendi
1457 1061 1645 1094 curavimus.

1036 1115 1148 1148 Datum
1173 1120 1340 1159 actumque
1365 1114 1547 1159 Herbipoli,
1572 1125 1590 1148 x
1616 1115 1733 1148 mensis

993 1168 1060 1201 iulii
1084 1178 1190 1202 runem.

1081 1222 1164 1255 Loco
1188 1223 1213 1265 -l-
1237 1222 1342 1265 sigilli.

1037 1274 1051 1318 ξ,
1075 1274 1104 1307 ⁶2.
1130 1275 1209 1308 Hinc
1226 1278 1272 1309 est
1291 1274 1376 1318 quod
1397 1284 1465 1314 nos,
1482 1274 1617 1307 firmiori
1636 1279 1666 1307 et
1679 1278 1737 1306 sta-

992 1328 1097 1362 biliori
1111 1328 1293 1361 earumdem
1315 1328 1572 1372 capitulationum
1592 1338 1647 1361 seu
1661 1338 1735 1362 con-

992 1382 1173 1415 ventionum
1206 1381 1425 1415 subsistentiae
1461 1385 1491 1416 et
1525 1382 1736 1416 observationi

993 1435 1157 1469 consulere
1170 1435 1320 1475 volentes,
1341 1445 1464 1468 necnon
1485 1440 1735 1468 memoratorum

993 1489 1117 1522 Ioannis
1142 1488 1277 1532 Philippi
1303 1488 1534 1531 archiepiscopi
1553 1499 1588 1521 ac
1605 1498 1738 1532 praepo-

993 1542 1053 1582 siti,
1078 1541 1187 1574 decani
1213 1547 1242 1574 et
1267 1541 1394 1585 capituli
1416 1542 1567 1574 ecclesiae
1587 1542 1738 1585 Herbipo-

993 1595 1088 1628 lensis
1124 1595 1299 1638 singulares
1335 1605 1486 1638 personas
1521 1605 1538 1627 a
1574 1595 1738 1638 quibusvis

994 1648 1337 1689 excommunicationis,
1364 1648 1578 1691 suspensionis
1595 1653 1626 1681 et
1646 1649 1738 1682 inler-

993 1702 1089 1741 dicti,
1121 1701 1253 1745 aliisque
1293 1701 1511 1734 ecclesiasticis
1554 1701 1737 1743 sententiis,

995 1755 1136 1789 censuris
1156 1760 1186 1788 et
1209 1755 1329 1798 poenis,
1348 1765 1364 1787 a
1382 1755 1451 1787 iure
1470 1755 1516 1787 vel
1541 1755 1580 1787 ab
1598 1755 1738 1795 homine,

995 1809 1104 1854 quavis
1128 1808 1294 1841 occasione
1307 1808 1354 1841 vel
1370 1809 1464 1840 caiisa
1481 1808 1561 1849 latis,
1581 1809 1606 1840 si
1624 1808 1739 1851 quibus

995 1861 1234 1906 quomodolibet
1259 1861 1426 1895 innodatae
1452 1861 1598 1902 existunt,
1612 1861 1650 1894 ad
1668 1861 1739 1894 effe-

996 1920 1078 1950 ctum
1111 1916 1324 1960 praesentium
1352 1915 1512 1948 dumtaxat
1541 1925 1738 1959 consequen-

996 1970 1081 2011 dum,
1094 1969 1209 2002 harum
1230 1968 1311 2002 serie
1326 1969 1523 2002 absolventes
1536 1973 1565 2002 et
1578 1968 1738 2002 absolutas

996 2024 1063 2057 sore
1087 2028 1260 2065 censentes,
1286 2026 1373 2056 motu
1398 2022 1529 2066 proprio
1554 2033 1590 2055 ac
1614 2023 1738 2055 matura

996 2077 1223 2111 deliberatione
1248 2077 1381 2117 nostris,
1415 2077 1516 2120 deque
1549 2076 1739 2120 apostolicae

997 2131 1157 2175 potestatis
1181 2130 1392 2174 plenitudine,
1418 2140 1527 2163 omnes
1552 2135 1581 2162 et
1601 2130 1740 2173 singulas

998 2184 1237 2228 capitulationes
1261 2194 1316 2217 seu
1342 2184 1564 2216 conventiones
1593 2184 1624 2215 in
1655 2183 1737 2215 scri-

999 2239 1091 2282 ptura
1115 2237 1312 2281 praeinserta
1330 2243 1503 2278 contentas,
1524 2243 1554 2269 ct
1576 2237 1656 2270 inter
1672 2246 1740 2269 eos-

998 2291 1069 2324 dem
1093 2291 1241 2324 Ioannem
1269 2290 1446 2334 Philippum
1465 2290 1739 2333 archiepiscopum

999 2345 1042 2377 uti
1067 2344 1245 2388 praesulem
1270 2343 1370 2377 dictae
1400 2343 1551 2376 ecclesiae
1584 2342 1741 2386 Herbipo-

1000 2397 1102 2439 lensis,
1128 2408 1163 2430 ac
1187 2397 1413 2441 praepositum,
1436 2396 1589 2428 decanum
1611 2401 1641 2428 et
1658 2396 1741 2439 capi-

1000 2451 1099 2484 tulum
1117 2451 1215 2495 ipsius
1232 2451 1382 2484 ecclesiae
1398 2449 1644 2493 llcibipolensis,
1662 2449 1743 2482 sicut

1000 2504 1233 2549 praemittitur,
1258 2504 1366 2543 initas,
1392 2509 1501 2536 tenore
1526 2503 1740 2547 praesentium

1038 2569 1046 2593 1
1071 2567 1157 2602 Supra
1176 2566 1274 2601 legitur
1293 2566 1475 2594 Francom'ae
1495 2570 1534 2599 (n.
1551 2566 1599 2600 τ.).

1748 158 1800 186 An.
1820 157 1849 186 C.
1866 157 1934 186 1659

1758 1284 1872 1306 confirmat
1882 1284 1934 1304 Pon-

1751 1312 1801 1332 tifex
1815 1311 1938 1332 conventio-

1751 1344 1806 1361 nem.
1829 1338 1937 1358 desectus-

1752 1371 1792 1392 que
1808 1365 1898 1391 supplet.
