2243 3205
250 203 295 228 An.
316 205 342 230 Γ..
365 204 432 230 tuns

302 511 342 526 via

277 1486 369 1507 Litterae
394 1492 424 1508 rc·

242 1514 378 1534 niissottales.

269 2440 371 2461 instantes
387 2445 425 2465 pro

241 2470 410 2488 canonizatione.

479 195 543 226 vtlt'i

448 252 588 283 stolicam
605 251 641 283 ad
659 251 831 283 solemnem
846 250 985 283 eiusdem
1001 250 1083 284 Beati
1099 261 1187 284 eano-

448 304 633 336 nizationem
660 303 922 347 quandocumque
953 304 1036 337 iuxta
1062 309 1186 337 sanctae

449 358 605 389 ltomanae
642 357 797 389 Ecclesiae
830 357 923 390 ritum
964 363 993 390 et
1024 367 1185 390 sacrorum

448 420 602 442 canonum
628 410 867 454 dispositionem
892 411 1074 454 procedere.

490 463 504 503 ,Ε
522 464 572 495 28,
589 464 701 495 Verum
717 464 1009 508 supervenientibus
1025 464 1114 497 novis
1133 463 1185 495 de-

446 517 538 549 cretis
565 517 749 550 recolendae
782 518 952 551 memoriae
979 518 1095 551 Urbani
1129 517 1184 549 Pa-

445 580 500 612 pae
527 570 707 609 l'lll,etiam
734 570 985 613 praedecessoris
1014 570 1123 610 nostri,
1149 569 1185 601 si-

445 622 499 654 luit
521 633 622 663 causa,
638 633 802 666 usquequo
827 623 883 655 suit
901 624 980 656 sacta
1000 622 1184 667 praemisso-

444 685 512 707 rum
546 676 688 708 omnium
726 676 835 709 relatio
870 677 980 708 similis
1012 675 1184 708 memoriae

445 729 624 761 Innocentio
642 729 664 761 X
686 729 789 761 itidem
810 729 1044 772 praedecessori
1063 732 1183 767 nostro,

443 788 472 814 et
496 782 534 814 ab
559 794 596 815 eo
621 783 786 826 deputatus
811 783 841 815 in
867 783 1033 815 relatorem
1060 785 1132 816 tunc
1152 781 1182 814 in

442 835 586 867 humanis
603 846 699 878 agens
724 836 824 868 bonae
850 836 1023 869 memoriae
1046 835 1182 867 Frideri-

442 900 496 921 cus
521 894 645 921 sanctae
664 890 820 921 Romanae
835 889 991 922 Ecclesiae
1015 887 1182 922 cardinalis

442 942 603 975 Cornelius
623 948 830 986 nuncupatus,
848 948 878 975 et
894 941 1015 985 signata
1039 941 1182 974 commis-

442 995 488 1027 sio
514 996 772 1039 reassumptionis
803 1006 925 1028 causae.
955 994 1179 1027 Demandatum

441 1048 533 1080 etiam
559 1049 617 1081 suit
641 1049 724 1081 dicto
749 1048 898 1081 cardinali
924 1048 1070 1082 Cornelio
1095 1048 1177 1080 rela-

442 1102 501 1134 tori
528 1113 598 1135 cum
625 1102 739 1135 dilecto
764 1102 829 1135 silio
854 1102 1013 1135 Hilarione
1041 1102 1181 1135 Roncato

441 1160 470 1187 et
496 1155 653 1198 quondam
678 1155 823 1188 Terentio
849 1154 968 1188 Alciato
993 1155 1181 1188 consultori-

443 1207 499 1240 bus
524 1218 654 1241 examen
687 1218 819 1252 operum
852 1207 990 1241 eiusdem
1022 1207 1102 1241 servi
1128 1208 1180 1240 Dei

441 1262 600 1302 Thomae,
625 1266 654 1294 et
679 1262 758 1294 sacta
783 1261 934 1295 relatione
958 1261 1118 1294 decretum
1151 1261 1180 1293 in

441 1315 501 1347 illis
526 1315 602 1347 nihil
628 1320 737 1348 contra
761 1314 854 1347 fidem
888 1320 917 1347 et
952 1314 1053 1348 bonos
1077 1324 1181 1347 mores

440 1378 498 1400 nec
523 1368 658 1411 aliquam
684 1368 858 1401 doctrinam
876 1379 891 1400 a
917 1368 1071 1401 catholico
1088 1377 1180 1400 sensu

442 1420 575 1453 alienam
594 1421 757 1454 contineri.

486 1474 500 1516 ξ
525 1473 576 1506 029.
602 1474 711 1507 Postea
745 1474 888 1507 decretae
917 1475 1038 1507 litterae
1070 1474 1181 1507 remis-

442 1527 572 1559 sorialcs
596 1527 633 1559 ad
659 1527 858 1570 probandum
896 1537 930 1559 ea
963 1538 1042 1571 quae
1073 1538 1181 1571 super-

442 1585 590 1613 venerant
614 1585 684 1624 post
709 1580 860 1612 indultam
890 1581 1133 1622 venerationem,
1152 1586 1182 1613 et

441 1634 578 1666 directae
612 1634 734 1666 litterae
769 1633 1001 1667 venerabilibus
1033 1634 1182 1667 fratribus

440 1688 555 1720 nostris
586 1687 827 1730 archiepiscopo
847 1687 1009 1720 Valentino
1034 1692 1063 1720 et
1087 1688 1182 1731 Sego-

440 1740 575 1773 bricensi
593 1745 622 1772 et
635 1739 839 1772 Derthusensi
857 1740 1022 1784 episcopis,
1040 1745 1070 1773 et
1086 1745 1183 1773 trans-

441 1793 544 1826 missis
569 1793 605 1825 ad
631 1793 748 1825 Urbem
777 1793 995 1836 processibus,
1021 1793 1052 1825 in
1076 1793 1181 1826 locum

440 1847 590 1890 praedicti
624 1847 790 1879 cardinalis
825 1846 961 1879 defuncti
994 1847 1182 1890 subrogatus

441 1906 485 1932 est
511 1900 642 1933 dilectus
663 1900 746 1933 tilius
769 1904 875 1933 noster
889 1900 1019 1933 loannes
1043 1900 1181 1944 Baptista

442 1954 608 1986 cardinalis
624 1954 751 1986 Pallotta
772 1958 979 1997 nuncupatus,
999 1953 1073 1986 dicti
1096 1953 1182 1987 Ordi-

441 2007 490 2039 nis
515 2007 611 2040 sancti
638 2007 801 2049 Augustini
825 2012 1003 2050 protector:
1021 2017 1036 2039 a
1053 2017 1116 2050 quo
1133 2007 1182 2040 iis-

442 2061 511 2093 dem
539 2061 739 2104 processibus
770 2061 799 2092 in
825 2060 1069 2104 congregatione
1094 2071 1182 2104 prae-

441 2113 523 2146 dicta
549 2114 664 2154 relatis,
689 2114 727 2146 ab
752 2115 851 2158 eaque
876 2119 998 2147 mature
1023 2114 1180 2155 discussis,

441 2167 633 2199 declaratum
653 2172 708 2208 est,
726 2167 849 2200 abunde
875 2172 1020 2200 constare
1044 2167 1082 2200 de
1106 2168 1181 2200 vali-

440 2220 545 2261 ditate,
561 2220 599 2252 de
626 2220 806 2261 relevantia,
831 2220 869 2253 de
893 2220 1088 2254 incremento
1117 2221 1181 2253 cul-

440 2278 497 2315 tus,
516 2283 551 2305 ac
572 2274 662 2305 ctiam
681 2273 718 2306 de
736 2273 859 2306 duobus
879 2273 947 2306 aliis
968 2273 1126 2306 miraculis
1143 2273 1181 2306 de

439 2336 520 2359 novo
545 2327 686 2370 patratis,
702 2331 731 2359 ct
744 2327 788 2359 sic
804 2326 971 2370 adimpleta
989 2337 1055 2360 esse
1076 2326 1193 2360 omnia

440 2390 474 2412 ea
493 2390 572 2422 quae
596 2379 685 2412 novis
709 2379 842 2412 decretis
866 2379 1101 2423 expetebantur.

485 2433 499 2473 ξ
527 2432 577 2465 30.
608 2433 836 2466 Accedentibus
861 2433 1012 2466 carissimi
1041 2433 1073 2466 in
1097 2433 1181 2467 Chri-

441 2490 488 2518 sto
508 2486 562 2518 tilii
577 2487 674 2519 nostri
697 2486 830 2530 Philippi
844 2487 882 2520 IV
895 2487 1117 2531 Hispaniarum
1135 2497 1181 2520 re-

442 2539 488 2581 gis
513 2539 668 2579 catholici,
687 2539 912 2573 venerabilium
934 2540 1027 2573 etiam
1045 2540 1179 2574 fratrum

442 2597 621 2625 nostrorum
648 2593 956 2637 archiepiscoporum
975 2598 1004 2626 et
1022 2593 1181 2637 episcopo-

1033 202 1210 226 nnLLARtUM
1236 200 1389 226 ROMANUM

1222 261 1291 283 rum
1310 259 1481 293 regnorum
1501 248 1677 293 Hispaniae,
1697 259 1818 282 necnon
1836 259 1959 283 eorum-

1220 303 1290 336 dem
1317 313 1486 346 procerum
1522 313 1558 336 ac
1583 303 1675 335 etiam
1707 303 1801 336 totius
1836 303 1959 336 Ordinis

1221 356 1430 388 Eremitarum
1463 356 1560 389 sancti
1594 355 1756 398 Augustini
1792 356 1959 399 precibus,

1220 409 1333 451 quibus
1353 419 1370 441 a
1388 409 1534 442 Romanis
1552 409 1754 442 Pontificibus
1777 408 1960 452 praedeces-

1219 462 1345 496 soribus
1369 463 1484 496 nostris
1509 462 1676 506 praedictis
1711 467 1740 495 et
1774 473 1792 495 a
1814 462 1905 495 nobis
1929 461 1960 494 id

1219 515 1344 559 saepius
1369 516 1604 559 postulaverant
1628 521 1658 549 et
1682 515 1892 559 postulabant.

1263 570 1277 612 g
1302 568 1353 602 31.
1381 569 1546 613 Reliquum
1573 574 1649 611 erat⁷
1665 572 1700 603 ut
1723 568 1760 601 de
1778 579 1867 602 more
1890 567 1960 600 uni-

1218 675 1348 707 missum
1379 675 1498 717 suerat,
1527 680 1748 715 recenserent,
1777 678 1806 708 et
1829 685 1887 718 pro
1912 674 1957 707 rei

1218 727 1369 770 gravitate
1400 733 1672 771 recognoscerent.
1706 728 1738 760 Id
1770 727 1854 771 quod
1886 737 1957 760 cum

1218 785 1304 813 recte
1325 780 1521 824 fideliterque
1545 781 1783 825 praestitissent,
1810 780 1958 824 idemque

1217 844 1325 867 omnes
1346 835 1524 875 sensissent,
1542 834 1720 878 praedictus
1740 834 1853 867 deinde
1870 835 1958 867 Ioan-

1218 897 1272 920 nes
1298 887 1435 931 Baptista
1460 888 1626 921 cardinalis
1649 888 1687 920 de
1710 888 1790 921 vitae
1818 888 1959 921 sanctita—

1218 945 1275 980 tae,
1293 940 1461 974 virtutibus
1479 946 1509 974 et
1533 941 1692 974 miraculis
1709 941 1789 974 servi
1807 940 1861 974 Dei
1881 940 1960 974 Tho-

1217 1004 1296 1036 mae,
1314 1004 1435 1027 necnon
1461 994 1499 1027 de
1523 994 1599 1028 actis
1619 994 1765 1028 omnibus
1791 994 1821 1027 in
1847 994 1957 1027 eadem

1216 1047 1333 1081 rituum
1359 1048 1603 1091 congregatione
1621 1058 1726 1081 coram
1743 1047 1834 1080 nobis
1850 1047 1958 1080 habita

1215 1101 1396 1144 plenissime
1421 1101 1536 1135 retulit.
1562 1101 1631 1134 Mox
1663 1111 1719 1145 per
1742 1100 1956 1134 venerabilem

1215 1153 1307 1186 etiam
1333 1154 1461 1187 fratrem
1483 1159 1625 1187 nostrum
1642 1153 1753 1186 Iulium
1773 1152 1956 1197 episcopum

1215 1207 1416 1239 Sabinensem
1435 1207 1463 1240 S.
1481 1207 1516 1240 P..
1541 1207 1574 1240 E.
1595 1206 1786 1240 cardinalem
1810 1207 1956 1240 Saccbet-

1216 1264 1278 1293 tum
1306 1260 1450 1292 similiter
1463 1265 1689 1304 nuncupatum,
1707 1260 1808 1292 dictae
1825 1270 1956 1302 congre-

1215 1314 1348 1357 gationis
1373 1315 1588 1357 praesectum,
1614 1314 1708 1347 totius
1732 1315 1855 1346 summa
1879 1324 1954 1357 pro-

1215 1379 1320 1401 cessus
1338 1369 1367 1401 in
1391 1368 1578 1401 consistorio
1594 1373 1703 1401 nostro
1723 1373 1843 1401 secreto
1864 1368 1955 1411 plene

1216 1422 1323 1462 relata,
1349 1423 1404 1454 sua
1438 1421 1694 1464 collegarumque
1725 1421 1879 1454 sententia
1903 1431 1956 1454 ex-

1215 1475 1339 1518 posita,
1360 1474 1473 1518 reliqui
1506 1474 1700 1515 cardinales,
1732 1475 1784 1518 qui
1809 1474 1957 1515 aderant,

1216 1527 1355 1560 unanimi
1370 1527 1521 1570 suffragio
1539 1527 1681 1560 eamdem
1699 1527 1885 1560 sententiam
1904 1537 1955 1571 ap-

1217 1580 1404 1624 probarunt.
1432 1580 1630 1624 Quapropter
1655 1580 1797 1624 sequenti
1827 1580 1955 1624 publico

1216 1633 1412 1675 consistorio,
1434 1633 1465 1666 in
1490 1645 1552 1677 quo
1578 1644 1636 1677 pro
1660 1634 1895 1667 canonizatione
1911 1633 1958 1666 di-

1216 1687 1256 1719 cti
1281 1687 1312 1719 Β.
1334 1687 1471 1720 Thomae
1491 1687 1585 1719 verba
1610 1687 1691 1727 fecit,
1711 1686 1842 1719 dilectus
1862 1685 1956 1718 etiam

1216 1740 1298 1773 silius
1323 1741 1443 1773 Marcus
1474 1740 1626 1773 Antonius
1657 1739 1802 1773 Burattus
1830 1742 1956 1773 nostrae

1216 1793 1441 1826 consistorialis
1466 1793 1554 1826 aulae
1578 1793 1755 1834 advocatus,
1776 1797 1806 1825 et
1828 1792 1956 1825 nomine

1215 1846 1364 1890 praedicti
1383 1846 1477 1888 regis,
1497 1856 1618 1881 necnon
1636 1845 1869 1890 praedictarum
1890 1845 1956 1878 uni-

1215 1900 1397 1933 versitatum
1422 1906 1452 1933 et
1476 1909 1658 1943 regnorum,
1686 1909 1722 1932 ac
1745 1899 1840 1933 totius
1865 1898 1955 1932 Ordi-

1215 1953 1262 1986 nis
1287 1954 1494 1987 Eremitarum
1524 1953 1615 1986 nobis
1645 1952 1805 1985 humiliter
1833 1952 1955 1996 suppli-

1215 2007 1303 2041 cavit.
1325 2008 1386 2040 Nos
1407 2007 1437 2039 in
1455 2012 1517 2039 tam
1538 2006 1624 2049 gravi
1650 2007 1744 2039 eausa
1768 2005 1954 2046 cardinales,

1216 2061 1419 2104 patriarchas,
1445 2060 1700 2104 archiepiscopos
1724 2065 1754 2093 et
1778 2059 1954 2103 episcopos,

1215 2114 1267 2157 qui
1294 2119 1366 2147 tunc
1391 2113 1531 2154 aderant,
1549 2113 1662 2147 hortati
1687 2123 1804 2153 sumus,
1821 2117 1856 2145 ut
1879 2113 1956 2146 elee-

1216 2167 1363 2211 mosynis,
1381 2167 1504 2199 ieiuniis
1522 2172 1551 2199 et
1568 2165 1765 2200 orationibus
1782 2165 1891 2199 sedulo
1911 2166 1956 2198 in-

1216 2219 1419 2262 cumberent⁴,
1433 2230 1495 2263 quo
1506 2220 1610 2252 divina
1618 2220 1761 2252 voluntas
1779 2219 1893 2252 clarius
1901 2228 1955 2252 no-

1216 2273 1263 2307 bis
1288 2273 1488 2306 elucesceret.
1506 2273 1539 2306 In
1560 2272 1735 2317 semipleno
1752 2272 1954 2316 postmodum

1215 2326 1402 2360 consistorio
1426 2337 1462 2359 ex
1484 2336 1572 2359 more
1589 2325 1748 2359 accersitis
1772 2335 1834 2358 non
1851 2325 1953 2358 solum

1215 2380 1424 2414 cardinalibus
1440 2407 1447 2421 ,
1472 2379 1681 2424 patriarchis,
1706 2378 1953 2423 archiepiscopis

1215 2439 1245 2467 et
1270 2433 1427 2478 episcopis
1452 2433 1631 2477 praedictis,
1661 2433 1715 2466 sed
1734 2432 1953 2477 praesentibus

1213 2487 1328 2520 nostris
1353 2493 1382 2520 et
1405 2487 1493 2520 Sedis
1518 2486 1713 2531 Apostolicae
1737 2485 1889 2527 notariis,
1916 2494 1952 2518 ac

1251 2604 1261 2629 1
1286 2601 1355 2629 Edit.
1377 2601 1456 2629 lllain.
1478 2601 1543 2636 legit
1563 2601 1726 2629 incumbent
1745 2602 1782 2636 (n.
1797 2600 1847 2635 T.).

1976 202 2022 234 An.
2039 201 2068 228 C.
2088 201 2156 229 1658

2015 581 2098 602 Relatio
2130 582 2156 603 du

1975 610 2016 627 sita
2034 611 2053 627 et
2069 608 2108 628 atta
2125 615 2156 629 se·

1219 632 1338 654 versam
1354 632 1479 655 causam
1498 622 1681 662 cardinales,
1699 622 1812 665 quibus
1830 621 1860 654 id
1877 631 1959 654 com·
1974 636 2047 660 quun.
