2263 3215
288 216 334 242 An.
353 217 379 241 C.
406 215 472 243 1656

323 385 470 409 'transumpto-

289 418 332 432 runi
349 411 408 431 fides.

321 1973 425 1994 Recenset
435 1977 481 1997 sup·

299 2000 428 2026 pressionem
444 1999 483 2019 tra·

299 2029 354 2047 trum
365 2025 483 2046 cruenti-ro-

300 2059 345 2073 rum
362 2055 381 2073 ot
398 2052 484 2072 canoni·

299 2085 370 2100 curum
404 2079 483 2103 ronula-

300 2107 353 2126 rium
378 2105 400 2126 S.
417 2105 484 2131 Spiri-

300 2135 332 2153 tus
341 2132 483 2153 Veneliaruinv

523 206 583 239 154

486 269 532 295 ter
565 269 595 295 et
627 274 773 307 expresse
805 263 1016 306 derogamus,
1050 264 1226 307 ceterisque

486 316 652 349 contrariis
676 316 937 360 quibuscumque.

530 369 545 412 g
569 367 598 401 8.
625 369 775 402 Volumus
805 373 908 402 autem
946 374 979 402 ut
1014 369 1226 413 praesentium

487 422 707 466 transumptis,
732 422 825 455 etiam
851 422 1028 466 impressis,
1054 432 1148 455 manu
1171 432 1227 455 no-

488 473 556 506 tarii
570 474 686 518 publici
701 475 900 520 subscriptis,
920 481 950 508 et
970 475 1073 519 sigillo
1097 475 1228 508 alicuius

488 537 639 570 personae
675 527 705 560 in
731 527 943 561 ecclesiastica
972 527 1123 571 dignitate
1151 537 1227 560 con-

488 579 612 613 stitutae
645 580 789 623 munitis,
814 580 921 614 eadem
955 591 1087 625 prorsus
1112 580 1228 624 ubique

488 633 564 666 fides
588 633 784 676 adhibeatur,
805 645 886 679 quae
911 633 1129 679 praesentibus
1153 633 1229 677 ipsis

488 686 709 729 adhiberetur,
742 688 767 721 si
800 689 902 722 forent
934 688 1090 721 exhibitae
1118 687 1172 729 vel,
1195 697 1229 720 0-

488 745 618 774 stensae.

532 794 643 827 Datum
653 795 781 837 Romae,
795 795 878 840 apud
888 795 917 830 S.
929 795 1058 828 Mariam
1070 794 1230 834 Maiorem,

489 847 547 880 sub
577 848 693 881 annulo
716 848 900 889 piscatoris,
921 848 971 881 die
992 858 1093 881 xxviii
1121 846 1230 892 aprilis

489 910 616 941 iincnvi,
634 902 833 945 pontificatus
853 901 953 935 nostri
975 911 1056 934 anno
1071 911 1103 934 11.

526 963 583 990 Dat.
600 963 643 991 die
657 963 691 991 ι28
705 963 799 1000 aprilis
816 964 893 998 1656,
910 964 1004 999 pontis.
1021 972 1091 991 anno
1107 970 1134 991 ιι.

809 1115 907 1150 XCIX.

491 1195 679 1238 Applicatio
693 1195 856 1235 bonorum,
869 1195 906 1227 in
919 1195 1014 1229 Statu
1023 1195 1233 1239 Reipublicae

541 1247 732 1281 Venetorum
755 1247 976 1290 existentium,
994 1247 1128 1282 Ordinis
1154 1249 1233 1283 Cru-

537 1302 711 1344 ciferorum
735 1305 763 1334 et
789 1301 1053 1344 Conqreqationis
1070 1301 1234 1334 canonico-

537 1364 612 1386 rum
647 1353 852 1397 reqularium
887 1354 919 1388 S.
955 1354 1100 1398 Spiritus
1142 1353 1234 1387 Vene-

539 1408 663 1440 tiarum
687 1411 715 1440 et
737 1417 915 1450 parvorum
932 1412 1146 1441 conventuum
1163 1417 1234 1451 sup-

537 1471 722 1504 presserunt
746 1461 849 1494 eidem
864 1461 1074 1505 Reipublicae
1088 1471 1148 1505 pro
1165 1461 1235 1493 sub-

537 1514 621 1546 sidio
646 1518 757 1546 contra
786 1514 907 1547 Turcas
919 1513 937 1546 ¹.

493 1593 664 1621 Venerabili
684 1593 771 1621 fratri
787 1593 888 1621 carolo
904 1593 1044 1628 episcopo
1069 1594 1234 1628 Aversano,

531 1645 610 1666 nunc
630 1640 661 1665 et
681 1645 733 1672 pro
754 1640 888 1672 tempore
915 1638 1060 1666 existenti
1079 1641 1183 1665 nostro
1205 1641 1236 1666 et.

530 1681 718 1716 apostolicae
739 1682 825 1709 sedis
846 1682 876 1708 in
902 1682 1030 1710 dominio
1056 1683 1236 1710 Venetorum

530 1733 652 1758 nuncio,

690 1771 854 1798 Alexander
879 1771 958 1806 Papa
977 1771 1040 1799 vu.

715 1842 902 1870 Venerabilis
917 1842 1023 1875 trater,

533 1887 664 1914 salutem
685 1889 716 1914 et
736 1886 933 1920 apostolicam
952 1887 1200 1914 benedictionem.

542 1967 557 2009 ἓ
582 1966 609 1998 1.
638 1967 746 2010 Nuper
765 1975 833 2006 nos,
851 1976 885 1999 ex
911 1965 1005 1999 certis
1026 1971 1097 1998 tunc
1115 1975 1238 2010 expres-

499 2019 540 2052 sis
558 2019 671 2061 causis,
688 2019 835 2054 Ordinem
858 2019 988 2054 fratrum
1005 2019 1236 2053 Cruciserorum

499 2078 774 2116 nuncupatorum,
801 2072 831 2105 iu
856 2083 918 2116 quo
942 2072 1066 2106 nonnisi
1103 2078 1238 2117 quatuor

500 2126 690 2159 monasteria
723 2131 930 2170 supererant,
955 2126 1029 2170 quia
1052 2137 1088 2159 ex
1117 2126 1238 2169 viginti-

499 2178 637 2222 quinque
662 2178 870 2219 monasteriis,
895 2178 1008 2222 quibus
1032 2179 1132 2212 dictus
1156 2178 1239 2212 Ordo

500 2231 531 2263 in
556 2231 737 2264 universum
763 2231 935 2271 constabat,
960 2231 1070 2274 viginti
1089 2235 1119 2264 et
1141 2239 1237 2264 unum

499 2284 530 2318 in
555 2284 616 2317 vim
642 2285 873 2319 constitutionis
897 2285 994 2319 felicis
1012 2285 1239 2319 recordationis

500 2338 672 2371 innocentii
698 2338 800 2382 Papae
819 2339 843 2372 X
861 2338 1113 2382 praedecessoris
1129 2338 1238 2380 nostri,

500 2401 579 2434 quae
615 2391 722 2435 incipit
756 2391 1019 2433 Instaurandae,
1044 2391 1133 2435 prius
1165 2401 1239 2436 sup-

500 2454 608 2487 pressa
638 2444 782 2485 fuerant,
807 2454 928 2478 necnon
956 2444 1237 2488 Congregationem

501 2497 724 2530 canonicorum
751 2497 943 2540 regularium
968 2498 998 2531 S.
1023 2498 1158 2541 Spiritus
1183 2498 1239 2531 Ve-

540 2613 548 2638 l
570 2611 604 2638 Ex
621 2611 728 2646 aegest.
746 2611 770 2638 in
787 2612 889 2639 δραι-εί.
907 2612 986 2639 Brev.

1074 215 1250 239 BULLARIUM
1277 215 1431 239 ROMANIJM

1261 262 1437 304 netiarum,
1462 273 1542 306 quae
1574 273 1669 296 unum
1696 267 1813 297 tantum
1847 268 2000 297 monaste-

1262 315 1342 349 rium
1368 315 1529 349 redactum
1555 315 1593 348 ad
1620 326 1736 359 paucos
1759 316 1924 350 canonicos
1951 327 1999 350 re-

1262 369 1387 412 gulares
1411 380 1482 402 cum
1508 368 1627 412 aliquot
1651 369 1794 413 hospitiis
1825 369 1888 403 sive
1906 380 2001 402 mem-

1262 421 1328 454 bris
1352 421 1495 462 habebat,
1519 423 1581 454 una
1607 432 1677 454 cum
1696 421 1841 455 omnibus
1859 422 2000 465 ipsorum

1263 474 1387 508 Ordinis
1412 480 1441 507 et
1465 474 1722 517 Congregationis
1743 474 1946 517 dignitatibus
1972 480 2002 508 et

1263 527 1373 560 officiis
1397 537 1432 560 ac
1457 527 1660 567 ministeriis,
1685 527 1833 570 omnique
1865 537 2001 560 conven-

1263 580 1423 621 tualitate‚
1449 581 1560 621 titulo,
1586 580 1720 613 essentia
1751 590 1787 613 ac
1820 580 2003 614 denomina-

1264 633 1357 675 tione,
1375 633 1574 674 extinximus,
1594 634 1827 677 suppressimus
1848 638 1878 667 et
1901 633 2004 666 abole-

1264 686 1365 719 vimus
1379 712 1386 726 ‚
1411 696 1447 719 ac
1472 686 1616 719 universa
1632 686 1815 720 eorumdem
1833 686 1958 719 Ordinis
1974 691 2004 719 et

1263 739 1521 782 Congregationis
1551 749 1794 783 suppressorum
1831 738 2004 783 respective

1264 792 1347 825 bona
1383 791 1513 825 mobilia
1537 796 1567 824 et
1591 790 1787 832 immobilia,
1818 794 1879 825 tam
1916 801 2005 825 sacra

1264 855 1358 890 quam
1383 845 1524 889 profana,
1543 849 1725 886 conventus,
1751 844 2004 886 monasterium',

1265 899 1401 943 hospitia
1418 925 1426 939 ,
1451 909 1506 931 seu
1531 898 1696 939 membra,
1722 898 1854 939 domos,
1881 898 2004 940 vineas,

1264 951 1410 996 praedia,
1435 961 1582 992 canones,
1607 950 1829 995 responsiones
1843 978 1851 992 ,
1874 951 2004 993 fructus,

1266 1004 1412 1039 introitus
1425 1009 1456 1038 et
1480 1004 1549 1038 iura
1573 1014 1800 1049 quaecumque,
1814 1003 2005 1048 ubicumque

1266 1058 1408 1091 locorum
1434 1058 1613 1099 existerent,
1638 1062 1764 1091 nostrae
1778 1062 1808 1090 et
1823 1056 1911 1091 Sedis
1928 1057 2006 1101 Apo-

1266 1110 1394 1144 stolicae
1410 1109 1608 1155 dispositioni
1633 1110 1664 1143 in
1685 1121 1760 1144 usus
1784 1115 1814 1143 et
1837 1119 1934 1154 opera
1953 1109 2006 1154 pia

1266 1174 1322 1209 per
1347 1175 1410 1207 eos,
1436 1164 1550 1209 quibus
1572 1164 1602 1197 id
1626 1175 1643 1197 a
1666 1164 1756 1198 nobis
1774 1169 1805 1197 et
1823 1163 1902 1197 Sede
1918 1173 2007 1208 prae-

1266 1218 1348 1252 dicta
1372 1217 1576 1251 commissum
1602 1217 1700 1260 soret,
1721 1217 1932 1251 convertenda
1955 1227 2005 1250 re-

1267 1273 1469 1308 servavimus.

1311 1327 1326 1371 ἓ
1350 1327 1379 1360 ΕΞ.
1405 1327 1570 1360 Praeterea
1584 1326 1736 1359 fratribus
1751 1326 1876 1360 Ordinis
1894 1332 1924 1360 et
1940 1337 2007 1372 per-

1268 1381 1354 1415 sonis
1367 1380 1626 1423 Congregationis
1643 1390 1886 1424 suppressorum
1904 1381 2009 1415 huius-

1269 1433 1375 1474 modi,
1399 1433 1452 1476 qui
1477 1436 1508 1466 ct
1531 1443 1611 1476 quae
1636 1437 1708 1466 tunc
1733 1432 1896 1475 vivebant,
1921 1440 1952 1467 et
1977 1434 2008 1467 in

1269 1487 1387 1520 eisdem
1412 1485 1528 1520 Ordine
1552 1496 1606 1518 seu
1627 1486 1877 1529 Congregatione
1902 1497 2009 1531 respe-

1270 1540 1349 1574 ctive
1374 1539 1601 1584 professionem
1627 1539 1806 1580 emiserant,
1830 1540 2008 1574 facultatem

1270 1592 1452 1626 transeundi
1488 1592 1526 1624 ad
1557 1592 1649 1625 aliam
1683 1602 1916 1637 quamcumque
1941 1593 2010 1626 reli-

1270 1646 1396 1690 gionem
1422 1645 1460 1678 ab
1485 1645 1595 1678 eudem
1617 1645 1695 1678 Sede
1723 1645 1950 1690 approbatam,
1978 1646 2010 1680 in

1269 1711 1331 1744 qua
1354 1699 1522 1732 benevolos
1548 1698 1723 1731 invenirent
1748 1704 1937 1743 receptores,
1956 1705 2010 1733 aut

1271 1752 1455 1787 remanendi
1480 1752 1510 1785 in
1536 1752 1642 1785 seculo
1667 1752 1698 1784 in
1715 1752 1823 1785 habitu
1843 1753 1950 1787 clerici
1967 1762 2012 1787 se-

1271 1806 1386 1840 cularis
1403 1805 1461 1838 sub
1482 1805 1698 1838 iurisdictione
1714 1810 1743 1838 et
1759 1805 1938 1840 obedientia
1958 1806 2012 1841 Or-

1271 1860 1467 1893 dinariorum
1496 1859 1638 1892 locorum
1658 1857 1710 1891 ubi
1731 1869 1785 1892 eos
1805 1859 1922 1893 morari
1941 1868 2012 1894 con-

1272 1913 1416 1956 tingeret,
1441 1922 1512 1945 cum
1537 1911 1719 1956 provisione
1743 1912 1927 1946 eorumdem
1950 1914 2011 1948 sra-

1271 1972 1355 2000 trum
1381 1966 1506 2001 Ordinis
1530 1966 1693 2010 suppressi
1709 1965 1861 2010 praedicti
1880 1968 2011 2011 sing-ulis

1271 2031 1329 2064 pro
1353 2019 1508 2053 alimentis
1530 2019 1558 2052 in
1577 2020 1699 2052 summa
1722 2019 1929 2063 quadraginta
1946 2030 2013 2055 scu-

1273 2079 1377 2107 torum
1417 2077 1559 2106 monetae
1601 2082 1749 2106 romanae
1786 2083 1884 2117 super
1918 2074 2012 2108 certis

1272 2126 1364 2160 bonis
1399 2131 1452 2159 aut
1476 2125 1650 2159 redditibus
1674 2126 1774 2170 ipsius
1799 2126 1923 2160 Ordinis
1940 2137 2013 2172 sup-

1273 2179 1384 2223 pressi,
1408 2179 1551 2223 personis
1578 2189 1650 2212 vero
1671 2179 1772 2212 dictae
1792 2179 2013 2224 Congregatio-

1272 2232 1321 2265 nis
1345 2242 1532 2276 suppressae
1567 2242 1625 2276 pro
1649 2233 1732 2266 victu
1757 2237 1787 2266 et
1811 2232 1879 2266 aliis
1902 2241 2012 2268 neces-

1274 2284 1364 2318 sariis
1389 2285 1420 2317 in
1446 2286 1567 2318 summa
1592 2285 1778 2319 ducatorum
1803 2291 1929 2320 centum
1949 2294 2013 2321 mo-

1272 2343 1362 2372 netae
1396 2343 1523 2372 venetae
1559 2339 1715 2372 currentis
1751 2339 1883 2383 singulis
1918 2345 2012 2385 super

1272 2391 1366 2424 certis
1391 2390 1481 2425 bonis
1506 2397 1535 2425 et
1558 2391 1733 2426 redditibus
1767 2392 1907 2426 eiusdem
1933 2393 2011 2428 Con-

1272 2444 1464 2488 gregationis
1501 2454 1689 2489 suppressae
1726 2446 1899 2490 respective
1924 2446 2012 2479 annis

1273 2497 1414 2540 singulis,
1439 2497 1539 2531 donec
1565 2499 1714 2539 viverent,
1733 2509 1787 2532 seu
1807 2499 1932 2532 aliunde
1952 2499 2010 2532 suf-

1312 2614 1320 2639 l
1340 2612 1435 2650 Aptius
1450 2612 1509 2648 lege
1526 2612 1700 2641 monasteria
1715 2613 1752 2648 (a.
1765 2614 1812 2649 T.).

2015 217 2064 242 An.
2085 216 2111 243 C.
2131 217 2194 246 1655

2049 1337 2151 1364 Sequitur
2173 1343 2203 1358 n·

2023 1369 2111 1385 censere
2123 1362 2204 1390 praedi·

2023 1393 2070 1412 ctas
2104 1390 2204 1412 connitu-

2023 1418 2106 1442 tioues,
2121 1416 2205 1438 ordinet

2024 1446 2045 1465 et.
2081 1443 2204 1465 determine·

2025 1470 2102 1491 nones.
