2243 3205
47 177 95 203 An.
116 174 144 202 C.
160 174 228 202 1659

90 2050 158 2073 'tenor
166 2051 247 2073 decreti

65 2078 141 2100 domtni
178 2079 248 2099 cardi-

65 2106 117 2126 nalis
137 2105 248 2126 Barberini

66 2133 196 2160 protectoris.

840 170 1026 197 ALEXANDER
1051 171 1095 195 VII
1119 172 1166 196 PP.

242 221 373 254 dilectus
397 221 480 254 silius
504 221 649 255 llocehus
663 221 701 254 de
714 221 872 262 villareto,
886 221 982 253 frater

243 284 391 318 expresse
416 275 575 318 professus
599 285 635 308 ac
663 275 693 307 in
726 275 865 307 Romana
895 273 982 307 curia

244 328 479 361 commissarius
504 329 660 372 generalis
689 328 814 362 Ordinis
849 327 981 360 fratrum

244 382 399 416 Minorum
418 383 516 416 sancti
541 382 699 416 Francisci
725 382 761 415 de
779 380 984 415 Observantia

244 441 506 480 nuncupatorum,
517 436 611 480 quod,
627 447 697 469 cum
713 435 778 480 ipse
793 435 868 468 alias
882 445 898 467 a
911 444 985 467 con·
1001 449 1003 460 ι

245 488 429 531 gregatione
454 489 679 522 venerabilium
706 489 838 521 fratrum
862 492 986 521 nostro-

245 552 316 575 rum
346 542 374 576 S.
408 543 442 576 R.
474 543 506 575 E.
543 542 749 576 cardinalium
786 541 921 585 negotiis
958 545 987 573 ct

246 596 530 629 consultationibus
556 597 779 641 episcoporum
806 601 835 628 et
864 595 987 638 regula-

246 649 328 683 rium
354 650 532 694 praeposita
558 650 717 694 petiisset,
742 654 787 691 ut,
816 649 854 682 ad
876 659 987 682 occur-

247 703 381 736 rendum
406 704 513 736 litibus
548 714 629 748 quae
654 704 736 736 inter
765 707 989 747 procuratores

247 762 277 789 et
302 757 409 790 curiae
434 756 613 801 praedictae
638 757 874 790 commissarios
899 766 990 799 gene-

247 810 328 843 rales
361 810 500 843 eiusdem
527 809 654 843 Ordinis
687 811 771 844 cirea
799 810 988 854 praeceden-

247 864 320 898 tiam
342 864 419 897 oriri
444 869 590 908 poterant
610 864 775 897 occasione
802 864 904 898 statuti
932 874 990 907 per

248 918 419 962 capitulum
456 918 605 961 generale
641 918 715 951 dieti
751 918 876 951 Ordinis
909 927 990 950 anno

248 981 343 1005 MDcLi
358 971 388 1004 in
402 972 484 1004 alma
510 971 594 1005 Urbe
612 971 804 1004 celebratum
824 971 908 1011 editi,
927 981 991 1015 quo

249 1030 377 1058 cavetur
408 1025 488 1058 inter
515 1030 756 1069 procuratorem
788 1030 818 1058 et
847 1025 992 1058 commis-

249 1079 367 1112 sarium
404 1079 563 1112 Romanae
597 1078 703 1112 curiae
739 1083 801 1111 tam
838 1078 990 1111 actualem

249 1143 343 1177 quam
384 1132 576 1165 habitualem
617 1132 701 1165 hunc
740 1132 884 1166 ordinem
925 1142 992 1165 esse

251 1185 440 1219 servandum
479 1191 513 1219 ut
552 1186 665 1219 ceteris
704 1186 832 1230 paribus
869 1195 993 1229 semper

251 1245 281 1273 et
306 1239 474 1282 utrobique
505 1243 693 1283 procurator
725 1239 855 1272 actualis
880 1239 994 1271 debeat

251 1293 442 1337 praecedere
481 1294 634 1326 actualem
673 1293 927 1326 commissarium
965 1298 995 1326 et

252 1346 421 1379 habitualis
435 1351 625 1390 procurator
638 1346 830 1379 habitualem
851 1346 994 1379 commis-

254 1400 382 1441 sarium,
408 1400 499 1432 istam
517 1400 702 1443 particulam
734 1401 843 1433 ceteris
858 1400 995 1444 paribus

254 1453 416 1486 declarare
436 1453 631 1495 dignaretur,
659 1453 767 1485 eadem
793 1453 996 1496 congregatio

255 1516 322 1540 eam
360 1517 427 1539 rem
465 1506 503 1539 ad
539 1506 751 1539 venerabilem
781 1506 909 1540 fratrem
946 1517 998 1540 no-

256 1566 356 1594 strum
371 1560 573 1594 Franciscum
588 1560 773 1605 episcopum
792 1561 996 1594 Portuensem

256 1614 447 1648 cardinalem
469 1614 673 1647 Barberinuin
688 1620 903 1658 nuncupatum
922 1615 999 1647 eius-

257 1668 329 1701 dem
354 1668 382 1701 S.
402 1669 435 1701 R.
458 1668 490 1700 E.
517 1668 584 1701 vice
609 1668 851 1709 cancellarium,
876 1678 912 1701 ae
936 1668 996 1701 Or-

258 1721 339 1755 dinis
363 1721 515 1766 praedicti
537 1722 621 1766 apud
641 1732 699 1755 nos
724 1726 753 1756 et
777 1722 888 1755 Sedem
910 1723 1000 1766 Apo-

259 1775 401 1809 stolicam
427 1781 641 1820 protectorem
667 1776 810 1817 remisit,
836 1782 869 1809 ut
893 1776 1002 1809 decer·

258 1833 348 1863 neret
378 1834 472 1873 prout
496 1829 582 1862 iuris.
615 1829 672 1868 Qui
702 1829 946 1863 declarationem
972 1835 1002 1862 ct

260 1882 420 1916 decretum
439 1883 575 1927 desuper
592 1883 698 1924 edidit,
713 1888 805 1927 prout
823 1884 1002 1917 continetur

262 1937 292 1970 in
317 1937 383 1970 eius
407 1936 519 1970 litteris
544 1937 662 1971 tenoris
686 1938 739 1981 qui
765 1938 925 1982 seqnitur,
951 1938 1003 1970 vi-

261 1990 391 2024 delicet:

312 2057 325 2077 (
340 2044 526 2078 Franciscus
549 2044 749 2079 miseratione
764 2045 867 2078 divina
881 2046 1000 2090 episco-

263 2109 323 2143 pus
336 2098 517 2132 Portuensis
534 2098 699 2132 cardinalis
715 2099 914 2140 Bai-berinus,
928 2100 956 2133 S.
969 2100 1002 2132 R.

263 2152 295 2185 E.
325 2152 614 2193 vicecancellarius,
643 2163 679 2185 ac
703 2152 828 2186 Ordinis
854 2154 882 2187 S.
908 2153 1005 2186 Fran-

264 2206 337 2239 cisei
364 2211 536 2250 protector,
561 2212 723 2239 corrector
748 2213 777 2240 et
802 2207 1004 2250 gubernator,

264 2260 386 2294 dilectis
419 2260 448 2293 in
482 2260 613 2294 Domino
645 2261 718 2293 filiis
752 2261 893 2305 patribus
925 2272 1001 2304 pro-

264 2313 466 2347 curatoribus
482 2318 512 2345 et
530 2313 753 2346 commissariis
775 2314 932 2346 Romanae
953 2314 1007 2346 Cu-

265 2367 330 2400 riae
354 2366 564 2399 habitualibus
594 2366 731 2399 eiusdem
766 2367 896 2399 instituti
930 2367 1007 2399 salu-

265 2425 327 2453 tem
362 2420 392 2453 in
424 2420 566 2453 Domino.
592 2421 687 2461 Cum,
717 2421 796 2453 sicut
830 2420 1006 2464 expositum

267 2479 313 2507 cst
338 2484 444 2508 sacrae
469 2474 708 2517 Congregationi
734 2474 869 2517 negotiis
890 2478 919 2507 et
937 2484 1009 2508 con-

267 2527 489 2561 sultationibus
514 2528 735 2571 episcoporum
762 2533 791 2561 et
813 2528 1006 2571 regularium

268 2582 483 2625 praepositae,
510 2581 546 2613 ad
573 2581 744 2624 abigendos
777 2581 1027 2615 controversia-¹

1015 230 1085 254 rum
1111 220 1268 253 anfractus
1294 221 1378 254 cirea
1398 218 1650 264 praecedentiam
1676 218 1757 251 inter

1017 277 1241 317 procuratores
1266 279 1296 307 et
1328 273 1564 308 commissarios
1595 272 1758 316 generales

1018 327 1192 359 habituales
1218 328 1324 360 curiae
1350 328 1525 367 Romanae,
1550 326 1614 359 sive
1642 326 1758 359 horum

1018 381 1201 414 nominibus
1226 385 1278 415 aut
1299 381 1395 414 titulis
1413 381 1588 424 insignitos,
1614 379 1760 424 expediat

1019 434 1200 467 huiusmodi
1233 434 1302 467 lites
1334 434 1513 474 terminari,
1544 438 1760 476 statutumque

1020 488 1137 521 editum
1171 488 1289 521 Romae
1323 498 1404 521 anno
1437 497 1532 520 MDCLI
1564 487 1695 530 exponi,
1720 486 1761 518 vi-

1021 541 1148 575 delicet:
1179 555 1191 573 s<
1211 541 1298 580 Quod
1336 541 1449 574 ceteris
1480 541 1609 584 paribus
1635 551 1761 584 semper

1022 601 1051 629 et
1078 596 1248 639 utrobique
1277 600 1465 639 procurator
1505 595 1635 627 actualis
1671 594 1763 627 debet

1022 649 1211 694 praecedere
1225 649 1377 682 actualem
1394 648 1657 688 commissarium,
1671 653 1700 680 ct
1712 647 1764 680 ha-

1023 704 1150 737 bitualis
1168 703 1358 737 habitualem
1379 713 1406 735 »1
1425 702 1578 745 nobisque
1596 702 1634 734 ab
1652 701 1763 734 eadem

1024 759 1128 792 sancta
1154 757 1401 800 congregatione
1434 755 1527 788 suerit
1560 755 1763 788 commissum

1024 811 1159 855 desuper
1184 811 1354 844 decernere
1379 814 1472 853 prout
1498 809 1590 841 iuris:
1616 808 1689 841 hinc
1720 814 1766 841 est

1025 865 1108 908 quod
1130 875 1197 905 nos,
1217 864 1284 908 pari
1303 864 1423 897 honore
1450 868 1479 895 et
1504 872 1598 895 onere
1625 862 1766 903 functos,

1025 929 1086 952 non
1113 919 1248 962 impares
1274 917 1408 950 emereri
1434 916 1698 960 praeeminentias
1719 926 1767 948 ae-

1025 973 1134 1016 quitati
1153 982 1326 1005 consonum
1345 981 1411 1003 esse
1432 975 1586 1014 putantes,
1601 970 1767 1013 primoque

1026 1026 1165 1060 emeritis
1190 1026 1298 1069 priora
1315 1024 1422 1057 deberi
1442 1024 1592 1068 praemia,
1609 1029 1702 1067 atque
1716 1023 1769 1056 Or-

1026 1080 1108 1112 dinis
1143 1078 1323 1111 huiusmodi
1365 1083 1553 1111 statutorum
1595 1076 1769 1110 inviolabili

1027 1132 1244 1166 observantiae
1269 1137 1298 1165 et
1323 1131 1519 1164 inveterabili
1550 1130 1770 1164 consuetudini

1029 1188 1237 1227 inhaerentes,
1263 1196 1384 1219 necnon
1414 1185 1694 1229 praedecessorum
1720 1195 1772 1217 no-

1028 1247 1165 1274 strorum
1191 1240 1326 1273 decretis
1341 1249 1438 1282 super
1455 1239 1513 1271 hac
1531 1249 1564 1271 re
1586 1238 1770 1271 iamdudum

1029 1295 1190 1335 emanatis,
1208 1299 1238 1326 et
1255 1293 1442 1337 praesertim
1464 1292 1703 1325 eminentissimi
1721 1291 1773 1325 do-

1030 1349 1105 1382 mini
1132 1348 1298 1381 cardinalis
1326 1347 1451 1388 Veralli,
1468 1346 1629 1380 olimdieti
1647 1346 1771 1379 Ordinis

1031 1402 1231 1446 protectoris,
1257 1401 1449 1445 praeviaque
1474 1400 1566 1433 huius
1585 1399 1628 1432 rei
1652 1400 1774 1432 matura

1031 1456 1241 1496 discussione,
1270 1455 1418 1495 dicimus,
1444 1454 1643 1487 decernimus
1668 1459 1695 1486 et
1722 1453 1775 1486 dc·

1032 1511 1205 1551 claramus,
1233 1514 1475 1553 procuratorem
1502 1508 1654 1541 actualem
1681 1517 1775 1550 gene-

1034 1564 1129 1597 ralem
1155 1563 1295 1606 legitime
1321 1562 1404 1595 iuxta
1429 1566 1544 1595 statuta
1577 1561 1607 1593 in
1639 1561 1776 1594 comitiis

1034 1628 1088 1650 seu
1105 1616 1404 1660 congregationibus
1422 1615 1622 1658 generalibus
1639 1615 1776 1648 electum

1034 1676 1063 1703 et
1077 1671 1271 1703 nominatum
1286 1668 1475 1713 praecedere
1490 1668 1606 1701 debere
1621 1669 1775 1715 aetuakem

1035 1724 1289 1758 commissarium
1306 1723 1335 1755 in
1351 1723 1468 1755 eisdem
1488 1722 1622 1755 comitiis
1638 1721 1777 1764 legitime

1036 1779 1179 1818 electum,
1204 1777 1397 1809 habitualem
1424 1787 1498 1809 vero
1524 1775 1777 1809 commissarium

1037 1831 1122 1875 prius
1139 1831 1273 1863 electum
1288 1829 1478 1873 praecedere
1496 1829 1688 1861 habitualem
1708 1839 1779 1873 pro-

1037 1890 1214 1918 curatorem
1230 1884 1386 1928 posterius
1402 1883 1577 1916 institutum
1593 1888 1622 1915 et
1639 1894 1695 1916 suo
1714 1893 1780 1915 mu-

1038 1950 1112 1972 uere
1133 1939 1285 1978 sunctum,
1305 1938 1380 1971 itaut
1398 1937 1429 1969 in
1449 1940 1610 1980 posterum
1627 1936 1779 1980 praedicti

1038 1996 1261 2036 procuratores
1278 1997 1307 2024 et
1325 1990 1532 2024 commissarii
1552 1990 1715 2033 generales
1729 1990 1780 2022 ha-

1039 2046 1171 2079 bituales
1196 2046 1277 2078 inter
1294 2056 1326 2078 se
1343 2044 1531 2089 praecedere
1549 2044 1682 2077 debeant
1697 2045 1781 2077 iuxta

1038 2099 1275 2143 antiquitatem,
1301 2100 1364 2131 sire
1389 2098 1617 2138 antiauitatem‚
1643 2099 1707 2131 sive
1732 2098 1780 2130 in-

1039 2153 1208 2187 stitutionis
1234 2154 1297 2185 sire
1322 2153 1483 2186 electionis
1509 2152 1539 2184 in
1569 2152 1701 2185 diversis
1733 2162 1781 2185 eo-

1041 2208 1134 2240 mitiis
1167 2211 1196 2241 et
1227 2206 1526 2249 congregationibus
1560 2206 1780 2249 generalihus;

1041 2260 1188 2293 suffectos
1213 2271 1302 2300 vero,
1323 2271 1377 2292 seu
1396 2259 1589 2300 substitutos,
1617 2265 1703 2291 extra
1728 2270 1781 2292 co-

1042 2314 1127 2347 mitia
1153 2319 1182 2346 et
1207 2313 1470 2356 congregationes
1495 2312 1658 2354 generales
1688 2323 1781 2356 prae-

1043 2368 1177 2400 fatorum
1204 2372 1448 2410 procuratorum
1470 2376 1525 2398 seu
1547 2366 1780 2400 commissario-

1043 2432 1112 2454 rum
1138 2422 1207 2454 loeo
1232 2421 1268 2453 atl
1296 2431 1392 2453 unum
1423 2425 1452 2452 et
1481 2420 1614 2452 alterum
1642 2430 1782 2461 annum,

1043 2476 1106 2508 sire
1131 2475 1241 2519 quovis
1268 2474 1386 2507 indulto
1407 2484 1516 2506 corum
1540 2473 1635 2506 titulis
1658 2473 1782 2516 insigni-

1044 2534 1100 2569 tos,
1125 2528 1150 2560 si
1175 2528 1250 2561 alias
1276 2527 1306 2560 in
1331 2527 1394 2560 suis
1419 2527 1590 2571 provinciis
1611 2528 1699 2571 prius
1725 2527 1782 2560 mi-

1044 2582 1130 2616 nistri
1157 2581 1365 2625 provinciales
1383 2591 1444 2615 non
1465 2580 1589 2623 suerint,
1604 2591 1665 2614 non
1681 2582 1782 2616 ‚solum

1665 161 1730 194 475
1778 170 1826 196 An.
1845 170 1873 197 c.
1892 170 1959 197 1659
