2243 3205
31 206 76 233 An.
92 204 119 230 C.
142 202 205 230 1661

57 1324 156 1355 Concedit
167 1330 215 1355 pro·

37 1354 58 1374 ut
68 1358 88 1373 m
98 1351 189 1373 rubrica.

806 197 992 222 ALEXANDER
1016 197 1060 220 vu
1085 197 1134 220 PP.

220 247 328 282 Brevis
347 246 499 291 expeditis
515 246 644 280 uberius
665 245 859 286 continetur;
881 256 966 279 cum-

221 311 282 345 que
312 300 362 333 his
394 305 607 333 mercatorum
641 300 766 333 fundaci
790 299 965 343 privilegiis

221 359 471 387 memoratorum
509 354 735 398 exponentium
778 353 965 386 universitas

222 407 351 451 eiusque
376 407 520 440 homines
545 417 651 440 eoram
685 416 887 451 quocumque
923 405 966 438 iu-

221 459 291 493 dice
307 459 424 493 fuerint
436 459 496 500 usi,
511 460 642 493 durante
661 470 771 493 eorum
787 470 857 493 cum
876 469 966 502 prae-

222 512 314 546 dictis
337 512 463 546 sundaci
484 513 715 546 mercatoribus
745 513 872 553 unione,
886 522 966 555 quae

222 576 333 609 nuper,
359 565 397 598 ad
422 565 614 599 dirimendas
640 566 741 599 varias
766 567 835 599 lites
860 569 889 599 et
909 565 968 598 dis-

223 618 384 652 sensiones
419 619 583 652 occasione
623 619 747 652 unionis
786 618 966 652 huiusmodi

224 676 365 713 exortas,
390 672 448 705 fuit
472 672 623 706 dissoluta
660 678 689 706 et
713 672 810 705 divisa
836 671 968 716 perinde

223 735 260 759 ac
285 725 309 758 si
341 725 394 757 illa
418 735 582 769 nunquam
611 725 698 759 unita
722 726 848 766 suisset,
874 735 967 768 quam

224 777 349 811 unionis
375 778 614 811 dissolutionem
644 784 674 811 et
698 778 885 811 divisionem
910 788 968 810 nos

223 842 282 876 per
305 837 429 865 nostras
453 832 503 865 die
529 842 595 866 xx11
620 832 797 865 decembris
823 831 968 875 proxime

224 885 386 929 praeteriti
412 885 504 918 etiam
530 885 561 918 in
585 886 687 919 forma
719 885 825 918 Brevis
849 885 969 918 litteras

225 938 492 982 approbavimus;
511 938 641 979 idcirco,
654 949 704 980 ne,
722 938 926 972 dissolutione
941 944 971 971 et

226 991 419 1026 resolutione
434 992 558 1025 unionis
571 992 752 1025 huiusmodi
766 992 900 1032 attentis,
916 992 970 1024 du-

226 1044 321 1078 bitari
346 1045 507 1088 contingat
531 1045 630 1079 dictos
656 1050 848 1089 exponentes
873 1056 969 1089 prae-

227 1098 318 1132 dictis
342 1099 516 1142 privilegiis
533 1104 563 1132 et
580 1098 709 1132 indultis
726 1099 771 1132 uti
787 1109 849 1132 non
869 1109 971 1142 posse,

227 1152 319 1186 nobis
335 1152 393 1196 ipsi
412 1158 602 1196 exponentes
620 1152 781 1185 humiliter
799 1152 971 1196 supplicari

228 1206 380 1248 fecerunt,
397 1211 431 1238 ut
447 1206 508 1239 sibi
533 1206 563 1238 in
589 1205 772 1249 praemissis
794 1211 973 1249 opportune

228 1259 396 1305 providere
420 1264 450 1293 et
474 1265 507 1292 ut
531 1259 611 1292 infra
636 1259 800 1302 indulgere
824 1259 861 1291 de
886 1259 972 1292 beni-

230 1313 347 1357 gnitate
365 1313 539 1357 apostolica
556 1313 770 1356 dignaremur.
788 1313 851 1345 Nos
868 1312 974 1355 igitur,

230 1366 407 1410 praedictos
432 1371 625 1410 exponentes
649 1365 839 1410 specialibus
863 1365 976 1399 favori-

231 1421 292 1454 bus
306 1424 336 1455 et
359 1421 468 1464 gratiis
485 1421 634 1464 prosequi
649 1420 798 1462 volentes,
818 1425 847 1453 et
864 1430 973 1453 eorum

232 1474 408 1518 singulares
433 1485 586 1518 personas
618 1485 635 1507 a
664 1474 828 1518 quibusvis
854 1484 977 1507 excom-

233 1528 454 1562 municationis
469 1555 476 1569 ‚
501 1527 718 1572 suspensionis
743 1532 773 1560 et
797 1527 976 1568 interdicti,

233 1582 365 1626 aliisque
389 1581 612 1616 ecclesiasticis
637 1581 810 1622 sententiis,
836 1581 977 1615 censuris

234 1640 265 1668 et
287 1635 408 1679 poenis,
433 1645 450 1668 a
475 1635 543 1668 iure
569 1635 616 1668 vel
640 1635 679 1667 ab
705 1635 843 1675 homine,
869 1635 977 1678 quavis

234 1689 400 1723 occasione
425 1689 472 1722 vel
493 1690 587 1721 causa
612 1688 692 1730 latis,
714 1688 738 1721 si
764 1689 878 1732 quibus
903 1699 979 1732 quo-

234 1742 408 1776 modolibet
424 1742 590 1776 innodatae
607 1742 753 1782 existunt,
771 1742 809 1774 ad
830 1742 977 1775 effectum

234 1796 449 1841 praesentium
466 1796 626 1828 dumtaxat
647 1796 914 1839 consequendum,
928 1795 979 1828 lia-

234 1860 306 1883 rum
331 1849 412 1883 serie
436 1849 636 1882 absolventes
668 1854 698 1882 et
726 1849 886 1882 absolutas
911 1849 978 1882 sore

236 1908 408 1945 censentes,
429 1902 610 1936 huiusmodi
637 1902 920 1946 supplicationibus
937 1903 980 1935 in-

237 1956 353 1997 clinati,
378 1956 573 1989 universitati
599 1956 824 2000 exponentium
849 1967 884 1989 ac
913 1956 980 1989 eius

236 2010 419 2044 hominibus
450 2021 509 2054 pro
534 2021 662 2043 suarum
688 2010 790 2054 pretio
816 2010 979 2052 mercium,

237 2074 292 2097 seu
306 2074 412 2097 rerum
430 2063 653 2104 fundacalium,
671 2074 751 2107 quae
768 2063 806 2096 ad
821 2063 981 2096 indumen-

237 2122 342 2152 torum
356 2128 448 2150 usum
463 2117 637 2150 inserviunt
653 2116 823 2157 dumtaxat,
834 2127 870 2149 ac
888 2116 981 2149 modo

238 2176 268 2204 et
284 2171 385 2204 forma
402 2176 429 2204 et
448 2181 506 2214 pro
527 2170 636 2203 iisdem
659 2169 888 2203 mercatoribus
915 2170 982 2202 fun-

238 2223 398 2257 dacalibus
423 2223 466 2256 uti
492 2223 678 2256 fruebantur
706 2228 777 2256 ante
809 2222 980 2266 praefatam

238 2277 364 2311 unionis
389 2277 629 2311 dissolutionem
663 2283 692 2309 et
717 2276 925 2317 divisionem,
954 2282 983 2309 ct

239 2340 302 2364 non
320 2331 404 2373 alias,
422 2330 625 2375 praelationis
640 2335 670 2363 et
686 2340 749 2363 non
764 2329 983 2374 appellationis

239 2384 404 2429 privilegia
429 2384 466 2417 ad
491 2384 712 2427 primodictam
738 2393 892 2415 summam
912 2393 982 2415 scu-

241 2443 346 2471 torum
380 2437 608 2481 quinquaginta
641 2442 786 2469 monetae
811 2436 895 2468 iuxta
920 2436 982 2468 sor-

242 2500 325 2524 mam
340 2490 572 2534 praedictarum
590 2489 706 2523 Urbani
731 2489 983 2533 praedecessoris

242 2544 274 2578 in
298 2545 400 2578 forma
425 2543 531 2576 Brevis
559 2543 758 2583 litterarum,
784 2553 917 2586 quarum
944 2548 984 2575 te-

243 2608 353 2633 norem
371 2596 591 2643 praesentibus
607 2607 665 2641 pro
679 2597 771 2641 plene
788 2601 818 2629 et
834 2596 872 2629 de
887 2597 983 2630 verbo

1646 186 1709 221 687
1758 197 1846 223 Amo.
1873 196 1934 223 1th

998 244 1037 277 ad
1055 244 1184 277 verbum
1206 254 1354 288 expresso
1372 250 1399 277 et
1426 245 1543 278 inserto
1561 245 1670 278 haberi
1688 255 1741 278 vo-

998 299 1112 338 lumus,
1130 299 1316 332 auctoritate
1334 299 1516 343 apostolica,
1538 297 1739 332 earumdem¹

998 358 1107 385 tenore
1124 353 1347 396 praesentium,
1366 353 1568 386 concedimus
1582 358 1612 386 et
1628 352 1742 396 imper-

999 406 1105 440 timur.

1045 459 1059 502 ἓ
1083 458 1112 491 3.
1139 459 1348 491 Decernentes
1374 459 1455 502 ipsas
1487 464 1666 502 praesentes
1696 459 1743 491 lit·
1784 471 1902 492 clausulae.

1000 518 1083 546 teras
1108 523 1234 556 semper
1259 513 1376 552 firmas,
1402 513 1518 545 validas
1543 518 1573 546 et
1597 513 1740 546 efficaces

1001 566 1134 599 existere
1159 570 1189 599 et
1212 566 1288 607 sore,
1315 577 1453 611 suosque
1475 566 1634 610 plenarios
1652 571 1682 599 et
1700 566 1742 598 in-

1001 625 1108 662 tegros
1122 618 1251 652 effectus
1269 619 1374 652 sortiri
1393 623 1422 653 et
1439 620 1590 662 obtinere,
1611 631 1647 653 ac
1672 619 1742 660 illis,

1001 674 1040 706 ad
1060 683 1139 717 quos
1156 678 1276 716 spectat
1300 679 1329 705 et
1343 684 1401 716 pro
1419 679 1563 717 tempore
1581 673 1743 717 spectabit,

1002 727 1181 771 plenissime
1208 726 1389 769 suffragari,
1414 727 1521 770 sicque
1546 727 1576 759 in
1597 727 1745 770 praemis-

1003 780 1043 813 sis
1068 791 1124 824 per
1141 791 1359 824 quoscumque
1377 780 1497 813 iudices
1521 779 1698 813 ordinarios
1716 785 1745 812 et

1003 833 1173 876 delegatos,
1198 833 1291 866 etiam
1317 844 1482 866 causarum
1501 832 1744 876 palatiiaposto-

1003 886 1054 919 liei
1079 891 1109 919 et
1133 886 1240 919 euriae
1264 896 1407 919 camerae
1440 885 1629 929 apostolicae
1654 895 1746 927 gene-

1004 940 1102 972 ralem
1124 939 1294 980 auditores,
1313 938 1445 971 iudicari
1464 943 1494 971 et
1514 937 1638 971 definiri
1656 937 1747 970 debe-

1004 1003 1049 1033 re,
1066 1003 1102 1025 ac
1116 993 1239 1025 irritum
1252 998 1281 1025 et
1293 993 1393 1032 inane,
1412 992 1435 1024 si
1453 1002 1543 1024 secus
1561 1002 1656 1035 super
1668 991 1715 1023 his
1729 1001 1746 1023 a

1005 1057 1174 1090 quoquam,
1191 1047 1300 1090 quavis
1324 1046 1520 1086 auctoritate,
1545 1045 1681 1079 scienter
1698 1045 1746 1077 vel

1006 1100 1198 1143 ignoranter,
1217 1100 1384 1143 contigerit
1401 1099 1555 1132 attentari.

1051 1154 1064 1196 ξ
1089 1153 1119 1186 4.
1145 1154 1213 1186 Non
1238 1153 1435 1186 obstantibus
1460 1152 1653 1196 praemissis,
1678 1162 1748 1185 nec-

1007 1217 1070 1240 non
1083 1206 1229 1240 omnibus
1247 1212 1275 1239 et
1290 1206 1421 1249 singulis
1436 1206 1505 1248 illis,
1519 1216 1598 1250 quae
1615 1206 1645 1237 in
1660 1216 1749 1249 prae-

1008 1260 1098 1293 dictis
1124 1260 1241 1293 Urbani
1266 1260 1519 1304 praedecessoris
1543 1259 1655 1292 litteris
1680 1269 1750 1293 eon-

1009 1325 1096 1348 cessa
1110 1319 1182 1347 sunt
1198 1324 1261 1347 non
1279 1305 1413 1355 obstare,
1431 1314 1607 1358 ceterisque
1627 1318 1751 1347 contra-

1009 1367 1064 1400 riis
1082 1367 1345 1411 quibuscumque.

1054 1421 1165 1454 Datum
1191 1420 1221 1453 in
1253 1431 1324 1453 arce
1350 1419 1538 1463 Gandulplii,
1569 1419 1752 1453 Albanensis

1010 1474 1180 1516 dioecesis,
1206 1474 1264 1507 sub
1298 1474 1413 1507 annulo
1440 1474 1625 1515 Piscatoris,
1651 1473 1701 1506 die
1720 1483 1751 1505 vi

1011 1528 1083 1561 maii
1104 1538 1231 1568 MDCLXI,
1249 1528 1450 1572 pontificatus
1467 1527 1565 1560 nostri
1590 1537 1671 1560 anno
1696 1537 1750 1560 vn.

1046 1591 1107 1618 Dat.
1125 1590 1167 1617 die
1183 1590 1198 1617 6
1214 1590 1276 1618 maii
1299 1590 1375 1621 1661,
1398 1589 1492 1625 pontif.
1513 1598 1582 1617 auno
1598 1596 1644 1616 vn.

1779 1162 1894 1184 Contrariis
1910 1162 1947 1183 de·

1764 1191 1830 1215 rogat.

1316 1731 1445 1765 CCCXL.

1014 1813 1203 1848 Commissio
1218 1812 1445 1856 eoeequulionis
1470 1811 1688 1856 quorumdam
1703 1811 1755 1844 de-

1058 1871 1218 1900 cretorum
1230 1877 1290 1910 pro
1305 1866 1475 1909 provincis?
1489 1866 1536 1898 Ss.
1557 1865 1715 1898 Ludovi'ci
1728 1869 1757 1898 et

1057 1920 1202 1954 Elzearii
1227 1921 1316 1953 tertii
1343 1919 1478 1953 Ordinis
1498 1919 1603 1952 sancti
1622 1919 1653 1952 F
1654 1919 1756 1951 ranci—

1058 1974 1104 2007 sci
1128 1973 1387 2017 conflreqntionis
1414 1973 1604 2006 Gallicanae
1630 1972 1756 2005 archie-

1056 2029 1196 2072 piscopis
1217 2028 1374 2060 Tolosam
1394 2031 1422 2060 et
1445 2024 1712 2069 Burdeqalensffl.

1208 2109 1374 2135 Alexander
1395 2108 1474 2141 Papa
1493 2107 1560 2140 VII,

1164 2152 1200 2179 ad
1216 2152 1348 2179 futuram
1365 2151 1409 2179 rei
1430 2151 1611 2178 memoriam.

1061 2224 1076 2267 g
1100 2223 1129 2255 1.
1155 2223 1273 2266 Exponi
1300 2222 1390 2256 nobis
1415 2233 1517 2266 nuper
1543 2223 1682 2255 fecerunt
1709 2222 1757 2254 di-

1017 2276 1089 2310 lecti
1113 2275 1169 2308 filii
1195 2275 1337 2308 minister
1362 2276 1563 2319 provincialis
1588 2281 1618 2308 et
1642 2275 1755 2308 desini-

1018 2335 1101 2362 tores
1125 2328 1307 2373 provinciae
1332 2328 1378 2361 Ss.
1400 2328 1549 2361 Ludoviei
1575 2333 1604 2361 et
1628 2328 1758 2361 Elzearii

1018 2382 1101 2415 tertii
1125 2381 1250 2415 Ordinis
1275 2382 1372 2414 sancti
1398 2381 1555 2414 Francisci
1587 2391 1759 2425 congrega-

1019 2436 1112 2469 tionis
1143 2436 1345 2476 Gallicanae,
1377 2435 1461 2479 quod
1495 2436 1591 2477 alias,
1618 2435 1761 2469 videlicet

1018 2500 1099 2522 anno
1117 2499 1243 2530 MDCfflx,
1260 2499 1315 2533 per
1335 2488 1482 2522 dilectum
1508 2489 1608 2522 silium
1623 2490 1759 2523 Leonem

1801 2228 1915 2255 Exposiuo.

1056 2561 1065 2585 1
1089 2559 1156 2586 Male
1178 2559 1242 2586 edit.
1260 2558 1337 2585 Main.
1356 2559 1419 2593 legit
1434 2560 1601 2586 eorzmzdem
1618 2563 1653 2592 (R.
1666 2560 1713 2594 τ.).

1053 2606 1069 2630 2
1085 2605 1120 2631 Ex
1140 2604 1245 2638 neges-t.
1263 2604 1289 2630 iu
1305 2604 1406 2631 Secret.
1430 2605 1509 2631 Brev.
