2243 3205
58 179 107 206 An.
123 177 152 205 C.
171 175 239 204 1662

42 349 45 351 '
86 346 174 367 Mouva.

88 1839 246 1863 Ordinattones.

7 3197 17 3205 ,,

22 2871 31 3205 mnam
19 2657 25 2860 ΕΜ

854 173 1039 199 ALEXANDER
1059 172 1104 197 vn
1122 173 1170 197 PP.

256 224 327 258 vina
352 229 540 269 cooperante
565 224 730 258 clementia
748 251 755 265 ,
785 223 998 257 favorabiliter
1016 225 1018 240 ²
1034 232 1128 266 super
1152 221 1201 254 liis
1227 226 1256 254 et
1281 220 1443 265 quibusvis
1471 214 1539 252 aliis
1563 219 1654 252 bonis
1680 225 1708 252 et
1733 219 1777 251 iu-

257 278 469 311 intendamus.

301 334 315 375 ξ
339 332 368 364 ’1.
395 332 475 365 Sane
500 332 688 365 dilectorum
720 332 858 364 filiorum
884 330 1000 375 prioris

257 391 287 418 et
312 387 540 419 monachorum
567 386 749 420 Cartbusiae
785 387 813 419 S.
840 385 998 418 Laurentii

257 439 295 472 de
321 439 437 472 Padula
461 440 586 473 Ordinis
611 440 849 477 Cartbusiensis,
870 439 1000 482 Caputa-

257 494 383 536 quensis
408 493 571 534 dioecesis,
602 494 826 537 conquestione
856 493 999 537 percepi-

257 557 337 588 mus,
363 547 446 591 quod
472 548 622 581 nonnulla
648 553 761 588 castra,
788 548 877 580 villae
896 551 924 581 et
941 547 1000 579 alia

257 600 335 641 loca,
361 606 475 641 terrae,
500 601 622 643 domus,
648 602 874 644 possessiones,
901 611 1000 643 aquae

257 660 287 687 et
312 655 463 688 decursus
476 666 640 698 aquarum,
663 655 741 694 iura,
760 655 1000 695 iurisdictiones,

257 707 397 750 fructus,
423 718 555 747 census,
581 708 743 750 redditus,
776 713 946 752 proventus
971 713 1001 740 et

257 762 407 793 nonnulla
433 762 502 802 alia,
521 762 650 794 mobilia
674 766 703 795 ct
727 762 912 801 immobilia,
938 761 1000 805 spi-

258 814 382 847 ritualia
407 821 436 848 et
469 816 664 859 temporalia,
697 816 779 849 bona
812 816 842 848 in
866 816 999 860 Caputa-

259 869 369 911 quensi
402 875 431 902 et
466 869 534 903 aliis
568 869 764 903 dioecesibus
800 870 1000 903 consistentia

259 920 421 965 ¹specteut
445 927 474 956 et
491 923 679 967 pertineant,
697 927 727 956 et
744 923 884 956 nonnulli
907 922 998 954 etiam

259 975 418 1008 civitatum
445 981 475 1008 et
499 976 690 1017 dioecesum,
708 987 742 1008 ae
761 976 898 1020 partium
913 986 1001 1019 prae-

258 1029 394 1062 fatarum
414 1040 476 1063 non
494 1030 665 1063 formident
682 1030 789 1062 eadem
809 1033 926 1069 castra,
945 1029 1000 1061 vil-

259 1083 314 1124 las,
340 1083 408 1116 loca
433 1087 463 1117 et
492 1088 601 1124 terras,
627 1083 748 1123 domos,
775 1083 999 1126 possessiones,

259 1147 366 1181 aquas,
392 1147 427 1170 ac
452 1137 604 1170 decursus
629 1147 793 1180 aquarum,
811 1136 890 1175 iura,
909 1136 1001 1169 iuris-

259 1189 434 1231 dictiones,
466 1190 608 1230 fructus,
641 1200 773 1230 census,
806 1189 947 1222 redditus
971 1195 1001 1223 et

258 1247 431 1287 proventus
451 1243 635 1277 eorumdem
654 1254 820 1287 occupare,
838 1244 886 1276 vel
904 1254 1001 1287 super

259 1297 377 1330 eisdem
403 1302 433 1330 et
457 1298 708 1341 quibuscumque
727 1297 795 1330 aliis
815 1297 915 1337 bonis,
937 1307 1001 1330 mo-

259 1350 375 1384 bilibus
410 1356 440 1383 et
471 1351 704 1393 immobilibus,
731 1350 945 1394 spiritualibus
971 1356 1001 1383 et

260 1404 498 1448 temporalibus,
524 1404 614 1448 aquis
632 1410 661 1436 et
681 1403 750 1436 aliis
765 1404 870 1445 rebus,
888 1404 999 1436 iisdem

260 1458 423 1491 monacbis
442 1458 631 1502 multiplices
649 1457 807 1490 molestias
825 1462 854 1490 et
871 1457 1001 1490 iniurias

260 1511 378 1544 inferre
402 1515 432 1545 et
456 1512 600 1545 iacturas.
625 1511 728 1551 Quare
753 1511 826 1544 dicti
863 1511 952 1555 prior
973 1516 1002 1543 et

261 1565 408 1598 monachi
432 1565 524 1598 nobis
549 1565 711 1598 humiliter
736 1565 905 1609 supplicari
924 1565 1002 1597 sece-

260 1624 344 1659 runt,
367 1624 412 1660 ut,
430 1630 501 1652 curn
520 1619 577 1651 sibi
596 1619 684 1651 valde
703 1619 852 1652 reddatur
876 1619 1001 1651 difficile

259 1683 318 1716 pro
343 1672 474 1715 singulis
499 1673 636 1716 querelis
653 1672 690 1704 ad
711 1672 822 1705 Sedent
848 1672 1002 1715 Apostoli-

260 1737 329 1759 cam
361 1727 479 1759 babere
504 1737 679 1768 recursum,
706 1725 898 1770 providere⁹
927 1726 1002 1769 ipsis

260 1791 357 1824 super
381 1780 441 1813 hoc
466 1770 594 1823 paterna
619 1780 782 1822 diligentia
807 1790 1001 1812 curaremus.

261 1834 323 1868 Nos
348 1834 454 1877 igitur,
479 1834 627 1866 adversus
652 1839 869 1877 occupatores,
895 1833 1002 1866 deten-

260 1893 354 1931 tores,
380 1892 645 1932 praesumptores,
671 1888 888 1920 molestatores
907 1892 935 1921 et
961 1888 1003 1919 in-

260 1942 428 1975 iuriatores
457 1941 636 1974 huiusmodi
670 1942 723 1973 illo
753 1942 891 1974 volentes
928 1941 1003 1984 ipsis

259 1996 358 2040 priori
384 2000 414 2028 et
438 1994 601 2027 monacbis
634 1994 773 2027 remedio
810 1995 1001 2034 subvenire,

259 2060 324 2094 quo
356 2049 497 2092 ipsorum
531 2052 751 2091 compescatur
789 2048 948 2080 temeritas
973 2054 1002 2081 et

260 2102 329 2135 aliis
353 2102 454 2135 aditus
480 2102 695 2135 eonuuittendi
722 2102 835 2134 similia
859 2103 1002 2145 praeclu—

260 2155 362 2198 datur,
389 2156 477 2189 vobis
503 2166 559 2199 per
584 2155 753 2198 apostolica
773 2156 890 2199 scripta
916 2166 1001 2187 man-

262 2209 383 2250 damus,
408 2215 561 2253 quatenus
587 2220 650 2249 vos,
676 2209 722 2241 vel
747 2209 819 2249 duo,
844 2215 895 2241 aut
921 2220 1001 2242 unus

260 2268 411 2303 vestrum,
437 2273 492 2306 per
517 2273 588 2303 ros,
618 2262 664 2295 vel
691 2262 797 2303 alium,
830 2273 884 2295 seu
913 2263 1000 2303 alios,

260 2317 382 2350 etiamsi
408 2317 468 2350 sint
485 2322 570 2349 extra
590 2317 656 2349 loca
676 2317 704 2348 in
723 2317 836 2360 quibus
861 2317 1000 2360 deputati

261 2371 334 2404 estis
358 2376 596 2404 conservatores
621 2376 648 2403 et
685 2368 819 2411 iudices,
854 2371 1001 2414 praefatis

260 2424 360 2468 priori
390 2429 419 2456 et
451 2424 611 2456 monacbis
644 2424 778 2456 efficacis
810 2423 1001 2456 defensionis

261 2477 419 2522 praesidio
445 2477 634 2517 assistentes,
653 2488 714 2510 non
740 2478 927 2521 permittatis
949 2487 1001 2510 eos

297 2549 308 2575 1
333 2548 433 2575 Desunt
451 2547 532 2575 verba
548 2548 586 2575 ad
601 2557 646 2574 eos
661 2548 698 2584 (a.
715 2548 762 2582 τ.).

296 2593 313 2620 2
328 2593 394 2621 Male
410 2593 475 2621 edit.
491 2593 570 2621 Main.
587 2593 668 2621 habet
679 2594 831 2629 provideri
845 2596 880 2628 (n.
898 2593 947 2627 τ.).

1679 160 1742 194 765

1035 276 1134 316 ribus,
1148 275 1185 307 ad
1204 275 1317 307 dictam
1337 274 1532 309 Cartbusiam
1552 273 1776 318 spectantibus,

1034 340 1050 361 a
1076 329 1237 373 quibusvis
1262 329 1354 361 etiam
1386 328 1666 371 archiepiscopali,
1693 327 1776 371 epis-

1035 383 1147 427 copali,
1165 383 1209 415 vel
1235 383 1294 415 alia
1318 382 1526 415 ecelesiastica
1546 381 1697 424 dignitate
1713 381 1777 413 sun-

1035 437 1191 479 gentibus,
1212 447 1334 469 necnon
1355 436 1487 475 clericis,
1504 446 1539 467 ac
1557 434 1776 468 ecclesiasticis

1035 490 1188 534 personis,
1214 495 1275 522 tam
1291 489 1447 531 religiosis
1459 499 1552 532 quam
1570 488 1776 528 secularibus,

1034 555 1156 577 necnon
1182 543 1430 582 marchionibus,
1456 543 1636 582 comitibus,
1655 541 1777 575 baroni—

1034 599 1102 639 bus,
1127 598 1307 640 nobilibus⁷
1333 597 1485 629 militibus
1511 601 1540 630 et
1564 597 1669 636 laicis,
1695 606 1778 629 com-

1035 652 1239 687 munitatibus
1260 652 1433 691 civitatum,
1454 650 1708 683 universitatibus
1726 660 1777 693 op-

1035 706 1192 750 pidorum,
1219 711 1407 744 castrorum,
1425 704 1568 736 villarum
1595 708 1624 735 et
1642 703 1775 736 aliorum

1034 760 1197 800 locorum,
1223 770 1258 792 ac
1284 759 1352 791 aliis
1385 757 1598 801 singularibus
1632 756 1776 800 personis

1034 813 1193 847 civitatum
1217 814 1250 845 vet
1274 813 1466 852 dioecesum,
1484 821 1519 844 ac
1544 811 1682 854 partium
1706 809 1777 842 alia-

1034 878 1115 908 rum,
1129 867 1263 899 indebite
1280 865 1450 905 molestari,
1465 865 1512 897 vel
1526 865 1570 897 eis
1584 864 1776 906 gravamina,

1035 932 1087 953 seu
1113 921 1226 953 damna
1251 920 1298 952 vel
1324 917 1614 961 iniuriasirrogari,
1629 917 1777 950 facientes

1034 974 1124 1007 dietis
1160 974 1259 1018 priori
1292 979 1321 1006 et
1355 972 1536 1014 monacbis,
1571 982 1642 1004 cum
1668 971 1706 1003 ab
1732 971 1776 1003 eis

1034 1028 1081 1060 vel
1108 1039 1217 1061 eorum
1242 1027 1503 1072 procuratoribus
1527 1025 1648 1058 fueritis
1673 1024 1776 1067 requi-

1034 1081 1094 1121 siti,
1119 1081 1156 1113 de
1181 1080 1349 1125 praedictis
1385 1085 1415 1113 et.
1447 1079 1515 1112 aliis
1540 1078 1683 1123 personis
1707 1077 1776 1121 qui-

1035 1135 1172 1167 buslibet
1196 1145 1291 1178 super
1308 1133 1505 1167 restitutione
1522 1132 1703 1165 huiusmodi
1726 1142 1777 1164 ca-

1034 1193 1184 1229 strorum,
1210 1188 1377 1227 villarum,
1402 1191 1559 1220 terrarum
1586 1191 1615 1218 et
1640 1186 1774 1218 aliorum

1035 1241 1188 1281 locorum,
1214 1241 1480 1281 iurisdictionum,
1501 1240 1616 1272 iurium
1635 1243 1664 1272 et
1682 1239 1778 1271 bono-

1035 1305 1104 1327 rum
1128 1294 1291 1327 mobilium
1308 1299 1336 1326 et
1354 1293 1575 1334 immobilium,
1597 1292 1775 1324 reddituum

1034 1359 1160 1392 qnoque
1185 1354 1215 1381 et
1239 1353 1460 1392 proventuum,
1485 1352 1515 1379 et
1540 1347 1672 1379 aliorum
1698 1356 1776 1389 quo-

1035 1413 1243 1445 rumcumque
1268 1402 1436 1441 bonorum,
1462 1410 1583 1434 necnon
1597 1399 1635 1432 de
1652 1399 1779 1443 quibus-

1036 1457 1113 1489 libet
1136 1456 1309 1496 violentiis,
1335 1455 1458 1488 iniuriis
1483 1460 1513 1488 et
1537 1454 1659 1487 damnis
1685 1463 1776 1497 prae-

1036 1510 1175 1543 sentibus
1201 1516 1230 1542 et
1255 1510 1377 1549 suturis,
1396 1509 1426 1541 in
1452 1509 1512 1541 illis
1535 1507 1678 1540 videlicet
1697 1516 1776 1550 quae

1036 1564 1213 1596 iudicialem
1239 1563 1406 1607 requirunt
1422 1562 1614 1605 indaginem,
1640 1571 1777 1594 summa-

1037 1618 1092 1657 rie,
1117 1617 1304 1661 simpliciter
1329 1622 1359 1649 et
1383 1616 1420 1649 de
1445 1616 1548 1659 plano,
1564 1615 1630 1648 sine
1644 1614 1776 1658 strepitu

1036 1676 1065 1703 et
1090 1671 1192 1714 figura
1217 1670 1333 1711 iudicii,
1352 1670 1382 1702 in
1408 1670 1475 1702 aliis
1501 1680 1585 1709 vero,
1597 1674 1691 1712 prout
1705 1678 1777 1712 qua-

1036 1725 1105 1757 litas
1123 1735 1233 1758 eorum
1252 1724 1402 1767 exegerit,
1416 1723 1552 1757 iustitiae
1567 1723 1776 1766 complemen-

1037 1784 1101 1811 tum
1117 1807 1124 1821 ,
1150 1783 1356 1822 occupatores
1383 1788 1437 1810 seu
1463 1777 1659 1817 detentores,
1684 1786 1775 1820 prae-

1036 1838 1236 1875 sumptores,
1263 1831 1479 1864 molestatores
1513 1835 1542 1863 et
1574 1829 1775 1862 iniuriatores

1037 1885 1237 1925 huiusmodi,
1262 1895 1382 1918 necnon
1409 1883 1656 1917 contradictores
1680 1893 1774 1926 quos-

1036 1938 1111 1971 libet
1136 1944 1165 1972 et
1190 1938 1333 1978 rebelles,
1352 1937 1577 1980 cuiuscumque
1598 1935 1775 1979 dignitatis,

1036 1997 1155 2033 status,
1181 1992 1314 2035 gradus,
1339 1986 1480 2032 ordinis,
1507 1991 1552 2023 vel
1589 1989 1776 2023 conditionis

1036 2046 1204 2087 extiterint,
1219 2046 1482 2090 quandocumque
1508 2050 1537 2077 et
1557 2044 1773 2088 quotiescum-

1036 2112 1095 2144 que
1110 2101 1297 2145 expedierit,
1311 2099 1497 2134 auctoritate
1512 2100 1619 2132 nostra
1634 2108 1690 2142 per
1705 2107 1776 2130 cen-

1035 2165 1124 2186 suras
1152 2154 1389 2193 ecclesiasticas,
1411 2153 1617 2196 appellatione
1646 2155 1775 2195 postpo-

1035 2209 1103 2249 sita,
1118 2208 1359 2252 compescendO,
1374 2207 1518 2240 invocato
1537 2207 1628 2238 etiam
1648 2205 1685 2238 ad
1703 2205 1774 2247 boc,

1035 2263 1059 2294 si
1085 2272 1164 2306 opus
1189 2262 1299 2301 suerit,
1325 2261 1442 2294 auxilio
1466 2260 1588 2293 bracbii
1614 2258 1773 2292 secularis.

1080 2317 1094 2359 ἓ
1118 2316 1147 2348 ⁶2.
1165 2316 1233 2348 Non
1252 2315 1449 2348 obstantilms
1468 2314 1564 2347 felicis
1583 2312 1775 2346 recordatio-

1036 2369 1082 2401 nis
1115 2368 1263 2401 Bonit'acii
1295 2368 1393 2411 Papae
1426 2367 1490 2399 Vlll
1523 2366 1775 2410 praedecessoris

1035 2423 1144 2463 nostri,
1159 2423 1189 2454 in
1204 2421 1317 2466 quibus
1335 2426 1463 2453 cavetur
1480 2431 1636 2464 expresse,
1650 2430 1688 2453 ne
1705 2419 1775 2464 quis

1035 2482 1122 2509 extra
1147 2487 1235 2509 suam
1262 2475 1416 2508 civitatem
1443 2479 1472 2507 et
1497 2474 1683 2515 dioecesim,
1715 2473 1774 2506 nisi

1036 2530 1064 2561 in
1090 2530 1182 2563 certis
1208 2529 1364 2572 expressis
1389 2529 1523 2567 casibus,
1541 2533 1566 2560 et
1589 2528 1617 2560 iu
1643 2528 1704 2560 illis
1730 2529 1775 2560 ul-

1037 2589 1082 2616 tra
1107 2593 1200 2615 unam
1220 2582 1334 2614 dietam
1354 2592 1369 2614 a
1386 2582 1447 2614 sine
1468 2591 1541 2613 suae
1567 2581 1718 2614 dioecesis
1736 2580 1774 2613 ad

1789 170 1838 196 Αῐι.
1855 169 1883 196 C.
1905 169 1973 197 1662

1817 2316 1931 2338 Contrariis
1939 2317 1975 2338 du-

1752 2365 1757 2371 ,
1791 2346 1857 2370 rogat..
