2243 3205
299 178 348 206 Aa.
365 179 394 206 c.
413 179 478 208 1658
524 171 588 204 392

496 228 675 272 praesidere
700 228 808 270 nolint,
838 229 904 273 ipse
929 230 1128 274 provincialis
1153 231 1233 275 capi-

498 281 594 313 tulum
632 291 686 314 seu
722 283 997 325 congregationem
1031 283 1170 316 celebret
1199 294 1234 316 ac

496 333 526 366 in
553 333 613 366 illis
636 334 829 378 praesideat:
854 335 927 379 quia
959 341 1063 380 patres
1088 336 1234 369 commis-

497 387 580 428 sarii,
601 387 624 419 si
642 387 678 420 ad
697 398 770 420 suae
789 388 953 422 voluntatis
977 395 1086 422 nutum
1112 390 1235 423 electio-

498 449 552 471 nes
568 439 691 473 officere
707 450 768 473 non
782 445 921 484 possunt,
935 441 1083 483 dilitant¹‚
1098 446 1127 474 et
1141 442 1234 484 longo

497 497 650 536 tempore,
664 494 776 536 magna
790 493 1019 527 reformationis
1031 494 1234 528 distructione

497 555 532 578 ac
556 545 710 579 libertatis
731 546 919 580 electionum
947 547 1153 591 praeiudicio,
1179 546 1235 579 dif-

496 598 609 632 serunt.

540 661 580 684 tv.
606 651 692 691 Quod
713 656 818 696 patres
840 652 1047 686 commissarii
1073 652 1235 696 generales

496 703 526 737 in
554 704 758 738 electionibus
782 705 928 739 omnibus
953 705 1012 738 iam
1038 705 1130 738 minis
1151 705 1211 737 iam
1226 704 1236 722 ⁹

494 757 757 800 promissionibus
769 758 806 791 ad
826 769 915 791 suum
929 758 1158 802 beneplacitum
1174 768 1236 791 mo-

496 810 596 843 vendo
618 811 788 843 electorum
814 811 989 844 libertatem
1016 821 1078 844 non
1111 810 1234 844 tollant:

495 863 568 907 quia
592 863 652 896 boc
677 868 806 897 utuntur
824 864 927 897 medio
948 865 979 897 in
995 863 1162 907 suffragiis,
1183 874 1236 908 po-

497 917 660 958 stulamus,
680 917 763 961 quod
780 918 930 962 praedicti
949 918 1155 952 commissarii
1181 928 1234 961 ge-

496 970 618 1003 nerales
642 975 712 1003 ante
742 971 910 1014 capitulum
941 972 1062 1005 nullum
1096 972 1234 1005 vocalem

497 1024 686 1057 sententiare
705 1034 762 1057 nec
787 1024 926 1059 iudicare
950 1026 1089 1070 possint3
1119 1025 1172 1058 sed
1190 1036 1236 1058 ca-

496 1076 595 1120 pitulo
620 1076 700 1111 facto
726 1078 863 1110 vocalem
890 1078 1027 1119 audiant,
1056 1083 1086 1111 et
1109 1078 1235 1112 actitato

496 1140 649 1173 processu
672 1134 702 1162 et
725 1130 903 1164 definitorio
920 1131 1043 1173 tradito,
1062 1131 1163 1175 ipsum
1183 1131 1235 1164 de-

496 1183 668 1216 tinitorium
687 1184 717 1216 in
745 1184 848 1228 prima
866 1184 1011 1218 instantia
1031 1189 1156 1228 praeter
1175 1185 1235 1228 pri-

496 1236 628 1270 vationis
653 1237 746 1270 officii
764 1238 810 1270 vel
837 1237 921 1270 vocis
946 1237 1077 1271 alicuius
1101 1247 1233 1281 poenam

496 1301 585 1323 reum
610 1290 735 1323 iudicet.

540 1355 569 1377 v.
594 1345 681 1384 Quod
712 1345 743 1377 in
768 1344 919 1377 electione
952 1343 1158 1377 commissarii
1185 1352 1234 1385 ge-

496 1398 610 1432 neralis
635 1398 665 1430 in
690 1398 775 1430 India
796 1398 885 1437 facta,
905 1396 1070 1439 utriusque
1095 1395 1235 1428 definito-

496 1452 544 1493 rii,
560 1461 672 1495 nempe
696 1454 821 1484 nostrae
846 1449 1027 1494 provinciae
1051 1449 1156 1482 Matris
1180 1448 1233 1481 Dei

496 1511 524 1538 et
549 1504 730 1549 provinciae
763 1504 792 1537 S.
825 1504 980 1544 Tliomae,
1010 1513 1102 1536 voces
1134 1502 1235 1534 adsint

495 1558 661 1603 aequales,
688 1562 822 1602 quatuor
854 1557 998 1590 videlicet
1031 1555 1234 1596 definitores,

495 1612 558 1646 duo
585 1611 766 1656 provinciae
790 1615 905 1655 patres,
931 1610 1089 1654 antiquior
1116 1609 1235 1643 scilicet

496 1671 527 1699 et
544 1665 728 1700 modernior
747 1664 800 1709 qui
825 1664 1033 1708 provinciales
1054 1664 1233 1705 extiterunt,

496 1724 600 1754 eustos
621 1724 649 1752 et
666 1717 876 1762 provincialis.
895 1718 931 1750 Et
948 1717 1030 1761 quod
1048 1728 1085 1750 ex
1102 1717 1233 1759 defectu⁷

496 1783 550 1806 seu
572 1772 750 1816 aliquorum
769 1770 918 1813 absentia,
936 1770 990 1802 filii
1007 1769 1147 1802 eiusdem
1164 1779 1234 1813 pro-

496 1825 624 1868 vinciae,
650 1825 701 1857 ille
726 1823 854 1865 scilieet,
879 1823 928 1856 cui
951 1823 989 1855 ad
1013 1827 1133 1856 ceteros
1158 1821 1234 1854 defi-

495 1878 622 1912 nitionis
650 1883 737 1911 actus
763 1877 791 1910 in
817 1877 868 1910 tali
898 1876 1060 1921 provincia
1091 1875 1235 1909 convenit

496 1932 691 1976 subrogatio,
709 1932 910 1974 subrogetur,
924 1936 955 1964 et
970 1931 1057 1963 nullo
1077 1935 1178 1973 pacto,
1195 1929 1234 1961 ad

495 1987 628 2019 alicuius
653 1995 760 2019 vocem
783 1984 1001 2028 supplendam,
1019 1983 1147 2016 alterius
1165 1993 1235 2027 pro-

496 2039 618 2072 vinciae
632 2039 713 2071 tilius
731 2038 921 2080 admittatur,
935 2037 993 2070 nisi
1008 2037 1146 2069 eiusdem
1165 2047 1235 2080 pro-

496 2092 615 2126 vinciae
639 2092 720 2125 filius
741 2091 822 2124 unde
846 2090 985 2123 absentia
1010 2090 1186 2133 contigerit,
1203 2089 1233 2123 Si

496 2151 600 2179 tamen
626 2155 715 2178 casus
740 2145 832 2178 fuerit
863 2144 945 2188 quod
972 2143 1132 2177 electionis
1157 2147 1234 2175 tem-

496 2210 575 2244 pore
594 2204 683 2244 pater
700 2199 812 2242 aliquis
830 2209 892 2231 non
910 2198 1095 2238 inveniatur,
1117 2197 1163 2229 vel
1181 2196 1234 2240 qui

496 2253 643 2286 definitor
668 2252 814 2292 extiterit,
832 2257 905 2284 tunc
922 2251 960 2284 ad
980 2251 1161 2284 huiusmodi
1178 2251 1236 2284 elc-

497 2308 632 2340 ctionem
657 2305 864 2340 commissarii
897 2304 1088 2348 guardianus
1112 2303 1235 2347 dignio-

497 2360 539 2392 ris
557 2364 727 2393 conventus
752 2358 891 2391 eiusdem
910 2357 1089 2401 provinciae
1106 2357 1159 2390 ubi
1176 2357 1237 2390 suf-

496 2414 636 2457 fragator
667 2412 780 2445 absens
805 2416 871 2445 erat
896 2411 978 2444 filius
1006 2411 1142 2444 absentis
1167 2422 1236 2455 sup-

496 2468 578 2510 pleat
602 2477 722 2500 vocem.

535 2539 544 2564 1
568 2537 687 2565 Verbum
707 2537 827 2565 dilitant
842 2545 895 2564 non
909 2536 1029 2571 intelligo
1045 2537 1082 2571 (n.
1098 2537 1145 2568 τ.).

532 2581 548 2607 2
568 2582 667 2609 Forsan
684 2585 743 2608 tam
761 2582 851 2609 minis
867 2585 925 2609 tam
942 2587 979 2614 (a.
996 2582 1043 2616 ⁵12).

1072 182 1248 208 BULLARIUM
1275 183 1427 207 ROMANUM

1312 241 1352 264 γι.
1377 231 1464 270 Quod
1491 232 1600 265 electio
1625 233 1831 266 commissarii
1850 234 2005 277 generalis

1268 284 1305 316 sit
1331 284 1523 325 alternatim,
1542 285 1659 318 scilicet
1675 286 1704 318 in
1722 296 1784 320 uno
1803 287 1936 320 triennio
1954 287 2005 320 eli-

1268 342 1359 380 gatur
1384 347 1418 370 ex
1443 339 1550 370 nostra
1582 338 1745 381 provincia
1778 338 1881 380 filius,
1912 345 1942 372 et
1973 340 2003 372 in

1268 389 1329 423 alio
1343 400 1377 422 ex
1392 390 1553 434 provincia
1567 390 1595 424 S.
1613 391 1760 425 Tliomae.
1775 391 1811 425 Ei
1827 392 1909 435 quod
1925 403 2005 426 rnor-

1269 446 1321 475 tuo
1340 443 1556 477 commissario
1574 443 1711 476 eiusdem
1729 443 1909 487 provinciae
1922 445 2004 477 unde

1269 500 1335 527 erat
1360 495 1426 539 ipse
1450 495 1614 529 defunctus
1647 496 1881 529 commissarius
1906 496 2004 538 filius,

1269 547 1449 592 principalis
1485 549 1675 591 guardianus
1712 549 1856 582 electioni
1887 549 2006 592 praesi-

1269 600 1348 633 deat.
1373 602 1450 634 lteiu
1472 601 1555 646 quod
1583 602 1672 636 finito
1698 607 1838 646 tempore
1864 602 2006 635 commis-

1268 654 1411 695 sariatus,
1430 665 1487 699 per
1504 656 1639 699 spatium
1667 656 1760 689 trium
1786 655 1908 689 dierum
1926 655 2006 689 alius

1269 707 1419 750 eligatur,
1447 713 1478 741 et
1502 708 1584 752 quod
1615 708 1820 742 commissarii
1854 709 2004 753 praedicti

1268 760 1433 794 duodecim
1459 771 1556 794 annos
1580 761 1715 794 habeant
1747 761 1924 803 interstitii,
1948 771 2007 796 nec

1269 813 1377 856 reeligi
1402 814 1542 857 possint,
1572 814 1629 847 nisi
1662 818 1817 848 transacto
1841 819 2004 858 tempore,

1269 876 1326 899 nec
1350 866 1381 899 in
1407 866 1457 899 tali
1483 867 1586 900 officio
1607 867 1667 900 sint
1686 866 1745 900 nisi
1770 866 1949 900 triennales.

1314 929 1366 953 vn.
1392 919 1479 959 Quod
1493 919 1701 953 commissarii
1723 920 1885 963 generales
1905 920 2007 956 fratri-

1269 972 1327 1005 bus
1352 972 1510 1006 domicilia
1533 972 1693 1016 assignare
1716 983 1779 1006 non
1800 973 1931 1015 valeant,
1949 983 2006 1007 nec

1269 1037 1378 1059 eorum
1395 1026 1610 1060 translationes
1627 1037 1643 1059 a
1657 1025 1841 1071 provinciali
1856 1037 2007 1071 quocum-

1268 1089 1328 1122 que
1347 1084 1487 1123 tempore
1504 1079 1600 1112 factas
1625 1079 1795 1123 impedire;
1813 1079 1866 1112 sed
1883 1079 2006 1124 provin-

1269 1131 1355 1164 cialis
1380 1132 1484 1165 omnia
1503 1132 1664 1176 disponat;
1681 1132 1753 1176 quia
1770 1132 1858 1166 multi
1884 1132 2006 1166 vocales

1269 1189 1299 1217 et
1315 1184 1378 1225 alii,
1395 1185 1655 1218 subtimescentes
1674 1195 1705 1218 se
1725 1196 1743 1218 a
1759 1184 1902 1229 patribus
1919 1195 2006 1218 com-

1269 1237 1440 1277 missariis,
1465 1237 1490 1270 si
1516 1237 1600 1270 iuxta
1632 1248 1741 1271 eorum
1767 1237 1916 1281 placitum
1943 1237 2007 1270 suis

1268 1290 1426 1334 suffragiis
1441 1301 1503 1324 non
1517 1294 1719 1331 concurrunt,
1730 1291 1760 1323 in
1774 1296 1879 1335 partes
1893 1290 2006 1335 proiici

1269 1344 1514 1385 remotissimas,
1543 1344 1727 1377 sententiam
1752 1347 1952 1388 permutant,
1977 1349 2008 1377 et

1268 1397 1371 1430 minus
1385 1397 1488 1440 dignis
1501 1397 1673 1430 assentiunt
1691 1398 1720 1430 in
1734 1397 1888 1440 eligendo.
1906 1397 2005 1430 Etiam

1268 1450 1351 1495 quod
1376 1451 1584 1484 commissarii
1609 1451 1782 1494 generales,
1802 1450 1855 1495 qui
1880 1456 2007 1484 nostrae

1268 1503 1447 1548 provinciae
1472 1504 1585 1537 fuerint
1607 1504 1673 1544 filii,
1690 1504 1777 1537 nullo
1797 1509 1899 1548 pacm,
1918 1504 2007 1538 finito

1268 1557 1536 1590 commissariatus
1546 1557 1659 1597 officio,
1670 1557 1699 1590 in
1715 1557 1875 1601 provincia
1889 1557 1917 1590 S.
1929 1558 2007 1592 Tho-

1268 1621 1337 1643 mac
1362 1621 1489 1644 manere
1514 1616 1543 1644 et
1568 1611 1772 1655 incorporare
1800 1621 1833 1644 se
1865 1610 2006 1655 possint,

1268 1664 1305 1697 ad
1330 1665 1413 1708 quod
1438 1675 1500 1698 non
1525 1665 1623 1697 valeat
1654 1664 1757 1708 aliqua
1781 1664 1917 1698 facultas,

1313 1729 1377 1752 vul.
1403 1719 1478 1752 Cum
1498 1729 1596 1763 usque
1616 1718 1717 1751 adbuc
1735 1718 1839 1751 nullus
1864 1718 2007 1751 commis-

1268 1772 1368 1804 sarius
1393 1772 1449 1805 fuit
1473 1771 1624 1811 visitatus,
1645 1781 1706 1815 qua
1726 1771 1764 1803 de
1785 1773 1877 1804 causa
1895 1771 2006 1804 effrae-

1267 1825 1339 1858 nata
1352 1824 1480 1857 audacia
1494 1834 1603 1857 omnes
1617 1823 1810 1856 incredibilia
1825 1828 2007 1868 perpetrant

1267 1878 1414 1916 absurda,
1440 1878 1634 1921 postulamus
1663 1877 1746 1921 quod
1772 1877 2006 1911 commissarius

1268 1931 1384 1964 electus
1401 1931 1438 1964 de
1456 1931 1523 1975 ipso
1541 1931 1759 1964 commissario
1776 1935 1932 1964 transacto
1947 1931 2006 1963 sin-

1267 1984 1455 2017 dicationem
1481 1984 1581 2025 faeiat,
1607 1988 1636 2017 et
1661 1984 1841 2028 provinciae
1865 1984 2006 2018 definito-

1268 2038 1360 2078 rium,
1378 2037 1459 2070 unde
1484 2037 1555 2069 talis
1581 2037 1817 2070 commissarius
1842 2042 1887 2070 est
1912 2037 2004 2079 tilius,

1268 2090 1383 2124 iudicet
1408 2096 1437 2123 et
1457 2090 1642 2123 sententiam
1669 2090 1819 2123 fulminet.

1312 2155 1354 2177 xt.
1379 2145 1416 2177 Et
1434 2155 1504 2178 cum
1524 2150 1628 2188 patres
1646 2144 1854 2178 commissarii
1879 2153 2006 2187 genera-

1268 2199 1312 2231 les
1339 2198 1443 2231 omnia
1473 2197 1642 2242 apostolica
1674 2197 1839 2241 privilegia
1863 2203 1892 2230 et
1918 2207 2004 2230 man-

1268 2251 1338 2284 data
1357 2252 1451 2295 (ultra
1469 2250 1631 2294 religionis
1645 2250 1743 2294 leges)
1761 2248 1935 2294 spernent⁴,
1953 2250 2006 2283 Ve-

1269 2309 1351 2338 strae
1376 2305 1554 2338 Sanctitatis
1590 2304 1723 2348 pedibus
1754 2304 1951 2337 inhaerentes
1977 2307 2006 2338 et

1269 2358 1375 2391 cernui
1401 2358 1610 2401 postulamus,
1636 2362 1669 2390 ut
1693 2357 1798 2390 omnia
1823 2356 1881 2390 ista
1905 2367 1922 2389 a
1946 2366 2002 2390 no-

1268 2411 1315 2444 bis
1346 2411 1499 2455 postulata
1525 2421 1615 2443 suum
1642 2410 1778 2444 habeant
1807 2409 1945 2453 vigorem
1975 2414 2005 2442 et

1268 2463 1425 2504 effectum,
1439 2463 1620 2507 praecipiat,
1637 2462 1695 2496 sub
1709 2462 1903 2496 obedientiae
1919 2472 2005 2506 prae-

1303 2580 1314 2605 'l
1340 2579 1450 2606 Videtur
1468 2578 1612 2615 legendum
1633 2580 1771 2615 spernant
1791 2576 1828 2613 (n.
1848 2577 1896 2611 T.).

2021 187 2068 212 An.
2084 187 2111 213 C.
2133 188 2195 217 ¹658
