2243 3205
17 226 62 251 An.
82 222 109 249 C.
127 221 191 249 1661

45 705 164 728 Exordium.

807 219 992 244 ALEXANDER
1016 219 1060 242 vn
1084 219 1132 242 PP.

470 267 664 301 CCCXXXIV.

209 344 396 378 Iubilaeum
420 345 604 378 universale
632 345 675 377 ad
705 344 949 388 implorandam

254 398 403 431 divinam
426 409 517 442 opem
541 403 652 432 contra
681 399 811 431 Turcas.

408 479 574 506 Alexander
594 480 674 513 Papa
693 479 755 512 VII,

211 532 364 560 universis
390 531 647 564 christifidelibus,
671 535 849 565 praesentes
870 531 953 559 litte-

247 584 296 604 ras
317 576 518 609 inspecturis,
544 576 675 602 salutem
699 578 729 602 et
758 575 953 609 apostolicam

247 619 499 648 benedictionem.

259 691 302 724 Ex
326 701 389 734 quo
403 690 611 723 humilitatem
631 695 771 723 nostram
786 690 817 722 in
831 690 954 723 excelsa

216 744 304 778 Sedis
327 744 526 788 Apostolicae
550 744 679 787 specula
709 743 873 776 collocavit
897 743 952 776 Al-

217 797 372 837 tissimus,
396 797 474 829 nihil
507 796 634 840 quidem
660 797 825 840 <quantum
851 796 956 828 divina

217 849 341 883 bonitas
365 849 463 893 dedit)
487 849 756 893 praetermisimus
771 876 779 890 ‚
804 860 866 892 quo
892 849 956 881 im-

218 913 342 935 manem
367 903 540 936 Turcarum
557 902 678 946 tyranni
696 902 830 935 ditiones
847 901 959 945 Reipu-

218 956 319 989 blicae
344 957 534 989 Venetorum
560 955 741 988 saevissimo
766 955 850 988 bello
875 955 954 987 iam-

219 1008 339 1042 dudum
354 1009 527 1043 insestantis
545 1009 693 1042 ferociam
710 1008 958 1041 retunderemus.

219 1063 308 1096 Nunc
321 1073 406 1103 vero,
420 1073 491 1095 cum
509 1062 591 1095 idem
610 1065 768 1106 tyrannus,
783 1063 960 1104 expugnata

221 1121 331 1150 contra
366 1115 460 1148 fidem
493 1115 651 1159 publicam
685 1124 758 1147 arce
795 1114 960 1154 Varadini,

221 1180 302 1213 quae
326 1174 392 1202 erat
415 1169 642 1201 validissimum
675 1168 846 1210 Hungarici
871 1167 961 1210 regni

222 1222 517 1267 propugnaculum,
543 1222 695 1265 impetum
733 1222 764 1253 in
800 1222 962 1254 citeriores

222 1275 400 1320 provincias
424 1274 561 1318 ingenti¹
586 1279 738 1318 apparatu
764 1274 908 1307 meditari
934 1280 964 1307 et

223 1330 389 1371 adornare,
407 1329 665 1372 miserrimasque
678 1328 782 1361 clades
798 1328 964 1361 universae

224 1382 417 1427 reipublicae
442 1382 630 1415 christianae.
656 1381 793 1415 minitari
820 1381 963 1422 videtur,

225 1436 386 1480 pontificia
410 1435 588 1469 sollicitudo
612 1440 720 1468 nostra
744 1434 782 1467 ad
807 1444 966 1478 opponen-

226 1490 302 1523 dum
324 1500 382 1522 nos
407 1494 565 1533 tamquam
591 1499 717 1521 murum
733 1499 791 1532 pro
805 1488 899 1521 domo
912 1488 966 1521 Dei

227 1542 400 1581 ardentiori
423 1543 490 1575 zelo
514 1540 745 1580 stitnulati11n²;
771 1546 801 1574 et
825 1541 967 1584 quamvis

228 1596 334 1629 omnia
359 1596 515 1628 humanae
539 1595 710 1628 industriae
735 1595 867 1638 opisque
898 1604 969 1627 con-

229 1649 298 1682 silia
322 1654 352 1681 et
374 1649 489 1682 auxilia
511 1648 606 1681 alacri
640 1647 743 1681 studio
768 1658 825 1691 pro
852 1647 969 1680 viribus

230 1712 417 1746 expromere
441 1707 471 1734 et
495 1712 667 1745 procurare
683 1711 746 1734 non
771 1701 969 1741 desistamus,

231 1766 356 1789 omnem
383 1759 487 1789 tamen
512 1765 601 1798 spem
633 1755 665 1787 in
681 1754 814 1787 Domino
840 1755 972 1788 colloca-

232 1820 312 1851 mus,
330 1808 533 1851 confidentes,
551 1808 593 1849 si,
616 1807 758 1851 deposita
784 1818 840 1851 per
866 1819 971 1840 reram

233 1862 456 1907 poenitentiam
476 1861 598 1894 sarcina
615 1866 827 1905 peccatorum,
843 1861 973 1894 immen-

233 1927 299 1949 sam
324 1916 390 1949 eius
413 1915 664 1949 misericordiam
685 1915 849 1948 unanimes
866 1915 975 1959 implo-

234 1980 351 2010 remus,
376 1969 539 2012 auctisque
564 1979 621 2012 per
645 1969 859 2012 eleemosynas
884 1974 914 2001 et
931 1969 974 2001 ie-

236 2021 322 2055 iunia
347 2021 466 2054 viribus
491 2021 642 2054 orationis
666 2021 704 2054 ad
741 2032 811 2054 eum
841 2021 975 2065 supplici

236 2075 449 2120 concordique
472 2085 546 2108 voce
564 2076 746 2116 clamemus,
765 2076 830 2108 sore
849 2081 882 2108 ut
899 2076 978 2109 obli-

236 2130 373 2162 viscatur
404 2128 604 2172 iniquitatum
630 2134 808 2161 nostrarum
827 2155 835 2169 ,
863 2129 977 2172 quibus

238 2182 304 2215 eius
322 2182 399 2215 iram
419 2182 671 2226 provocavimus,
686 2187 715 2214 et
730 2181 917 2215 christianae
934 2193 979 2214 re-

238 2235 365 2278 ligionis
397 2235 535 2268 hostium
562 2235 642 2267 vires
667 2241 808 2268 conterat
839 2235 978 2278 potentia

239 2288 362 2322 virtutis
387 2299 470 2321 suae.
497 2288 652 2321 Adeamus
675 2299 751 2331 ergo
772 2299 842 2321 cum
863 2289 979 2321 fiducia

239 2342 277 2375 ad
306 2342 456 2375 thronum
490 2341 628 2384 gratiae,
661 2345 695 2375 ut
731 2341 978 2374 misericordiam

240 2404 481 2438 consequamur,
508 2400 537 2426 ct
572 2394 704 2437 gratiam
730 2394 925 2427 inveniamus
950 2394 980 2426 in

241 2448 357 2481 auxilio
383 2453 574 2491 opportuno.

276 2528 290 2555 1
313 2527 385 2555 Edit.
406 2527 490 2554 Main.
511 2527 575 2562 legit
594 2527 708 2561 inqenii
724 2527 822 2562 (n.'t·.).

277 2572 293 2598 2
309 2571 408 2598 Forsan
424 2571 565 2605 legendum
581 2572 768 2603 sli›nulaem·;
783 2571 847 2598 edit.
864 2571 980 2598 Cherub.

242 2617 324 2645 habet
343 2617 475 2645 stimulat
494 2623 531 2651 tn.
547 2623 596 2650 T.)-

1626 206 1685 240 671

1027 267 1042 310 ἓ
1067 266 1096 298 1.
1123 266 1188 299 Hoc
1213 271 1317 298 autem
1335 269 1368 299 ut
1390 265 1501 298 maiori
1527 265 1630 297 fructu
1662 264 1722 296 ser-

984 319 1180 362 ventiorique
1204 319 1332 362 spiritus
1357 318 1470 351 ardore
1490 322 1669 361 peragatur,
1685 327 1722 349 ex

985 372 1079 406 veteri
1106 373 1263 405 Romanae
1287 371 1443 404 Ecclesiae
1460 370 1600 404 omnium
1616 370 1724 402 matris

985 430 1015 460 et
1035 426 1204 468 magistrae
1218 436 1317 465 more,
1331 425 1468 457 eiusdem
1488 424 1644 457 Ecclesiae
1661 424 1725 456 the<

986 489 1116 519 sauros,
1143 489 1277 523 quorum
1308 478 1542 521 dispensatores
1567 487 1624 510 nos
1650 487 1725 510 con-

987 533 1086 567 stituit
1102 533 1193 572 Deus,
1205 532 1234 564 in
1252 532 1471 575 praesentibus
1486 530 1726 564 necessitatibus

988 585 1131 629 proferre
1156 590 1185 617 et
1210 584 1387 626 largissima
1404 594 1498 616 manu
1523 594 1654 626 crogare
1677 582 1728 614 de-

989 639 1154 672 crevimus.
1186 638 1293 681 Itaque
1322 648 1357 670 ex
1386 643 1474 681 parte
1503 637 1728 680 omnipotentis

989 693 1043 725 Dei
1068 692 1167 725 Patris
1188 697 1217 724 et
1241 691 1310 724 Filii
1337 697 1366 723 ct
1390 690 1524 734 Spiritus
1542 690 1644 723 Sancti
1662 700 1729 722 om-

990 756 1044 778 nes
1070 751 1100 778 et
1124 745 1266 787 singulos
1294 744 1459 787 utriusque
1483 754 1575 776 sexus
1600 743 1728 776 christi-

991 798 1109 839 fideles,
1130 803 1193 830 tam
1226 798 1257 830 in
1286 797 1368 829 alm-:1
1393 796 1478 830 Urbe
1498 797 1606 829 nostra
1636 806 1730 838 quam

992 857 1078 884 extra
1102 850 1234 884 ubilibet
1258 851 1402 883 locorum
1429 849 1624 889 constitutos,
1649 859 1732 892 apo-

992 904 1102 938 stolica
1133 904 1318 938 auctoritate
1354 908 1484 947 paterne
1518 902 1731 945 requirimus,

994 968 1159 991 monemus
1188 963 1218 991 et
1252 957 1282 989 in
1308 956 1441 990 Domino
1465 956 1671 989 adhortamur
1695 955 1734 988 ad

995 1012 1193 1055 infrascripta
1217 1011 1329 1044 devote
1353 1010 1567 1054 peragendum
1593 1014 1623 1042 et
1639 1008 1734 1041 adim-

996 1065 1158 1108 plendum,
1173 1064 1254 1097 etad
1268 1064 1365 1097 Deum
1379 1063 1572 1096 Salvatorem
1590 1067 1735 1095 nostrum

995 1117 1149 1150 orandum
1188 1122 1222 1149 ut
1258 1128 1313 1160 per
1345 1117 1464 1149 viscera
1500 1116 1736 1149 misericordiae

996 1181 1070 1203 suae
1094 1170 1187 1203 fidem
1213 1170 1398 1202 catholicam
1423 1174 1592 1213 protegere
1617 1175 1646 1202 et
1676 1169 1733 1202 de-

997 1223 1133 1265 fendere,
1160 1223 1305 1267 illiusque
1331 1223 1469 1256 hostium
1495 1228 1625 1255 conatus
1650 1228 1680 1255 et
1696 1222 1738 1255 vi-

998 1286 1048 1309 res
1072 1277 1248 1320 reprimere
1279 1281 1309 1309 et
1341 1281 1522 1315 conterere,
1558 1275 1737 1318 principum

999 1329 1244 1363 christianorum
1268 1339 1377 1373 pacem
1396 1334 1426 1362 ct
1443 1328 1643 1362 concordiam
1669 1339 1739 1361 con-

999 1394 1142 1425 servare,
1168 1394 1342 1427 eorumque
1367 1382 1463 1416 corda
1488 1382 1674 1423 illuminare,
1711 1386 1740 1416 et

1000 1438 1082 1471 vires
1111 1437 1148 1470 ad
1180 1437 1342 1470 christiani
1368 1436 1515 1469 nominis
1551 1436 1679 1469 tutelam
1710 1441 1741 1469 et

1001 1490 1220 1524 exaltationem
1244 1490 1346 1531 unire,
1371 1499 1488 1532 augere
1513 1494 1543 1521 et
1567 1489 1739 1529 roborare,

1001 1548 1094 1588 atque
1118 1543 1259 1577 omnium
1285 1548 1428 1576 nostrum
1446 1542 1505 1586 piis
1530 1543 1694 1575 conatibus
1712 1553 1742 1575 o-

1004 1597 1130 1641 pitulari
1156 1597 1311 1640 dignetur.

1049 1651 1063 1694 ξ
1086 1651 1115 1683 02.
1136 1652 1198 1684 Nos
1215 1650 1298 1683 enim
1315 1650 1353 1683 de
1371 1649 1596 1693 omnipotentis
1613 1649 1667 1682 Dei
1690 1649 1744 1681 mi-

1005 1703 1177 1737 sericordia
1211 1714 1246 1736 ac
1279 1703 1443 1736 beatorum
1477 1703 1559 1735 Petri
1592 1708 1621 1735 et
1657 1703 1743 1735 Pauli

1006 1757 1222 1800 apostolorum
1249 1757 1315 1789 eius
1339 1755 1524 1789 auctoritate
1556 1755 1682 1796 confisi,
1708 1765 1744 1788 ex

1007 1810 1060 1842 illa
1073 1810 1189 1852 ligandi
1203 1815 1296 1853 atque
1310 1809 1449 1842 solvendi
1475 1814 1637 1852 potestate,
1652 1819 1746 1852 quam

1007 1863 1098 1896 nobis
1122 1863 1290 1904 Dominus,
1316 1863 1388 1895 licet
1413 1862 1570 1904 indignis,
1595 1862 1748 1902 contulit,

1009 1916 1163 1949 universis
1177 1921 1207 1949 et
1223 1916 1355 1959 singulis
1380 1916 1544 1959 utriusque
1561 1926 1651 1948 sexus
1670 1915 1750 1948 chri-

1010 1969 1196 2002 stifidelibus
1221 1969 1251 2002 in
1276 1969 1357 2002 alma
1383 1969 1467 2002 Urbe
1486 1968 1682 2011 dcgentibus,
1696 1969 1749 2012 qui

1011 2023 1039 2056 S.
1057 2023 1181 2056 loannis
1206 2023 1236 2055 in
1262 2023 1424 2063 Laterano,
1451 2022 1604 2065 Principis
1622 2023 1751 2065 Aposto-

1011 2077 1115 2110 lorum
1141 2081 1171 2109 et
1194 2076 1223 2109 S.
1250 2076 1364 2109 Mariae
1388 2076 1514 2109 Maioris
1539 2076 1679 2109 eiusdem
1698 2076 1751 2109 Ur-

1012 2130 1059 2162 bis
1084 2130 1231 2162 ecclesias
1268 2140 1322 2161 seu
1348 2129 1507 2168 basilicas,
1532 2129 1579 2161 vel
1605 2129 1751 2161 ecclesia-

1013 2194 1082 2216 rum
1108 2182 1289 2215 huiusmodi
1316 2182 1467 2221 alteram,
1492 2182 1592 2224 spatio
1617 2182 1751 2214 duarum

1013 2236 1229 2280 proximarum
1248 2235 1517 2268 hebdomadarum
1532 2236 1628 2267 semel
1643 2236 1751 2267 saltem

1014 2289 1216 2329 visitaverint,
1242 2289 1348 2332 ibique
1374 2299 1429 2331 per
1454 2288 1580 2330 aliquod
1604 2288 1753 2331 temporis

1014 2342 1148 2386 spatium
1164 2342 1286 2381 devote,
1303 2348 1336 2374 ut
1349 2352 1453 2384 supra,
1469 2341 1566 2373 Deum
1586 2341 1754 2381 oraverint,

1015 2406 1050 2428 ac
1074 2396 1184 2438 quarta
1208 2398 1237 2428 et
1262 2396 1346 2427 sexta
1371 2394 1448 2426 feria
1483 2404 1519 2425 ac
1549 2394 1680 2427 sabbato
1713 2395 1756 2426 al-

1016 2449 1112 2481 terius
1136 2459 1173 2480 ex
1194 2448 1362 2491 praedictis
1380 2447 1584 2480 hebdomadis
1602 2447 1757 2481 ieiunave-

1017 2502 1088 2541 rint‚
1101 2505 1131 2535 et
1144 2506 1269 2544 peccata
1290 2512 1344 2533 sua
1365 2500 1509 2541 confessi,
1524 2501 1755 2534 sanctissimum

1017 2554 1232 2587 Eucharistiae
1267 2559 1497 2587 sacramentum
1535 2554 1564 2586 in
1599 2554 1757 2588 dominica

1017 2608 1066 2640 die
1092 2608 1270 2641 immediate
1294 2608 1445 2650 sequenti,
1462 2608 1505 2640 vel
1532 2608 1655 2641 aliadie
1675 2608 1756 2642 infra

1736 216 1785 241 An.
1806 214 1835 240 C.
1854 214 1915 240 1661

1764 276 1904 302 supplicatio.

1785 1659 1886 1681 lubileum
1901 1660 1942 1679 sta-

1759 1689 1797 1707 inu
1811 1692 1858 1715 cum
1876 1685 1942 1705 indul-

1760 1716 1834 1737 uentus
1853 1718 1943 1733 consuc-

1760 1743 1793 1759 lis.
