2243 3205
23 141 60 169 Au
72 161 78 170 .
97 141 127 168 C.
147 140 214 168 ¹660

47 573 131 595 notin.

818 139 1004 164 ALEXANDER
1027 139 1071 162 vu
1095 139 1143 162 PP.

260 185 350 231 eligi,
366 186 434 220 nisi
448 187 543 231 prius
555 187 665 221 sallem
679 187 842 231 integrum
861 187 957 220 trien-

259 240 354 273 nium
378 240 416 273 ab
440 241 588 284 tnqressu
612 240 791 283 definitorit‘
821 251 956 274 vacare-

259 293 316 334 rit,
344 293 403 327 sub
425 296 527 338 poem}
547 293 717 328 nullitatz's
734 294 831 328 aliter
846 304 956 338 yerem-

259 346 377 380 dorum
388 344 407 380 ⁴.

411 435 576 462 Alexander
600 435 679 469 Papa
698 436 762 469 VII,

357 479 394 507 ad
414 479 546 506 futuram
565 479 611 506 rei
631 480 814 507 memoriam.

259 559 274 602 §
300 558 328 591 ·l.
353 557 437 591 Alias
461 567 520 602 pro
544 562 633 601 parte
662 558 850 592 dilectorum
876 558 958 591 filio-

216 621 286 644 rum
310 611 443 644 fratrum
467 610 648 655 provinciae
675 611 875 644 Granatensis
904 610 957 644 Or-

216 663 298 697 dinis
323 663 456 696 fratrum
490 663 646 697 Minorum
677 663 775 697 sancti
799 663 957 697 Francisci

216 716 254 750 de
278 716 483 750 Observantia
507 722 761 760 nuncupatorum
787 727 958 760 congrega-

215 770 294 804 tioni
338 770 565 803 venerabilium
605 771 737 804 fratrum
774 777 956 804 nostrorum

215 823 244 857 S.
264 824 299 857 R.
322 823 354 856 E.
373 823 576 856 cardinalium
601 823 735 866 negotiis
753 829 783 857 et
802 824 957 858 consulta-

216 877 354 910 tionibus
371 877 593 921 episcoporum
612 883 641 910 et
658 877 853 920 regularium
871 888 959 921 prac-

215 930 337 974 positae
362 931 505 974 exposito
520 957 527 971 ‚
553 930 637 974 quod
662 934 775 964 statuta
799 931 958 973 generalia

216 983 289 1017 dicti
310 983 434 1017 Ordinis
454 983 624 1028 praecipue
649 993 851 1028 annonMDcm
876 984 957 1017 edita

215 1039 246 1070 et
262 1046 318 1080 per
335 1035 449 1069 dictam
470 1036 748 1079 congregationem
772 1036 957 1069 confirmata

216 1089 274 1122 sub
306 1089 397 1122 titulo
431 1089 468 1122 de
500 1095 642 1133 tempore
672 1100 734 1133 quo
766 1089 881 1122 durare
906 1090 957 1123 de-

215 1142 290 1175 bent
312 1142 490 1176 officiorum
516 1143 685 1185 vacantiae,
703 1141 779 1176 nec²
795 1143 908 1176 fratres
926 1143 957 1176 in

216 1196 403 1230 delinitoriis
433 1196 669 1240 provinciarum
705 1202 957 1241 perpetuentur,

216 1249 427 1294 disponebant
461 1250 643 1283 definitores
667 1260 729 1283 non
761 1261 852 1294 posse
884 1251 957 1293 eligi

216 1302 248 1335 in
273 1302 433 1344 custodes,
458 1313 515 1336 nec
540 1302 684 1336 custodes
708 1303 739 1335 in
765 1303 956 1345 definitores,

216 1355 275 1389 nisi
301 1356 437 1390 triennio
470 1357 665 1396 vacaverint,
691 1361 721 1389 et
752 1357 958 1390 nihilominus

217 1411 249 1444 in
272 1410 410 1456 praefata
444 1411 606 1455 provincia
630 1411 814 1445 Granatensi
843 1412 959 1445 invale-

217 1465 323 1506 scebat
346 1465 462 1498 abusus
486 1475 518 1498 se
543 1464 750 1509 perpetuandi
768 1465 800 1497 in
817 1465 959 1498 definito-

217 1519 293 1561 riis,
319 1530 390 1553 cum
416 1518 661 1564 provincialatus
678 1519 782 1552 officio
799 1519 895 1552 suncti
918 1520 960 1552 in-

217 1573 426 1617 grederentur
451 1572 666 1606 definitor-ium
693 1573 736 1605 uti
760 1577 866 1616 patres
890 1583 960 1616 pro-

217 1627 337 1661 vinciae
362 1626 590 1667 moderniores,
608 1626 669 1659 alio
694 1631 798 1659 autem
824 1627 958 1660 triennio

217 1691 250 1714 se
273 1681 305 1714 in
329 1681 475 1714 custodes
508 1681 554 1713 vel
579 1680 761 1714 definitores
792 1680 865 1723 eligi
897 1691 955 1713 cu-

218 1740 345 1776 rarent,
370 1734 483 1768 deinde
507 1734 538 1767 in
570 1734 775 1777 subsequenti
800 1734 957 1778 capitulo,

218 1789 280 1823 iam
303 1790 392 1823 finito
417 1789 576 1832 sexennio,
598 1799 630 1821 se
650 1788 680 1821 in
707 1788 867 1822 ministros
887 1799 960 1832 pro-

218 1843 366 1877 vinciales
386 1843 497 1886 reeligi
522 1843 676 1883 facerent3
702 1848 794 1886 atque
819 1842 861 1875 ita
885 1853 957 1886 per-

217 1902 424 1942 petuarentur
448 1897 479 1929 in
504 1896 692 1930 definitoriis
709 1901 818 1929 contra
839 1895 957 1928 bonum

219 1951 362 1995 regimen
376 1950 476 1984 dictae
490 1950 671 1995 provinciae
693 1954 722 1983 et
739 1949 770 1982 in
783 1950 957 1982 fomentum

218 2005 412 2046 ambitionis,
433 2015 469 2037 ac
493 2004 524 2037 in
549 2003 772 2036 detrimentum
797 2003 959 2046 religioso-

219 2063 290 2093 rum
303 2058 582 2099 benemeritorum,
600 2057 664 2101 qui,
678 2057 750 2090 licet
763 2056 958 2098 benemeriti,

219 2113 245 2146 si
259 2113 437 2146 ministrum
451 2112 677 2156 provincialem
692 2112 789 2144 semel
804 2111 958 2144 insensum

219 2167 375 2207 habeant,
399 2166 478 2200 nihil
503 2176 639 2210 unquam
665 2165 814 2209 consequi
839 2165 960 2209 possint

222 2232 240 2255 a
264 2221 455 2261 definitorio,
480 2220 564 2265 quod
590 2219 732 2252 minister
758 2219 960 2263 provincialis

221 2286 345 2321 semper
370 2275 556 2319 ingreditur,
582 2273 635 2307 sed
660 2274 699 2306 ab
728 2273 782 2306 illo
812 2273 960 2306 continuo

221 2336 391 2369 vexantur,
416 2334 446 2362 et
469 2333 639 2372 propterea
664 2327 765 2360 eidem
791 2337 961 2370 congrega-

222 2384 298 2419 tioni
322 2383 498 2427 supplicato
516 2387 550 2415 ut
573 2381 732 2414 ordinaret
750 2381 883 2420 nullum,
897 2380 960 2424 qui,

221 2438 311 2472 finito
336 2435 471 2470 triennio
492 2435 590 2479 patris
608 2434 830 2475 modernioris‚
850 2434 889 2466 sit
904 2435 962 2467 ele-

259 2511 269 2536 1
294 2508 330 2535 Ex
348 2508 455 2543 Regest.
471 2506 497 2533 in
514 2507 617 2533 Secret.
636 2505 714 2533 Brev.

257 2554 274 2581 2
294 2554 406 2581 Videtur
425 2551 568 2588 legendum
588 2560 623 2578 ne
644 2559 691 2586 pro
706 2559 757 2577 nec
772 2551 809 2584 (u.
827 2552 875 2583 T.).

306 2607 385 2637 Bull.
405 2607 489 2636 Rom.
532 2605 591 2637 Vol.
612 2605 686 2635 XVI.
851 2604 883 2631 74

1641 130 1705 164 585

991 191 1059 220 ctus
1084 186 1115 219 in
1147 187 1309 220 custodem
1347 187 1395 220 vel
1426 187 1641 228 definitorem,
1667 198 1735 220 ree-

992 240 1045 283 ligi
1080 250 1173 284 posse
1207 240 1239 272 in
1274 241 1452 274 ministrum
1484 241 1734 284 provincialem,

991 293 1051 326 nisi
1076 293 1114 326 ad
1139 293 1243 326 minus
1281 304 1337 337 per
1373 294 1543 327 triennium
1577 294 1735 328 vacaverit

992 345 1030 378 ab
1051 346 1196 389 ingressu
1221 345 1407 379 definitorii:
1428 347 1583 381 emanavit
1607 358 1624 380 a
1648 358 1736 391 prae-

991 399 1052 433 fata
1077 400 1323 442 congregatione
1347 400 1510 434 decretum
1534 401 1653 434 tenoris
1681 400 1735 444 qui

993 451 1146 495 sequitur,
1172 451 1334 486 videlicet:

1044 518 1057 537 <i
1079 505 1173 538 Sacra
1190 506 1395 549 congregatio
1413 506 1734 540 eminentissimorum

992 561 1021 594 S.
1039 561 1074 593 R.
1095 560 1127 592 E.
1146 559 1354 592 cardinalium
1375 560 1509 602 negotiis
1534 566 1563 592 et
1577 561 1735 593 consulta-

993 613 1130 646 tionibus
1155 611 1378 656 episcoporum
1393 618 1423 645 et
1441 613 1635 655 regularium
1649 623 1736 656 prae-

992 666 1102 710 posita,
1127 665 1252 698 attentis
1268 665 1414 705 narratis,
1432 675 1468 698 ac
1484 666 1589 699 audita
1614 666 1735 698 relatio-

992 730 1030 753 ne
1056 719 1265 752 commissarii
1291 719 1447 762 generalis
1472 718 1578 751 curiae
1609 719 1734 752 Ordinis

992 772 1195 812 huiusmodi,
1220 771 1469 805 eminentissimo
1502 771 1630 804 Astallio
1659 772 1735 804 rese-

992 830 1080 859 rente
1106 825 1157 869 (ad
1182 824 1318 858 tollenda
1342 824 1488 866 absurda,
1514 834 1592 867 quae
1617 824 1649 856 in
1670 835 1735 857 me-

993 879 1115 911 morata
1131 878 1304 922 provincia,
1319 876 1420 922 quae¹,
1437 879 1531 911 causa
1547 877 1735 921 praemisso·

993 942 1063 964 rum
1089 936 1119 965 et
1144 937 1253 965 contra
1271 937 1407 964 mentem
1429 936 1617 964 statutorum
1643 941 1734 973 gene-

994 984 1106 1018 ralium
1132 984 1205 1017 dieti
1225 984 1358 1025 Ordinis,
1373 984 1403 1017 in
1418 984 1598 1017 ambitionis
1618 984 1734 1017 somen-

994 1041 1057 1071 tum
1083 1043 1112 1071 et
1136 1037 1318 1071 dominandi
1343 1037 1505 1070 libidinem
1531 1037 1657 1070 evenire
1685 1037 1733 1069 di-

993 1096 1122 1131 cuntur,
1153 1097 1186 1124 ut
1213 1090 1304 1135 pauci
1335 1090 1534 1124 solummodo
1564 1095 1670 1134 patres
1702 1090 1734 1122 in

992 1144 1154 1186 guberniis
1172 1150 1202 1177 et
1219 1145 1330 1178 officiis
1356 1143 1536 1188 perpetuari
1554 1144 1731 1186 conentur),

993 1197 1113 1230 censuit
1138 1203 1167 1230 et
1192 1198 1340 1238 decrevit,
1355 1202 1448 1241 prout
1462 1197 1674 1240 praesentium
1694 1203 1735 1229 te-

992 1261 1069 1283 nore
1094 1250 1244 1292 decernit,
1270 1257 1302 1283 ut
1327 1252 1533 1294 imposterum
1552 1250 1666 1289 nullus,
1680 1250 1733 1293 qui

994 1305 1024 1336 in
1047 1304 1207 1348 praedicta
1236 1304 1399 1348 provincia
1436 1303 1579 1336 minister
1604 1304 1733 1347 provin-

993 1358 1079 1391 cialis
1094 1359 1203 1401 extitit,
1220 1364 1249 1391 et
1263 1359 1420 1402 completo
1437 1357 1504 1393 eius
1529 1357 1623 1390 officii
1643 1358 1734 1390 trien-

993 1412 1045 1445 nio
1069 1418 1157 1456 pater
1175 1412 1358 1446 modernior
1382 1411 1586 1451 remanserit,
1610 1416 1733 1455 postea-

993 1477 1052 1510 que
1078 1472 1182 1499 custos
1207 1477 1260 1499 seu
1289 1465 1435 1499 delinitor
1465 1464 1646 1509 provinciae
1670 1465 1734 1498 sne-

994 1519 1033 1551 rit
1058 1520 1185 1560 electus,
1206 1520 1304 1564 possit
1328 1519 1366 1552 de
1393 1529 1474 1552 novo
1496 1517 1675 1550 immediate
1701 1517 1733 1550 in

994 1573 1172 1606 ministrum
1198 1573 1424 1617 provincialem
1451 1572 1541 1614 eligi,
1562 1571 1621 1603 nisi
1646 1571 1734 1615 prius

993 1628 1102 1660 saltem
1123 1637 1179 1670 per
1193 1627 1350 1669 integrum
1370 1625 1539 1658 triennium
1557 1625 1595 1657 ab
1613 1625 1734 1667 ingres-

993 1692 1028 1713 su
1053 1680 1223 1713 definitorii
1256 1679 1428 1719 vacaverit3
1455 1690 1490 1711 ac
1515 1679 1555 1711 ita
1581 1679 1610 1711 in
1642 1689 1733 1722 prac-

993 1734 1096 1767 missis
1129 1734 1166 1767 de
1192 1739 1297 1766 cetero
1322 1733 1401 1773 sieri,
1427 1733 1538 1775 exequi
1564 1736 1593 1766 et
1624 1732 1734 1765 obser-

993 1788 1076 1828 vari,
1110 1787 1167 1820 sub
1195 1788 1296 1831 poena
1327 1786 1479 1819 nullitatis
1508 1786 1597 1818 aliter
1626 1796 1734 1829 geren-

992 1842 1124 1882 dorum,
1150 1840 1275 1873 mandat
1304 1845 1332 1873 et
1363 1839 1535 1884 praecipit;
1568 1839 1733 1873 contrariis

992 1895 1242 1940 quibuscumque
1267 1904 1330 1926 non
1354 1893 1562 1926 obstantibus.

1037 1950 1154 1983 Romae
1171 1948 1221 1981 die
1238 1958 1301 1981 xxv
1319 1947 1394 1980 iunii
1412 1957 1527 1980 tinem.

1171 2002 1300 2035 MARCUS
1318 2000 1486 2034 cardinalis
1504 2000 1664 2033 Gmmrrs
1686 2015 1710 2031 υ.

1037 2055 1052 2099 ἓ
1074 2055 1103 2088 2.
1125 2055 1201 2088 Cum
1226 2059 1344 2093 autem,
1359 2053 1439 2086 sicut
1456 2052 1608 2096 praedicti
1623 2052 1734 2085 fratres

994 2109 1175 2153 provinciae
1200 2107 1401 2141 Granatensis
1432 2106 1522 2140 nobis
1555 2116 1656 2150 nuper
1681 2117 1734 2139 ex-

993 2162 1066 2206 poni
1093 2162 1243 2202 secerunt,
1269 2160 1327 2204 ipsi
1353 2160 1514 2193 decretum
1541 2159 1734 2200 huiusmodi,

994 2227 1052 2260 pro
1079 2215 1212 2249 firmiori
1238 2215 1321 2248 illius
1339 2214 1538 2247 subsistentia
1564 2220 1594 2247 et
1626 2214 1736 2247 obser-

996 2269 1127 2310 vatione,
1142 2268 1333 2313 apostolicae
1348 2267 1597 2301 confirmationis
1611 2272 1737 2300 nostrae

994 2323 1170 2367 patrocinio
1188 2321 1376 2356 communiri
1403 2331 1604 2364 summopere
1620 2320 1738 2353 deside-

996 2383 1080 2410 rent:
1095 2387 1161 2419 nos,
1180 2376 1348 2420 specialem
1367 2375 1483 2409 eisdem
1502 2374 1651 2407 fratribus
1669 2385 1737 2417 gra-

996 2432 1069 2465 tiam
1087 2431 1190 2464 sacerc
1208 2430 1359 2470 volentes,
1377 2434 1407 2462 ct
1428 2439 1538 2462 eorum
1560 2428 1736 2471 singulares

1034 2551 1042 2576 t
1066 2548 1118 2575 Vox
1138 2554 1212 2582 quae
1231 2544 1360 2572 redundat
1381 2546 1417 2580 (n.
1434 2544 1479 2579 T.)-

1750 141 1802 166 Ati.
1821 140 1847 165 tj.
1868 140 1935 166 ¹060

1777 519 1858 540 Sacrae
1883 525 1936 539 con-

1751 546 1879 571 gregattouin
1900 546 1936 566 dn-

1751 575 1839 593 cretum.

1752 2059 1862 2079 Decretum
1874 2064 1933 2085 prae-

1751 2088 1849 2106 insertum
1860 2086 1934 2105 contir-

1750 2116 1792 2133 mat
1803 2113 1905 2133 Pontifex.
