2243 3205
41 217 108 248 ,.Αιι.
127 215 155 242 C.
171 214 239 242 1660

124 382 236 413 Derogatio

60 413 214 433 contrariorum.

88 2037 225 2059 Prooemium.

109 2410 244 2432 Numerantur

68 2441 118 2463 quos
145 2438 163 2458 in
187 2438 244 2464 rapi-

68 2463 108 2483 tuto
153 2465 243 2490 generali

70 2489 98 2510 itu
107 2491 197 2516 suffragii
208 2492 245 2512 lia—

69 2515 116 2537 bere
131 2518 177 2537 vult.

850 213 1036 239 ALEXANDER
1059 214 1104 239 vu
1127 215 1175 239 PP.

251 272 422 306 quoquam,
440 262 548 307 quavis
569 263 772 304 auctoritate,
793 263 927 296 scienter
946 264 992 296 vel

252 314 443 358 ignoranter,
470 316 637 359 contigerit
661 317 816 349 attentari.

295 368 353 412 §4
371 369 439 402 Non
452 370 650 403 obstantibus
664 370 854 414 praemissis,
872 380 908 402 ac
924 379 995 402 con-

251 421 465 455 stitutionibus
483 428 512 455 et
531 423 782 457 ordinationibus
802 422 993 466 apostolicis,

250 485 373 509 necnon
403 476 565 520 quibusvis
601 477 834 520 praedictarum
867 476 993 508 univer-

251 529 387 571 sitatum,
413 530 506 562 etiam
530 529 727 572 iuramento,
753 529 993 563 confirmatione

250 583 444 626 apostolica,
471 583 518 616 vel
549 583 657 627 quavis
691 583 838 617 firmitate
862 583 922 615 alia
947 594 995 616 ro-

250 635 378 679 boratis,
408 636 530 669 statutis
563 642 593 669 et
621 636 912 677 consuetudinibus,
933 636 994 680 pri-

250 689 371 733 vilegiis
395 700 538 733 quoque,
564 689 692 724 indultis
716 694 746 723 et
769 690 881 722 litteris
905 700 993 734 apos-

250 742 351 776 tolicis
371 743 402 775 in
427 743 620 777 contrarium
645 743 892 787 praemissorum
919 754 992 786 quo-

250 795 422 829 modolibet
445 796 611 837 concessis,
640 796 833 830 confirmatis
858 802 887 829 et
905 797 994 829 inno-

250 850 342 890 vatis3
361 850 475 894 quibus
492 850 638 883 omnibus
660 855 689 883 et
706 851 848 894 singulis,
866 850 992 883 illorum

251 908 376 937 tenores
401 904 620 948 praesentibus
653 915 711 947 pro
736 904 827 947 plene
852 909 881 936 et
907 903 993 936 suffi-

250 955 369 989 cienter
394 956 551 1000 expressis
583 967 619 990 ac
652 957 690 990 de
723 957 820 990 verbo
846 957 883 989 ad
918 967 990 989 ver-

250 1009 326 1042 bum
356 1010 481 1043 insertis
512 1010 672 1050 habentes,
694 1010 754 1042 illis
780 1010 854 1042 alias
881 1010 911 1042 in
937 1020 993 1042 suo

251 1063 365 1097 robore
385 1064 611 1107 permansuris,
630 1063 667 1096 ad
681 1063 930 1107 praemissorum
950 1063 990 1095 ef-

250 1117 376 1159 fectum,
396 1117 455 1150 hae
479 1117 546 1150 vice
570 1117 741 1157 dumtaxat,
759 1117 938 1160 specialiter
965 1121 994 1149 et

251 1181 399 1214 expresse
412 1170 620 1214 derogamus,
636 1171 812 1214 ceterisque
827 1170 994 1203 contrariis

251 1225 515 1269 quibuscumque.

295 1279 407 1312 Datum
429 1279 558 1319 Romae,
578 1278 660 1322 apud
690 1278 719 1312 S.
738 1278 866 1311 Mariam
893 1278 992 1310 Maio-

251 1341 318 1365 rem
347 1332 405 1365 sub
431 1332 546 1365 annulo
578 1331 758 1372 piscatoris,
784 1331 834 1364 dic
855 1341 924 1365 xxn
945 1331 996 1363 de-

252 1385 389 1419 cembris
399 1396 514 1428 iuncrx,
528 1386 729 1430 pontificatus
742 1386 841 1419 nostri
856 1396 938 1419 anno
953 1396 994 1419 vi.

288 1448 346 1476 Dat.
366 1448 408 1475 die
423 1449 457 1475 22
477 1448 631 1476 decembris
650 1448 728 1481 1660,
749 1448 845 1484 pontif.
867 1456 939 1475 anno
960 1454 995 1475 vt.

541 1592 698 1626 CCCXXV.

255 1672 451 1707 Constitutio
470 1682 566 1715 super
590 1682 725 1705 numero
749 1671 912 1705 vocalium
935 1682 994 1715 pro

298 1726 439 1760 comitiis
477 1726 687 1770 yeneralibus
729 1726 995 1769 Conyreyatiom's

299 1780 490 1813 clericorum
519 1781 723 1824 regyularium
760 1780 996 1813 Theatz'normn

293 1831 575 1878 nuncupatorum.

451 1914 616 1941 Alexander
636 1914 714 1947 Papa
734 1913 797 1946 vu,

381 1959 417 1987 ad
437 1962 613 1993 perpetuam
632 1959 676 1986 rei
696 1958 876 1986 memoriam.

300 2029 395 2062 Felici
422 2040 641 2073 prosperoque
659 2029 806 2072 regimini
828 2034 857 2062 ct
881 2029 998 2071 guber-

255 2083 308 2116 nio
340 2083 614 2126 Congregationis.
636 2082 823 2115 dilectorum
859 2082 997 2115 filiorum

257 2136 447 2170 clericorum
465 2135 659 2179 regularium
679 2136 903 2168 Theatinorum
922 2146 999 2168 nun·

257 2193 455 2234 eupatorum‚
480 2199 539 2232 pro
565 2188 735 2221 commissa
759 2189 849 2222 nobis
870 2189 998 2222 caelitus

256 2244 423 2288 pastoralis
447 2243 541 2276 officii
560 2244 646 2283 cura,
664 2242 831 2275 salubriter
848 2248 998 2286 quantum

258 2308 329 2331 cum
365 2297 499 2330 Domino
535 2307 704 2341 possumus
739 2296 906 2340 providere
940 2307 996 2329 cu-

257 2351 380 2396 pientes
394 2378 401 2391 ‚

303 2405 318 2448 ς
342 2404 371 2436 t.
397 2403 481 2436 Motu
497 2403 638 2447 proprio,
658 2413 693 2435 ac
714 2413 750 2435 cx
768 2403 853 2435 certa
871 2402 999 2435 scientia

259 2462 290 2490 et
313 2458 437 2490 matura
470 2456 697 2489 deliberatione
730 2455 867 2498 nostris,
899 2455 1001 2499 deque

259 2509 449 2555 apostolicae
474 2509 638 2554 potestatis
663 2508 867 2553 plenitudine,
893 2513 1001 2542 tenore

260 2563 473 2608 praesentium
499 2563 664 2596 statuimus
688 2567 719 2595 et
742 2561 941 2595 decernimus
969 2566 1002 2594 ut

262 2617 293 2650 in
318 2618 454 2661 capitulo
482 2617 621 2661 generali
656 2616 839 2650 eorumdem
865 2615 999 2650 clerico-

1028 274 1097 296 rum
1124 262 1318 306 regularium
1339 263 1564 298 Theatinorum
1586 264 1634 297 ius
1659 264 1767 297 suffra-

1027 317 1120 360 gandi
1147 317 1281 350 habeant
1313 317 1503 362 infrascripti
1529 317 1709 358 dumtaxat,
1738 323 1769 351 et

1027 380 1090 403 non
1115 370 1189 410 alii,
1217 370 1359 403 videlicet
1389 371 1558 415 praepositi
1584 372 1768 415 generales,

1027 429 1089 457 tam
1115 436 1175 468 pro
1201 430 1342 468 tempore
1369 426 1535 459 existentes
1553 437 1646 470 quam
1665 426 1769 459 officio

1027 478 1142 519 functi,
1160 483 1295 522 quatuor
1316 479 1511 512 consultores
1532 485 1561 512 et
1582 484 1771 524 procurator

1028 531 1182 574 generalis
1206 542 1265 575 pro
1290 537 1433 576 tempore
1453 543 1488 565 ex
1510 533 1673 576 provincia
1699 533 1770 566 Gal-

1028 584 1086 617 liae
1111 585 1294 628 Cisalpinae,
1312 595 1392 629 quae
1414 585 1443 618 in
1462 586 1598 629 primam
1618 591 1645 619 et
1664 596 1771 619 secun-

1027 638 1098 671 dam
1126 638 1334 671 visitationem
1361 638 1527 679 dividitur,
1545 639 1607 672 duo
1632 639 1771 673 viSitato-

1028 702 1087 733 res,
1118 697 1181 724 tres
1206 691 1399 735 praepositi,
1424 697 1454 724 et
1478 698 1541 725 tres
1565 692 1687 725 vocales
1712 704 1769 737 pro

1027 745 1165 789 qualibet
1190 745 1362 789 provincia,
1387 746 1560 790 praepositi
1579 753 1722 790 quatuor,
1741 753 1769 780 et

1027 799 1155 831 totidem
1182 799 1304 832 vocales
1322 809 1356 831 ex
1375 799 1535 842 provincia
1551 800 1768 843 Neapolitana,

1027 852 1197 896 praepositi
1230 852 1292 885 duo
1318 858 1348 884 et
1381 853 1503 885 vocales
1534 852 1596 885 duo
1629 863 1663 884 ex
1697 863 1766 896 pro-

1028 906 1129 938 vincia
1154 905 1287 946 Siciliae,
1312 905 1485 939 dummodo
1511 916 1546 938 ex
1572 906 1630 938 hac
1655 906 1770 949 eligan-

1028 964 1079 991 tur
1103 959 1166 992 duo
1200 959 1399 1001 visitatores,
1425 959 1515 992 sicuti
1546 970 1580 992 ex
1607 960 1770 1003 provincia

1027 1013 1241 1056 Neapolitana,
1267 1024 1302 1046 ex
1329 1013 1478 1057 Hispania
1504 1024 1595 1054 unus,
1616 1024 1651 1046 ex
1672 1014 1770 1047 Gallia

1028 1066 1231 1110 Transalpina
1256 1076 1355 1106 unus,
1380 1071 1410 1098 et
1434 1076 1470 1099 ex
1496 1067 1644 1099 Romanis
1668 1066 1770 1100 domi-

1028 1119 1086 1151 bus
1111 1129 1201 1151 unus.
1634 1156 1645 1167 ν

1074 1173 1088 1215 ᾖ
1113 1172 1141 1204 ΞΣ.
1169 1168 1423 1215 Praepositorum
1450 1171 1576 1215 quidem
1603 1172 1713 1205 electio
1733 1172 1771 1205 ad

1030 1226 1112 1258 hunc
1137 1226 1229 1269 plane
1248 1226 1377 1259 modum
1396 1226 1458 1258 fiat.
1476 1226 1645 1259 Novembri
1664 1236 1770 1259 mense

1029 1279 1199 1323 praepositi
1224 1279 1262 1311 ad
1287 1289 1381 1311 unam
1400 1289 1416 1311 e
1434 1290 1507 1311 suae
1525 1280 1704 1323 provinciae
1721 1281 1772 1313 (lo-

1030 1333 1134 1365 mibus
1152 1343 1168 1364 a
1190 1333 1370 1376 praeposito
1396 1333 1534 1375 generali
1559 1337 1589 1366 et
1613 1334 1772 1367 consulto-

1030 1385 1117 1418 ribus
1143 1385 1366 1428 designandam
1392 1396 1425 1418 se
1450 1386 1621 1418 conferant.
1647 1386 1773 1420 Consti—

1030 1442 1095 1473 tuta
1122 1450 1196 1472 vero
1221 1439 1281 1479 die,
1310 1450 1390 1483 quae
1415 1440 1473 1472 erit
1498 1440 1608 1472 ultima
1633 1440 1771 1473 eiusdem

1030 1494 1157 1533 mensis,
1174 1496 1236 1527 una
1261 1503 1381 1533 omnes,
1407 1493 1479 1526 dato
1504 1493 1604 1535 signo,
1634 1494 1773 1537 fusisque

1030 1547 1068 1580 de
1089 1557 1177 1580 more
1201 1547 1359 1590 precibus,
1378 1546 1416 1579 de
1434 1546 1566 1590 singulis
1583 1547 1773 1591 praepositis

1030 1611 1104 1633 suae
1128 1600 1334 1644 professionis
1355 1600 1465 1633 ordine
1491 1601 1614 1643 singula
1639 1600 1774 1634 babean-

1030 1660 1081 1686 tur
1113 1654 1273 1688 scrutinia.
1311 1654 1507 1687 Scrutatorcs
1544 1664 1624 1697 quae
1661 1655 1773 1698 cuique

1030 1707 1219 1750 contigerint.
1243 1707 1393 1750 sutfragia
1418 1712 1595 1748 numerent,
1620 1712 1712 1751 atque
1744 1708 1774 1740 in

1031 1762 1180 1795 schedula
1206 1761 1351 1794 distincte
1375 1765 1493 1795 notent.
1511 1762 1588 1794 Tum
1616 1762 1774 1796 scrutiniis

1031 1815 1200 1855 absolutis,
1226 1814 1269 1846 illi
1296 1820 1462 1847 censentur
1487 1814 1525 1846 ad
1549 1815 1695 1857 generale
1723 1825 1773 1848 ca-

1032 1869 1166 1912 pitulum
1191 1867 1292 1908 electi,
1318 1868 1349 1900 in
1374 1878 1453 1911 quos
1479 1868 1630 1901 maiorem
1655 1868 1773 1911 eligen-

1031 1922 1109 1955 tium
1135 1932 1301 1954 numerum
1320 1922 1515 1954 consensisse
1533 1926 1723 1955 scrutatores
1738 1922 1775 1954 si-

1032 1975 1259 2018 gnificaverint.
1287 1974 1426 2013 Quorum
1460 1975 1547 2018 paria
1577 1975 1691 2008 suerint
1717 1976 1775 2008 suf-

1031 2029 1141 2072 fragia,
1163 2039 1201 2061 ex
1228 2029 1265 2061 iis
1289 2028 1484 2072 professione
1509 2029 1614 2062 senior
1639 2029 1773 2063 accedat.

1033 2083 1062 2115 Si
1084 2082 1265 2126 quempiam
1284 2093 1320 2115 ex
1346 2083 1452 2115 electis
1477 2083 1666 2126 praepositis
1687 2083 1773 2116 obire

1033 2135 1115 2167 diem
1141 2146 1232 2168 suum
1258 2135 1436 2178 contigerit,
1454 2135 1504 2168 illc
1523 2136 1712 2179 subrogatus
1734 2137 1775 2168 in-

1034 2190 1214 2232 telligatur,
1242 2189 1295 2232 qui
1328 2189 1438 2222 maiori
1467 2189 1691 2232 suffragiorum
1717 2201 1774 2223 nu-

1033 2254 1122 2276 mero
1147 2243 1289 2287 proxime
1315 2243 1453 2276 succedit
1470 2243 1501 2276 in
1519 2243 1601 2276 dicta
1625 2249 1776 2277 scrutato-

1033 2308 1103 2330 rum
1123 2297 1282 2337 schedula,
1301 2308 1379 2340 quae
1400 2297 1503 2329 statim
1529 2297 1659 2330 Romam
1679 2302 1776 2330 trans-

1035 2351 1177 2382 mittatur
1200 2350 1380 2393 praeposito
1405 2350 1544 2393 generali
1573 2356 1603 2382 et
1623 2351 1776 2383 consulto-

1034 2403 1130 2444 ribus,
1149 2403 1334 2437 eorumdem
1353 2407 1563 2437 scrutatorum
1590 2413 1682 2435 manu
1708 2403 1776 2436 sub-

1035 2456 1150 2499 scripta
1175 2459 1204 2489 rt
1228 2455 1402 2498 obsignata,
1421 2456 1607 2498 resignanda
1633 2456 1777 2489 videlicet

1035 2509 1072 2540 ab
1097 2508 1207 2541 eodem
1234 2509 1413 2552 praeposito
1434 2509 1573 2552 generali
1598 2515 1628 2542 et
1653 2511 1777 2543 consul-

1036 2561 1166 2602 toribus,
1192 2572 1263 2594 cum
1289 2562 1471 2605 subrogatio
1496 2563 1710 2606 postulaverit.

1081 2616 1095 2659 ἓ
1119 2615 1148 2648 3.
1170 2615 1355 2660 Praepositi,
1375 2616 1400 2649 si
1422 2616 1536 2650 fuerint
1560 2616 1699 2660 legitime
1724 2616 1777 2649 im-

1667 207 1731 240 643
1777 216 1826 242 An.
1846 216 1874 244 c.
1898 217 1961 244 1661

1814 1186 1926 1206 illectionis
1943 1185 1972 1205 sa-

1787 1213 1876 1232 ciendae,
1887 1213 1971 1233 muttum

1787 1240 1887 1265 assignat,
