2243 3205
33 216 80 243 An.
96 214 125 241 C.
143 213 216 240 1661

62 434 172 454 Decretum
188 432 216 452 ir-

36 461 107 483 mans.

39 1069 150 1090 Contraria
161 1068 221 1089 tollit.

81 2458 220 2485 supplicatio.

833 212 1018 237 ALEXANDER
1039 212 1083 236 vll
1103 213 1150 236 ΡΡ.

230 260 299 304 ipso
323 260 532 302 incurrendis,
550 261 678 303 servari,
697 261 881 294 auctoritate
901 271 973 304 apo-

230 314 351 356 stolica,
370 319 478 348 tenore
502 315 726 358 praesentium,
744 315 927 347 mandamus
945 319 974 347 et

231 367 453 411 praecipimus.

276 420 291 463 ἓ
307 419 337 452 4.
354 420 564 453 Decernentes
585 420 708 453 easdem
727 426 907 464 praesentes
927 419 974 451 lit-

233 478 315 505 teras
341 483 467 517 semper
490 473 609 513 firmas,
635 473 751 506 validas
777 478 807 506 et
832 473 974 506 efficaces

233 525 366 559 existere
390 531 420 558 et
444 527 521 566 sore,
539 537 675 570 suosque
693 527 851 570 plenarios
876 532 906 559 et
927 527 973 558 in-

233 585 340 623 tegros
357 579 486 613 effectus
507 581 613 614 sortiri
634 585 663 613 et
680 580 834 620 obtinere,
853 591 888 612 ac
906 580 976 620 illis,

233 633 272 666 ad
289 644 368 676 quos
393 637 513 677 spectat
530 639 559 666 et
576 645 633 677 pro
652 639 793 677 tempore
811 633 976 677 spectabit,

234 686 416 730 plenissime
437 686 615 729 suffragari,
629 687 735 730 sicque
750 687 781 719 in
798 686 978 730 praemissis

234 749 291 782 per
304 749 520 782 quoscumque
538 739 656 773 iudices
674 740 851 773 ordinarios
878 745 907 772 et
930 739 979 771 de-

235 791 364 834 legatos,
382 792 475 824 etiam
493 803 659 825 causarum
684 793 789 836 palatii
815 793 978 836 apostolici

235 844 411 886 auditores,
436 845 567 879 iudicari
592 852 623 879 et
647 846 771 879 definiri
794 846 927 886 debere,
944 856 979 878 ac

235 898 362 932 irritum
380 904 410 932 et
423 899 524 942 inane⁷
543 901 566 933 si
586 911 674 934 secus
692 911 786 944 super
807 900 856 933 his
874 911 891 932 a
908 910 981 943 quo-

236 952 459 996 quam,quavis
469 953 663 995 auctoritate,
682 948 817 986 scienter
835 953 881 985 vel
895 953 981 996 igno-

237 1011 353 1047 ranter,
372 1006 539 1049 contigerit
559 1007 713 1040 attentari.

282 1060 347 1103 §5
380 1060 448 1093 Non
479 1060 674 1094 obstantibus
705 1060 981 1094 constitutionibus

238 1117 270 1146 et
292 1112 543 1146 ordinationibus
567 1113 759 1157 apostolicis,
780 1123 902 1146 necnon
922 1123 983 1146 me-

238 1171 362 1200 morato
385 1167 534 1207 decreto,
559 1177 614 1200 seu
648 1167 828 1199 definitione
855 1167 980 1210 capituli

240 1219 395 1263 generalis
420 1220 560 1253 eiusdem
593 1220 848 1263 congregationis
872 1220 979 1252 novis-

240 1274 319 1307 sime
343 1273 502 1314 celebrati,
523 1274 697 1318 ceterisque
725 1274 756 1306 in
789 1274 982 1307 eontrarium

239 1326 381 1361 adductis
405 1327 665 1371 quibuscumque.

285 1381 396 1414 Datum
422 1382 549 1422 Romae,
574 1381 657 1425 apud
682 1382 711 1415 S.
733 1381 860 1414 Mariam
887 1381 982 1414 Maio-

242 1445 310 1468 rem
347 1434 405 1467 sub
435 1434 551 1468 annulo
582 1434 769 1475 piscatoris,
802 1435 850 1467 die
880 1445 897 1467 v
930 1445 981 1467 se-

241 1489 400 1534 ptembris
430 1499 557 1531 uocem,
583 1489 784 1533 pontificatus
808 1489 907 1522 nostri
933 1499 984 1521 an-

241 1553 283 1577 no
300 1552 354 1577 vn.

279 1604 337 1632 Dat.
354 1604 398 1632 die
413 1604 429 1632 5
444 1604 609 1640 septembris
630 1604 709 1639 1661,
731 1604 825 1639 pontif.
847 1612 918 1631 anuo
939 1610 984 1631 vn.

544 1747 683 1782 CCCLVI.

244 1828 430 1861 Declaratio
451 1828 538 1872 quod
557 1829 716 1861 revocatio
735 1828 987 1872 privilegyiorum

290 1885 318 1913 et
353 1881 594 1924 eaeemptionum
624 1881 832 1924 reyutartbus
866 1892 988 1914 conces-

289 1944 413 1976 sorum,
440 1939 468 1967 et
492 1935 645 1967 subiectio
669 1936 789 1967 nurtcz'o
814 1935 988 1978 apostolico

290 1987 480 2031 Hispaniae,
492 1988 528 2020 ab
547 1988 675 2020 Urbano
691 1988 875 2031 VIIIfmta,
891 1989 989 2022 etiam

291 2042 465 2074 monachos
507 2041 767 2084 οοηφέῃαίῖοηῖε
807 2042 990 2085 Hispaniae

294 2095 430 2130 Ordinis
454 2097 559 2128 sancti
583 2095 752 2128 Benedicti
784 2096 990 2139 comprehen-

293 2149 360 2189 dat,
385 2159 459 2182 cum
483 2151 575 2189 nova,
596 2153 757 2192 quatenus
775 2160 853 2192 opus
873 2150 925 2189 sit,
946 2160 992 2182 eo-

293 2201 440 2235 rumdem
469 2202 722 2245 privileyiorum
754 2206 782 2235 et
816 2201 991 2245 exemptio-

294 2266 375 2288 num
398 2255 599 2288 revocatione
612 2254 631 2272 ¹·

447 2334 612 2362 Alexander
632 2335 710 2367 Papa
731 2335 796 2367 Vll,

376 2379 412 2406 ad
431 2381 608 2413 perpetuam
627 2378 673 2405 rei
689 2379 871 2406 memoriam.

298 2452 313 2496 ἓ
338 2452 366 2484 1.
384 2451 466 2485 Alias
485 2450 581 2483 felicis
607 2450 833 2483 recordationis
851 2450 994 2485 Urbanus

254 2505 336 2549 Papa
353 2504 417 2537 VIII
435 2504 659 2548 praedecessor
676 2509 793 2546 noster,
815 2504 895 2537 inter
919 2504 994 2538 alias

289 2620 305 2648 ‘2
321 2614 481 2656 Ex'Regest.
500 2619 525 2645 in
542 2619 642 2646 Secret.
666 2618 800 2646 Brevium.

1652 203 1711 236 7⁴11

1007 260 1219 293 ordinationes
1244 266 1274 293 et
1298 261 1536 303 declarationes,
1564 271 1641 304 quas
1666 261 1749 293 circa

1008 313 1144 346 tribunal
1180 314 1385 347 nunciaturae
1411 314 1630 358 Hispaniarum
1656 313 1749 354 fecit,

1008 367 1110 410 quoad
1135 377 1285 410 personas
1310 368 1471 410 regulares
1497 378 1513 400 a
1534 367 1750 400 iurisdictione

1009 419 1248 453 Ordinariorum
1264 427 1432 464 exemptas,
1444 432 1479 454 ac
1491 420 1669 453 immediate
1679 420 1750 454 Sedi

1010 473 1207 517 Apostolicae
1234 484 1269 506 ac
1287 480 1517 517 consequenter
1542 474 1608 507 eius
1628 474 1751 506 nunciis

1011 527 1175 568 subiectas⁷
1194 527 1224 559 iu
1248 527 1360 571 primis
1385 533 1415 560 et
1439 532 1508 561 ante
1534 527 1640 560 omnia
1664 537 1752 560 revo-

1011 590 1085 613 cans
1110 590 1330 624 quaecumque
1367 580 1531 623 privilegia
1563 585 1616 612 aut
1642 590 1749 612 exem-

1011 634 1133 677 ptiones
1147 643 1312 666 concessas
1330 633 1427 666 cuivis
1445 633 1552 667 Ordiui
1570 633 1751 666 Mendiran-

1014 686 1090 718 tium
1109 686 1155 719 vel
1173 686 1414 726 monachorum,
1431 687 1524 719 etiam
1547 686 1644 719 sancti
1662 686 1755 719 Bene-

1013 739 1097 779 dicti,
1109 739 1372 780 Cisterciensium‚
1385 739 1754 780 Praemonstiatensium,

1013 792 1274 833 cluniacensium,
1303 798 1355 825 aut
1384 793 1463 833 aliis,
1492 792 1664 835 dequibus
1688 803 1756 835 spe-

1015 846 1101 880 cialis
1126 845 1243 879 mentio
1261 845 1328 878 ficri
1347 845 1484 887 deberet,
1504 845 1550 877 rel
1568 845 1756 888 cuicumque

1015 899 1253 942 congregationi
1279 904 1332 932 aut
1360 898 1524 939 Societati‚
1549 898 1641 931 etiam
1669 898 1755 940 Iesu⁷

1015 952 1109 984 etiam
1135 952 1316 995 particulari
1346 953 1420 985 nota
1446 952 1579 994 dignae,
1606 962 1677 984 cum
1703 961 1755 983 sa-

1016 1016 1104 1039 crum
1130 1006 1303 1039 Concilium
1329 1005 1545 1038 Tridentinum
1570 1016 1627 1049 per
1652 1005 1757 1049 dispo-

1016 1059 1160 1092 sitionem
1179 1059 1307 1102 capituli
1324 1059 1446 1093 Causae
1463 1069 1572 1092 omnes
1589 1069 1663 1091 sess.
1684 1069 1757 1092 xxiv

1016 1113 1062 1145 De
1085 1112 1316 1156 reformatione
1340 1113 1501 1155 regulares
1525 1123 1587 1145 non
1613 1122 1759 1156 compre-

1017 1165 1146 1206 hendat,
1172 1171 1267 1209 prout
1292 1166 1392 1198 suerat
1417 1177 1433 1198 a
1459 1166 1605 1199 Romanis
1632 1166 1759 1198 Pontifi-

1017 1219 1105 1252 cibus
1141 1219 1238 1263 ipsius
1272 1220 1388 1252 Urbani
1418 1220 1596 1263 nostrisque
1625 1219 1758 1263 praede-

1018 1273 1196 1306 cessoribus
1213 1273 1424 1313 declaratum3
1442 1274 1540 1306 voluit
1560 1279 1593 1306 ut
1611 1273 1649 1306 ab
1662 1273 1760 1306 omni-

1017 1327 1075 1360 bus
1101 1327 1248 1371 praefatis
1274 1327 1407 1360 nuncius
1432 1327 1532 1360 dictae
1558 1327 1645 1360 Sedis
1666 1327 1696 1359 in
1714 1338 1759 1360 re-

1018 1381 1088 1425 gnis
1114 1381 1336 1424 Hispaniarum
1370 1392 1429 1424 pro
1454 1387 1597 1425 tempore
1620 1381 1761 1414 residens

1018 1445 1075 1479 pro
1097 1434 1263 1467 Ordinario
1288 1440 1318 1467 et
1335 1434 1499 1478 superiore
1524 1439 1760 1477 agnosceretur,

1019 1494 1049 1521 et
1073 1488 1159 1530 alias⁷
1184 1492 1278 1532 prout
1303 1488 1333 1520 in
1359 1487 1500 1520 eiusdem
1527 1487 1643 1521 Urbani
1667 1498 1760 1531 prae-

1019 1541 1192 1574 decessoris
1216 1541 1327 1575 litteris
1352 1541 1383 1573 in
1409 1541 1502 1573 simili
1527 1542 1629 1574 forma
1654 1541 1760 1574 Brevis

1019 1595 1069 1627 die
1087 1605 1175 1629 xxvn
1192 1594 1300 1638 aprilis
1314 1605 1433 1628 nncht
1449 1595 1583 1638 desuper
1597 1594 1760 1638 expeditis,

1020 1659 1153 1693 quarum
1180 1654 1321 1681 tenorem
1347 1648 1566 1692 praesentibus
1594 1659 1653 1692 pro
1669 1649 1761 1692 plene

1021 1708 1050 1735 et
1075 1702 1266 1735 sufficienter
1291 1713 1441 1746 expresso
1466 1702 1575 1734 haberi
1601 1702 1760 1742 volumus,

1022 1756 1151 1789 uberius
1168 1755 1355 1789 continetur.
1368 1756 1457 1789 Nunc
1473 1761 1577 1789 autem
1592 1766 1660 1797 nos,
1674 1767 1762 1800 prae-

1022 1810 1114 1842 fatam
1144 1809 1260 1843 Urbani
1291 1809 1544 1852 praedecessoris
1569 1810 1761 1844 voluntatem

1022 1868 1128 1895 exacte
1149 1862 1321 1903 observari,
1342 1863 1532 1906 plenumque
1557 1863 1657 1896 robur
1674 1868 1703 1896 et
1720 1863 1763 1896 es-

1022 1916 1137 1949 scctum
1160 1916 1277 1948 habere
1295 1916 1445 1956 volentes,
1463 1920 1549 1949 motu
1570 1917 1710 1960 proprio,
1727 1927 1763 1949 ac

1023 1981 1060 2003 ex
1085 1972 1169 2002 certa
1195 1970 1324 2003 scientia
1342 1974 1371 2003 et
1393 1972 1513 2004 matura
1538 1970 1764 2004 deliberatione

1022 2024 1149 2063 nostris,
1174 2024 1276 2066 deque
1300 2024 1492 2067 apostolicae
1519 2025 1680 2068 potestatis
1704 2026 1765 2068 ple-

1024 2077 1174 2117 nitudine,
1200 2078 1432 2111 revocationem
1458 2078 1706 2121 privilegiorum,
1735 2083 1764 2110 et

1024 2131 1260 2174 exemptionum
1307 2132 1505 2173 regularibus
1543 2142 1763 2164 concessarum

1025 2184 1216 2224 huiusmodi,
1235 2195 1411 2228 eorumque
1435 2185 1658 2218 subiectionem
1676 2196 1766 2229 prae-

1025 2238 1088 2269 sato
1113 2237 1228 2270 nuncio
1245 2248 1261 2270 a
1287 2243 1464 2270 memorato
1489 2238 1615 2270 Urbano
1636 2237 1765 2281 praede-

1026 2301 1161 2330 cessore,
1184 2291 1264 2324 sicut
1288 2291 1509 2335 praemittitur,
1530 2292 1654 2332 factam,
1674 2291 1767 2325 etiam

1027 2344 1198 2377 monachos
1224 2344 1478 2387 congregationis
1503 2344 1669 2388 Hispaniae
1693 2344 1768 2378 dicti

1027 2397 1151 2430 Ordinis
1180 2398 1278 2431 sancti
1304 2398 1462 2431 Benedicti
1488 2398 1766 2442 comprehendere,

1029 2456 1136 2484 tenore
1162 2452 1374 2495 praesentium
1399 2452 1612 2492 declaramus;
1633 2457 1672 2494 et,
1690 2463 1766 2496 qua-

1029 2509 1118 2538 tenus
1136 2515 1214 2548 opus
1233 2505 1280 2545 sit,
1302 2505 1409 2537 eadem
1437 2506 1601 2548 privilegia
1622 2510 1651 2540 et
1668 2517 1768 2540 exem-

1029 2558 1148 2602 ptiones
1180 2558 1277 2590 cuivis
1301 2558 1408 2591 Ordini
1434 2559 1694 2599 Mcndicanfflum,
1720 2561 1767 2593 vel

1031 2611 1256 2643 monachorum
1284 2612 1374 2644 etiam
1401 2611 1539 2645 ciusdem
1561 2612 1658 2647 sancti
1676 2613 1768 2646 Benc-

1762 212 1811 238 An.
1828 211 1855 238 C.
1878 212 1944 240 1661

1791 1766 1960 1792 C·1nfirmatpr0-

1776 1796 1799 1814 ut
1814 1800 1833 1814 in
1851 1794 1944 1814 rubrica.
