<?xml version="1.0" encoding="UTF-8"?>
<!DOCTYPE html PUBLIC "-//W3C//DTD XHTML 1.0 Transitional//EN"
    "http://www.w3.org/TR/xhtml1/DTD/xhtml1-transitional.dtd">
<html xmlns="http://www.w3.org/1999/xhtml" xml:lang="en" lang="en">
 <head>
  <title>
</title>
<meta http-equiv="Content-Type" content="text/html;charset=utf-8" />
  <meta name='ocr-system' content='tesseract 3.04.00' />
  <meta name='ocr-capabilities' content='ocr_page ocr_carea ocr_par ocr_line ocrx_word'/>
</head>
<body>
  <div class='ocr_page' id='page_1' title='image "./bullarumdiplomat16cath_0562.png"; bbox 0 0 2243 3205; ppageno 0'>
   <div class='ocr_carea' id='block_1_1' title="bbox 275 220 567 257">
    <p class='ocr_par' dir='ltr' id='par_1_1' title="bbox 275 220 567 257">
     <span class='ocr_line' id='line_1_1' title="bbox 275 220 567 257; baseline -0.01 -1"><span class='ocrx_word' id='word_1_1' title='bbox 275 229 324 256; x_wconf 77' lang='lat' dir='ltr'>An.</span> <span class='ocrx_word' id='word_1_2' title='bbox 340 228 369 257; x_wconf 90' lang='lat' dir='ltr'>C.</span> <span class='ocrx_word' id='word_1_3' title='bbox 392 229 459 257; x_wconf 85' lang='grc'>1660</span> <span class='ocrx_word' id='word_1_4' title='bbox 505 220 567 254; x_wconf 75' lang='lat'>5⁶28</span> 
     </span>
    </p>
   </div>
   <div class='ocr_carea' id='block_1_2' title="bbox 450 1501 1209 1545">
    <p class='ocr_par' dir='ltr' id='par_1_2' title="bbox 450 1501 1209 1545">
     <span class='ocr_line' id='line_1_2' title="bbox 450 1501 1209 1545; baseline 0.001 -12"><span class='ocrx_word' id='word_1_5' title='bbox 450 1518 452 1521; x_wconf 96' lang='lat'>·</span> <span class='ocrx_word' id='word_1_6' title='bbox 469 1501 579 1545; x_wconf 85' lang='lat' dir='ltr'>aprilis</span> <span class='ocrx_word' id='word_1_7' title='bbox 603 1511 743 1535; x_wconf 78' lang='lat' dir='ltr'>MDCXLVI</span> <span class='ocrx_word' id='word_1_8' title='bbox 762 1501 846 1545; x_wconf 91' lang='lat' dir='ltr'>quod</span> <span class='ocrx_word' id='word_1_9' title='bbox 863 1501 996 1535; x_wconf 85' lang='lat' dir='ltr'>sufficiat</span> <span class='ocrx_word' id='word_1_10' title='bbox 1013 1512 1093 1534; x_wconf 89' lang='lat' dir='ltr'>unus</span> <span class='ocrx_word' id='word_1_11' title='bbox 1110 1511 1209 1534; x_wconf 87' lang='lat' dir='ltr'>annus</span> 
     </span>
    </p>
   </div>
   <div class='ocr_carea' id='block_1_3' title="bbox 273 1831 455 1879">
    <p class='ocr_par' dir='ltr' id='par_1_3' title="bbox 273 1831 455 1879">
     <span class='ocr_line' id='line_1_3' title="bbox 286 1831 455 1861; baseline 0.006 -9"><span class='ocrx_word' id='word_1_12' title='bbox 286 1831 410 1861; x_wconf 31' lang='lat' dir='ltr'>‘Decretum</span> <span class='ocrx_word' id='word_1_13' title='bbox 427 1832 455 1853; x_wconf 88' lang='lat' dir='ltr'>ir-</span> 
     </span>
     <span class='ocr_line' id='line_1_4' title="bbox 273 1860 348 1879; baseline 0.013 -1"><span class='ocrx_word' id='word_1_14' title='bbox 273 1860 348 1879; x_wconf 77' lang='lat' dir='ltr'>ntans.</span> 
     </span>
    </p>
   </div>
   <div class='ocr_carea' id='block_1_4' title="bbox 273 2096 458 2149">
    <p class='ocr_par' dir='ltr' id='par_1_4' title="bbox 273 2096 458 2149">
     <span class='ocr_line' id='line_1_5' title="bbox 303 2096 458 2118; baseline 0.006 -1"><span class='ocrx_word' id='word_1_15' title='bbox 303 2096 458 2118; x_wconf 68' lang='lat' dir='ltr'>Contrariorum</span> 
     </span>
     <span class='ocr_line' id='line_1_6' title="bbox 273 2122 392 2149; baseline -0.017 -7"><span class='ocrx_word' id='word_1_16' title='bbox 273 2122 392 2149; x_wconf 64' lang='lat' dir='ltr'>derogatio,</span> 
     </span>
    </p>
   </div>
   <div class='ocr_carea' id='block_1_5' title="bbox 467 232 1231 1491">
    <p class='ocr_par' dir='ltr' id='par_1_5' title="bbox 469 232 1231 740">
     <span class='ocr_line' id='line_1_7' title="bbox 1054 232 1231 257; baseline 0.006 -1"><span class='ocrx_word' id='word_1_17' title='bbox 1054 232 1231 257; x_wconf 51' lang='lat' dir='ltr'>nontamen</span> 
     </span>
     <span class='ocr_line' id='line_1_8' title="bbox 472 277 1231 324; baseline 0.004 -13"><span class='ocrx_word' id='word_1_18' title='bbox 472 278 627 311; x_wconf 83' lang='lat' dir='ltr'>solventes</span> <span class='ocrx_word' id='word_1_19' title='bbox 664 282 694 310; x_wconf 85' lang='lat' dir='ltr'>et</span> <span class='ocrx_word' id='word_1_20' title='bbox 728 277 886 312; x_wconf 88' lang='lat' dir='ltr'>absolutas</span> <span class='ocrx_word' id='word_1_21' title='bbox 922 279 988 313; x_wconf 83' lang='lat' dir='ltr'>fore</span> <span class='ocrx_word' id='word_1_22' title='bbox 1027 286 1190 314; x_wconf 80' lang='lat' dir='ltr'>censentes</span> <span class='ocrx_word' id='word_1_23' title='bbox 1204 284 1231 324; x_wconf 82' lang='lat'>,‘</span> 
     </span>
     <span class='ocr_line' id='line_1_9' title="bbox 472 329 1230 377; baseline 0.005 -13"><span class='ocrx_word' id='word_1_24' title='bbox 472 331 652 365; x_wconf 85' lang='lat' dir='ltr'>huiusmodi</span> <span class='ocrx_word' id='word_1_25' title='bbox 677 333 956 376; x_wconf 76' lang='lat' dir='ltr'>supplicationibus</span> <span class='ocrx_word' id='word_1_26' title='bbox 987 334 1145 377; x_wconf 84' lang='lat' dir='ltr'>inclinati,</span> <span class='ocrx_word' id='word_1_27' title='bbox 1174 329 1230 368; x_wconf 87' lang='lat' dir='ltr'>dc&#39;</span> 
     </span>
     <span class='ocr_line' id='line_1_10' title="bbox 472 385 1211 423; baseline 0.004 -6"><span class='ocrx_word' id='word_1_28' title='bbox 472 385 698 418; x_wconf 89' lang='lat' dir='ltr'>venerabilium</span> <span class='ocrx_word' id='word_1_29' title='bbox 722 385 853 419; x_wconf 77' lang='lat' dir='ltr'>fratrum</span> <span class='ocrx_word' id='word_1_30' title='bbox 878 392 1058 421; x_wconf 88' lang='lat' dir='ltr'>nostrorum</span> <span class='ocrx_word' id='word_1_31' title='bbox 1075 388 1106 423; x_wconf 83' lang='lat' dir='ltr'>S.</span> <span class='ocrx_word' id='word_1_32' title='bbox 1127 389 1159 421; x_wconf 84' lang='lat' dir='ltr'>R.</span> <span class='ocrx_word' id='word_1_33' title='bbox 1178 388 1211 421; x_wconf 87' lang='grc' dir='ltr'>Ε.</span> 
     </span>
     <span class='ocr_line' id='line_1_11' title="bbox 472 438 1229 482; baseline 0 -10"><span class='ocrx_word' id='word_1_34' title='bbox 472 438 676 472; x_wconf 77' lang='lat' dir='ltr'>cardinalium</span> <span class='ocrx_word' id='word_1_35' title='bbox 705 439 840 482; x_wconf 83' lang='lat' dir='ltr'>negotiis</span> <span class='ocrx_word' id='word_1_36' title='bbox 871 444 901 473; x_wconf 90' lang='lat' dir='ltr'>et</span> <span class='ocrx_word' id='word_1_37' title='bbox 932 440 1229 474; x_wconf 85' lang='lat' dir='ltr'>consultationibus-</span> 
     </span>
     <span class='ocr_line' id='line_1_12' title="bbox 472 491 1210 537; baseline -0.001 -12"><span class='ocrx_word' id='word_1_38' title='bbox 472 491 693 536; x_wconf 88' lang='lat' dir='ltr'>episcoporum</span> <span class='ocrx_word' id='word_1_39' title='bbox 704 497 734 524; x_wconf 90' lang='lat' dir='ltr'>et</span> <span class='ocrx_word' id='word_1_40' title='bbox 743 492 936 535; x_wconf 79' lang='lat' dir='ltr'>regularium</span> <span class='ocrx_word' id='word_1_41' title='bbox 947 493 1210 537; x_wconf 82' lang='lat' dir='ltr'>praepositorum,</span> 
     </span>
     <span class='ocr_line' id='line_1_13' title="bbox 471 544 1212 589; baseline 0.001 -12"><span class='ocrx_word' id='word_1_42' title='bbox 471 544 525 589; x_wconf 91' lang='lat' dir='ltr'>qui</span> <span class='ocrx_word' id='word_1_43' title='bbox 544 555 609 577; x_wconf 92' lang='lat' dir='ltr'>rem</span> <span class='ocrx_word' id='word_1_44' title='bbox 628 544 795 588; x_wconf 79' lang='lat' dir='ltr'>diligenter</span> <span class='ocrx_word' id='word_1_45' title='bbox 811 550 840 578; x_wconf 90' lang='lat' dir='ltr'>et</span> <span class='ocrx_word' id='word_1_46' title='bbox 858 551 979 579; x_wconf 88' lang='lat' dir='ltr'>mature</span> <span class='ocrx_word' id='word_1_47' title='bbox 995 546 1212 579; x_wconf 79' lang='lat' dir='ltr'>discusserunt</span> 
     </span>
     <span class='ocr_line' id='line_1_14' title="bbox 470 598 1210 643; baseline 0.003 -13"><span class='ocrx_word' id='word_1_48' title='bbox 470 603 501 631; x_wconf 87' lang='lat' dir='ltr'>et</span> <span class='ocrx_word' id='word_1_49' title='bbox 514 598 741 639; x_wconf 83' lang='lat' dir='ltr'>examinarunt,</span> <span class='ocrx_word' id='word_1_50' title='bbox 755 599 897 642; x_wconf 76' lang='lat' dir='ltr'>consilio²</span> <span class='ocrx_word' id='word_1_51' title='bbox 912 599 1013 632; x_wconf 85' lang='lat' dir='ltr'>eidem</span> <span class='ocrx_word' id='word_1_52' title='bbox 1030 599 1210 643; x_wconf 87' lang='lat' dir='ltr'>provinciae</span> 
     </span>
     <span class='ocr_line' id='line_1_15' title="bbox 469 650 1211 696; baseline 0.003 -13"><span class='ocrx_word' id='word_1_53' title='bbox 469 650 621 684; x_wconf 87' lang='lat' dir='ltr'>Franciae</span> <span class='ocrx_word' id='word_1_54' title='bbox 646 651 831 695; x_wconf 79' lang='lat' dir='ltr'>suffragari,</span> <span class='ocrx_word' id='word_1_55' title='bbox 856 652 1020 696; x_wconf 88' lang='lat' dir='ltr'>ipsamque</span> <span class='ocrx_word' id='word_1_56' title='bbox 1047 652 1091 685; x_wconf 89' lang='lat' dir='ltr'>uti</span> <span class='ocrx_word' id='word_1_57' title='bbox 1117 663 1211 696; x_wconf 89' lang='lat' dir='ltr'>posse</span> 
     </span>
     <span class='ocr_line' id='line_1_16' title="bbox 469 703 1206 740; baseline 0.003 -4"><span class='ocrx_word' id='word_1_58' title='bbox 469 703 581 737; x_wconf 88' lang='lat' dir='ltr'>litteris</span> <span class='ocrx_word' id='word_1_59' title='bbox 612 703 709 737; x_wconf 85' lang='lat' dir='ltr'>felicis</span> <span class='ocrx_word' id='word_1_60' title='bbox 740 704 967 739; x_wconf 87' lang='lat' dir='ltr'>recordationis</span> <span class='ocrx_word' id='word_1_61' title='bbox 998 705 1114 740; x_wconf 81' lang='lat' dir='ltr'>Urbani</span> <span class='ocrx_word' id='word_1_62' title='bbox 1147 705 1206 738; x_wconf 86' lang='lat' dir='ltr'>Pa-</span> 
     </span>
    </p>

    <p class='ocr_par' dir='ltr' id='par_1_6' title="bbox 467 756 1228 1163">
     <span class='ocr_line' id='line_1_17' title="bbox 467 756 1209 802; baseline 0.003 -13"><span class='ocrx_word' id='word_1_63' title='bbox 467 767 527 802; x_wconf 88' lang='lat' dir='ltr'>pae</span> <span class='ocrx_word' id='word_1_64' title='bbox 555 756 620 790; x_wconf 87' lang='lat' dir='ltr'>VIII</span> <span class='ocrx_word' id='word_1_65' title='bbox 653 757 904 801; x_wconf 80' lang='lat' dir='ltr'>praedecessoris</span> <span class='ocrx_word' id='word_1_66' title='bbox 935 757 1034 792; x_wconf 81' lang='lat' dir='ltr'>nostri</span> <span class='ocrx_word' id='word_1_67' title='bbox 1060 757 1091 790; x_wconf 92' lang='lat' dir='ltr'>in</span> <span class='ocrx_word' id='word_1_68' title='bbox 1115 758 1209 791; x_wconf 90' lang='lat' dir='ltr'>simili</span> 
     </span>
     <span class='ocr_line' id='line_1_18' title="bbox 468 809 1211 854; baseline 0.001 -11"><span class='ocrx_word' id='word_1_69' title='bbox 468 810 571 843; x_wconf 75' lang='lat' dir='ltr'>forma</span> <span class='ocrx_word' id='word_1_70' title='bbox 588 809 694 843; x_wconf 86' lang='lat' dir='ltr'>Brevis</span> <span class='ocrx_word' id='word_1_71' title='bbox 710 809 761 843; x_wconf 89' lang='lat' dir='ltr'>die</span> <span class='ocrx_word' id='word_1_72' title='bbox 784 821 826 845; x_wconf 85' lang='lat' dir='ltr'>xx</span> <span class='ocrx_word' id='word_1_73' title='bbox 846 811 971 854; x_wconf 81' lang='lat' dir='ltr'>augusti</span> <span class='ocrx_word' id='word_1_74' title='bbox 991 821 1106 845; x_wconf 74' lang='lat' dir='ltr'>innexu</span> <span class='ocrx_word' id='word_1_75' title='bbox 1131 821 1211 844; x_wconf 86' lang='lat' dir='ltr'>ema-</span> 
     </span>
     <span class='ocr_line' id='line_1_19' title="bbox 468 863 1227 923; baseline 0.001 -27"><span class='ocrx_word' id='word_1_76' title='bbox 468 863 549 896; x_wconf 88' lang='lat' dir='ltr'>natis</span> <span class='ocrx_word' id='word_1_77' title='bbox 573 873 668 907; x_wconf 90' lang='lat' dir='ltr'>super</span> <span class='ocrx_word' id='word_1_78' title='bbox 697 863 843 897; x_wconf 78' lang='lat' dir='ltr'>facultate</span> <span class='ocrx_word' id='word_1_79' title='bbox 867 863 1051 897; x_wconf 86' lang='lat' dir='ltr'>admittendi</span> <span class='ocrx_word' id='word_1_80' title='bbox 1077 864 1227 923; x_wconf 66' lang='grc' dir='ltr'>οὶ)1;ηοε,1</span> 
     </span>
     <span class='ocr_line' id='line_1_20' title="bbox 468 916 1227 961; baseline 0.001 -12"><span class='ocrx_word' id='word_1_81' title='bbox 468 926 524 949; x_wconf 89' lang='lat' dir='ltr'>seu</span> <span class='ocrx_word' id='word_1_82' title='bbox 541 916 722 958; x_wconf 86' lang='lat' dir='ltr'>servientes,</span> <span class='ocrx_word' id='word_1_83' title='bbox 739 916 777 950; x_wconf 84' lang='lat' dir='ltr'>ad</span> <span class='ocrx_word' id='word_1_84' title='bbox 795 916 953 961; x_wconf 85' lang='lat' dir='ltr'>caputium</span> <span class='ocrx_word' id='word_1_85' title='bbox 975 922 1004 950; x_wconf 93' lang='lat' dir='ltr'>et</span> <span class='ocrx_word' id='word_1_86' title='bbox 1021 920 1135 950; x_wconf 86' lang='lat' dir='ltr'>statum</span> <span class='ocrx_word' id='word_1_87' title='bbox 1153 917 1226 950; x_wconf 85' lang='lat' dir='ltr'>lai·</span> <span class='ocrx_word' id='word_1_88' title='bbox 1225 936 1227 939; x_wconf 87' lang='lat'><em>·</em></span> 
     </span>
     <span class='ocr_line' id='line_1_21' title="bbox 469 969 1209 1010; baseline 0.001 -9"><span class='ocrx_word' id='word_1_89' title='bbox 469 969 579 1010; x_wconf 88' lang='lat' dir='ltr'>calem,</span> <span class='ocrx_word' id='word_1_90' title='bbox 605 970 727 1002; x_wconf 88' lang='lat' dir='ltr'>servata</span> <span class='ocrx_word' id='word_1_91' title='bbox 752 974 856 1002; x_wconf 88' lang='lat' dir='ltr'>tamen</span> <span class='ocrx_word' id='word_1_92' title='bbox 880 969 912 1002; x_wconf 91' lang='lat' dir='ltr'>in</span> <span class='ocrx_word' id='word_1_93' title='bbox 936 969 1082 1002; x_wconf 90' lang='lat' dir='ltr'>omnibus</span> <span class='ocrx_word' id='word_1_94' title='bbox 1107 970 1209 1003; x_wconf 86' lang='lat' dir='ltr'>forma</span> 
     </span>
     <span class='ocr_line' id='line_1_22' title="bbox 468 999 1228 1079; baseline 0.003 -25"><span class='ocrx_word' id='word_1_95' title='bbox 468 1021 649 1055; x_wconf 89' lang='lat' dir='ltr'>earumdem</span> <span class='ocrx_word' id='word_1_96' title='bbox 674 1022 867 1063; x_wconf 58' lang='lat' dir='ltr'>litteratum</span> <span class='ocrx_word' id='word_1_97' title='bbox 892 1028 932 1064; x_wconf 89' lang='lat' dir='ltr'>et,</span> <span class='ocrx_word' id='word_1_98' title='bbox 957 1022 1086 1066; x_wconf 84' lang='lat' dir='ltr'>quoad&#39;</span> <span class='ocrx_word' id='word_1_99' title='bbox 1080 1033 1128 1055; x_wconf 83' lang='lat' dir='ltr'>ius</span> <span class='ocrx_word' id='word_1_100' title='bbox 1152 999 1228 1079; x_wconf 83' lang='lat' dir='ltr'>suf-l</span> 
     </span>
     <span class='ocr_line' id='line_1_23' title="bbox 467 1056 1228 1120; baseline 0.004 -13"><span class='ocrx_word' id='word_1_101' title='bbox 467 1074 622 1118; x_wconf 79' lang='lat' dir='ltr'>ft&#39;flgandl,</span> <span class='ocrx_word' id='word_1_102' title='bbox 639 1077 762 1108; x_wconf 76' lang='lat' dir='ltr'>servata</span> <span class='ocrx_word' id='word_1_103' title='bbox 779 1076 896 1120; x_wconf 75' lang='lat' dir='ltr'>paritet</span> <span class='ocrx_word' id='word_1_104' title='bbox 914 1076 1015 1110; x_wconf 77' lang='lat' dir='ltr'>forma</span> <span class='ocrx_word' id='word_1_105' title='bbox 1032 1056 1228 1110; x_wconf 58' lang='lat' dir='ltr'>litterarium</span> 
     </span>
     <span class='ocr_line' id='line_1_24' title="bbox 468 1128 1209 1171; baseline 0.003 -11"><span class='ocrx_word' id='word_1_106' title='bbox 468 1128 562 1161; x_wconf 87' lang='lat' dir='ltr'>etiam</span> <span class='ocrx_word' id='word_1_107' title='bbox 595 1128 626 1161; x_wconf 88' lang='lat' dir='ltr'>in</span> <span class='ocrx_word' id='word_1_108' title='bbox 660 1129 762 1162; x_wconf 83' lang='lat' dir='ltr'>forma</span> <span class='ocrx_word' id='word_1_109' title='bbox 786 1129 893 1163; x_wconf 91' lang='lat' dir='ltr'>Brevis</span> <span class='ocrx_word' id='word_1_110' title='bbox 917 1129 1057 1162; x_wconf 88' lang='lat' dir='ltr'>eiusdem</span> <span class='ocrx_word' id='word_1_111' title='bbox 1082 1129 1209 1171; x_wconf 85' lang='lat' dir='ltr'>Uibani,</span> 
     </span>
    </p>

    <p class='ocr_par' dir='ltr' id='par_1_7' title="bbox 467 1180 1210 1491">
     <span class='ocr_line' id='line_1_25' title="bbox 467 1180 1210 1216; baseline 0.003 -2"><span class='ocrx_word' id='word_1_112' title='bbox 467 1180 518 1214; x_wconf 92' lang='lat' dir='ltr'>die</span> <span class='ocrx_word' id='word_1_113' title='bbox 542 1191 607 1216; x_wconf 77' lang='lat' dir='ltr'>xxv</span> <span class='ocrx_word' id='word_1_114' title='bbox 633 1181 705 1214; x_wconf 89' lang='lat' dir='ltr'>maii</span> <span class='ocrx_word' id='word_1_115' title='bbox 729 1192 869 1216; x_wconf 77' lang='lat' dir='ltr'>uncxmv</span> <span class='ocrx_word' id='word_1_116' title='bbox 890 1187 920 1216; x_wconf 89' lang='lat' dir='ltr'>et</span> <span class='ocrx_word' id='word_1_117' title='bbox 943 1183 1128 1216; x_wconf 84' lang='lat' dir='ltr'>recolendae</span> <span class='ocrx_word' id='word_1_118' title='bbox 1145 1193 1210 1216; x_wconf 91' lang='lat' dir='ltr'>me-</span> 
     </span>
     <span class='ocr_line' id='line_1_26' title="bbox 468 1233 1208 1280; baseline 0.001 -12"><span class='ocrx_word' id='word_1_119' title='bbox 468 1233 590 1268; x_wconf 83' lang='lat' dir='ltr'>moriae</span> <span class='ocrx_word' id='word_1_120' title='bbox 614 1234 787 1268; x_wconf 87' lang='lat' dir='ltr'>Innocentii</span> <span class='ocrx_word' id='word_1_121' title='bbox 812 1235 913 1279; x_wconf 83' lang='lat' dir='ltr'>Papae</span> <span class='ocrx_word' id='word_1_122' title='bbox 937 1236 961 1269; x_wconf 92' lang='lat' dir='ltr'>X</span> <span class='ocrx_word' id='word_1_123' title='bbox 986 1235 1208 1280; x_wconf 86' lang='lat' dir='ltr'>praedecesso-</span> 
     </span>
     <span class='ocr_line' id='line_1_27' title="bbox 468 1287 1210 1332; baseline 0.003 -11"><span class='ocrx_word' id='word_1_124' title='bbox 468 1287 512 1321; x_wconf 91' lang='lat' dir='ltr'>ris</span> <span class='ocrx_word' id='word_1_125' title='bbox 532 1287 652 1331; x_wconf 87' lang='lat' dir='ltr'>pariter</span> <span class='ocrx_word' id='word_1_126' title='bbox 669 1288 769 1320; x_wconf 87' lang='lat' dir='ltr'>nostri</span> <span class='ocrx_word' id='word_1_127' title='bbox 789 1287 839 1320; x_wconf 88' lang='lat' dir='ltr'>die</span> <span class='ocrx_word' id='word_1_128' title='bbox 859 1298 891 1322; x_wconf 95' lang='lat' dir='ltr'>v1</span> <span class='ocrx_word' id='word_1_129' title='bbox 916 1288 1024 1332; x_wconf 84' lang='lat' dir='ltr'>aprilis</span> <span class='ocrx_word' id='word_1_130' title='bbox 1043 1299 1210 1323; x_wconf 66' lang='lat' dir='ltr'>MDCXLVIII</span> 
     </span>
     <span class='ocr_line' id='line_1_28' title="bbox 468 1341 1210 1386; baseline 0.001 -12"><span class='ocrx_word' id='word_1_131' title='bbox 468 1341 643 1385; x_wconf 86' lang='lat' dir='ltr'>respective</span> <span class='ocrx_word' id='word_1_132' title='bbox 660 1341 877 1385; x_wconf 84' lang='lat' dir='ltr'>expeditarum</span> <span class='ocrx_word' id='word_1_133' title='bbox 888 1353 895 1383; x_wconf 87' lang='lat'>;</span> <span class='ocrx_word' id='word_1_134' title='bbox 917 1352 980 1386; x_wconf 91' lang='lat' dir='ltr'>quo</span> <span class='ocrx_word' id='word_1_135' title='bbox 1005 1352 1079 1375; x_wconf 91' lang='lat' dir='ltr'>vero</span> <span class='ocrx_word' id='word_1_136' title='bbox 1097 1342 1135 1375; x_wconf 91' lang='lat' dir='ltr'>ad</span> <span class='ocrx_word' id='word_1_137' title='bbox 1152 1342 1210 1375; x_wconf 92' lang='lat' dir='ltr'>dis-</span> 
     </span>
     <span class='ocr_line' id='line_1_29' title="bbox 468 1395 1209 1439; baseline 0.001 -12"><span class='ocrx_word' id='word_1_138' title='bbox 468 1395 685 1439; x_wconf 84' lang='lat' dir='ltr'>pensationem</span> <span class='ocrx_word' id='word_1_139' title='bbox 717 1406 772 1428; x_wconf 87' lang='lat' dir='ltr'>seu</span> <span class='ocrx_word' id='word_1_140' title='bbox 797 1395 1041 1429; x_wconf 84' lang='lat' dir='ltr'>declarationem</span> <span class='ocrx_word' id='word_1_141' title='bbox 1074 1396 1209 1429; x_wconf 87' lang='lat' dir='ltr'>ministri</span> 
     </span>
     <span class='ocr_line' id='line_1_30' title="bbox 468 1447 1209 1491; baseline 0.001 -10"><span class='ocrx_word' id='word_1_142' title='bbox 468 1448 624 1491; x_wconf 83' lang='lat' dir='ltr'>generalis</span> <span class='ocrx_word' id='word_1_143' title='bbox 635 1447 759 1482; x_wconf 89' lang='lat' dir='ltr'>Ordinis</span> <span class='ocrx_word' id='word_1_144' title='bbox 773 1449 928 1482; x_wconf 86' lang='lat' dir='ltr'>Minorum</span> <span class='ocrx_word' id='word_1_145' title='bbox 954 1449 1065 1483; x_wconf 82' lang='lat' dir='ltr'>factam</span> <span class='ocrx_word' id='word_1_146' title='bbox 1091 1449 1140 1481; x_wconf 87' lang='lat' dir='ltr'>die</span> <span class='ocrx_word' id='word_1_147' title='bbox 1165 1459 1209 1482; x_wconf 85' lang='lat' dir='ltr'>xx</span> 
     </span>
    </p>
   </div>
   <div class='ocr_carea' id='block_1_6' title="bbox 468 1554 1229 2509">
    <p class='ocr_par' dir='ltr' id='par_1_8' title="bbox 468 1554 1211 1810">
     <span class='ocr_line' id='line_1_31' title="bbox 468 1554 1210 1596; baseline 0.003 -10"><span class='ocrx_word' id='word_1_148' title='bbox 468 1554 647 1596; x_wconf 85' lang='lat' dir='ltr'>novitiatus,</span> <span class='ocrx_word' id='word_1_149' title='bbox 664 1555 832 1588; x_wconf 85' lang='lat' dir='ltr'>servandas</span> <span class='ocrx_word' id='word_1_150' title='bbox 849 1555 978 1588; x_wconf 90' lang='lat' dir='ltr'>omnino</span> <span class='ocrx_word' id='word_1_151' title='bbox 1004 1565 1070 1588; x_wconf 88' lang='lat' dir='ltr'>esse</span> <span class='ocrx_word' id='word_1_152' title='bbox 1095 1555 1210 1588; x_wconf 91' lang='lat' dir='ltr'>consti-</span> 
     </span>
     <span class='ocr_line' id='line_1_32' title="bbox 470 1607 1211 1652; baseline 0.003 -12"><span class='ocrx_word' id='word_1_153' title='bbox 470 1607 606 1641; x_wconf 91' lang='lat' dir='ltr'>tutiones</span> <span class='ocrx_word' id='word_1_154' title='bbox 630 1608 760 1652; x_wconf 86' lang='lat' dir='ltr'>praefati</span> <span class='ocrx_word' id='word_1_155' title='bbox 782 1609 876 1642; x_wconf 89' lang='lat' dir='ltr'>Tertii</span> <span class='ocrx_word' id='word_1_156' title='bbox 898 1608 1023 1643; x_wconf 87' lang='lat' dir='ltr'>Ordinis</span> <span class='ocrx_word' id='word_1_157' title='bbox 1040 1619 1211 1652; x_wconf 81' lang='lat' dir='ltr'>congrega-</span> 
     </span>
     <span class='ocr_line' id='line_1_33' title="bbox 470 1660 1210 1707; baseline 0.003 -14"><span class='ocrx_word' id='word_1_158' title='bbox 470 1660 564 1694; x_wconf 88' lang='lat' dir='ltr'>tionis</span> <span class='ocrx_word' id='word_1_159' title='bbox 590 1661 717 1703; x_wconf 87' lang='lat' dir='ltr'>Galliae,</span> <span class='ocrx_word' id='word_1_160' title='bbox 739 1673 774 1695; x_wconf 88' lang='lat' dir='ltr'>ex</span> <span class='ocrx_word' id='word_1_161' title='bbox 798 1662 912 1707; x_wconf 89' lang='lat' dir='ltr'>quibus</span> <span class='ocrx_word' id='word_1_162' title='bbox 934 1663 1106 1707; x_wconf 88' lang='lat' dir='ltr'>requiritur</span> <span class='ocrx_word' id='word_1_163' title='bbox 1125 1663 1210 1696; x_wconf 90' lang='lat' dir='ltr'>bien-</span> 
     </span>
     <span class='ocr_line' id='line_1_34' title="bbox 470 1714 1210 1761; baseline 0.003 -14"><span class='ocrx_word' id='word_1_164' title='bbox 470 1714 568 1758; x_wconf 90' lang='lat' dir='ltr'>nium,</span> <span class='ocrx_word' id='word_1_165' title='bbox 582 1715 767 1749; x_wconf 85' lang='lat' dir='ltr'>auctoritate</span> <span class='ocrx_word' id='word_1_166' title='bbox 791 1716 975 1760; x_wconf 75' lang='lat' dir='ltr'>apostolica,</span> <span class='ocrx_word' id='word_1_167' title='bbox 998 1722 1107 1750; x_wconf 91' lang='lat' dir='ltr'>tenore</span> <span class='ocrx_word' id='word_1_168' title='bbox 1124 1727 1210 1761; x_wconf 88' lang='lat' dir='ltr'>prae-</span> 
     </span>
     <span class='ocr_line' id='line_1_35' title="bbox 469 1768 1101 1810; baseline 0.005 -10"><span class='ocrx_word' id='word_1_169' title='bbox 469 1768 617 1810; x_wconf 88' lang='lat' dir='ltr'>sentium,</span> <span class='ocrx_word' id='word_1_170' title='bbox 634 1769 833 1803; x_wconf 90' lang='lat' dir='ltr'>decernimus</span> <span class='ocrx_word' id='word_1_171' title='bbox 850 1773 880 1804; x_wconf 84' lang='lat' dir='ltr'>et</span> <span class='ocrx_word' id='word_1_172' title='bbox 896 1770 1101 1803; x_wconf 75' lang='lat' dir='ltr'>declaramus</span> 
     </span>
    </p>

    <p class='ocr_par' dir='ltr' id='par_1_9' title="bbox 470 1821 1227 2080">
     <span class='ocr_line' id='line_1_36' title="bbox 515 1821 1211 1868; baseline 0 -12"><span class='ocrx_word' id='word_1_173' title='bbox 515 1823 531 1866; x_wconf 65' lang='grc' dir='ltr'><strong>ἓ</strong></span> <span class='ocrx_word' id='word_1_174' title='bbox 554 1821 584 1856; x_wconf 81' lang='lat'>3.</span> <span class='ocrx_word' id='word_1_175' title='bbox 609 1823 817 1857; x_wconf 87' lang='lat' dir='ltr'>Decernentes</span> <span class='ocrx_word' id='word_1_176' title='bbox 836 1824 955 1868; x_wconf 87' lang='lat' dir='ltr'>pariter</span> <span class='ocrx_word' id='word_1_177' title='bbox 978 1824 1102 1856; x_wconf 87' lang='lat' dir='ltr'>easdem</span> <span class='ocrx_word' id='word_1_178' title='bbox 1124 1834 1211 1867; x_wconf 89' lang='lat' dir='ltr'>prae-</span> 
     </span>
     <span class='ocr_line' id='line_1_37' title="bbox 470 1875 1210 1921; baseline 0.001 -13"><span class='ocrx_word' id='word_1_179' title='bbox 470 1880 574 1909; x_wconf 87' lang='lat' dir='ltr'>sentes</span> <span class='ocrx_word' id='word_1_180' title='bbox 599 1875 717 1910; x_wconf 88' lang='lat' dir='ltr'>litteras</span> <span class='ocrx_word' id='word_1_181' title='bbox 741 1887 864 1921; x_wconf 88' lang='lat' dir='ltr'>semper</span> <span class='ocrx_word' id='word_1_182' title='bbox 881 1877 1000 1917; x_wconf 85' lang='lat' dir='ltr'>firmas,</span> <span class='ocrx_word' id='word_1_183' title='bbox 1017 1881 1086 1917; x_wconf 91' lang='lat' dir='ltr'>etc.,</span> <span class='ocrx_word' id='word_1_184' title='bbox 1103 1876 1210 1920; x_wconf 88' lang='lat' dir='ltr'>sicque</span> 
     </span>
     <span class='ocr_line' id='line_1_38' title="bbox 471 1928 1209 1975; baseline 0.003 -15"><span class='ocrx_word' id='word_1_185' title='bbox 471 1928 502 1961; x_wconf 89' lang='lat' dir='ltr'>in</span> <span class='ocrx_word' id='word_1_186' title='bbox 515 1929 697 1972; x_wconf 86' lang='lat' dir='ltr'>praemissis</span> <span class='ocrx_word' id='word_1_187' title='bbox 711 1929 1130 1975; x_wconf 86' lang='lat' dir='ltr'>perquoscumqueiudices,</span> <span class='ocrx_word' id='word_1_188' title='bbox 1141 1933 1209 1970; x_wconf 86' lang='lat' dir='ltr'>etc.,</span> 
     </span>
     <span class='ocr_line' id='line_1_39' title="bbox 472 1981 1227 2026; baseline 0.003 -12"><span class='ocrx_word' id='word_1_189' title='bbox 472 1981 596 2015; x_wconf 84' lang='lat' dir='ltr'>definiri</span> <span class='ocrx_word' id='word_1_190' title='bbox 621 1983 759 2026; x_wconf 86' lang='lat' dir='ltr'>debere,</span> <span class='ocrx_word' id='word_1_191' title='bbox 785 1994 820 2016; x_wconf 89' lang='lat' dir='ltr'>ac</span> <span class='ocrx_word' id='word_1_192' title='bbox 844 1984 968 2016; x_wconf 89' lang='lat' dir='ltr'>irritum</span> <span class='ocrx_word' id='word_1_193' title='bbox 1002 1988 1032 2016; x_wconf 90' lang='lat' dir='ltr'>et</span> <span class='ocrx_word' id='word_1_194' title='bbox 1058 1983 1159 2024; x_wconf 84' lang='lat' dir='ltr'>inane,</span> <span class='ocrx_word' id='word_1_195' title='bbox 1184 1982 1227 2016; x_wconf 85' lang='lat' dir='ltr'>si=</span> 
     </span>
     <span class='ocr_line' id='line_1_40' title="bbox 471 2037 1014 2080; baseline 0.002 -12"><span class='ocrx_word' id='word_1_196' title='bbox 471 2045 571 2076; x_wconf 77' lang='lat' dir='ltr'>secu5‚</span> <span class='ocrx_word' id='word_1_197' title='bbox 588 2040 656 2078; x_wconf 86' lang='lat' dir='ltr'>etc.,</span> <span class='ocrx_word' id='word_1_198' title='bbox 677 2037 844 2080; x_wconf 78' lang='lat' dir='ltr'>contigerit</span> <span class='ocrx_word' id='word_1_199' title='bbox 860 2037 1014 2069; x_wconf 85' lang='lat' dir='ltr'>attentari.</span> 
     </span>
    </p>

    <p class='ocr_par' dir='ltr' id='par_1_10' title="bbox 472 2088 1229 2293">
     <span class='ocr_line' id='line_1_41' title="bbox 517 2088 1208 2132; baseline 0 -10"><span class='ocrx_word' id='word_1_200' title='bbox 517 2089 532 2132; x_wconf 66' lang='grc' dir='ltr'><strong>ἓ</strong></span> <span class='ocrx_word' id='word_1_201' title='bbox 555 2088 586 2122; x_wconf 73' lang='grc'>4.</span> <span class='ocrx_word' id='word_1_202' title='bbox 611 2089 678 2123; x_wconf 84' lang='grc' dir='ltr'>Νοη</span> <span class='ocrx_word' id='word_1_203' title='bbox 695 2090 890 2123; x_wconf 86' lang='lat' dir='ltr'>obstantibus</span> <span class='ocrx_word' id='word_1_204' title='bbox 907 2090 939 2122; x_wconf 91' lang='lat' dir='ltr'>in</span> <span class='ocrx_word' id='word_1_205' title='bbox 956 2089 1147 2123; x_wconf 88' lang='lat' dir='ltr'>contrarium</span> <span class='ocrx_word' id='word_1_206' title='bbox 1166 2089 1208 2122; x_wconf 86' lang='lat' dir='ltr'>al-</span> 
     </span>
     <span class='ocr_line' id='line_1_42' title="bbox 472 2141 1228 2183; baseline 0 -8"><span class='ocrx_word' id='word_1_207' title='bbox 472 2141 552 2183; x_wconf 85' lang='lat' dir='ltr'>latis,</span> <span class='ocrx_word' id='word_1_208' title='bbox 569 2153 604 2176; x_wconf 88' lang='lat' dir='ltr'>ac</span> <span class='ocrx_word' id='word_1_209' title='bbox 628 2143 902 2177; x_wconf 88' lang='lat' dir='ltr'>constitutionibus</span> <span class='ocrx_word' id='word_1_210' title='bbox 915 2148 946 2176; x_wconf 84' lang='lat' dir='ltr'>et</span> <span class='ocrx_word' id='word_1_211' title='bbox 962 2143 1210 2176; x_wconf 87' lang='lat' dir='ltr'>ordinationibus</span> <span class='ocrx_word' id='word_1_212' title='bbox 1226 2156 1228 2158; x_wconf 96' lang='lat'>·</span> 
     </span>
     <span class='ocr_line' id='line_1_43' title="bbox 472 2193 1229 2252; baseline 0.003 -24"><span class='ocrx_word' id='word_1_213' title='bbox 472 2195 664 2240; x_wconf 86' lang='lat' dir='ltr'>apostolicis,</span> <span class='ocrx_word' id='word_1_214' title='bbox 682 2196 859 2241; x_wconf 86' lang='lat' dir='ltr'>ceterisque</span> <span class='ocrx_word' id='word_1_215' title='bbox 884 2196 1051 2231; x_wconf 89' lang='lat' dir='ltr'>contrariis</span> <span class='ocrx_word' id='word_1_216' title='bbox 1075 2196 1208 2241; x_wconf 82' lang='lat' dir='ltr'>quibus·</span> <span class='ocrx_word' id='word_1_217' title='bbox 1226 2193 1229 2252; x_wconf 53' lang='grc' dir='ltr'>ἱ</span> 
     </span>
     <span class='ocr_line' id='line_1_44' title="bbox 473 2260 618 2293; baseline 0.007 -11"><span class='ocrx_word' id='word_1_218' title='bbox 473 2260 618 2293; x_wconf 89' lang='lat' dir='ltr'>cumque.</span> 
     </span>
    </p>

    <p class='ocr_par' dir='ltr' id='par_1_11' title="bbox 473 2302 1229 2454">
     <span class='ocr_line' id='line_1_45' title="bbox 516 2302 1212 2347; baseline 0.001 -12"><span class='ocrx_word' id='word_1_219' title='bbox 516 2302 627 2336; x_wconf 87' lang='lat' dir='ltr'>Datum</span> <span class='ocrx_word' id='word_1_220' title='bbox 652 2303 781 2344; x_wconf 88' lang='lat' dir='ltr'>Romae,</span> <span class='ocrx_word' id='word_1_221' title='bbox 805 2303 887 2347; x_wconf 85' lang='lat' dir='ltr'>apud</span> <span class='ocrx_word' id='word_1_222' title='bbox 913 2303 942 2337; x_wconf 83' lang='lat' dir='ltr'>S.</span> <span class='ocrx_word' id='word_1_223' title='bbox 968 2303 1095 2336; x_wconf 86' lang='lat' dir='ltr'>Mariam</span> <span class='ocrx_word' id='word_1_224' title='bbox 1121 2303 1212 2336; x_wconf 86' lang='lat' dir='ltr'>Maio-</span> 
     </span>
     <span class='ocr_line' id='line_1_46' title="bbox 473 2349 1229 2397; baseline 0.003 -9"><span class='ocrx_word' id='word_1_225' title='bbox 473 2366 552 2397; x_wconf 89' lang='lat' dir='ltr'>rem,</span> <span class='ocrx_word' id='word_1_226' title='bbox 565 2356 622 2389; x_wconf 91' lang='lat' dir='ltr'>sub</span> <span class='ocrx_word' id='word_1_227' title='bbox 639 2357 754 2390; x_wconf 88' lang='lat' dir='ltr'>annulo</span> <span class='ocrx_word' id='word_1_228' title='bbox 772 2357 949 2397; x_wconf 76' lang='lat' dir='ltr'>piscatoris,</span> <span class='ocrx_word' id='word_1_229' title='bbox 968 2357 1017 2390; x_wconf 88' lang='lat' dir='ltr'>die</span> <span class='ocrx_word' id='word_1_230' title='bbox 1038 2366 1059 2390; x_wconf 94' lang='lat'>11</span> <span class='ocrx_word' id='word_1_231' title='bbox 1080 2357 1212 2390; x_wconf 83' lang='lat' dir='ltr'>ianuarii</span> <span class='ocrx_word' id='word_1_232' title='bbox 1227 2349 1229 2370; x_wconf 62' lang='lat'>¹</span> 
     </span>
     <span class='ocr_line' id='line_1_47' title="bbox 473 2410 1124 2454; baseline 0.003 -12"><span class='ocrx_word' id='word_1_233' title='bbox 473 2419 598 2453; x_wconf 69' lang='lat' dir='ltr'>unm,</span> <span class='ocrx_word' id='word_1_234' title='bbox 623 2410 825 2454; x_wconf 75' lang='lat' dir='ltr'>pontificatus</span> <span class='ocrx_word' id='word_1_235' title='bbox 855 2410 955 2444; x_wconf 88' lang='lat' dir='ltr'>nostri</span> <span class='ocrx_word' id='word_1_236' title='bbox 990 2421 1072 2445; x_wconf 88' lang='lat' dir='ltr'>anno</span> <span class='ocrx_word' id='word_1_237' title='bbox 1097 2422 1124 2444; x_wconf 83' lang='grc' dir='ltr'>ν.</span> 
     </span>
    </p>

    <p class='ocr_par' dir='ltr' id='par_1_12' title="bbox 511 2471 1133 2509">
     <span class='ocr_line' id='line_1_48' title="bbox 511 2471 1133 2509; baseline 0.003 -11"><span class='ocrx_word' id='word_1_238' title='bbox 511 2471 571 2499; x_wconf 84' lang='lat' dir='ltr'>Dat.</span> <span class='ocrx_word' id='word_1_239' title='bbox 587 2472 630 2500; x_wconf 87' lang='lat' dir='ltr'>die</span> <span class='ocrx_word' id='word_1_240' title='bbox 646 2472 661 2500; x_wconf 77' lang='lat'>2</span> <span class='ocrx_word' id='word_1_241' title='bbox 677 2472 792 2500; x_wconf 83' lang='lat' dir='ltr'>ianuarii</span> <span class='ocrx_word' id='word_1_242' title='bbox 812 2473 888 2507; x_wconf 80' lang='lat'>1660,</span> <span class='ocrx_word' id='word_1_243' title='bbox 905 2473 1001 2509; x_wconf 79' lang='lat' dir='ltr'>pontis.</span> <span class='ocrx_word' id='word_1_244' title='bbox 1018 2482 1088 2501; x_wconf 87' lang='lat' dir='ltr'>anno</span> <span class='ocrx_word' id='word_1_245' title='bbox 1108 2481 1133 2501; x_wconf 87' lang='lat' dir='ltr'>v.</span> 
     </span>
    </p>
   </div>
   <div class='ocr_carea' id='block_1_7' title="bbox 1228 309 1232 2550">
    <p class='ocr_par' dir='ltr' id='par_1_13' title="bbox 1228 309 1232 2550">
     <span class='ocr_line' id='line_1_49' title="bbox 1228 309 1232 2550; baseline 0 0"><span class='ocrx_word' id='word_1_246' title='bbox 1228 309 1232 2550; x_wconf 95' lang='lat' dir='ltr'> </span> 
     </span>
    </p>
   </div>
   <div class='ocr_carea' id='block_1_8' title="bbox 741 2592 949 2598">
    <p class='ocr_par' dir='ltr' id='par_1_14' title="bbox 741 2592 949 2598">
     <span class='ocr_line' id='line_1_50' title="bbox 741 2592 949 2598; baseline 0 0"><span class='ocrx_word' id='word_1_247' title='bbox 741 2592 949 2598; x_wconf 95' lang='lat' dir='ltr'> </span> 
     </span>
    </p>
   </div>
   <div class='ocr_carea' id='block_1_9' title="bbox 1256 232 1700 315">
    <p class='ocr_par' dir='ltr' id='par_1_15' title="bbox 1256 232 1700 315">
     <span class='ocr_line' id='line_1_51' title="bbox 1256 232 1410 257; baseline 0.006 -1"><span class='ocrx_word' id='word_1_248' title='bbox 1256 232 1410 257; x_wconf 74' lang='lat' dir='ltr'>noiiANuu</span> 
     </span>
     <span class='ocr_line' id='line_1_52' title="bbox 1531 281 1700 315; baseline -0.006 0"><span class='ocrx_word' id='word_1_249' title='bbox 1531 281 1700 315; x_wconf 86' lang='lat' dir='ltr'>CCLXXVI.</span> 
     </span>
    </p>
   </div>
   <div class='ocr_carea' id='block_1_10' title="bbox 1245 352 1985 596">
    <p class='ocr_par' dir='ltr' id='par_1_16' title="bbox 1245 352 1985 596">
     <span class='ocr_line' id='line_1_53' title="bbox 1245 352 1984 396; baseline 0.003 -12"><span class='ocrx_word' id='word_1_250' title='bbox 1245 352 1432 385; x_wconf 79' lang='lat' dir='ltr'>Nonnullae</span> <span class='ocrx_word' id='word_1_251' title='bbox 1448 352 1682 385; x_wconf 79' lang='lat' dir='ltr'>declarationes</span> <span class='ocrx_word' id='word_1_252' title='bbox 1695 363 1790 396; x_wconf 79' lang='lat' dir='ltr'>super</span> <span class='ocrx_word' id='word_1_253' title='bbox 1806 357 1984 386; x_wconf 82' lang='lat' dir='ltr'>controver-</span> 
     </span>
     <span class='ocr_line' id='line_1_54' title="bbox 1288 404 1984 448; baseline 0.001 -12"><span class='ocrx_word' id='word_1_254' title='bbox 1288 405 1346 437; x_wconf 80' lang='lat' dir='ltr'>siis</span> <span class='ocrx_word' id='word_1_255' title='bbox 1363 405 1450 438; x_wconf 73' lang='lat' dir='ltr'>inter</span> <span class='ocrx_word' id='word_1_256' title='bbox 1466 405 1649 448; x_wconf 69' lang='lat' dir='ltr'>qeneralcm</span> <span class='ocrx_word' id='word_1_257' title='bbox 1667 404 1801 439; x_wconf 73' lang='lat' dir='ltr'>Ordinis</span> <span class='ocrx_word' id='word_1_258' title='bbox 1817 405 1984 438; x_wconf 78' lang='lat' dir='ltr'>Minorum</span> 
     </span>
     <span class='ocr_line' id='line_1_55' title="bbox 1288 456 1983 500; baseline -0.001 -11"><span class='ocrx_word' id='word_1_259' title='bbox 1288 456 1325 489; x_wconf 70' lang='lat' dir='ltr'>cle</span> <span class='ocrx_word' id='word_1_260' title='bbox 1352 456 1574 497; x_wconf 66' lang='lat' dir='ltr'>observantia,</span> <span class='ocrx_word' id='word_1_261' title='bbox 1599 461 1628 490; x_wconf 85' lang='lat' dir='ltr'>et</span> <span class='ocrx_word' id='word_1_262' title='bbox 1650 457 1886 500; x_wconf 78' lang='lat' dir='ltr'>provincialem</span> <span class='ocrx_word' id='word_1_263' title='bbox 1908 467 1983 500; x_wconf 84' lang='lat' dir='ltr'>pro-</span> 
     </span>
     <span class='ocr_line' id='line_1_56' title="bbox 1287 509 1985 543; baseline 0 -1"><span class='ocrx_word' id='word_1_264' title='bbox 1287 510 1414 542; x_wconf 83' lang='lat' dir='ltr'>vinciae</span> <span class='ocrx_word' id='word_1_265' title='bbox 1437 509 1484 542; x_wconf 88' lang='lat' dir='ltr'>Ss.</span> <span class='ocrx_word' id='word_1_266' title='bbox 1512 510 1669 543; x_wconf 79' lang='lat' dir='ltr'>Ludovici</span> <span class='ocrx_word' id='word_1_267' title='bbox 1685 515 1714 543; x_wconf 80' lang='lat' dir='ltr'>et</span> <span class='ocrx_word' id='word_1_268' title='bbox 1734 509 1876 543; x_wconf 83' lang='lat' dir='ltr'>Elzearz&#39;i</span> <span class='ocrx_word' id='word_1_269' title='bbox 1897 510 1985 543; x_wconf 83' lang='lat' dir='ltr'>tertii</span> 
     </span>
     <span class='ocr_line' id='line_1_57' title="bbox 1289 561 1766 596; baseline 0 -1"><span class='ocrx_word' id='word_1_270' title='bbox 1289 561 1425 596; x_wconf 80' lang='lat' dir='ltr'>Ordinis</span> <span class='ocrx_word' id='word_1_271' title='bbox 1441 563 1546 595; x_wconf 77' lang='lat' dir='ltr'>sancti</span> <span class='ocrx_word' id='word_1_272' title='bbox 1563 562 1734 596; x_wconf 75' lang='lat' dir='ltr'>Francisci</span> <span class='ocrx_word' id='word_1_273' title='bbox 1748 561 1766 595; x_wconf 89' lang='lat'>¹.</span> 
     </span>
    </p>
   </div>
   <div class='ocr_carea' id='block_1_11' title="bbox 1384 643 1840 715">
    <p class='ocr_par' dir='ltr' id='par_1_17' title="bbox 1384 643 1840 715">
     <span class='ocr_line' id='line_1_58' title="bbox 1439 643 1787 677; baseline 0 -7"><span class='ocrx_word' id='word_1_274' title='bbox 1439 643 1604 671; x_wconf 79' lang='lat' dir='ltr'>Alexander</span> <span class='ocrx_word' id='word_1_275' title='bbox 1624 644 1704 677; x_wconf 84' lang='lat' dir='ltr'>Papa</span> <span class='ocrx_word' id='word_1_276' title='bbox 1725 643 1787 677; x_wconf 85' lang='lat' dir='ltr'>vu,</span> 
     </span>
     <span class='ocr_line' id='line_1_59' title="bbox 1384 687 1840 715; baseline -0.002 -1"><span class='ocrx_word' id='word_1_277' title='bbox 1384 687 1421 714; x_wconf 84' lang='lat' dir='ltr'>ad</span> <span class='ocrx_word' id='word_1_278' title='bbox 1439 687 1572 715; x_wconf 83' lang='lat' dir='ltr'>futuram</span> <span class='ocrx_word' id='word_1_279' title='bbox 1592 687 1635 715; x_wconf 81' lang='lat' dir='ltr'>rei</span> <span class='ocrx_word' id='word_1_280' title='bbox 1658 687 1840 714; x_wconf 87' lang='lat' dir='ltr'>memoriam.</span> 
     </span>
    </p>
   </div>
   <div class='ocr_carea' id='block_1_12' title="bbox 1242 756 1982 2292">
    <p class='ocr_par' dir='ltr' id='par_1_18' title="bbox 1242 756 1982 2292">
     <span class='ocr_line' id='line_1_60' title="bbox 1287 756 1981 801; baseline 0 -11"><span class='ocrx_word' id='word_1_281' title='bbox 1287 758 1302 801; x_wconf 64' lang='grc' dir='ltr'><strong>ἓ</strong></span> <span class='ocrx_word' id='word_1_282' title='bbox 1327 758 1356 790; x_wconf 78' lang='lat' dir='ltr'>t.</span> <span class='ocrx_word' id='word_1_283' title='bbox 1377 758 1498 801; x_wconf 86' lang='lat' dir='ltr'>Exponi</span> <span class='ocrx_word' id='word_1_284' title='bbox 1523 757 1614 791; x_wconf 90' lang='lat' dir='ltr'>nobis</span> <span class='ocrx_word' id='word_1_285' title='bbox 1637 768 1739 801; x_wconf 86' lang='lat' dir='ltr'>nuper</span> <span class='ocrx_word' id='word_1_286' title='bbox 1763 757 1835 791; x_wconf 82' lang='lat' dir='ltr'>fecit</span> <span class='ocrx_word' id='word_1_287' title='bbox 1849 756 1981 790; x_wconf 85' lang='lat' dir='ltr'>dilectus</span> 
     </span>
     <span class='ocr_line' id='line_1_61' title="bbox 1242 809 1981 854; baseline 0 -12"><span class='ocrx_word' id='word_1_288' title='bbox 1242 809 1326 842; x_wconf 87' lang='lat' dir='ltr'>filius</span> <span class='ocrx_word' id='word_1_289' title='bbox 1368 810 1510 844; x_wconf 90' lang='lat' dir='ltr'>minister</span> <span class='ocrx_word' id='word_1_290' title='bbox 1553 810 1755 854; x_wconf 89' lang='lat' dir='ltr'>provincialis</span> <span class='ocrx_word' id='word_1_291' title='bbox 1800 809 1981 854; x_wconf 90' lang='lat' dir='ltr'>provinciae</span> 
     </span>
     <span class='ocr_line' id='line_1_62' title="bbox 1242 861 1981 896; baseline -0.001 -1"><span class='ocrx_word' id='word_1_292' title='bbox 1242 862 1288 895; x_wconf 87' lang='lat' dir='ltr'>Ss.</span> <span class='ocrx_word' id='word_1_293' title='bbox 1319 862 1466 896; x_wconf 89' lang='lat' dir='ltr'>Ludovici</span> <span class='ocrx_word' id='word_1_294' title='bbox 1502 868 1531 895; x_wconf 91' lang='lat' dir='ltr'>et</span> <span class='ocrx_word' id='word_1_295' title='bbox 1563 862 1696 895; x_wconf 84' lang='lat' dir='ltr'>Elzearii</span> <span class='ocrx_word' id='word_1_296' title='bbox 1732 863 1865 895; x_wconf 85' lang='lat' dir='ltr'>fratrum</span> <span class='ocrx_word' id='word_1_297' title='bbox 1897 861 1981 895; x_wconf 88' lang='lat' dir='ltr'>tertii</span> 
     </span>
     <span class='ocr_line' id='line_1_63' title="bbox 1242 914 1981 959; baseline 0 -12"><span class='ocrx_word' id='word_1_298' title='bbox 1242 915 1367 948; x_wconf 90' lang='lat' dir='ltr'>Ordinis</span> <span class='ocrx_word' id='word_1_299' title='bbox 1391 915 1489 950; x_wconf 91' lang='lat' dir='ltr'>sancti</span> <span class='ocrx_word' id='word_1_300' title='bbox 1513 915 1671 949; x_wconf 86' lang='lat' dir='ltr'>Francisci</span> <span class='ocrx_word' id='word_1_301' title='bbox 1686 942 1693 955; x_wconf 92' lang='lat'>‚</span> <span class='ocrx_word' id='word_1_302' title='bbox 1724 915 1808 959; x_wconf 89' lang='lat' dir='ltr'>quod</span> <span class='ocrx_word' id='word_1_303' title='bbox 1836 914 1981 948; x_wconf 87' lang='lat' dir='ltr'>definito-</span> 
     </span>
     <span class='ocr_line' id='line_1_64' title="bbox 1244 967 1981 1013; baseline 0 -12"><span class='ocrx_word' id='word_1_304' title='bbox 1244 968 1325 1001; x_wconf 82' lang='lat' dir='ltr'>iium</span> <span class='ocrx_word' id='word_1_305' title='bbox 1340 969 1469 1013; x_wconf 87' lang='lat' dir='ltr'>capituli</span> <span class='ocrx_word' id='word_1_306' title='bbox 1494 969 1650 1012; x_wconf 81' lang='lat' dir='ltr'>generalis</span> <span class='ocrx_word' id='word_1_307' title='bbox 1668 969 1822 1002; x_wconf 87' lang='lat' dir='ltr'>Minorum</span> <span class='ocrx_word' id='word_1_308' title='bbox 1841 967 1981 1002; x_wconf 83' lang='lat' dir='ltr'>eiusdem</span> 
     </span>
     <span class='ocr_line' id='line_1_65' title="bbox 1243 1021 1981 1066; baseline 0 -12"><span class='ocrx_word' id='word_1_309' title='bbox 1243 1021 1340 1055; x_wconf 85' lang='lat' dir='ltr'>sancti</span> <span class='ocrx_word' id='word_1_310' title='bbox 1365 1021 1522 1055; x_wconf 87' lang='lat' dir='ltr'>Francisci</span> <span class='ocrx_word' id='word_1_311' title='bbox 1540 1022 1577 1055; x_wconf 89' lang='lat' dir='ltr'>de</span> <span class='ocrx_word' id='word_1_312' title='bbox 1597 1021 1801 1056; x_wconf 76' lang='lat' dir='ltr'>observantia</span> <span class='ocrx_word' id='word_1_313' title='bbox 1820 1031 1981 1066; x_wconf 89' lang='lat' dir='ltr'>nuncupa-</span> 
     </span>
     <span class='ocr_line' id='line_1_66' title="bbox 1243 1075 1982 1117; baseline -0.003 -8"><span class='ocrx_word' id='word_1_314' title='bbox 1243 1081 1359 1117; x_wconf 87' lang='lat' dir='ltr'>torum,</span> <span class='ocrx_word' id='word_1_315' title='bbox 1376 1076 1426 1109; x_wconf 87' lang='lat' dir='ltr'>die</span> <span class='ocrx_word' id='word_1_316' title='bbox 1442 1086 1482 1110; x_wconf 84' lang='lat' dir='ltr'>xv</span> <span class='ocrx_word' id='word_1_317' title='bbox 1499 1076 1574 1109; x_wconf 91' lang='lat' dir='ltr'>iunii</span> <span class='ocrx_word' id='word_1_318' title='bbox 1596 1085 1747 1117; x_wconf 73' lang='lat' dir='ltr'>itinchm,</span> <span class='ocrx_word' id='word_1_319' title='bbox 1764 1075 1929 1115; x_wconf 84' lang='lat' dir='ltr'>ordinavit,</span> <span class='ocrx_word' id='word_1_320' title='bbox 1947 1079 1982 1108; x_wconf 89' lang='lat' dir='ltr'>ut</span> 
     </span>
     <span class='ocr_line' id='line_1_67' title="bbox 1243 1128 1981 1173; baseline 0 -11"><span class='ocrx_word' id='word_1_321' title='bbox 1243 1129 1448 1173; x_wconf 86' lang='lat' dir='ltr'>deputaretur</span> <span class='ocrx_word' id='word_1_322' title='bbox 1473 1129 1718 1172; x_wconf 87' lang='lat' dir='ltr'>commissarius,</span> <span class='ocrx_word' id='word_1_323' title='bbox 1744 1129 1824 1163; x_wconf 91' lang='lat' dir='ltr'>sicut</span> <span class='ocrx_word' id='word_1_324' title='bbox 1846 1129 1904 1163; x_wconf 84' lang='lat' dir='ltr'>fuit</span> <span class='ocrx_word' id='word_1_325' title='bbox 1927 1128 1981 1162; x_wconf 86' lang='lat' dir='ltr'>de-</span> 
     </span>
     <span class='ocr_line' id='line_1_68' title="bbox 1242 1181 1981 1227; baseline -0.001 -12"><span class='ocrx_word' id='word_1_326' title='bbox 1242 1188 1368 1226; x_wconf 83' lang='lat' dir='ltr'>putatus</span> <span class='ocrx_word' id='word_1_327' title='bbox 1393 1183 1525 1216; x_wconf 87' lang='lat' dir='ltr'>dilectus</span> <span class='ocrx_word' id='word_1_328' title='bbox 1548 1183 1667 1227; x_wconf 87' lang='lat' dir='ltr'>pariter</span> <span class='ocrx_word' id='word_1_329' title='bbox 1698 1182 1781 1216; x_wconf 85' lang='lat' dir='ltr'>filius</span> <span class='ocrx_word' id='word_1_330' title='bbox 1813 1181 1981 1226; x_wconf 87' lang='lat' dir='ltr'>Eutropius</span> 
     </span>
     <span class='ocr_line' id='line_1_69' title="bbox 1243 1234 1980 1269; baseline -0.001 -1"><span class='ocrx_word' id='word_1_331' title='bbox 1243 1236 1433 1269; x_wconf 89' lang='lat' dir='ltr'>Bertrandus</span> <span class='ocrx_word' id='word_1_332' title='bbox 1450 1236 1547 1269; x_wconf 85' lang='lat' dir='ltr'>frater</span> <span class='ocrx_word' id='word_1_333' title='bbox 1564 1236 1749 1269; x_wconf 87' lang='lat' dir='ltr'>recollectus</span> <span class='ocrx_word' id='word_1_334' title='bbox 1766 1234 1980 1269; x_wconf 90' lang='lat' dir='ltr'>secundodicti</span> 
     </span>
     <span class='ocr_line' id='line_1_70' title="bbox 1242 1287 1980 1332; baseline -0.001 -11"><span class='ocrx_word' id='word_1_335' title='bbox 1242 1288 1378 1329; x_wconf 89' lang='lat' dir='ltr'>Ordinis,</span> <span class='ocrx_word' id='word_1_336' title='bbox 1406 1289 1443 1321; x_wconf 91' lang='lat' dir='ltr'>ad</span> <span class='ocrx_word' id='word_1_337' title='bbox 1468 1289 1690 1332; x_wconf 80' lang='lat' dir='ltr'>gubernandos</span> <span class='ocrx_word' id='word_1_338' title='bbox 1715 1292 1886 1322; x_wconf 88' lang='lat' dir='ltr'>conventus</span> <span class='ocrx_word' id='word_1_339' title='bbox 1906 1287 1980 1321; x_wconf 87' lang='lat' dir='ltr'>dicti</span> 
     </span>
     <span class='ocr_line' id='line_1_71' title="bbox 1243 1341 1981 1386; baseline -0.001 -11"><span class='ocrx_word' id='word_1_340' title='bbox 1243 1342 1326 1375; x_wconf 81' lang='lat' dir='ltr'>tertii</span> <span class='ocrx_word' id='word_1_341' title='bbox 1351 1342 1475 1376; x_wconf 86' lang='lat' dir='ltr'>Ordinis</span> <span class='ocrx_word' id='word_1_342' title='bbox 1500 1342 1552 1386; x_wconf 90' lang='lat' dir='ltr'>qui</span> <span class='ocrx_word' id='word_1_343' title='bbox 1578 1348 1666 1375; x_wconf 85' lang='lat' dir='ltr'>erant</span> <span class='ocrx_word' id='word_1_344' title='bbox 1690 1342 1721 1374; x_wconf 92' lang='lat' dir='ltr'>in</span> <span class='ocrx_word' id='word_1_345' title='bbox 1740 1341 1905 1386; x_wconf 73' lang='lat' dir='ltr'>Aquitania</span> <span class='ocrx_word' id='word_1_346' title='bbox 1937 1341 1981 1374; x_wconf 90' lang='lat' dir='ltr'>in-</span> 
     </span>
     <span class='ocr_line' id='line_1_72' title="bbox 1243 1394 1981 1439; baseline -0.001 -11"><span class='ocrx_word' id='word_1_347' title='bbox 1243 1395 1455 1439; x_wconf 82' lang='lat' dir='ltr'>dependenter</span> <span class='ocrx_word' id='word_1_348' title='bbox 1479 1406 1496 1428; x_wconf 87' lang='lat' dir='ltr'>a</span> <span class='ocrx_word' id='word_1_349' title='bbox 1521 1395 1737 1428; x_wconf 89' lang='lat' dir='ltr'>iurisdictione</span> <span class='ocrx_word' id='word_1_350' title='bbox 1754 1394 1887 1428; x_wconf 89' lang='lat' dir='ltr'>ministri</span> <span class='ocrx_word' id='word_1_351' title='bbox 1909 1405 1981 1438; x_wconf 89' lang='lat' dir='ltr'>pro-</span> 
     </span>
     <span class='ocr_line' id='line_1_73' title="bbox 1242 1448 1980 1489; baseline 0 -8"><span class='ocrx_word' id='word_1_352' title='bbox 1242 1449 1400 1489; x_wconf 86' lang='lat' dir='ltr'>vincialis,</span> <span class='ocrx_word' id='word_1_353' title='bbox 1426 1459 1497 1482; x_wconf 91' lang='lat' dir='ltr'>cum</span> <span class='ocrx_word' id='word_1_354' title='bbox 1522 1449 1708 1482; x_wconf 85' lang='lat' dir='ltr'>auctoritate</span> <span class='ocrx_word' id='word_1_355' title='bbox 1738 1448 1798 1481; x_wconf 83' lang='lat' dir='ltr'>alia</span> <span class='ocrx_word' id='word_1_356' title='bbox 1825 1448 1980 1483; x_wconf 86' lang='lat' dir='ltr'>statuendi</span> 
     </span>
     <span class='ocr_line' id='line_1_74' title="bbox 1243 1501 1982 1546; baseline 0 -12"><span class='ocrx_word' id='word_1_357' title='bbox 1243 1502 1274 1534; x_wconf 89' lang='lat' dir='ltr'>in</span> <span class='ocrx_word' id='word_1_358' title='bbox 1298 1501 1525 1546; x_wconf 89' lang='lat' dir='ltr'>praeiudicium</span> <span class='ocrx_word' id='word_1_359' title='bbox 1551 1501 1652 1535; x_wconf 88' lang='lat' dir='ltr'>dictae</span> <span class='ocrx_word' id='word_1_360' title='bbox 1668 1501 1903 1542; x_wconf 86' lang='lat' dir='ltr'>iurisdictionis,</span> <span class='ocrx_word' id='word_1_361' title='bbox 1916 1501 1982 1546; x_wconf 89' lang='lat' dir='ltr'>qui-</span> 
     </span>
     <span class='ocr_line' id='line_1_75' title="bbox 1243 1554 1980 1600; baseline 0 -12"><span class='ocrx_word' id='word_1_362' title='bbox 1243 1555 1301 1588; x_wconf 88' lang='lat' dir='ltr'>bus</span> <span class='ocrx_word' id='word_1_363' title='bbox 1325 1560 1504 1600; x_wconf 90' lang='lat' dir='ltr'>opportune</span> <span class='ocrx_word' id='word_1_364' title='bbox 1533 1555 1669 1599; x_wconf 83' lang='lat' dir='ltr'>providit</span> <span class='ocrx_word' id='word_1_365' title='bbox 1700 1554 1904 1598; x_wconf 80' lang='lat' dir='ltr'>congregatio</span> <span class='ocrx_word' id='word_1_366' title='bbox 1929 1565 1980 1588; x_wconf 86' lang='lat' dir='ltr'>ve-</span> 
     </span>
     <span class='ocr_line' id='line_1_76' title="bbox 1242 1608 1979 1642; baseline -0.001 0"><span class='ocrx_word' id='word_1_367' title='bbox 1242 1609 1430 1642; x_wconf 90' lang='lat' dir='ltr'>nerabilium</span> <span class='ocrx_word' id='word_1_368' title='bbox 1463 1609 1594 1641; x_wconf 83' lang='lat' dir='ltr'>fratrum</span> <span class='ocrx_word' id='word_1_369' title='bbox 1623 1613 1806 1642; x_wconf 88' lang='lat' dir='ltr'>nostrorum</span> <span class='ocrx_word' id='word_1_370' title='bbox 1830 1608 1859 1642; x_wconf 89' lang='lat' dir='ltr'>S.</span> <span class='ocrx_word' id='word_1_371' title='bbox 1886 1608 1921 1642; x_wconf 84' lang='lat' dir='ltr'>R.</span> <span class='ocrx_word' id='word_1_372' title='bbox 1946 1608 1979 1641; x_wconf 88' lang='grc' dir='ltr'>Ε.</span> 
     </span>
     <span class='ocr_line' id='line_1_77' title="bbox 1243 1661 1981 1705; baseline 0 -10"><span class='ocrx_word' id='word_1_373' title='bbox 1243 1662 1448 1695; x_wconf 84' lang='lat' dir='ltr'>cardinalium</span> <span class='ocrx_word' id='word_1_374' title='bbox 1474 1662 1608 1705; x_wconf 80' lang='lat' dir='ltr'>negotiis</span> <span class='ocrx_word' id='word_1_375' title='bbox 1638 1667 1669 1695; x_wconf 88' lang='lat' dir='ltr'>et</span> <span class='ocrx_word' id='word_1_376' title='bbox 1698 1661 1981 1696; x_wconf 90' lang='lat' dir='ltr'>consultationibus</span> 
     </span>
     <span class='ocr_line' id='line_1_78' title="bbox 1243 1714 1981 1760; baseline -0.003 -11"><span class='ocrx_word' id='word_1_377' title='bbox 1243 1716 1466 1760; x_wconf 88' lang='lat' dir='ltr'>episcoporum</span> <span class='ocrx_word' id='word_1_378' title='bbox 1480 1721 1510 1749; x_wconf 92' lang='lat' dir='ltr'>et</span> <span class='ocrx_word' id='word_1_379' title='bbox 1524 1715 1716 1758; x_wconf 77' lang='lat' dir='ltr'>regularium</span> <span class='ocrx_word' id='word_1_380' title='bbox 1730 1714 1910 1759; x_wconf 89' lang='lat' dir='ltr'>praeposita</span> <span class='ocrx_word' id='word_1_381' title='bbox 1923 1725 1981 1759; x_wconf 88' lang='lat' dir='ltr'>per</span> 
     </span>
     <span class='ocr_line' id='line_1_79' title="bbox 1243 1768 1980 1803; baseline -0.003 0"><span class='ocrx_word' id='word_1_382' title='bbox 1243 1780 1334 1803; x_wconf 87' lang='lat' dir='ltr'>suum</span> <span class='ocrx_word' id='word_1_383' title='bbox 1359 1770 1520 1803; x_wconf 85' lang='lat' dir='ltr'>decretum</span> <span class='ocrx_word' id='word_1_384' title='bbox 1545 1769 1595 1802; x_wconf 92' lang='lat' dir='ltr'>die</span> <span class='ocrx_word' id='word_1_385' title='bbox 1620 1779 1694 1801; x_wconf 81' lang='lat' dir='ltr'>xXIv</span> <span class='ocrx_word' id='word_1_386' title='bbox 1715 1768 1847 1801; x_wconf 88' lang='lat' dir='ltr'>ianuarii</span> <span class='ocrx_word' id='word_1_387' title='bbox 1864 1778 1980 1802; x_wconf 78' lang='lat' dir='ltr'>MDcmx</span> 
     </span>
     <span class='ocr_line' id='line_1_80' title="bbox 1244 1820 1980 1867; baseline -0.004 -11"><span class='ocrx_word' id='word_1_388' title='bbox 1244 1828 1432 1863; x_wconf 89' lang='lat' dir='ltr'>emanatum,</span> <span class='ocrx_word' id='word_1_389' title='bbox 1458 1827 1487 1855; x_wconf 90' lang='lat' dir='ltr'>et</span> <span class='ocrx_word' id='word_1_390' title='bbox 1510 1833 1567 1867; x_wconf 90' lang='lat' dir='ltr'>per</span> <span class='ocrx_word' id='word_1_391' title='bbox 1580 1826 1704 1855; x_wconf 90' lang='lat' dir='ltr'>nostras</span> <span class='ocrx_word' id='word_1_392' title='bbox 1721 1821 1750 1853; x_wconf 93' lang='lat' dir='ltr'>in</span> <span class='ocrx_word' id='word_1_393' title='bbox 1769 1820 1863 1853; x_wconf 90' lang='lat' dir='ltr'>simili</span> <span class='ocrx_word' id='word_1_394' title='bbox 1881 1821 1980 1854; x_wconf 77' lang='lat' dir='ltr'>forma</span> 
     </span>
     <span class='ocr_line' id='line_1_81' title="bbox 1243 1874 1978 1909; baseline -0.001 0"><span class='ocrx_word' id='word_1_395' title='bbox 1243 1876 1349 1909; x_wconf 91' lang='lat' dir='ltr'>Brevis</span> <span class='ocrx_word' id='word_1_396' title='bbox 1381 1876 1500 1908; x_wconf 90' lang='lat' dir='ltr'>litteras</span> <span class='ocrx_word' id='word_1_397' title='bbox 1535 1875 1585 1908; x_wconf 87' lang='lat' dir='ltr'>die</span> <span class='ocrx_word' id='word_1_398' title='bbox 1619 1885 1651 1908; x_wconf 82' lang='lat' dir='ltr'>XI</span> <span class='ocrx_word' id='word_1_399' title='bbox 1688 1874 1838 1907; x_wconf 82' lang='lat' dir='ltr'>februarii</span> <span class='ocrx_word' id='word_1_400' title='bbox 1870 1874 1978 1908; x_wconf 87' lang='lat' dir='ltr'>subse-</span> 
     </span>
     <span class='ocr_line' id='line_1_82' title="bbox 1243 1927 1981 1974; baseline -0.003 -11"><span class='ocrx_word' id='word_1_401' title='bbox 1243 1929 1366 1974; x_wconf 88' lang='lat' dir='ltr'>quentis</span> <span class='ocrx_word' id='word_1_402' title='bbox 1391 1929 1630 1970; x_wconf 85' lang='lat' dir='ltr'>confirmatum,</span> <span class='ocrx_word' id='word_1_403' title='bbox 1663 1928 1837 1962; x_wconf 86' lang='lat' dir='ltr'>amovendo</span> <span class='ocrx_word' id='word_1_404' title='bbox 1862 1927 1981 1961; x_wconf 88' lang='lat' dir='ltr'>dictum</span> 
     </span>
     <span class='ocr_line' id='line_1_83' title="bbox 1243 1982 1978 2025; baseline -0.004 -8"><span class='ocrx_word' id='word_1_405' title='bbox 1243 1983 1494 2017; x_wconf 87' lang='lat' dir='ltr'>commissarium</span> <span class='ocrx_word' id='word_1_406' title='bbox 1527 1993 1544 2015; x_wconf 93' lang='lat' dir='ltr'>a</span> <span class='ocrx_word' id='word_1_407' title='bbox 1578 1982 1721 2016; x_wconf 87' lang='lat' dir='ltr'>ministro</span> <span class='ocrx_word' id='word_1_408' title='bbox 1750 1982 1888 2025; x_wconf 80' lang='lat' dir='ltr'>generali</span> <span class='ocrx_word' id='word_1_409' title='bbox 1926 1992 1978 2015; x_wconf 89' lang='lat' dir='ltr'>se-</span> 
     </span>
     <span class='ocr_line' id='line_1_84' title="bbox 1244 2034 1980 2079; baseline -0.001 -10"><span class='ocrx_word' id='word_1_410' title='bbox 1244 2036 1422 2071; x_wconf 85' lang='lat' dir='ltr'>cundodicti</span> <span class='ocrx_word' id='word_1_411' title='bbox 1447 2036 1570 2071; x_wconf 90' lang='lat' dir='ltr'>Ordinis</span> <span class='ocrx_word' id='word_1_412' title='bbox 1590 2036 1785 2079; x_wconf 85' lang='lat' dir='ltr'>deputatum,</span> <span class='ocrx_word' id='word_1_413' title='bbox 1820 2040 1850 2068; x_wconf 90' lang='lat' dir='ltr'>et</span> <span class='ocrx_word' id='word_1_414' title='bbox 1881 2034 1980 2068; x_wconf 87' lang='lat' dir='ltr'>decla-</span> 
     </span>
     <span class='ocr_line' id='line_1_85' title="bbox 1244 2088 1979 2134; baseline -0.004 -11"><span class='ocrx_word' id='word_1_415' title='bbox 1244 2090 1342 2124; x_wconf 90' lang='lat' dir='ltr'>rando</span> <span class='ocrx_word' id='word_1_416' title='bbox 1354 2089 1579 2134; x_wconf 80' lang='lat' dir='ltr'>provincialem</span> <span class='ocrx_word' id='word_1_417' title='bbox 1594 2099 1741 2122; x_wconf 83' lang='lat' dir='ltr'>exercere</span> <span class='ocrx_word' id='word_1_418' title='bbox 1759 2088 1874 2121; x_wconf 86' lang='lat' dir='ltr'>debere</span> <span class='ocrx_word' id='word_1_419' title='bbox 1891 2098 1979 2121; x_wconf 87' lang='lat' dir='ltr'>suam</span> 
     </span>
     <span class='ocr_line' id='line_1_86' title="bbox 1244 2141 1980 2186; baseline -0.004 -9"><span class='ocrx_word' id='word_1_420' title='bbox 1244 2144 1492 2177; x_wconf 89' lang='lat' dir='ltr'>iurisdictionem</span> <span class='ocrx_word' id='word_1_421' title='bbox 1511 2143 1541 2175; x_wconf 90' lang='lat' dir='ltr'>in</span> <span class='ocrx_word' id='word_1_422' title='bbox 1562 2144 1626 2176; x_wconf 75' lang='lat' dir='ltr'>tota</span> <span class='ocrx_word' id='word_1_423' title='bbox 1650 2141 1824 2186; x_wconf 76' lang='lat' dir='ltr'>provincia,</span> <span class='ocrx_word' id='word_1_424' title='bbox 1841 2141 1934 2175; x_wconf 87' lang='lat' dir='ltr'>etiam</span> <span class='ocrx_word' id='word_1_425' title='bbox 1949 2141 1980 2174; x_wconf 92' lang='lat' dir='ltr'>in</span> 
     </span>
     <span class='ocr_line' id='line_1_87' title="bbox 1245 2195 1982 2240; baseline -0.005 -10"><span class='ocrx_word' id='word_1_426' title='bbox 1245 2196 1450 2231; x_wconf 84' lang='lat' dir='ltr'>conventibus</span> <span class='ocrx_word' id='word_1_427' title='bbox 1474 2196 1657 2240; x_wconf 77' lang='lat' dir='ltr'>Aquitanis3</span> <span class='ocrx_word' id='word_1_428' title='bbox 1690 2206 1708 2228; x_wconf 91' lang='lat' dir='ltr'>a</span> <span class='ocrx_word' id='word_1_429' title='bbox 1739 2195 1852 2239; x_wconf 88' lang='lat' dir='ltr'>quibus</span> <span class='ocrx_word' id='word_1_430' title='bbox 1877 2199 1982 2227; x_wconf 86' lang='lat' dir='ltr'>tamen</span> 
     </span>
     <span class='ocr_line' id='line_1_88' title="bbox 1245 2246 1981 2292; baseline -0.004 -9"><span class='ocrx_word' id='word_1_431' title='bbox 1245 2250 1371 2283; x_wconf 90' lang='lat' dir='ltr'>decreto</span> <span class='ocrx_word' id='word_1_432' title='bbox 1397 2254 1426 2281; x_wconf 89' lang='lat' dir='ltr'>et</span> <span class='ocrx_word' id='word_1_433' title='bbox 1449 2249 1561 2282; x_wconf 90' lang='lat' dir='ltr'>litteris</span> <span class='ocrx_word' id='word_1_434' title='bbox 1586 2248 1712 2292; x_wconf 89' lang='lat' dir='ltr'>quidam</span> <span class='ocrx_word' id='word_1_435' title='bbox 1738 2248 1849 2281; x_wconf 80' lang='lat' dir='ltr'>fratres</span> <span class='ocrx_word' id='word_1_436' title='bbox 1881 2246 1981 2280; x_wconf 85' lang='lat' dir='ltr'>dictae</span> 
     </span>
    </p>
   </div>
   <div class='ocr_carea' id='block_1_13' title="bbox 1227 2300 1983 2347">
    <p class='ocr_par' dir='ltr' id='par_1_19' title="bbox 1227 2300 1983 2347">
     <span class='ocr_line' id='line_1_89' title="bbox 1227 2300 1983 2347; baseline -0.004 -11"><span class='ocrx_word' id='word_1_437' title='bbox 1227 2303 1423 2347; x_wconf 43' lang='lat' dir='ltr'>,provinciae</span> <span class='ocrx_word' id='word_1_438' title='bbox 1447 2302 1647 2346; x_wconf 86' lang='lat' dir='ltr'>appellarunt</span> <span class='ocrx_word' id='word_1_439' title='bbox 1670 2301 1707 2334; x_wconf 91' lang='lat' dir='ltr'>ad</span> <span class='ocrx_word' id='word_1_440' title='bbox 1727 2310 1784 2334; x_wconf 88' lang='lat' dir='ltr'>nos</span> <span class='ocrx_word' id='word_1_441' title='bbox 1809 2301 1920 2334; x_wconf 90' lang='lat' dir='ltr'>melius</span> <span class='ocrx_word' id='word_1_442' title='bbox 1939 2300 1983 2334; x_wconf 90' lang='lat' dir='ltr'>in-</span> 
     </span>
    </p>
   </div>
   <div class='ocr_carea' id='block_1_14' title="bbox 1245 2354 1983 2559">
    <p class='ocr_par' dir='ltr' id='par_1_20' title="bbox 1245 2354 1983 2559">
     <span class='ocr_line' id='line_1_90' title="bbox 1246 2354 1982 2399; baseline -0.001 -11"><span class='ocrx_word' id='word_1_443' title='bbox 1246 2355 1436 2396; x_wconf 81' lang='lat' dir='ltr'>formandos,</span> <span class='ocrx_word' id='word_1_444' title='bbox 1460 2360 1552 2399; x_wconf 87' lang='lat' dir='ltr'>atque</span> <span class='ocrx_word' id='word_1_445' title='bbox 1577 2355 1740 2399; x_wconf 86' lang='lat' dir='ltr'>protestati</span> <span class='ocrx_word' id='word_1_446' title='bbox 1765 2358 1836 2387; x_wconf 89' lang='lat' dir='ltr'>sunt</span> <span class='ocrx_word' id='word_1_447' title='bbox 1856 2354 1895 2387; x_wconf 88' lang='lat' dir='ltr'>de</span> <span class='ocrx_word' id='word_1_448' title='bbox 1916 2354 1982 2387; x_wconf 91' lang='lat' dir='ltr'>nul-</span> 
     </span>
     <span class='ocr_line' id='line_1_91' title="bbox 1245 2407 1983 2452; baseline -0.003 -10"><span class='ocrx_word' id='word_1_449' title='bbox 1245 2410 1331 2444; x_wconf 86' lang='lat' dir='ltr'>litate</span> <span class='ocrx_word' id='word_1_450' title='bbox 1351 2409 1519 2442; x_wconf 85' lang='lat' dir='ltr'>erectionis</span> <span class='ocrx_word' id='word_1_451' title='bbox 1536 2408 1674 2442; x_wconf 89' lang='lat' dir='ltr'>eiusdem</span> <span class='ocrx_word' id='word_1_452' title='bbox 1700 2407 1892 2452; x_wconf 86' lang='lat' dir='ltr'>provinciae,</span> <span class='ocrx_word' id='word_1_453' title='bbox 1909 2408 1983 2441; x_wconf 89' lang='lat' dir='ltr'>licet</span> 
     </span>
     <span class='ocr_line' id='line_1_92' title="bbox 1247 2461 1982 2507; baseline -0.003 -11"><span class='ocrx_word' id='word_1_454' title='bbox 1247 2474 1264 2496; x_wconf 86' lang='lat' dir='ltr'>a</span> <span class='ocrx_word' id='word_1_455' title='bbox 1288 2462 1496 2507; x_wconf 77' lang='lat' dir='ltr'>quadraginta</span> <span class='ocrx_word' id='word_1_456' title='bbox 1519 2462 1657 2506; x_wconf 88' lang='lat' dir='ltr'>quinque</span> <span class='ocrx_word' id='word_1_457' title='bbox 1681 2462 1770 2495; x_wconf 86' lang='lat' dir='ltr'>annis</span> <span class='ocrx_word' id='word_1_458' title='bbox 1794 2461 1919 2495; x_wconf 89' lang='lat' dir='ltr'>circiter</span> <span class='ocrx_word' id='word_1_459' title='bbox 1943 2461 1982 2493; x_wconf 85' lang='lat' dir='ltr'>sa-</span> 
     </span>
     <span class='ocr_line' id='line_1_93' title="bbox 1247 2513 1981 2559; baseline -0.004 -10"><span class='ocrx_word' id='word_1_460' title='bbox 1247 2522 1324 2557; x_wconf 84' lang='lat' dir='ltr'>ctae,</span> <span class='ocrx_word' id='word_1_461' title='bbox 1349 2521 1379 2549; x_wconf 90' lang='lat' dir='ltr'>et</span> <span class='ocrx_word' id='word_1_462' title='bbox 1398 2515 1436 2549; x_wconf 90' lang='lat' dir='ltr'>de</span> <span class='ocrx_word' id='word_1_463' title='bbox 1452 2515 1605 2549; x_wconf 83' lang='lat' dir='ltr'>electione</span> <span class='ocrx_word' id='word_1_464' title='bbox 1626 2515 1759 2549; x_wconf 87' lang='lat' dir='ltr'>ministri</span> <span class='ocrx_word' id='word_1_465' title='bbox 1780 2513 1981 2559; x_wconf 86' lang='lat' dir='ltr'>provincialis</span> 
     </span>
    </p>
   </div>
   <div class='ocr_carea' id='block_1_15' title="bbox 1284 2629 1750 2666">
    <p class='ocr_par' dir='ltr' id='par_1_21' title="bbox 1284 2629 1750 2666">
     <span class='ocr_line' id='line_1_94' title="bbox 1284 2629 1750 2666; baseline -0.006 -7"><span class='ocrx_word' id='word_1_466' title='bbox 1284 2634 1294 2659; x_wconf 86' lang='grc'>1</span> <span class='ocrx_word' id='word_1_467' title='bbox 1318 2632 1355 2659; x_wconf 87' lang='lat' dir='ltr'>Ex</span> <span class='ocrx_word' id='word_1_468' title='bbox 1375 2631 1482 2666; x_wconf 81' lang='lat' dir='ltr'>Regest.</span> <span class='ocrx_word' id='word_1_469' title='bbox 1503 2630 1530 2658; x_wconf 88' lang='lat' dir='ltr'>in</span> <span class='ocrx_word' id='word_1_470' title='bbox 1551 2631 1654 2658; x_wconf 84' lang='lat' dir='ltr'>Secret.</span> <span class='ocrx_word' id='word_1_471' title='bbox 1675 2629 1750 2657; x_wconf 85' lang='lat' dir='ltr'>Brev.</span> 
     </span>
    </p>
   </div>
   <div class='ocr_carea' id='block_1_16' title="bbox 2227 7 2243 148">
    <p class='ocr_par' dir='ltr' id='par_1_22' title="bbox 2227 7 2243 148">
     <span class='ocr_line' id='line_1_95' title="bbox 2227 7 2243 148; textangle 90"><span class='ocrx_word' id='word_1_472' title='bbox 2227 7 2243 148; x_wconf 20' lang='lat' dir='ltr'>„nnn—3</span> 
     </span>
    </p>
   </div>
   <div class='ocr_carea' id='block_1_17' title="bbox 2001 233 2180 262">
    <p class='ocr_par' dir='ltr' id='par_1_23' title="bbox 2001 233 2180 262">
     <span class='ocr_line' id='line_1_96' title="bbox 2001 233 2180 262; baseline 0.011 -2"><span class='ocrx_word' id='word_1_473' title='bbox 2001 233 2050 260; x_wconf 79' lang='lat' dir='ltr'>An.</span> <span class='ocrx_word' id='word_1_474' title='bbox 2066 233 2094 261; x_wconf 90' lang='lat' dir='ltr'>C.</span> <span class='ocrx_word' id='word_1_475' title='bbox 2112 233 2180 262; x_wconf 84' lang='lat'><strong>1660</strong></span> 
     </span>
    </p>
   </div>
   <div class='ocr_carea' id='block_1_18' title="bbox 2023 767 2166 795">
    <p class='ocr_par' dir='ltr' id='par_1_24' title="bbox 2023 767 2166 795">
     <span class='ocr_line' id='line_1_97' title="bbox 2023 767 2166 795; baseline 0.007 -6"><span class='ocrx_word' id='word_1_476' title='bbox 2023 767 2166 795; x_wconf 77' lang='lat' dir='ltr'>Supplicatio.</span> 
     </span>
    </p>
   </div>
  </div>
 </body>
</html>
