2185 3188
62 190 108 218 An.
130 189 156 216 C.
174 188 241 216 1656

91 832 232 860 Supplicatio.

851 187 1036 210 ALEXANDEP.
1062 188 1105 210 vll
1131 188 1177 210 ΙῬ.

255 240 362 269 nostro
387 235 583 277 confirmata,
609 247 675 280 cap.
700 245 775 277 xxii,
800 245 830 267 n.
856 245 875 272 1,
901 244 992 266 man-

255 289 356 329 datur,
372 294 405 322 ut
429 289 492 322 duo
517 290 643 322 clavarii
668 290 699 322 in
724 289 863 333 quolibet
888 299 995 321 mona-

255 343 349 376 sterio
373 342 544 386 eligantur,
570 354 605 376 ac
630 343 757 387 insuper
779 344 808 375 in
834 342 994 386 praedicta

255 395 423 429 concordia
447 396 612 436 statuitur,
637 396 720 439 quod
746 395 893 428 definitor
917 395 995 427 anti-

255 448 347 492 quior
374 453 526 482 convocet
550 455 660 492 quater
685 449 715 481 in
740 459 821 481 anno
852 448 996 481 definito-

255 502 337 534 rium
362 501 399 533 ad
426 501 570 534 effectum
592 502 739 534 audiendi
764 512 874 534 causas
893 512 996 534 recur-

255 553 367 587 suum¹
397 558 505 588 contra
533 555 677 588 abbatem
711 555 935 598 provincialem
966 559 994 588 et

253 607 330 640 alios
355 618 589 651 quoscumque,
614 607 741 640 demum
767 606 906 639 eiusdem
932 606 991 640 Or-

253 659 333 692 dinis
357 660 580 693 constitutione
604 660 801 704 prohibetur,
825 670 864 692 ne
889 670 994 693 mona-

254 713 303 746 chi
322 713 457 746 retinere
483 714 605 757 possint
629 713 688 746 alia
713 713 874 755 animalia,
901 724 993 757 quam

254 776 328 799 oves
352 772 382 798 et
406 777 525 810 capras.

299 820 313 863 ἓ
342 820 366 852 l.
383 819 459 853 Cum
486 825 599 861 autem,
618 820 697 853 sicut
714 819 822 852 eadem
841 819 996 863 expositio

255 873 486 916 subiungebat,
512 873 645 906 subinde
670 873 775 906 variae
798 873 996 906 difficultates

255 933 285 960 ct
316 927 517 960 incommoda
548 932 655 960 exorta
689 926 815 967 suerint,
845 927 886 959 ob
916 937 995 970 quae

255 980 428 1024 praemissa
453 979 618 1012 reformari
645 990 699 1012 scu
723 979 877 1012 declarari
903 990 995 1022 expe-

255 1033 340 1074 diat,
366 1039 396 1066 et
420 1038 588 1077 propterea
616 1038 807 1076 exponentes
833 1033 995 1076 praedicti,

255 1090 372 1121 attento
396 1091 567 1130 augmento
599 1086 778 1119 reddituum
810 1092 840 1119 et
872 1086 994 1130 capaci-

255 1146 316 1174 tate
342 1145 565 1181 conventuum,
578 1145 612 1173 ut
633 1139 664 1172 in
682 1139 843 1184 praedicto
860 1139 909 1172 del
927 1140 998 1172 Tar-

255 1195 317 1229 don
342 1204 441 1238 usque
466 1193 505 1226 ad
530 1193 700 1236 nonaginta
724 1203 835 1226 novem
852 1220 859 1233 ‚
885 1193 915 1225 in
945 1193 997 1225 illo

256 1259 331 1282 vcro
363 1248 401 1281 de
433 1248 636 1291 Gallcguillos
668 1247 867 1280 monasteriis
891 1247 997 1280 liuius-

256 1303 339 1336 modi
368 1313 468 1346 usque
488 1302 526 1335 ad
555 1301 726 1345 nonaginta
751 1302 922 1335 monachos
947 1312 996 1334 re-

255 1357 404 1401 spective,
427 1357 550 1389 servata
576 1356 606 1388 in
631 1355 760 1399 reliquis
778 1355 879 1399 quoad
897 1366 996 1388 sacer-

255 1411 343 1443 dotes
375 1414 406 1444 et
440 1410 538 1443 laicos
563 1410 664 1442 forma
689 1409 919 1442 constitutionis
944 1409 994 1441 di—

255 1464 296 1497 cti
313 1463 438 1497 Ordinis
460 1467 490 1497 et
514 1463 702 1496 concordiae
720 1462 928 1506 supradictae,
947 1463 996 1495 lia-

255 1517 330 1550 bere
351 1517 482 1561 possint,
505 1527 521 1549 a
538 1516 628 1550 nobis
649 1516 821 1559 indulgeri,
843 1527 878 1549 ac
901 1516 994 1560 quod,

255 1571 382 1604 infirmo
411 1571 459 1603 vel
485 1570 635 1614 impedito
660 1570 743 1603 dieto
770 1570 920 1613 magistro
945 1581 996 1604 no-

256 1624 427 1664 vitiorum,
458 1623 578 1656 licitum
606 1623 644 1657 sit
673 1623 777 1656 abbati
811 1624 994 1667 provinciali

256 1680 317 1711 una
349 1688 419 1710 curn
452 1677 631 1710 definitorio
663 1677 746 1709 circa
776 1678 995 1710 concernentia

256 1731 505 1775 spiritualitatem
543 1736 572 1763 et
615 1730 863 1763 iurisdictionem
901 1731 995 1763 alium

256 1785 449 1818 sacerdotem
482 1784 599 1827 eligere
629 1789 658 1816 et
683 1784 879 1826 subrogare,
904 1786 996 1817 lirino

256 1844 358 1871 tamen
385 1848 509 1882 semper
534 1837 716 1870 coadiutore
742 1838 839 1878 laico,
865 1838 918 1881 qui
947 1849 997 1871 eo-

256 1892 326 1925 dem
349 1892 442 1925 modo
456 1891 603 1924 adiuvare
620 1897 650 1924 et
667 1891 854 1924 coadiuvarc
871 1892 996 1933 habeat,

256 1956 291 1978 ac
315 1946 339 1978 si
366 1956 457 1978 verus
482 1945 632 1988 magister
658 1951 740 1977 esset
764 1955 923 1989 praesen&
948 1946 998 1979 de-

257 1999 387 2037 clarari3
413 2003 510 2042 utque
534 1998 674 2042 qualibet
697 1998 747 2031 die
780 1998 809 2030 in
839 1999 936 2031 choro
962 2000 997 2031 li-

258 2052 355 2086 tanias
381 2052 412 2084 B.
432 2053 469 2085 M.
492 2053 524 2084 V.
543 2052 676 2085 recitare
697 2053 828 2092 valeant,
849 2053 996 2093 concedi;

257 2115 379 2138 necnon
403 2105 487 2148 quod
512 2115 548 2137 ex
574 2105 696 2138 duobus
721 2106 864 2138 clavariis
892 2106 999 2139 huius-

258 2158 342 2191 modi
370 2168 449 2191 unus
474 2157 620 2190 sacerdos
645 2163 675 2190 et
698 2158 776 2191 alter
809 2158 906 2191 laicus
931 2170 997 2192 esse

258 2211 369 2244 debeat
383 2211 475 2244 etiam
497 2210 670 2251 declarari;
689 2211 818 2255 insuper
842 2212 927 2245 dieto
949 2212 998 2244 ab<

258 2265 319 2298 bati
344 2264 529 2309 provinciali
556 2275 591 2297 ac
616 2265 855 2308 superioribus,
879 2276 918 2298 ne
943 2277 996 2299 au-

258 2319 350 2352 deant
363 2328 564 2363 quocumque
579 2322 739 2361 praetextu
758 2319 910 2363 impedire
924 2331 998 2364 quo-

259 2372 362 2405 minus
397 2373 510 2405 statuta
547 2371 597 2404 die
633 2371 749 2405 dictum
782 2372 996 2406 definitorium

260 2430 459 2465 convocetur,
478 2424 631 2463 interdici3
650 2435 685 2457 ac
706 2431 867 2469 postremo
884 2432 917 2459 ut
938 2426 996 2470 ipsi

260 2479 402 2512 monachi
429 2484 471 2512 tot
492 2489 563 2511 sues
581 2482 609 2512 et
627 2480 754 2519 scrofas,
772 2485 846 2523 quot
864 2490 921 2523 pro
940 2491 996 2513 usu

296 2594 308 2620 1
327 2593 391 2621 Male
408 2594 472 2621 edit.
491 2593 569 2621 Main.
588 2594 651 2628 legit
667 2602 815 2622 rer-ursum
832 2600 866 2627 (μ.
885 2603 933 2629 τ.).

1676 177 1740 210 175

1030 235 1196 267 cuiuslibet
1214 236 1397 268 monasterii
1416 235 1583 268 necessarii
1609 234 1726 267 suerint
1743 239 1772 266 et

1030 298 1091 320 non
1117 288 1199 320 ultra
1232 289 1315 321 alere
1341 289 1478 332 possint,
1505 288 1660 331 indulgeri
1687 298 1769 320 sum·

1031 351 1158 384 mopere
1184 341 1360 373 desiderent
1378 353 1382 373 z

1074 394 1088 437 {g
1113 394 1142 427 2.
1163 395 1235 435 Nos,
1253 394 1352 427 dictos
1371 399 1559 437 exponentes
1585 394 1770 438 specialibus
1814 406 1912 429 rumam

1030 447 1188 480 favoribus
1213 452 1241 479 et
1267 447 1376 490 gratiis
1401 448 1549 491 prosequi
1577 448 1726 488 volentes⁷
1741 453 1770 480 et
1786 440 1832 479 ils-21

1029 511 1139 533 eorum
1172 500 1348 543 singulares
1379 511 1529 543 personas
1561 511 1578 533 a
1608 500 1770 544 quibusvis

1029 553 1371 594 excomiminicationis,
1398 558 1466 592 ete„
1486 553 1597 585 barum
1623 553 1704 585 serie
1722 553 1771 586 ab·

1029 606 1184 639 solventes
1205 612 1235 639 et
1252 606 1409 639 absolutas
1430 607 1496 639 sore
1515 612 1686 646 censentes,
1703 617 1771 650 sup-

1029 659 1250 702 plicationibus
1275 670 1384 692 eorum
1411 660 1538 692 nomine
1563 659 1652 692 nobis
1678 670 1771 703 super

1030 711 1089 744 boc
1113 711 1275 744 humiliter
1298 712 1453 755 porrectis
1471 712 1668 753 inclinati,de
1682 723 1770 745 venc-

1029 765 1176 797 rabilium
1203 766 1334 798 fratrum
1360 769 1542 799 nostrorum
1568 765 1596 798 S.
1612 765 1770 798 R.E.car-

1029 818 1179 851 dinalimn
1197 819 1332 862 negotiis
1352 824 1381 851 et
1398 818 1681 852 consultationibus
1704 811 1770 862 epi-⁷

1029 882 1200 915 scoporum
1231 878 1261 905 et
1292 872 1486 915 regularium
1515 872 1769 916 praepositorum

1030 925 1171 965 consilio,
1189 925 1305 969 quibus
1324 936 1435 969 preces
1456 925 1688 969 suprascriptas
1705 936 1771 958 exa-

1030 979 1193 1011 minandas
1210 979 1401 1019 remisimus,
1419 979 1562 1019 consilio,
1585 979 1771 1012 fraternitati

1031 1038 1101 1065 tuae
1117 1043 1174 1076 pcr
1192 1039 1373 1076 praesentes
1391 1033 1617 1066 committimus
1637 1038 1667 1065 et
1689 1043 1772 1065 man-

1030 1086 1152 1126 damus,
1169 1091 1213 1127 ut,
1231 1087 1365 1119 constito
1384 1086 1437 1119 tibi
1457 1086 1587 1119 servatis
1612 1086 1772 1119 servandis

1030 1139 1068 1172 de
1093 1139 1223 1173 veritate
1248 1140 1473 1184 expositorum,
1499 1145 1528 1172 et
1553 1140 1637 1184 quod
1662 1140 1772 1174 huius-

1032 1192 1114 1225 modi
1140 1193 1248 1236 petitio
1281 1193 1334 1225 fiat
1367 1204 1383 1225 a
1416 1193 1555 1237 capitulo
1586 1193 1772 1237 provinciali

1032 1247 1209 1290 praedictae
1228 1247 1408 1291 provinciae
1434 1247 1649 1291 capitulariter
1668 1252 1698 1279 et
1715 1258 1772 1291 per

1032 1304 1101 1334 vota
1126 1306 1256 1343 sccrcta,
1277 1301 1387 1333 iisdem
1410 1300 1572 1334 monachis
1589 1301 1772 1345 exponenti-

1032 1355 1099 1394 bus,
1110 1355 1193 1398 quod
1208 1355 1237 1387 in
1250 1355 1411 1399 praedicto
1420 1359 1574 1389 conventu
1589 1355 1638 1387 dcl
1648 1354 1772 1388 Tardon

1031 1409 1147 1441 habere
1175 1409 1294 1452 possint
1328 1409 1499 1441 monachos
1524 1419 1625 1452 usque
1653 1409 1690 1441 ad
1719 1419 1773 1441 nu-

1031 1473 1152 1495 merum
1171 1463 1453 1506 nonagintanovem
1469 1463 1543 1495 etin
1559 1463 1611 1496 illo
1625 1463 1662 1496 de
1676 1463 1774 1497 Galle-

1030 1517 1144 1558 guillos
1160 1527 1258 1560 usque
1272 1516 1309 1549 ad
1324 1527 1491 1549 numerum
1506 1517 1692 1559 nonaginta,
1707 1527 1772 1549 ser-

1032 1572 1098 1603 vata
1118 1570 1147 1602 in
1165 1570 1296 1614 reliquis
1313 1570 1414 1602 fornia
1437 1570 1671 1614 praedictarum
1689 1571 1771 1603 litte-

1031 1634 1137 1656 rarum
1154 1624 1294 1656 eiusdem
1312 1623 1484 1656 innocentii
1507 1623 1771 1667 praedecessoris,

1030 1683 1059 1710 ct
1074 1677 1242 1721 praecipue
1257 1677 1359 1720 quoad
1378 1677 1558 1709 sacerdotes
1572 1682 1601 1709 et
1616 1677 1721 1717 taicos;
1737 1688 1772 1711 ae

1031 1736 1203 1774 praeterea,
1229 1731 1323 1774 quod,
1342 1731 1365 1762 si
1385 1730 1561 1773 contingat¹
1588 1731 1772 1773 magistrum

1031 1785 1222 1817 novitiorum
1250 1785 1354 1827 aliquo
1387 1784 1474 1827 gravi
1503 1784 1614 1817 morbo
1640 1785 1685 1815 vel
1711 1785 1772 1817 alio

1031 1837 1181 1871 canonico
1200 1837 1426 1881 impedimento
1446 1837 1579 1869 detineri
1604 1837 1773 1881 quominus

1031 1892 1156 1925 novitiis
1182 1903 1326 1936 praeesse
1352 1892 1459 1936 possit,
1486 1897 1558 1924 tunc
1584 1897 1613 1924 et
1630 1892 1681 1924 tali
1699 1902 1773 1925 casu

1030 1945 1199 1989 deputetur
1223 1956 1279 1989 per
1303 1945 1518 1978 definitorium
1549 1945 1695 1978 sacerdos
1719 1956 1772 1978 ne-

1031 1999 1176 2032 cessariis
1200 1999 1361 2042 praeditus
1383 1998 1542 2041 requisitis
1560 1999 1612 2042 qui
1632 1999 1774 2042 suppleat

1032 2052 1114 2085 vices
1139 2052 1279 2095 magistri
1306 2052 1521 2093 novitiorum,
1546 2052 1638 2085 firmo
1672 2058 1773 2084 tamen

1031 2116 1156 2150 semper
1171 2109 1352 2138 remanente
1369 2105 1552 2138 coadiutore
1566 2105 1660 2144 laico,
1678 2105 1775 2148 quod-

1031 2170 1092 2202 que
1125 2159 1247 2202 possint
1277 2158 1417 2202 quotidie
1450 2158 1582 2192 recitare
1614 2159 1645 2190 in
1675 2159 1773 2192 elioro

1032 2211 1154 2244 litanias
1173 2212 1203 2244 B.
1219 2212 1255 2244 M.
1272 2211 1418 2254 Virginis,
1436 2212 1558 2255 pulsata
1576 2217 1680 2244 tamen
1696 2212 1774 2244 salu-

1033 2265 1147 2297 tatione
1169 2265 1311 2308 angelica
1330 2265 1523 2308 vespertina;
1541 2265 1577 2297 ad
1592 2265 1773 2308 liaec,quod

1032 2329 1067 2351 ex
1093 2319 1216 2351 duobus
1237 2319 1380 2351 clai-ariis
1405 2319 1436 2351 in
1461 2319 1601 2362 quolibet
1619 2324 1774 2352 conventu

1031 2372 1115 2405 iuxta
1136 2372 1390 2405 constitutionem
1407 2372 1559 2415 eligendis
1570 2383 1650 2405 unus
1664 2372 1775 2406 debeat

1031 2436 1098 2459 esse
1108 2426 1254 2458 sacerdos
1269 2431 1298 2458 et
1314 2426 1392 2471 alter
1410 2426 1521 2465 laicus,
1540 2426 1678 2470 insuper,
1689 2427 1771 2470 quod

1031 2479 1188 2512 delinitori
1206 2479 1386 2522 antiquiori,
1401 2479 1438 2511 ad
1453 2490 1545 2523 quem
1565 2484 1683 2523 spectat
1700 2491 1773 2513 con-

1069 2600 1077 2623 1
1102 2596 1171 2623 Edu.
1191 2596 1267 2624 Main.
1287 2596 1350 2631 legit
1365 2596 1493 2631 coult'gsat
1508 2596 1545 2631 (u.
1560 2597 1606 2631 12].

1788 185 1835 211 An.
1853 185 1872 210 C
1902 184 1968 211 185ss

1839 438 1881 452 uris
1902 433 1945 451 lilia

1839 465 1869 479 ΗΓ.

1926 411 1945 423 Γ(
1959 411 1969 425 λ

1950 432 1971 451 Α»
