2243 3205
223 189 272 215 An.
289 188 317 215 G.
338 188 408 216 1659

259 462 407 488 Exemptiones

224 492 244 509 et
267 489 407 509 immunitates

223 521 260 542 pro
275 516 332 535 victu
343 517 362 535 οι
374 520 407 535 ve·

223 545 280 562 snitu.

228 1423 338 1452 Clausulas
350 1428 412 1448 prae-

227 1452 353 1470 servativaa.

452 178 518 213 438

423 236 625 271 concedimus
641 242 671 270 et
688 237 905 280 impertimur;
923 245 1048 281 easque,
1062 241 1161 277 motu,

422 290 563 331 scientia,
584 289 820 331 deliberatione,
848 300 884 323 ac
912 290 1075 334 potestatis
1099 290 1162 334 ple-

422 342 563 376 nitudine
588 343 726 387 pariter¹
756 343 967 388 approbamus
992 349 1022 377 et
1046 343 1162 377 confir-

422 406 555 429 mamus.

467 449 482 493 ἓ
506 449 557 482 13.
583 450 710 483 Necnon
734 450 841 484 omnia
865 456 895 484 et
919 450 1042 493 singula
1065 449 1162 493 privi-

422 501 505 545 legia
528 508 558 535 et
582 503 709 546 gratias,
735 503 864 545 indulta,
889 503 1040 543 honores,
1068 513 1161 546 prae·

422 556 592 599 rogativaS,
614 567 660 598 ac,
681 562 743 590 tam
769 557 873 601 quoad
897 558 1038 601 ipsorum
1064 556 1163 589 mino-

422 621 493 644 rum
517 610 832 654 poenitentiariorum
866 620 1039 654 personas,
1068 619 1163 653 quam

421 674 472 697 res
497 673 555 708 pro
580 674 690 698 eorum
715 663 821 705 victu,
845 664 980 705 vestitu,
1007 662 1164 707 suppelle-

422 717 547 751 ctilibus
565 722 595 750 et
613 717 714 758 libris,
728 719 857 761 totaque
881 717 1023 761 ipsorum
1048 715 1163 748 familia

422 771 625 812 necessarias,
639 781 657 803 a
670 770 956 804 contributionibus
969 780 1028 813 pro
1042 769 1163 802 viarum

422 824 622 869 publicarum
656 824 850 865 refectione,
882 823 1057 867 ceterisque
1089 832 1164 856 one-

423 878 510 912 ribus
538 878 683 922 publicis,
703 883 734 912 et
753 878 821 911 aliis
846 876 964 910 rebus²
991 876 1164 921 quibusvis,

424 931 639 966 immunitates
656 937 686 965 et
702 931 928 975 exemptiones,
952 940 988 964 ac
1004 930 1165 963 libertates

425 996 651 1029 quascumque,
673 985 922 1029 poenitentiariis
939 983 1071 1017 minoris
1091 994 1164 1026 gra-

425 1038 485 1072 tiae
520 1049 556 1072 ac
587 1049 696 1072 eorum
730 1038 980 1072 antecessoribus
1015 1038 1166 1070 hactenns

425 1102 572 1126 concessa
596 1098 627 1125 et
651 1102 825 1132 concessas,
843 1097 873 1125 et
887 1091 1002 1135 quibus
1023 1090 1165 1124 moderni

425 1146 564 1179 minores
589 1145 823 1190 poenitentiarii
844 1150 873 1178 et
889 1145 1057 1188 collegium
1081 1155 1167 1188 prae-

425 1199 544 1232 dictum
569 1199 607 1232 ad
632 1209 780 1243 praesens
810 1199 980 1239 fruuntur,
1004 1199 1167 1242 potiuntur

425 1258 455 1286 et
479 1253 625 1296 gaudent,
652 1257 748 1295 motu,
775 1253 916 1294 scientia,
931 1251 1166 1293 deliberatione,

424 1307 598 1351 potestatis,
612 1306 807 1350 plenitudine
823 1311 854 1339 et
867 1311 977 1339 tenore
989 1305 1166 1349 praedictis,

426 1360 628 1394 concedimus
653 1365 684 1393 et
707 1360 918 1404 impertimur.

471 1414 486 1457 5
502 1413 554 1446 14.
575 1414 784 1446 Decet-nentes
805 1413 923 1457 pariter
939 1413 1065 1446 easdem
1082 1423 1169 1457 prac-

426 1470 529 1499 sentes
557 1466 687 1508 litteras,
712 1470 742 1500 et
765 1466 797 1498 in
828 1466 872 1498 eis
904 1471 1048 1499 contenta
1073 1476 1169 1510 quae—

428 1531 573 1564 cumque,
595 1520 687 1553 etiam
714 1531 749 1553 ex
782 1531 819 1553 eo
847 1520 932 1564 quod
962 1520 1114 1564 praedicti
1139 1525 1169 1553 ct

426 1573 479 1606 alii
504 1573 646 1617 quilibet,
667 1573 802 1607 cuiusvis
820 1573 947 1616 gradus,
973 1573 1102 1614 ordinis,
1123 1573 1169 1606 di-

427 1627 573 1670 gnitatis,
606 1631 704 1659 status
729 1631 759 1659 et
794 1626 983 1660 conditionis
1014 1627 1168 1667 existant,

427 1679 549 1713 etiamsi
575 1679 785 1712 cardinalatus
810 1680 930 1713 honore
947 1679 1096 1721 fulgeant,
1116 1685 1169 1712 aut

427 1733 502 1766 alias
527 1733 655 1777 speciali
676 1739 706 1766 et
722 1733 882 1766 individua
899 1733 1058 1766 mentione
1083 1733 1168 1776 digni

428 1787 500 1828 sint,
516 1787 547 1819 in
565 1787 748 1831 praemissis
764 1787 1003 1831 quomodolibet
1019 1787 1170 1820 interesse

428 1840 590 1881 habentes,
608 1850 662 1873 seu
688 1840 805 1873 babere
832 1840 1083 1884 praetendentes,
1109 1840 1169 1873 illis

427 1904 492 1927 non
516 1893 744 1935 consenserint,
758 1898 811 1926 aut
824 1893 862 1926 ad
875 1893 1048 1936 praemissa
1067 1893 1169 1926 vocati

429 1952 459 1980 et
483 1947 590 1993 auditi,
616 1952 647 1980 et
671 1957 804 1989 causae,
827 1952 958 1990 propter
982 1957 1059 1990 quas
1084 1957 1169 1979 ema-

429 2005 560 2040 narunt,
584 1999 747 2041 adductae,
761 1999 938 2032 verificatae
957 1999 1005 2032 vel
1026 2000 1171 2034 iustifica-

431 2058 479 2086 tae
504 2063 567 2086 non
594 2053 720 2093 suerint,
749 2053 797 2085 vel
825 2063 861 2085 ex
887 2053 947 2085 alia
970 2063 1170 2097 quacumque

429 2106 630 2150 quantumvis
648 2106 711 2149 pia,
736 2105 887 2148 legitima,
902 2105 1035 2138 iuridica
1056 2112 1085 2139 et
1111 2106 1171 2150 pri-

430 2159 576 2202 vilegiata
605 2161 710 2200 causa,
738 2159 854 2201 colore,
882 2164 1046 2202 praetextu
1070 2165 1100 2192 et
1120 2169 1170 2192 ca—

430 2213 505 2258 pite,
530 2213 623 2246 etiam
643 2213 672 2245 in
690 2223 826 2257 corpore
845 2213 922 2246 iuris
943 2214 1059 2254 clauso,
1077 2213 1170 2246 etiam

431 2267 580 2307 enormis,
595 2266 834 2299 enormissimae
851 2272 881 2299 et
897 2267 1000 2300 totalis
1013 2266 1170 2308 laesionis,

430 2321 516 2354 nullo
547 2330 684 2364 unquam
717 2325 859 2364 tempore
889 2320 927 2353 de
959 2320 1170 2364 subreptionis

432 2374 479 2407 vel
497 2374 689 2418 obreptionis
708 2374 799 2414 vitio,
821 2377 873 2408 aut
901 2374 1080 2407 intentionis
1107 2384 1167 2407 no-

431 2433 513 2461 strae
539 2428 589 2461 vel
614 2427 765 2460 interesse
790 2427 975 2460 habentium
989 2437 1171 2469 consensus,

468 2507 478 2532 i
502 2506 602 2533 Forsan
623 2505 766 2541 legendum
784 2506 904 2541 paribus
922 2508 960 2541 (a.
980 2507 1028 2541 τ.).

466 2550 482 2578 2
499 2551 536 2587 ᾼη
554 2560 600 2579 vox
615 2553 699 2579 rebus
719 2552 862 2579 conveniat
876 2552 976 2579 iudicet
996 2552 1081 2580 lector
1100 2552 1173 2580 scius

431 2597 470 2631 (a.
486 2596 535 2629 r).

994 187 1174 213 BULLARmM
1198 186 1354 212 Romnum

1196 236 1296 269 aliove
1310 235 1508 280 quantumvis
1532 244 1648 278 magno
1672 239 1704 268 et
1727 233 1934 275 substantiali,

1195 299 1231 322 ac
1255 287 1488 331 inexcogitabili
1502 287 1624 320 defectu
1640 287 1754 328 notari,
1771 287 1935 331 impugna-

1196 342 1233 383 ri,
1262 341 1422 385 restringi,
1444 340 1628 382 modificari,
1654 340 1804 383 infringi,
1828 345 1931 373 retra-

1197 395 1297 436 ctari,
1330 395 1361 427 in
1401 393 1648 427 controversiam
1685 393 1852 433 revocari,
1884 398 1937 426 aut

1197 447 1234 481 ad
1260 447 1412 481 terminos
1437 447 1514 480 iuris
1546 446 1680 488 reduci,
1706 457 1761 479 seu
1785 445 1936 479 adversus

1198 502 1266 534 illas
1298 501 1483 545 aperitionis
1507 501 1582 543 oris,
1607 499 1815 534 restitutionis
1844 500 1874 532 in
1894 499 1938 532 in-

1198 561 1334 598 tegrum,
1359 560 1412 588 aut
1436 554 1521 588 aliud
1538 554 1761 598 quodcumque
1785 553 1877 596 iuris,
1899 553 1939 586 fa-

1198 608 1239 642 cti
1263 609 1311 641 vel
1335 609 1456 651 gratiae
1480 608 1656 641 remedium
1686 607 1865 652 impetrari,
1890 607 1938 639 vel

1197 661 1291 694 etiam
1317 667 1404 695 motu
1429 661 1523 695 simili
1540 671 1690 695 concesso
1710 660 1890 705 quempiam
1908 659 1939 692 in

1198 716 1314 750 indicio
1339 717 1387 750 vel
1412 721 1499 750 extra
1523 716 1600 749 illud
1625 715 1669 749 uti
1698 726 1753 749 seu
1774 725 1807 749 se
1831 714 1940 748 iuvare

1198 773 1311 814 poss’e;
1339 780 1441 814 neque
1466 770 1549 814 ipsas
1573 774 1755 814 praesentes
1780 768 1838 802 sub
1863 767 1936 812 qui-

1198 823 1305 856 busvis
1330 823 1479 856 similium
1505 824 1553 856 vel
1578 822 1779 856 dissimilium
1804 821 1940 866 disposi-

1199 877 1320 910 tionum
1346 881 1376 909 et
1400 876 1573 919 gratiarum
1599 875 1869 916 revocationibus,
1894 885 1940 908 re-

1199 929 1425 971 strictionibus,
1451 929 1701 970 limitationibus‚
1727 928 1835 961 aliisve
1859 937 1937 961 con-

1200 981 1304 1016 trariis
1329 983 1605 1027 dispositionibus,
1630 982 1723 1016 etiam
1747 992 1806 1026 per
1829 991 1887 1015 nos
1911 985 1942 1014 et

1201 1038 1357 1071 Romanos
1382 1037 1548 1071 Pontifices
1573 1046 1771 1070 successores
1795 1040 1941 1076 nostros,

1200 1090 1376 1134 Sedemque
1401 1090 1594 1134 praedictam
1620 1089 1884 1134 quandocumque
1900 1088 1943 1122 sa-

1201 1144 1328 1186 ciendis,
1355 1154 1492 1188 unquam
1518 1143 1761 1188 comprehendi,
1787 1147 1840 1176 aut
1859 1152 1943 1176 com-

1201 1198 1372 1241 prehensas
1397 1198 1540 1238 censeri,
1565 1197 1619 1230 sed
1652 1207 1778 1240 semper
1810 1195 1849 1229 ab
1882 1195 1943 1229 illis

1201 1257 1358 1295 exceptas,
1372 1257 1402 1284 et
1425 1251 1548 1295 quoties
1572 1251 1644 1284 illae
1669 1250 1875 1290 emambunt,
1900 1254 1944 1283 to·

1202 1305 1259 1338 ties
1284 1306 1314 1338 in
1339 1305 1508 1349 pristinum
1526 1309 1556 1339 et
1574 1304 1803 1337 validissimum
1829 1308 1943 1337 statum

1202 1359 1361 1391 restitutas
1374 1363 1404 1391 et
1418 1358 1558 1402 plenarie
1571 1357 1788 1400 reintegratas,
1800 1367 1836 1390 ac
1849 1357 1942 1390 etiam

1202 1412 1260 1445 sub
1285 1411 1454 1455 posteriori
1479 1411 1562 1452 data,
1579 1421 1636 1455 per
1653 1421 1716 1451 eos,
1734 1410 1773 1443 ad
1789 1420 1868 1454 quos
1884 1420 1944 1454 pro

1203 1470 1345 1508 tempore
1369 1464 1531 1508 spectabit,
1547 1463 1701 1507 eligenda,
1720 1463 1758 1496 de
1774 1473 1856 1498 novo
1873 1472 1944 1496 con-

1203 1529 1316 1559 cessas,
1334 1518 1516 1562 firmasque,
1534 1518 1651 1551 validas
1668 1522 1698 1551 et
1719 1517 1862 1550 efficaces
1883 1516 1946 1550 exi—

1202 1577 1285 1605 stere
1307 1577 1336 1604 et
1353 1577 1507 1616 perpetuo
1525 1571 1610 1613 sore,
1632 1581 1666 1604 ac
1688 1581 1761 1604 suos
1786 1569 1944 1614 plenarios

1203 1631 1233 1658 et
1246 1626 1385 1668 integros
1404 1625 1533 1658 effectus
1554 1625 1660 1658 sortiri
1685 1630 1716 1657 et
1739 1624 1891 1664 obtinere,
1916 1626 1946 1657 et

1203 1679 1241 1711 ab
1258 1679 1318 1711 illis
1335 1679 1373 1711 ad
1398 1689 1477 1722 quos
1495 1683 1613 1722 spectat
1633 1683 1662 1711 et
1682 1677 1945 1721 quandocumque

1203 1732 1357 1775 spectabit
1383 1731 1558 1775 respective
1582 1730 1805 1764 inviolabiliter
1829 1730 1944 1764 obser-

1203 1785 1287 1825 vari,
1312 1785 1419 1828 sicque
1444 1790 1474 1818 et
1497 1795 1560 1818 non
1587 1784 1677 1818 aliter
1703 1784 1734 1816 in
1762 1783 1945 1828 praemissis

1203 1849 1259 1882 per
1272 1849 1489 1882 quoscumque
1509 1838 1627 1871 iudices
1652 1837 1830 1871 ordinarios
1847 1841 1877 1870 et
1896 1836 1946 1869 de-

1204 1893 1332 1934 legatos,
1359 1892 1451 1925 etiam
1477 1902 1642 1924 causarum
1662 1891 1768 1935 palatii
1782 1889 1945 1935 apostolici

1204 1945 1373 1986 auditores,
1384 1956 1419 1978 ac
1437 1945 1578 1978 eiusdem
1603 1945 1631 1978 S.
1653 1936 1742 1978 RE.
1760 1944 1945 1984 cardinales,

1204 1999 1296 2032 etiam
1322 1999 1360 2031 de
1376 1999 1475 2032 latere
1502 1999 1632 2041 legatos,
1653 2007 1777 2031 necnon
1801 2007 1945 2030 camerae

1204 2053 1384 2097 praedictae
1408 2053 1623 2096 praesidentes
1641 2049 1785 2093 clericos,
1803 2051 1945 2095 aliosque

1204 2108 1354 2141 officiales
1375 2112 1405 2140 et
1422 2107 1594 2148 ministros,
1620 2111 1650 2140 et
1674 2111 1796 2139 ceteros
1820 2105 1942 2150 quosli-

1204 2160 1272 2203 bet,
1303 2171 1502 2205 quacumque
1527 2159 1712 2193 auctoritate
1737 2164 1767 2192 et
1791 2161 1945 2203 potestate

1204 2215 1369 2257 fungentes
1404 2219 1434 2247 et
1469 2213 1734 2258 quandocumque
1764 2213 1945 2254 suncturos,

1205 2268 1327 2301 sublata
1352 2268 1397 2302 eis
1422 2273 1452 2301 et
1476 2278 1586 2302 eorum
1612 2267 1741 2301 cuilibet
1757 2266 1866 2311 quavis
1889 2265 1946 2298 ali—

1206 2328 1252 2355 ter
1276 2322 1434 2356 iudicandi
1459 2325 1489 2355 et
1505 2320 1731 2365 interpretandi
1756 2320 1900 2354 facultate
1915 2324 1947 2352 et

1205 2375 1412 2416 auctoritate,
1436 2375 1568 2408 iudicari
1594 2380 1624 2408 et
1650 2374 1774 2408 definiri
1809 2373 1945 2414 debere,

1205 2439 1241 2462 ac
1264 2429 1391 2462 irritum
1417 2433 1448 2462 et
1472 2428 1574 2468 inane,
1598 2428 1622 2461 si
1643 2438 1734 2461 secus
1752 2437 1847 2471 super
1864 2427 1913 2460 his
1929 2436 1947 2458 a

1206 2492 1376 2525 quoquam,
1393 2481 1502 2526 quavis
1530 2481 1726 2521 auctoritate,
1741 2480 1875 2514 scienter
1898 2478 1945 2511 vel

1206 2535 1400 2579 ignoranter,
1425 2535 1593 2578 contigerit
1614 2534 1768 2569 attentari.

1949 185 1996 213 An.
2018 184 2048 213 G.
2065 184 2136 215 1⁶59
