2263 3215
316 219 364 245 Au.
382 219 410 245 C.
432 220 496 246 Ιύῦύ

315 702 425 723 clausulae
437 708 496 728 prur-

314 732 439 750 seruitium.

305 2003 394 2022 vunnu-li
425 2003 489 2026 uiuitis

306 2030 451 2055 expe-llantur.

542 211 605 244 :206

514 267 651 311 piferos,
677 279 851 312 eorumque
883 269 1037 313 aliquem,
1063 270 1099 303 ad
1132 271 1251 304 litteras

513 331 607 364 super
631 321 848 364 praesentibus
874 322 1083 356 conficiendas
1116 324 1145 356 in
1170 324 1251 357 dicta

513 375 635 405 camera
662 373 894 416 insinuandum,
922 379 973 409 aut
997 376 1117 410 admitti
1142 381 1171 409 ct.
1202 387 1250 409 re-

512 425 638 467 gistrari
654 426 821 469 petendum
839 427 947 469 teneri,
961 438 1018 461 nec
1035 429 1113 469 illas,
1130 429 1249 462 etiamsi

512 478 593 511 intra
618 484 740 522 tempus
773 480 947 523 legitimum
975 481 1166 522 insinuatae,
1196 481 1249 514 ad-

512 530 634 571 missae,
660 542 712 564 seu
739 533 923 576 registratae
948 544 1009 567 non
1031 535 1155 574 fuerint,
1180 545 1251 578 pro-

512 588 619 627 pterea
654 585 756 618 minus
787 586 902 619 validas
932 587 1074 627 censeri,
1100 587 1151 620 sed
1177 597 1249 619 suos

511 637 668 680 plenarios
693 639 822 673 effeetus
847 640 952 674 sortiri
978 640 1110 680 debere;

555 691 571 733 ἓ
595 690 624 723 4.
651 691 845 736 Easdemque
869 699 1065 736 praesentes,
1089 699 1119 726 et
1150 693 1179 725 in
1206 693 1250 726 eis

512 748 655 776 contenta
671 755 900 788 quaecumque,
914 746 971 778 sub
984 746 1145 789 quibusvis
1160 756 1248 779 revo-
1265 752 1267 789 ξ

512 796 697 838 cationibus,
716 798 963 841 limitationibus,
982 799 1249 842 suspensionibus,
1265 810 1267 830 l

511 849 814 892 modificationibus,
839 851 990 893 decretis,
1020 851 1266 888 constitutioni-3

510 901 570 934 bus
594 903 772 946 apostolicis
797 904 945 937 similium
961 904 1133 947 gratiarum
1160 915 1249 938 revo-

511 955 648 998 catoriis,
665 956 712 988 vel
738 967 818 1000 quae
844 966 895 989 eas
914 957 1087 989 limitarent
1114 961 1167 990 aut
1187 967 1250 990 mo-

510 1007 667 1051 derarent,
685 1020 764 1052 quae
789 1020 806 1042 a
830 1010 922 1043 nobis
940 1015 969 1043 et
995 1010 1077 1043 dicta
1095 1011 1173 1044 Sede
1190 1022 1249 1054 pro

510 1065 652 1104 tempore
685 1068 716 1094 et
746 1062 784 1094 de
815 1062 978 1106 quibusvis
1009 1063 1129 1106 causis,
1154 1064 1247 1096 etiam

509 1114 750 1157 urgentissimis,
767 1115 858 1148 etiam
881 1117 912 1148 in
937 1116 1032 1149 divini
1058 1117 1160 1149 cultus
1176 1127 1249 1160 aug-

509 1171 660 1208 mentum,
677 1168 769 1200 etiam
796 1169 1076 1211 consistorialiter,
1102 1171 1147 1203 vel
1174 1171 1248 1203 alias

507 1220 616 1263 quavis
640 1221 826 1255 auctoritate
850 1222 1000 1256 hactenus
1026 1223 1072 1256 vel
1098 1223 1246 1267 imposte-

507 1284 578 1307 rum
604 1275 829 1316 emanaverint,
854 1275 983 1308 minime
1010 1276 1247 1320 comprehendi,

507 1327 561 1361 sed
576 1328 698 1371 quoties
716 1329 786 1361 illae
810 1329 1010 1370 emanabunt,
1023 1330 1114 1362 toties
1132 1330 1161 1362 in
1180 1331 1247 1374 pri-

508 1381 623 1415 stinum
651 1386 764 1416 statum
790 1384 945 1427 repositas
978 1389 1008 1416 et
1039 1384 1246 1427 reintegratas

507 1445 576 1468 esse
600 1441 630 1468 ct
654 1436 790 1476 censeri;
816 1436 922 1480 sicque
949 1447 1005 1481 per
1029 1448 1246 1482 quoscumque

506 1488 625 1522 iudices
649 1490 742 1522 etiam
771 1490 1022 1531 commissarios,
1054 1491 1163 1534 quavis
1190 1502 1246 1524 au-

506 1541 649 1575 ctoritate
682 1543 866 1585 fungentes,
892 1543 922 1576 in
955 1543 1064 1587 quavis
1099 1546 1193 1576 causa
1218 1548 1247 1578 et

506 1594 674 1636 instantia,
702 1597 822 1630 sublata
846 1597 890 1629 eis
921 1600 951 1631 et
982 1608 1092 1630 eorum
1118 1598 1247 1631 cuilibet

505 1650 615 1692 quavis
646 1650 737 1683 aliter
769 1650 924 1684 iudicandi
959 1656 989 1684 et
1020 1651 1245 1695 interpretandi

506 1702 650 1736 facultate
674 1708 705 1736 et
728 1704 912 1737 auctoritate
927 1731 934 1744 ,
966 1704 1084 1748 ubique
1114 1705 1244 1738 iudicari

506 1761 536 1788 et
564 1755 687 1789 definiri
723 1756 860 1797 debere,
892 1757 1018 1790 irritum
1055 1768 1180 1802 quoquc
1216 1765 1246 1791 et

505 1809 617 1850 inane,
641 1810 665 1842 si
695 1820 784 1843 secus
813 1821 909 1854 super
938 1811 986 1844 bis
1015 1821 1032 1843 a
1063 1822 1243 1855 quoquam,

504 1862 613 1906 quavis
637 1863 839 1904 auctoritate,
864 1863 999 1896 scienter
1023 1864 1070 1897 vel
1095 1865 1242 1908 ignoran-

504 1921 561 1957 ter,
586 1917 754 1960 contigerit
777 1918 932 1950 attentari.

548 1969 563 2012 ἓ
587 1968 616 2001 5.
635 1969 671 2001 Et
691 1969 819 2013 insuper
835 1969 957 2002 dilectis
975 1970 1046 2002 filiis
1067 1970 1240 2003 rescriben-

503 2023 592 2056 dario
609 2028 637 2055 et
662 2022 870 2066 computatori
899 2023 1023 2066 collegii
1048 2024 1240 2067 scriptorum

503 2076 678 2110 litterarum
697 2077 955 2120 apostolicarum,
971 2083 1000 2109 et
1020 2077 1088 2110 aliis
1104 2078 1141 2110 ad
1163 2089 1241 2121 quos

503 2129 684 2162 earumdem
710 2129 884 2162 litterarum
915 2130 1073 2173 expeditio
1102 2135 1240 2174 spectat,

503 2183 534 2215 in
549 2183 662 2217 virtute
675 2188 799 2216 sauctae
813 2183 1009 2216 obedientiae
1022 2189 1051 2217 et
1068 2184 1126 2217 sub
1140 2186 1240 2228 poena

502 2236 726 2279 indignationis
740 2240 875 2278 nostrae,
889 2242 986 2278 motu,
1000 2237 1129 2270 scientia
1145 2242 1174 2270 et
1188 2248 1241 2282 po-

503 2290 621 2323 testatis
642 2290 833 2334 plenitudine
856 2290 1021 2331 similibus,
1044 2291 1239 2333 mandamus,

503 2348 536 2378 ut
559 2344 684 2377 easdem
710 2350 890 2388 praesentes
915 2350 944 2377 et
969 2345 1073 2378 forsan
1093 2345 1169 2378 alias
1196 2346 1240 2378 lit-

502 2401 583 2430 teras
601 2408 695 2441 super
708 2398 889 2442 praemissis
909 2398 1065 2440 omnibus,
1087 2405 1147 2432 tam
1166 2410 1240 2433 con-

502 2451 653 2492 iunctim,
677 2462 770 2494 quam
797 2451 919 2484 divisim
935 2480 942 2494 ,
967 2462 1002 2484 ac
1027 2463 1085 2496 pro
1109 2452 1240 2495 singulis

503 2503 754 2547 quibuscumque
774 2504 1040 2547 derogationibus,
1058 2505 1191 2539 decretis
1211 2511 1240 2538 et

502 2556 650 2589 clausulis
675 2557 704 2589 in
730 2557 773 2589 eis
798 2558 964 2597 contentis,
988 2558 1085 2600 gratis
1102 2557 1140 2591 de
1158 2569 1241 2591 man-

503 2607 576 2643 dato
607 2613 715 2644 nostro
741 2610 856 2654 ubique
881 2610 911 2644 in
937 2611 1083 2645 omnibus
1107 2611 1238 2655 officiis,

1080 223 1257 247 BULLARIUM

1284 224 1436 248 noussen

1285 271 1376 304 etiam
1402 271 1667 311 abbreviatorum,
1693 271 1953 313 sollicitatorum,
1980 281 2023 304 se-

1285 324 1492 357 cretariorum
1518 323 1638 366 plumbi
1665 328 1694 355 et
1726 323 1874 366 registri,
1906 323 2023 367 absque

1284 377 1386 420 aliqua
1414 376 1616 419 pecuniarum
1644 376 1805 409 exactione
1836 376 1930 409 etiam
1965 386 2023 420 per

1285 429 1364 460 viam
1391 428 1627 472 compositionis
1652 428 1792 461 facienda
1808 455 1815 469 ‚
1839 429 1922 462 omni
1949 439 2022 462 con-

1286 481 1470 515 tradictione
1480 485 1509 515 et
1519 481 1666 515 dilatione
1674 482 1878 524 cessantibus,
1889 482 2022 525 signent,

1285 535 1448 578 expediant
1465 539 1495 567 et
1511 534 1649 578 expediri
1668 534 1789 568 faciant.

1329 588 1343 630 g
1367 587 1395 619 6.
1422 588 1490 621 Νοη
1514 587 1709 621 obstantibus
1728 587 1844 620 eisdem
1869 588 2020 631 praemis-

1284 640 1342 680 sis,
1376 651 1411 673 ac
1442 640 1480 674 de
1516 646 1602 674 certo
1636 641 1833 674 notariorum
1864 651 2021 682 numero,

1284 694 1405 726 etiamsi
1423 693 1461 726 ad
1479 693 1566 727 illum
1585 704 1646 727 non
1661 694 1699 728 sit
1712 694 1891 734 deventum,
1908 693 2022 737 quibus

1284 746 1359 779 alias
1383 757 1439 790 per
1462 752 1644 791 praesentes
1667 756 1730 780 non
1756 746 1947 779 intendimus
1966 746 2020 779 de-

1284 809 1396 842 rogare
1411 826 1418 840 ,
1443 810 1479 832 ac
1504 800 1614 842 regula
1638 801 1744 833 nostra
1770 799 1808 832 de
1832 799 2021 843 praestando

1283 862 1437 886 consensu
1457 852 1488 885 in
1510 852 1724 896 pensionibus,
1741 863 1777 885 ac
1802 852 1899 885 felicis
1919 862 2022 885 recor-

1282 905 1417 938 dationis
1428 905 1471 938 Pii
1490 905 1589 949 Papae
1607 906 1643 939 lv
1660 905 1912 949 praedecessoris
1921 905 2021 938 nostri

1283 958 1320 991 de
1345 957 1500 990 similibus
1532 958 1579 991 vel
1612 958 1816 991 dissimilibus
1847 958 1956 1001 gratiis
1989 958 2022 991 in

1264 1014 1266 1039 l
1283 1012 1408 1044 camera
1425 1011 1597 1055 apostolica
1615 1011 1694 1044 infra
1712 1015 1774 1045 tres
1791 1021 1914 1044 menses
1929 1021 2021 1055 prae·

1282 1064 1438 1097 sentandis
1467 1074 1502 1097 ac
1527 1063 1743 1107 registi-andis,
1771 1074 1807 1096 ac
1835 1063 2021 1097 recolendae

1283 1118 1455 1151 memoriae
1480 1117 1525 1150 Pii
1551 1117 1797 1161 PapaeVetiam
1829 1116 2017 1161 praedeces-

1282 1170 1363 1203 soris
1386 1170 1486 1204 nostri
1511 1175 1621 1204 contra
1645 1170 1836 1213 illegitimos,
1862 1180 1898 1204 ac
1925 1170 2022 1204 Picta-

1282 1223 1396 1257 viensis
1410 1224 1533 1257 concilii
1548 1229 1578 1256 et
1591 1223 1660 1256 aliis
1673 1223 1861 1267 apostolicis,
1875 1234 1910 1257 ac
1926 1224 2019 1258 etiam

1282 1277 1312 1309 in
1346 1277 1574 1310 universalibus
1606 1277 1915 1321 provincialibusque
1946 1287 2020 1311 con-

1281 1330 1361 1363 ciliis
1385 1330 1486 1372 editis,
1512 1330 1703 1374 specialibus
1728 1330 1775 1363 vel
1808 1331 2018 1373 generalibus,

1281 1384 1556 1417 constitutionibus
1576 1389 1606 1416 et
1629 1383 1881 1417 ordinationibus
1897 1390 2021 1428 aposto-

1281 1437 1359 1477 licis,
1370 1442 1400 1470 et
1417 1437 1692 1477 monasteriorum,
1706 1436 1920 1478 eeclesiarum,
1934 1437 2021 1472 Ordi-

1281 1501 1354 1522 num
1370 1517 1377 1531 ,
1402 1490 1494 1523 etiam
1520 1489 1617 1523 sancti
1643 1490 1767 1522 Ioannis
1799 1489 2020 1536 Hierosolymi-

1281 1544 1364 1586 tani,
1389 1554 1425 1576 ac
1457 1543 1549 1576 etiam
1575 1542 1663 1576 urbis
1688 1543 1805 1576 Romae
1829 1548 1859 1576 et
1885 1543 2017 1578 aliarum

1281 1597 1451 1637 civitatum,
1483 1596 1672 1641 oppidorum
1706 1602 1736 1629 et
1763 1602 1941 1639 terrarum,
1966 1603 2019 1632 aut

1280 1660 1423 1684 camerae
1441 1650 1629 1694 praedictae,
1647 1660 1682 1683 ac
1699 1650 1881 1694 quarumvis
1898 1651 2019 1685 univer-

1280 1704 1414 1745 sitatum,
1440 1704 1532 1737 etiam
1560 1704 1752 1746 iuramento,
1779 1704 2019 1739 confirmatione

1279 1757 1463 1801 apostolica,
1481 1757 1527 1790 vel
1553 1756 1664 1800 quavis
1688 1756 1837 1790 firmitate
1853 1757 1914 1790 alia
1928 1757 2018 1792 robo-

1279 1811 1364 1850 ratis,
1386 1810 1518 1850 statutis,
1535 1809 1764 1850 stabilimentis,
1789 1810 1897 1843 usibus
1922 1816 1952 1844 et
1967 1821 2018 1844 na-

1278 1863 1366 1903 turis,
1386 1862 1520 1896 decretis
1533 1873 1569 1896 ac
1589 1862 1682 1895 etiam
1707 1863 1795 1895 novis
1820 1863 2017 1899 reformatio-

1277 1917 1379 1957 nibus,
1405 1927 1440 1950 ac
1466 1917 1557 1950 etiam
1586 1917 1724 1960 legibus,
1750 1922 1811 1949 tam
1837 1917 2016 1961 pontificiis,

1276 1981 1368 2014 quam
1392 1970 1609 2015 imperialibus
1624 1997 1631 2011 ,
1656 1971 1752 2013 regiis
1776 1976 1806 2003 et
1831 1971 2016 2013 ducalibus,

1276 2023 1369 2056 etiam
1384 2023 1481 2056 sacris
1495 2023 1678 2065 canonibus,
1693 2024 1866 2068 privilegiis
1879 2035 2016 2069 quoque,

1276 2077 1403 2110 indultis
1417 2083 1446 2110 et
1459 2077 1571 2110 litteris
1588 2078 1779 2122 apostoliciS‚
1797 2078 2016 2122 superioribus

1274 2140 1310 2163 ac
1334 2130 1477 2173 personis
1495 2136 1524 2163 et
1541 2130 1618 2164 locis
1638 2130 1900 2174 quibuscumque,
1917 2131 1948 2164 in
1962 2141 2016 2174 ge-

1274 2193 1349 2216 nere
1374 2184 1420 2216 vel
1458 2184 1488 2216 in
1524 2184 1648 2228 speeie,
1674 2183 1731 2217 sub
1763 2184 2015 2229 quibuscumque

1275 2237 1436 2270 tenoribus
1450 2242 1480 2270 ct
1500 2237 1618 2278 formis,
1636 2248 1671 2270 ac
1695 2248 1766 2271 cum
1788 2237 1950 2281 quibusvis
1965 2237 2016 2271 de-

1275 2290 1507 2333 rogatoriarum
1538 2290 1769 2333 derogatoriis,
1793 2290 1926 2334 aliisque
1949 2291 2015 2324 effi-

1275 2343 1461 2383 cacioribuS,
1480 2343 1705 2376 efficacissimis
1726 2349 1756 2376 et
1773 2343 1905 2376 insolitis
1929 2343 2014 2377 clau-

1275 2397 1350 2430 sulis
1376 2397 1570 2430 irritantibus
1594 2403 1624 2430 et
1648 2396 1716 2430 aliis
1740 2397 1894 2438 decretis,
1919 2397 2013 2431 etiam

1276 2451 1335 2484 vim
1362 2456 1540 2484 contractus
1565 2456 1595 2484 et
1619 2451 1724 2485 statuti
1745 2449 1891 2495 perpetui
1915 2451 2014 2484 conti·

1274 2504 1428 2545 uentibus,
1455 2505 1546 2538 etiam
1573 2510 1671 2546 motu,
1696 2504 1824 2538 scientia
1848 2509 1878 2537 et
1901 2508 2010 2548 potes-

1275 2557 1345 2590 tatis
1370 2557 1563 2600 plenitudine
1587 2557 1752 2598 similibus,
1766 2567 1802 2590 ac
1826 2557 1918 2590 etiam
1942 2567 2013 2591 con-

1274 2610 1482 2654 sistorialiter,
1503 2621 1538 2644 ac
1558 2611 1633 2644 alias
1647 2611 1751 2644 forsan
1771 2610 1802 2642 in
1818 2610 2014 2644 contrarium

2038 225 2089 250 An.
2107 226 2134 251 (Ξ.
2149 226 2215 255 1656

2063 602 2154 632 Detege!
2168 611 2212 627 cou-

2036 630 2114 650 turus.
