2243 3205
43 155 89 182 An.
110 153 139 181 C.
156 153 222 181 1659

828 148 1012 176 ALEXANDER
1037 149 1081 172 vll
1104 149 1153 172 1³1³.

237 204 266 233 et
290 199 484 243 regularium
505 199 685 244 praeposito
703 199 855 244 exposito,
880 199 974 243 quod,

235 253 309 286 licet
338 264 395 297 per
426 259 539 286 statuta
569 253 644 287 dicti
676 253 810 294 Ordinis,
836 254 974 286 Romana

235 306 361 350 quidem
394 317 475 340 anno
503 317 627 349 nocxn,
659 307 703 340 tit.
733 306 778 340 De
808 306 975 340 Praelatis

236 359 251 402 ς
283 370 332 402 xr,
357 366 394 393 et
424 360 628 403 Segobiensia
658 370 739 393 anno
771 369 890 393 MDcxxl
927 370 976 392 re-

235 414 372 457 spective
397 414 496 456 edita,
530 414 573 446 tit.
599 414 646 447 De
671 413 890 453 Guardiam‘s,
923 423 974 446 ca-

236 472 344 499 veatur
373 477 543 511 expresse,
577 471 610 500 ut
644 467 748 500 nullus
784 466 975 510 guardianus

236 520 371 554 triennio
396 521 520 565 expleto
540 521 638 564 possit
659 522 842 554 continuare
867 520 974 563 (etiam

236 583 307 606 cum
333 573 424 606 titulo
449 574 670 618 praesidentis)
695 584 796 617 neque
817 573 847 606 in
865 573 974 606 eodem

236 630 400 667 conventu,
426 637 482 660 nec
508 627 539 659 in
560 627 635 667 alio;
654 627 854 671 provincialis
872 631 975 659 autem

236 679 379 712 minister
403 680 455 723 qui
477 680 680 720 consenserit,
701 691 757 713 suo
774 680 813 713 sit
835 680 976 724 privatus

235 732 355 772 officio3
381 743 417 765 ac
442 733 570 776 insuper
595 743 651 776 per
669 734 777 767 eadem
795 739 908 766 statuta
926 744 977 766 ro-

235 795 337 827 mana,
352 786 366 829 §
380 795 424 828 111,
441 786 636 830 disponatur,
651 787 735 830 quod
753 787 777 819 si
795 787 864 830 quis
878 787 977 820 frater

235 840 401 873 conventui
427 841 547 873 vacanti
572 841 748 884 praefectus
773 841 868 873 fuerit
887 852 976 884 prac-

235 892 349 934 sidens,
374 903 436 926 non
461 893 577 937 poterit
600 893 792 936 guardianus
810 894 883 936 eligi
897 894 976 926 eius-

235 945 305 979 dem
332 952 504 992 conventus
529 948 602 991 (pro
627 947 679 980 illa
699 947 766 980 vice
790 947 975 991 dumtaxat),

235 999 378 1033 minister
402 1010 476 1033 vero
501 1000 703 1044 provincialis
735 1001 788 1044 qui
822 1001 976 1034 contrafe-

235 1053 314 1086 cerit
337 1054 384 1086 vel
410 1054 613 1096 consenserit,
639 1054 677 1088 sit
701 1054 805 1087 officio
824 1055 974 1098 privatus,

235 1111 265 1139 et
289 1106 399 1140 electio
425 1106 515 1141 irrita
540 1112 569 1140 et
593 1107 695 1148 nulla,
721 1113 815 1150 prout
840 1118 876 1140 ex
901 1112 974 1142 tunc

235 1169 253 1192 a
277 1160 414 1205 capitulo
431 1161 570 1204 generali
596 1161 754 1194 declarata
775 1161 841 1202 fule
862 1162 976 1195 nihilo-

235 1214 338 1247 minus
363 1214 394 1246 in
419 1214 502 1248 dicta
527 1215 689 1258 provincia
713 1225 775 1248 non
800 1215 866 1248 sine
897 1220 975 1248 tran-

235 1266 397 1310 quillitatis
422 1272 452 1300 et
476 1268 694 1301 observantiae
712 1268 866 1311 regularis
884 1268 976 1301 detri-

235 1326 342 1354 mento
357 1320 561 1355 invaluissent
575 1322 755 1363 abususmt,
767 1322 892 1366 quando
906 1328 976 1366 post

236 1375 411 1420 capitulum
443 1376 636 1420 provinciale
669 1377 773 1420 aliqua
809 1387 845 1409 cx
882 1379 975 1410 causa

235 1428 395 1462 vacarent¹
409 1429 531 1473 aliquae
551 1429 764 1473 guardianiae,
783 1430 976 1473 eligerentur

236 1481 266 1514 in
292 1482 507 1526 praesidentes
543 1483 587 1515 illi
612 1483 664 1527 qui
692 1483 722 1516 in
751 1484 888 1527 capitulo
914 1485 978 1517 ossi-

236 1535 319 1568 cium
344 1536 534 1577 finivissent3
560 1547 595 1570 ac
620 1537 834 1581 praesidentes
857 1549 913 1581 per
930 1549 977 1571 va-

238 1589 645 1633 cantiam„guardianorum
667 1591 757 1624 electi
783 1591 977 1634 eligerentur

235 1648 346 1688 postea
371 1643 401 1676 in
426 1644 617 1687 guardianos
638 1644 822 1677 eorumdem
845 1655 977 1678 conven-

236 1701 343 1737 tuum3
368 1702 398 1730 et
422 1697 587 1740 guardiani
604 1697 692 1730 electi
711 1697 742 1730 in
760 1698 977 1741 congregatio-

235 1750 329 1784 nibus
354 1750 548 1784 intermediis
573 1751 620 1784 vel
655 1751 900 1795 particularibus
925 1752 977 1784 ali-

235 1804 349 1848 quibus
380 1804 541 1837 mensibus
565 1810 636 1837 ante
667 1804 805 1837 futuram
840 1815 975 1848 congre-

236 1857 405 1901 gationem,
430 1858 461 1890 in
486 1868 547 1902 qua
571 1857 674 1892 officia
699 1858 789 1891 finire
814 1858 975 1899 deberent,

236 1911 478 1952 renunciarent,
503 1916 537 1944 ut
567 1912 759 1954 eligerentur
784 1911 814 1944 in
839 1914 875 1944 ea
901 1922 975 1945 con-

236 1965 420 2008 gregatione
444 1964 481 1997 ad
506 1965 566 1998 hoc
590 1970 624 1998 ut
648 1964 833 2008 suffragium
866 1965 976 1999 darent

237 2019 269 2051 in
293 2018 399 2051 futuro
424 2018 577 2062 capitulo,
602 2019 722 2062 quippe
749 2029 886 2062 quorum
911 2020 975 2052 suf-

236 2072 336 2115 fragia
368 2078 470 2105 essent
502 2078 605 2115 certa,
631 2077 662 2106 et
685 2083 701 2105 a
726 2073 975 2115 gubernantibus

235 2125 429 2169 provinciam
455 2132 605 2170 experta;
630 2126 738 2169 sicque
771 2137 828 2170 per
861 2127 976 2160 multos

235 2190 334 2213 annos
366 2181 397 2212 in
428 2180 538 2213 officiis
570 2185 855 2223 perpetuarentur:
881 2186 910 2213 et
946 2181 976 2213 in

237 2233 346 2266 eadem
372 2233 567 2277 expositione
591 2233 767 2273 subjuncto,
792 2233 876 2277 quod
901 2233 976 2266 tales

236 2288 353 2320 abusus
366 2287 501 2320 libertati
515 2287 704 2321 electionum
722 2287 975 2328 adversarentur,

236 2341 408 2374 fomentum
433 2340 614 2374 ambitionis
644 2341 859 2380 continerent,
892 2351 976 2373 sean-

236 2393 340 2426 dalum
358 2394 580 2437 religiosorum
598 2393 866 2427 benemeritorum
888 2393 975 2427 indu-

237 2453 353 2490 cerent,
376 2458 412 2481 ac
429 2448 459 2480 in
476 2448 570 2481 totius
590 2447 726 2480 familiae
739 2447 974 2489 detrimentum,

236 2501 277 2534 ob
301 2501 419 2534 malum
451 2501 650 2545 exemplum,
681 2500 793 2534 cedere
827 2506 974 2545 possent:

273 2565 283 2590 1
306 2564 376 2592 Male
396 2563 460 2592 edit.
481 2563 559 2592 Main.
581 2564 645 2600 legit
664 2567 797 2593 vocarent
816 2564 853 2600 (R.
872 2564 920 2599 τ.).

1656 135 1719 169 517

1009 207 1107 241 eaque
1120 200 1253 240 propter
1269 196 1439 240 praedictis
1457 195 1669 228 cardinalibus
1680 205 1751 239 sup-

1009 251 1123 295 plicato
1148 255 1181 283 ut
1205 255 1420 294 opportunum
1442 249 1623 294 praemissis
1653 258 1752 281 reme-

1009 304 1094 337 dium
1110 303 1311 345 adhiberent,
1337 303 1492 336 emanavit
1509 303 1546 335 ab
1565 301 1751 336 eorumdem

1009 356 1216 390 cardinalium
1243 357 1488 400 congregatione
1512 356 1674 389 decretum
1700 360 1748 389 te-

1008 410 1094 444 noris
1119 410 1172 454 qui
1193 410 1346 454 sequitur,
1371 410 1528 443 videlicet:

1054 463 1111 507 5⁶2.
1132 476 1144 495 ι(
1161 464 1255 497 Sacra
1269 463 1473 507 congregatio
1491 462 1752 496 eminentissimo-

1010 528 1080 550 rum
1106 517 1135 551 S.
1153 517 1187 550 R.
1205 518 1238 550 E.
1257 517 1462 550 cardinalium
1481 517 1616 560 negotiis
1634 522 1663 550 et
1680 527 1754 550 con·

1010 571 1231 604 sultationibus
1257 571 1478 615 episcoporum
1505 575 1535 603 et
1555 571 1750 614 regularium

1010 625 1201 669 praeposita,
1219 624 1344 658 attentis
1361 625 1506 665 narratis,
1524 629 1553 657 et
1574 624 1688 657 auditis
1706 635 1752 657 re-

1010 678 1180 712 lationibus
1217 684 1283 711 tum
1321 678 1455 712 ministri
1495 678 1651 721 generalis
1685 681 1750 712 tum

1010 732 1102 765 etiam
1127 731 1337 765 commissarii
1361 731 1518 774 generalis
1538 731 1644 764 curiae
1661 730 1752 764 Ordi-

1010 784 1057 818 nis
1087 784 1291 827 huiusmodi,
1323 784 1444 817 censuit
1479 790 1751 828 supramemorata

1011 843 1123 871 statuta
1134 839 1263 872 omnino
1273 838 1469 872 observanda
1483 848 1560 878 esse,
1571 849 1606 871 ac
1619 838 1751 882 proinde

1010 901 1120 924 omnes
1137 892 1316 932 electiones,
1334 901 1413 935 quae
1430 891 1468 924 de
1489 896 1594 924 cetero
1615 891 1645 922 in
1663 901 1752 934 prae-

1011 945 1070 978 fata
1094 945 1277 979 Granatensi
1302 945 1464 989 provincia
1486 945 1570 985 sient,
1589 950 1649 976 tam
1665 954 1752 988 prae-

1010 997 1178 1031 sidentium
1206 999 1235 1031 in
1264 998 1464 1041 guardianos,
1493 1008 1587 1041 quam
1613 998 1750 1038 illorum,

1010 1052 1062 1094 qui
1080 1057 1151 1084 ante
1165 1051 1444 1095 congregationem
1465 1051 1689 1095 provincialem
1705 1051 1750 1083 in-

1011 1105 1194 1137 termediam
1220 1104 1483 1148 guardianatuum
1506 1104 1608 1137 officia
1635 1113 1750 1137 renun-

1010 1158 1177 1198 ciaverint,
1202 1158 1227 1190 si
1254 1158 1284 1190 in
1310 1169 1346 1191 eo
1372 1158 1507 1192 triennio
1536 1157 1750 1200 reeligantur,

1010 1221 1077 1244 esse
1097 1211 1275 1252 cassandas,
1297 1211 1465 1244 irritandas
1482 1216 1512 1244 et
1528 1210 1749 1250 annullandas;

1010 1264 1189 1297 ministrum
1209 1275 1283 1298 vero
1303 1264 1530 1309 provincialem
1549 1264 1608 1297 illis
1623 1273 1752 1297 consen-

1010 1329 1077 1352 sum
1103 1324 1314 1363 praestantem
1341 1329 1409 1352 esse
1432 1317 1613 1352 omnimode
1630 1317 1753 1362 privan-

1010 1371 1101 1412 dum,
1119 1371 1300 1405 huiusmodi
1314 1377 1419 1405 autem
1436 1371 1614 1413 electiones,
1630 1370 1655 1404 si
1672 1381 1752 1415 quae

1010 1425 1142 1459 antehac
1174 1425 1273 1459 sactae
1304 1425 1438 1466 fuerint,
1463 1425 1501 1457 ad
1534 1424 1670 1458 tollenda
1703 1424 1752 1457 in-

1011 1479 1177 1513 commoda
1203 1484 1232 1512 et
1257 1479 1506 1512 inconvenientia
1535 1489 1615 1522 quae
1646 1489 1682 1511 ex
1704 1488 1753 1511 ea-

1011 1544 1081 1566 rum
1107 1533 1321 1566 annullatione
1345 1543 1399 1565 seu
1424 1532 1599 1566 cassatione
1629 1532 1752 1565 oriren-

1011 1591 1071 1627 tur,
1097 1586 1185 1619 duxit
1209 1585 1441 1619 confirmandas
1471 1596 1550 1626 esse,
1580 1596 1752 1630 earumque

1011 1650 1120 1674 omncs
1145 1645 1174 1673 et
1199 1650 1413 1684 quascumque
1438 1639 1645 1673 invaliditates
1659 1643 1689 1673 et
1702 1639 1754 1672 de-

1011 1694 1109 1727 fectus
1133 1692 1343 1737 supplendos,
1376 1698 1471 1736 prout
1502 1693 1675 1737 praesentis
1700 1692 1752 1726 de-

1011 1748 1087 1781 creti
1113 1748 1222 1791 vigore
1242 1747 1414 1787 observari,
1440 1746 1566 1789 cassari,
1584 1746 1701 1779 irritari
1720 1752 1750 1780 et

1010 1802 1175 1843 annullari,
1200 1802 1328 1846 privari,
1353 1801 1536 1835 confirmari
1557 1807 1587 1834 et
1607 1801 1750 1845 suppleri

1011 1856 1183 1900 respective
1208 1856 1283 1896 vult,
1300 1855 1427 1889 mandat
1448 1861 1478 1888 et
1498 1854 1662 1899 praecipit.

1054 1910 1181 1951 Romae,
1205 1909 1255 1942 die
1279 1919 1313 1942 111
1337 1909 1477 1943 octobris
1498 1918 1623 1942 Mocmx.

1253 1964 1290 1996 M.
1313 1962 1481 1996 cardinalis
1498 1962 1658 1996 GmE'rrus
1678 1974 1706 1995 ».

1055 2017 1069 2061 ἓ
1089 2017 1119 2050 3.
1131 2055 1135 2058 ⁴
1148 2017 1223 2051 Cum
1238 2023 1353 2058 autem,
1368 2017 1448 2050 sicut
1464 2016 1538 2049 dicti
1560 2020 1751 2061 exponentes

1010 2071 1101 2105 nobis
1125 2082 1226 2115 nuper
1250 2071 1365 2115 exponi
1391 2070 1543 2111 fecerunt,
1564 2070 1622 2114 ipsi
1643 2069 1752 2103 decrea

1011 2129 1075 2158 tum
1090 2124 1270 2158 huiusmodi
1288 2124 1482 2168 apostolicae
1502 2123 1751 2157 confirmationis

1010 2183 1119 2211 nostro
1137 2177 1252 2211 robore
1273 2177 1463 2210 communiri
1485 2187 1688 2220 summopere
1701 2176 1752 2209 de-

1010 2231 1162 2271 siderent,
1187 2241 1254 2272 nos,
1271 2231 1398 2264 eosdem
1421 2235 1612 2274 exponentes
1637 2229 1753 2274 specia-

1010 2285 1091 2318 libus
1122 2285 1283 2319 savoribus
1315 2291 1344 2318 et
1376 2285 1485 2328 gratiis
1518 2284 1666 2328 prosequi
1698 2295 1753 2318 vo-

1010 2339 1118 2381 lentes,
1152 2344 1182 2371 et
1213 2348 1324 2371 eorum
1359 2338 1535 2381 singulares
1559 2347 1710 2381 personas
1735 2346 1753 2370 a

1010 2392 1170 2436 quibusvis
1195 2391 1540 2431 excommunicationis,
1555 2396 1624 2432 etc.,
1637 2391 1751 2424 harum

1009 2446 1089 2480 serie
1107 2445 1302 2479 absolventes
1313 2449 1343 2479 ct
1358 2445 1516 2478 absolutas
1532 2444 1597 2478 sore
1615 2454 1748 2477 censen-

1010 2505 1064 2543 tes,
1082 2498 1363 2544 supplicationibus
1385 2508 1495 2532 eorum
1512 2497 1639 2531 nomine
1659 2496 1750 2531 nobis

1009 2564 1104 2598 super
1135 2553 1196 2587 hoc
1219 2552 1383 2586 humiliter
1407 2552 1563 2596 porrectis
1589 2550 1748 2594 inclinati,

1767 144 1815 171 An.
1836 144 1864 171 C.
1882 145 1949 172 ¹659

1807 473 1885 494 Sacrae
1901 479 1950 493 cun·

1765 500 1892 526 vagationis
1914 500 1950 520 de-

1765 531 1852 548 cretum.

1813 2019 1950 2042 Confirmatur

1766 2048 1881 2068 decretum.
