2243 3205
295 202 347 231 An.
367 203 396 231 c.
413 201 482 230 1660
529 193 591 228 548

493 251 613 283 ratione
638 249 776 292 gratioso
800 249 927 284 decreto
948 250 984 284 ad
1009 252 1227 296 paternitatem

493 313 559 335 eam
578 302 835 344 habilitarentur;
851 303 1007 347 quintum,
1023 315 1129 339 sacrae
1147 305 1230 338 theo-

491 357 593 399 logiae
611 356 782 399 magistris;
801 361 931 399 sextum,
945 357 1157 392 baccalaureis
1170 359 1231 391 col-

492 409 666 452 lcgialibus,
685 410 709 442 si
727 420 805 453 quos
829 411 935 454 aliqua
959 411 1140 456 impotentia
1160 421 1230 445 con-

491 464 626 506 tIngeret
649 473 710 496 non
736 465 918 507 promoveri
939 465 978 498 ad
1002 465 1228 508 magisterium,

490 516 603 550 ceteris
627 526 690 549 non
715 517 931 560 collegialibus
955 518 1166 552 baccalaureis
1190 518 1229 550 ab

490 568 548 601 hac
580 569 800 612 praerogativa
830 570 1012 611 subductis;
1037 571 1227 614 septimum,

489 621 631 664 patribus
647 622 846 666 simplicibus
860 624 1029 667 graduatis,
1046 624 1164 658 scilicet
1177 635 1229 668 pa-

489 675 626 707 tentibus
658 675 770 708 litteris
794 686 811 708 a
835 677 974 720 generali
1007 677 1046 710 ob
1079 677 1225 709 meritum

489 726 662 768 decoratis;
676 732 831 769 octavum,
849 730 961 763 ceteris
978 740 1040 763 non
1058 729 1227 772 gradualis,

488 779 593 819 salvo,
618 779 649 811 in
681 780 821 822 quolibet
846 781 957 823 gradu,
982 781 1092 814 ordine
1122 781 1225 814 antia-

487 831 593 864 nitatis
619 831 656 864 ad
681 832 814 865 sormam
840 833 1039 866 Urbanarum
1074 834 1226 867 eonstitu-

487 884 628 917 tionum:

530 937 712 971 Declaratur
742 937 868 971 demum
895 939 1056 973 decretum
1083 940 1226 974 Urbanae

487 990 718 1023 constitutionis
741 991 779 1024 de
804 1001 866 1024 non
891 991 1084 1026 admittendo
1101 992 1138 1026 ad
1156 1004 1226 1037 pro-

486 1043 644 1076 bationem
670 1044 719 1077 vel
744 1045 972 1088 professionem
991 1050 1061 1080 ante
1077 1057 1227 1090 aggrega-

486 1096 614 1137 tionem,
636 1097 678 1129 ita
702 1107 768 1130 esse
793 1098 1042 1142 intelligendum,
1066 1105 1099 1133 ut
1122 1101 1226 1133 nullus

486 1149 634 1194 deinceps
660 1150 796 1183 novitius
812 1151 850 1184 ad
875 1153 1097 1196 probationem
1114 1153 1223 1186 admit·

486 1207 578 1244 tatur,
602 1204 661 1237 nisi
686 1204 724 1237 de
749 1205 877 1248 praevia
902 1207 1126 1250 aggregatione
1151 1207 1225 1250 legi-

485 1257 559 1290 time
584 1257 768 1290 constiterit.

528 1309 681 1349 Quoniam
699 1320 773 1344 vero
791 1311 910 1355 optima
932 1312 1060 1346 rationis
1077 1312 1223 1355 urgentia

483 1371 573 1395 sacra
590 1363 794 1406 congregatio
811 1364 996 1398 universalis
1014 1366 1224 1409 inquisitionis

484 1415 650 1458 aliqualem
662 1416 847 1450 meritorum
858 1418 1128 1461 aequiparantiam
1145 1419 1223 1451 inire

483 1477 541 1501 nos
571 1468 706 1510 edocuit,
735 1474 768 1502 ut
793 1470 987 1513 praedictum
1017 1470 1224 1504 definitoriale

483 1531 598 1554 munus
622 1521 651 1553 in
668 1522 844 1565 praemium
873 1528 1013 1556 vertatur
1036 1523 1105 1567 pari
1129 1534 1223 1567 passu

483 1573 708 1617 insignioribus
733 1576 885 1609 ministris
903 1576 932 1609 S.
957 1576 1078 1618 Officii,
1104 1577 1223 1611 idcirco

483 1627 514 1660 in
545 1628 746 1671 promotione
776 1629 814 1662 ad
845 1630 1064 1673 paternitatem
1095 1631 1222 1674 provin-

484 1680 550 1713 ciae
570 1682 765 1715 consultores
783 1681 993 1726 inquisitionis
1011 1683 1041 1716 in
1059 1684 1147 1717 curia
1165 1683 1223 1717 Ro-

483 1735 577 1766 mana
597 1734 813 1768 assistentibus
830 1734 955 1768 Ordinis
973 1736 1222 1780 aequiparandos

484 1797 552 1820 esse
565 1786 781 1828 decernimus;
796 1788 930 1822 vicarios
946 1790 1108 1832 generales
1123 1789 1224 1834 (dum-

484 1840 579 1873 modo
603 1850 710 1873 sacrae
726 1841 903 1884 theologiae
923 1842 1064 1884 magistri
1081 1842 1155 1886 sint)
1177 1853 1223 1876 re-

484 1894 628 1936 gentibus
659 1894 915 1938 gymnasiorum;
940 1895 1136 1928 consultores
1160 1896 1219 1928 ita—

484 1956 544 1989 que
569 1946 606 1978 ad
628 1946 724 1979 instar
741 1947 963 1988 assistentium,
980 1947 1154 1980 naturalem
1171 1959 1222 1992 pa-

484 1999 660 2033 ternitatem
679 1999 860 2042 provinciae
877 2000 923 2032 sui
941 2000 1081 2033 muneris
1102 2001 1222 2035 ratione

483 2051 722 2092 nanciscantur;
743 2051 942 2095 inquisitores
959 2063 1034 2086 vero
1058 2053 1096 2096 (si
1117 2059 1223 2098 patres

484 2104 665 2148 provinciae
681 2114 719 2137 ex
738 2105 852 2138 merito
876 2104 1007 2138 instituti
1032 2106 1148 2139 suerint
1167 2117 1222 2140 an-

484 2161 608 2200 tequam
633 2166 712 2190 onus
736 2157 946 2201 inquisitionis
969 2158 1154 2203 sortiantur)
1171 2170 1223 2193 na-

485 2211 616 2244 turalem
641 2211 759 2255 pariter
782 2212 1000 2255 paternitatem
1021 2213 1092 2247 novi
1117 2215 1222 2247 oneris

485 2265 634 2298 exercitio
659 2270 911 2309 consequantur;
929 2266 953 2299 si
970 2276 1044 2300 vero
1069 2267 1157 2311 prius
1171 2278 1222 2312 pa-

483 2323 547 2351 tres
570 2328 634 2351 non
657 2318 828 2360 exstabant,
845 2319 883 2352 ad
907 2320 1127 2363 paternitatem
1154 2325 1221 2354 tan-

484 2375 550 2403 tum
575 2381 611 2404 ex
637 2371 767 2414 merito,
790 2371 829 2404 ad
852 2372 951 2406 instar
974 2373 1162 2416 regentium,
1186 2379 1221 2407 ut

482 2425 667 2468 praefertur,
681 2431 944 2469 promoveantur3
961 2431 996 2460 ut
1010 2432 1114 2461 autem
1133 2438 1221 2472 prae·

484 2477 546 2509 mia
570 2487 633 2510 non
657 2478 839 2522 contingant
861 2479 1036 2523 praecocia,
1055 2490 1135 2524 quae
1160 2481 1218 2514 vir-

483 2530 557 2562 tutis
576 2530 768 2565 incrementa
785 2537 958 2575 morantur,
978 2532 1092 2566 dictam
1112 2538 1218 2577 pater-

1064 203 1244 228 BULLARIUM
1267 202 1422 228 ROMANUM

1264 251 1322 284 nisi
1343 250 1580 295 proportionata
1601 250 1750 285 methodo
1774 263 1845 286 cum
1869 251 2003 296 regenti-

1263 303 1321 336 bus
1346 303 1683 347 concionatoribusque
1700 305 1871 348 religionis,
1887 315 2002 349 nempe

1265 357 1425 389 consultor
1445 356 1475 389 in
1501 357 1588 390 curia
1607 362 1678 401 post
1693 363 1824 398 sextum,
1842 358 2003 402 inquisito-

1264 419 1314 442 res
1338 415 1408 453 post
1432 410 1673 453 duodecimum⁷
1699 411 1806 444 vicarii
1831 410 1904 444 dicti
1928 416 2000 455 post

1264 462 1570 506 decimumquintum
1588 463 1635 496 sui
1653 464 1757 498 oneris
1775 464 1931 508 expletum
1948 474 2003 497 an-

1263 525 1354 548 num:
1386 516 1410 548 si
1435 521 1539 549 autem
1572 517 1768 560 contingeret
1797 517 1911 550 horum
1936 517 1999 550 mi-

1263 567 1434 601 nistrorum
1460 569 1581 612 aliquos
1612 569 1730 614 duplici
1756 569 1941 612 ministerio,
1958 569 2003 602 in-

1264 621 1417 654 termedio
1441 626 1602 665 tempore,
1630 623 1752 656 functos
1777 633 1854 665 esse,
1884 622 2003 655 scilicet

1263 674 1401 717 regentis
1426 674 1456 706 in
1481 675 1654 717 religione,
1679 679 1709 709 et
1739 675 1933 719 inquisitoris
1952 675 2001 708 vel

1264 726 1372 760 vicarii
1398 727 1428 759 in
1453 728 1482 760 S.
1507 727 1626 769 Officio,
1647 734 1721 762 tunc
1745 729 1926 772 promiscue
1943 728 2002 762 cal-

1263 780 1352 812 culus
1376 790 1530 814 annorum
1553 786 1754 824 computetur
1778 782 1816 814 ab
1837 781 2000 826 utriusque

1263 834 1404 866 muneris
1427 833 1602 875 functione,
1626 834 1668 867 ita
1692 838 1726 868 ut
1749 835 1886 868 defectus
1908 845 1999 879 prae-

1262 886 1370 930 scripti
1389 887 1539 931 temporis
1557 887 1587 920 in
1611 887 1716 931 primo
1733 887 1908 922 ministerio
1925 898 1999 932 sup-

1261 939 1385 982 pleatur
1410 950 1446 972 ox
1471 940 1623 973 secundo:

1305 992 1436 1026 Ministri
1470 1004 1544 1028 vero
1576 993 1740 1027 inferiores
1771 993 1800 1027 S.
1833 993 1932 1028 Officii
1960 993 1999 1027 ab

1261 1044 1402 1089 ipsismet
1427 1046 1667 1090 inquisitoribus
1693 1047 1829 1091 deputati
1855 1046 2000 1091 aequipa-

1261 1103 1370 1131 rentur
1394 1104 1513 1132 tantum
1533 1100 1691 1143 magistris
1711 1100 1953 1133 seminariorum
1969 1105 1999 1133 et

1259 1152 1401 1194 patribus
1424 1152 1619 1196 simplicibus
1636 1153 1807 1197 graduatis,
1824 1158 1857 1186 ut
1873 1164 1999 1198 promo-

1260 1204 1324 1236 veri
1345 1205 1466 1248 possint
1490 1211 1561 1249 post
1585 1206 1807 1240 duodecimum
1825 1207 1871 1239 sui
1893 1207 1998 1240 oneris

1259 1267 1373 1290 annum
1399 1258 1437 1290 ad
1463 1264 1567 1291 votum
1599 1260 1764 1293 electivum
1797 1259 1828 1292 in
1853 1260 1998 1304 capitulis

1258 1310 1504 1352 provincialibus
1521 1322 1580 1355 pro
1597 1312 1749 1346 electione
1769 1312 1902 1347 ministri
1927 1323 1998 1357 pro-

1258 1362 1397 1395 vincialis
1421 1363 1599 1396 ferendum:

1303 1415 1332 1448 Si
1358 1416 1428 1460 quis
1453 1427 1528 1450 vero
1553 1417 1667 1450 horum
1692 1417 1908 1452 ministrorum
1928 1418 1998 1452 bac-

1258 1469 1421 1502 calaureus
1434 1470 1482 1510 sit,
1497 1470 1671 1514 studiisque
1688 1471 1892 1505 scholasticae
1909 1471 1996 1504 addi-

1258 1527 1334 1563 ctuS,
1353 1527 1383 1555 et
1407 1523 1438 1555 in
1464 1533 1619 1556 concursu
1637 1530 1665 1556 et
1686 1524 1827 1557 examine
1850 1535 1909 1568 pro
1926 1534 1998 1568 pro-

1257 1576 1418 1608 movendis
1452 1576 1491 1609 ad
1522 1577 1654 1620 collegia
1690 1577 1820 1610 idoneus
1852 1581 1996 1621 repertus

1256 1627 1360 1669 fuerit,
1384 1629 1476 1662 alicui
1498 1629 1632 1672 collegio
1656 1630 1818 1673 religionis
1842 1630 1997 1663 adscriba-

1257 1687 1324 1721 tur,
1353 1682 1550 1726 dispensetur
1574 1689 1678 1716 autem
1702 1694 1719 1716 a
1744 1683 1911 1717 residentia
1936 1685 1996 1717 col-

1256 1735 1330 1777 legii
1348 1739 1412 1768 toto
1428 1741 1583 1779 tempore,
1597 1747 1659 1779 quo
1676 1736 1779 1769 iussus
1795 1736 1889 1769 fuerit
1905 1747 1994 1769 suam

1256 1788 1328 1821 alibi
1354 1799 1468 1822 navare
1486 1800 1614 1834 operam
1636 1790 1667 1822 in
1688 1790 1874 1834 obsequium
1895 1790 1994 1823 saneti

1256 1841 1371 1882 Officii;
1396 1842 1503 1886 elapso
1527 1848 1631 1876 autem
1657 1843 1808 1884 triennio,
1832 1843 1901 1887 pari
1925 1843 1995 1877 inre

1256 1900 1286 1927 et
1311 1895 1459 1928 methodo
1495 1906 1567 1928 cum
1600 1896 1668 1928 aliis
1697 1895 1836 1928 eiusdem
1869 1895 1994 1939 collegii

1256 1948 1533 1990 concollegialibus
1555 1949 1695 1982 lauream
1721 1948 1892 1991 magisterii
1918 1959 1993 1982 con-

1256 2000 1344 2043 sequi
1369 2000 1484 2032 valeat:

1300 2052 1410 2085 Nullus
1434 2053 1560 2086 demum
1594 2053 1808 2097 praefatorum
1832 2053 1992 2088 ministro-

1256 2116 1326 2138 rum
1351 2106 1389 2138 ad
1419 2116 1470 2139 eas
1501 2112 1726 2150 promoveatur
1756 2107 1992 2151 praerogativas

1256 2159 1287 2190 in
1312 2158 1528 2192 retributionis
1553 2159 1663 2200 vicem,
1680 2159 1739 2193 nisi
1756 2159 1855 2203 prius,
1875 2170 1932 2204 per
1946 2159 1994 2193 lit-

1257 2215 1337 2246 teras
1361 2212 1626 2246 commendativas
1657 2218 1687 2245 et
1710 2217 1852 2256 patentes
1876 2212 1914 2246 de
1938 2223 1990 2246 sa·

1255 2275 1327 2298 crae
1343 2266 1596 2308 congregationis
1620 2265 1745 2299 licentia
1769 2265 1922 2308 obtentas,
1944 2265 1993 2300 sui

1255 2318 1420 2351 ministerii
1445 2318 1643 2352 laudabiliter
1666 2318 1763 2353 suncti
1788 2319 1899 2354 merita
1921 2329 1993 2364 pro-

1253 2372 1375 2405 baverit
1390 2384 1418 2405 ».

1297 2426 1312 2470 ἓ
1328 2425 1358 2459 3.
1378 2426 1453 2459 Cum
1472 2430 1584 2468 autem,
1608 2425 1688 2459 sicut
1707 2425 1815 2459 eadem
1836 2424 2010 2469 expositio.

1251 2536 1337 2566 rator
1353 2532 1509 2575 generalis
1525 2531 1650 2565 decreta
1663 2531 1852 2572 huiusmodi,
1864 2540 1923 2574 pro
1936 2530 1988 2564 fir-

482 2582 610 2616 nitatem
635 2593 697 2617 non
721 2584 892 2618 sortiantur
916 2585 1048 2629 praefati
1072 2585 1218 2628 ministri,
1251 2585 1344 2619 miori
1368 2585 1494 2619 illorum
1526 2584 1724 2619 subsistentia
1752 2589 1782 2618 et
1814 2582 1987 2619 inviolabili

2030 2427 2121 2450 Decreta
2129 2431 2188 2456 pno-

2012 2457 2083 2477 nserta
2112 2455 2186 2478 confin-

1252 2478 1476 2522 subiungebat‚
1501 2478 1658 2522 praefatus
1681 2477 1856 2512 Ludovicus
1879 2487 1991 2522 procu*
2003 2481 2162 2506 matronam.

2231 0 2243 40 τε.

2007 203 2060 231 An.
2081 204 2192 235 &1660
2227 210 2230 215 '
