2202 3190
271 197 321 225 Αη.
337 196 365 223 C.
388 196 450 223 1661

500 187 563 220 7t8

471 255 532 277 non
558 244 752 277 observando
778 244 952 287 praedis-tas
970 246 1208 278 constitutiones

471 308 506 329 ac
528 302 650 339 statuta,
673 297 731 329 sub
756 301 919 340 praetextu
944 299 1157 341 paupertatis,
1179 304 1208 330 et

472 360 532 382 non
559 350 675 382 habere
700 350 827 382 modum
854 350 999 383 induendi
1033 351 1207 394 praedictas

474 408 572 435 vestes
598 403 681 445 (cum
708 409 815 446 postea
839 404 945 447 plures
974 405 1081 437 sericis
1113 410 1206 437 utan-

473 456 536 498 tur)
562 461 594 488 ut
618 462 763 489 tenentur
787 458 938 500 praedicti
960 458 1125 490 iuramenti
1142 458 1208 489 vin-

473 509 558 549 culo,
590 514 620 541 ct
651 519 713 542 non
744 510 933 543 erubescunt
964 517 1073 544 contra
1099 521 1206 543 eorum

473 562 638 604 proprium
658 562 868 595 iuramentum
886 564 1060 607 praedictas
1074 563 1210 596 laudabi-

474 615 517 646 les
535 615 773 649 constitutiones
788 622 817 649 et
830 622 944 649 statuta
958 618 989 649 in
1003 618 1068 649 dies
1079 617 1210 649 diversis

474 667 748 701 commissionibus
777 680 794 701 a
820 672 908 702 sacra
937 671 1099 712 signatura
1124 669 1211 702 iusti-

474 720 534 752 tiae
555 726 753 764 extorquere,
771 726 800 756 et
817 723 847 755 in
864 728 1078 766 contemptum
1092 723 1212 766 praedi-

474 778 596 806 ctorum
629 775 830 808 dominorum
863 776 1027 809 custodum
1053 776 1210 818 guberna-

475 832 577 859 torum
602 828 833 871 praed1ctorum
859 829 1064 871 collegiorum
1090 835 1120 862 et
1144 840 1212 862 cau-

474 890 539 912 sam
565 885 594 912 et
613 892 721 914 causas
746 887 983 925 practensarum
1010 882 1211 915 iactationum

475 938 505 965 et
530 933 783 967 molestationum
818 941 927 967 contra
950 936 1126 978 praedictos
1151 936 1209 969 do-

477 986 578 1019 minos
604 987 748 1020 custodes
765 988 992 1030 gubernatores
1013 994 1042 1020 et
1067 988 1212 1032 praeses¹

476 1040 670 1080 eorumdem,
695 1041 844 1083 illamque
869 1046 899 1073 et
923 1041 991 1073 illas
1015 1041 1147 1074 diversis
1171 1042 1214 1074 iu-

477 1092 598 1126 dicibus
623 1093 820 1126 committere
845 1094 1043 1135 desiderant,
1069 1100 1098 1127 et
1122 1105 1210 1127 com-

477 1146 613 1187 mittunt,
632 1151 662 1180 et
680 1148 833 1180 committi
854 1148 1067 1191 obtinuerunt,
1084 1148 1156 1181 licet
1172 1149 1215 1181 in-

477 1199 582 1232 debite
594 1206 623 1232 et
637 1201 775 1240 nulliter,
790 1212 860 1233 cum
876 1202 952 1234 nulli
973 1203 1064 1235 liceat
1078 1208 1215 1246 praeter-

478 1264 571 1296 quam
590 1254 729 1287 Pontifici
749 1255 899 1294 Romano,
914 1259 943 1288 et
960 1256 1090 1299 propria
1119 1256 1215 1299 ipsius

478 1307 650 1349 signatura,
659 1307 777 1340 similes
788 1319 892 1341 sacras
902 1309 1140 1342 constitutiones
1149 1320 1216 1353 per-

479 1364 618 1399 mutare;
636 1360 774 1393 volentes
792 1361 888 1403 igitur
907 1362 1071 1394 calumniis
1088 1367 1118 1395 et
1137 1363 1217 1395 frau-

479 1412 570 1444 dibus
595 1413 775 1446 huiusmodi
808 1414 957 1454 obviare,
989 1420 1082 1458 prout
1108 1421 1216 1448 nostro

479 1465 633 1498 incumbit
656 1467 758 1499 officio
784 1468 943 1510 pastorali,
972 1478 1008 1500 ac
1032 1468 1216 1511 providere,

480 1525 566 1552 motu
587 1520 691 1560 simili,
709 1532 746 1553 ex
771 1523 854 1553 certa
872 1523 979 1554 nosti-a
997 1522 1136 1563 scientia,
1154 1533 1218 1555 om-

479 1582 534 1605 nes
561 1577 590 1606 et
614 1574 752 1616 singulas
777 1584 886 1607 causas
910 1575 1085 1617 praedictas
1110 1586 1216 1608 coram

479 1626 731 1669 quibuscumque
763 1628 938 1670 iudicibus,
964 1633 1025 1660 tam
1051 1628 1218 1661 ordinariis

480 1690 572 1722 quam
599 1681 834 1721 commissariis,
851 1685 881 1714 et
902 1687 963 1713 tam
989 1682 1172 1715 commissas
1190 1688 1219 1715 et

480 1733 660 1776 pendenteS,
685 1744 777 1776 quam
804 1734 835 1766 in
858 1735 998 1767 futurum
1024 1735 1219 1768 committen-

481 1785 546 1826 das,
563 1796 619 1829 per
643 1787 798 1829 praefatos
823 1787 982 1820 scholares
1011 1793 1041 1820 et
1057 1799 1166 1821 omnes
1187 1789 1217 1820 in

481 1840 621 1881 collegiis
647 1840 832 1881 habitantes,
857 1841 886 1873 in
912 1845 992 1874 statu
1018 1847 1048 1873 et
1077 1841 1218 1874 terminis

481 1892 512 1924 in
537 1893 650 1935 quibus
680 1893 899 1936 reperiuntur,
924 1895 1036 1927 harum
1069 1896 1149 1927 serie
1181 1896 1218 1928 ad

481 1955 537 1978 nos
561 1957 738 1987 avocamus,
760 1952 789 1979 et
813 1947 902 1980 dictis
927 1948 1086 1981 modernis
1107 1954 1136 1981 et
1160 1959 1219 1992 pro

482 2003 623 2042 tempore
640 2000 821 2033 custodibus
839 2000 994 2033 dictorum
1013 2001 1218 2044 collegiorum

482 2051 757 2093 gubernatoribus,
772 2059 802 2085 et
818 2054 959 2086 omnium
976 2054 1007 2086 in
1021 2054 1112 2087 dictis
1126 2055 1220 2087 colle-

483 2104 542 2147 giis
559 2105 765 2138 habitantium
782 2112 811 2139 et
831 2107 887 2139 sub
906 2118 1014 2140 corum
1031 2108 1152 2140 statutis
1169 2108 1220 2141 de-

483 2159 623 2200 gentium
642 2159 796 2192 iudicibus
809 2161 976 2193 ordinariis
993 2162 1220 2195 committimus

484 2216 513 2245 ct
543 2212 727 2245 mandamus
752 2214 921 2246 audiendas
950 2218 979 2247 et
1010 2215 1220 2248 terminandas

484 2264 568 2296 iuxta
592 2266 724 2298 sormam
756 2266 987 2309 praedictorum
1014 2268 1219 2310 collegiorum

484 2318 715 2360 praedictarum
749 2320 1004 2352 constitutionum
1030 2325 1061 2352 et
1084 2326 1218 2354 statuto·-

484 2380 565 2409 rum,
591 2381 660 2403 cum
687 2371 832 2404 omnibus
857 2382 966 2405 corum
993 2372 1221 2413 incidentibus,

485 2422 729 2465 dependentibus
750 2426 994 2468 emergentibus,
1018 2427 1166 2459 connexis
1193 2432 1223 2460 et

485 2477 630 2515 annexis,
666 2478 794 2521 insuper
830 2479 1011 2512 mandantes
1044 2484 1078 2512 ut
1110 2483 1223 2513 statuta

524 2549 532 2573 1
557 2547 650 2582 Aptius
667 2548 692 2574 in
709 2548 758 2575 loc.
776 2550 869 2584 pai-all.
887 2550 983 2584 legitur
995 2553 1104 2585 palres,
1121 2551 1162 2577 vel
1183 2551 1222 2578 le-

485 2591 600 2626 gendum
614 2594 762 2626 praesides
777 2598 822 2620 aut
834 2595 997 2628 praesidem
1014 2597 1053 2629 (n.
1069 2597 1115 2628 Τ.).

1050 198 1227 221 BULLARIUM
1252 195 1406 221 ROMANUM

1241 246 1448 287 collegiorum
1471 244 1665 288 simpliciter,
1682 250 1716 277 ut
1736 246 1846 286 iacent,
1863 245 1976 279 intelli-

1241 305 1364 340 gantur,
1389 299 1482 331 nullis
1506 298 1618 331 additis
1643 299 1828 331 commentis
1848 309 1900 332 seu
1926 309 1977 332 ca-

1241 351 1452 383 villationibus
1477 361 1493 383 a
1518 350 1684 384 causidicis
1709 350 1861 390 inventis3
1889 361 1977 384 man-

1242 404 1349 437 dantes
1381 405 1473 437 etiam
1508 410 1558 445 ut,
1591 405 1643 448 qui
1670 404 1841 437 secundum
1866 409 1978 437 statuta

1242 459 1459 492 conclusiones
1479 468 1542 490 non
1562 458 1728 491 habuerint
1750 458 1830 490 infra
1854 463 1979 501 tempus

1243 511 1482 551 constitutum¹,
1509 511 1576 554 ipso
1601 512 1699 550 sacto,
1724 511 1789 543 sine
1821 511 1885 543 ulla
1917 520 1982 543 mo-

1243 564 1370 605 nitione,
1389 574 1406 596 a
1426 564 1566 606 collegiis
1584 564 1789 607 expellantur,
1807 568 1838 596 et
1853 563 1905 596 alii
1922 573 1981 606 pro

1244 617 1280 649 iis
1294 617 1529 659 substituantur,
1543 622 1573 650 et
1590 622 1742 659 cogantur
1755 626 1905 660 expensas
1922 616 1982 649 col-

1244 670 1333 712 legiis
1358 670 1553 713 persolvere;
1572 670 1764 703 declarantes
1784 669 1914 713 insuper
1932 679 1983 702 au-

1245 722 1387 755 ctoritate
1401 725 1509 756 nostra
1526 723 1698 767 apostolica
1716 733 1774 766 per
1792 727 1982 766 praesentes,

1245 782 1306 808 tam
1338 776 1456 809 iudices
1493 776 1668 809 ordinarios
1700 786 1792 820 quam
1829 775 1981 808 commis-

1246 830 1344 862 sarios
1372 830 1489 862 nullam
1518 829 1641 872 penitus
1667 829 1913 862 iurisdictionem
1931 828 1984 861 ha-

1246 883 1321 916 here
1349 893 1404 915 seu
1421 883 1563 916 obtinere
1584 893 1675 926 posse
1701 883 1732 915 in
1756 882 1934 925 collegiales
1954 886 1985 918 et

1247 946 1355 969 omnes
1381 936 1411 968 in
1436 936 1526 969 dictis
1556 936 1697 978 collegiis
1732 935 1928 976 habitantes,
1955 939 1985 967 et

1247 999 1355 1022 omnes
1381 994 1410 1022 et
1434 989 1573 1032 singulas
1606 988 1843 1022 commissiones
1867 988 1899 1020 in
1922 998 1982 1031 po-

1247 1048 1365 1075 sterum
1384 1043 1605 1086 impetrandas,
1622 1048 1651 1075 et
1669 1043 1769 1075 adhuc
1789 1043 1982 1086 impetratas,

1249 1100 1309 1129 tam
1335 1095 1392 1127 sub
1417 1096 1543 1128 nomine
1567 1095 1697 1128 alicuius
1722 1095 1866 1138 collegii,
1891 1104 1986 1139 quam

1248 1150 1484 1193 particularium
1501 1150 1530 1182 in
1548 1149 1681 1192 collegio
1705 1160 1758 1182 seu
1779 1149 1920 1192 collegiis
1936 1148 1988 1181 ha-

1250 1203 1429 1242 bitantium,
1454 1209 1516 1235 tam
1542 1203 1579 1235 de
1605 1203 1801 1235 scholaribus
1825 1201 1988 1235 admitten-

1249 1257 1295 1289 dis
1319 1262 1349 1289 et
1374 1256 1580 1295 removendis,
1597 1257 1697 1289 nullas
1722 1261 1752 1288 et
1776 1255 1937 1296 invalidas,
1957 1259 1988 1287 et

1249 1310 1364 1343 nullius
1389 1310 1512 1343 roboris
1538 1320 1573 1342 ac
1599 1309 1747 1342 momenti
1772 1309 1839 1342 fore
1856 1314 1886 1342 et
1910 1318 1987 1350 esse,

1249 1364 1431 1407 nullamque
1446 1364 1476 1396 in
1501 1363 1639 1396 futurum
1665 1363 1804 1396 tribuere
1828 1362 1920 1395 alicui
1944 1362 1989 1394 iu-

1250 1417 1309 1448 dici
1329 1416 1490 1449 ordinario
1504 1416 1550 1448 vel
1569 1416 1711 1459 delegato
1729 1415 1988 1456 iurisdictionem,

1253 1470 1302 1501 cui
1317 1469 1363 1502 rel
1377 1469 1491 1512 quibus
1508 1469 1711 1502 commissum
1729 1468 1833 1509 suerit,
1846 1468 1893 1500 vel
1908 1478 1990 1501 com-

1251 1522 1429 1555 mitteretur
1454 1522 1485 1555 in
1509 1523 1666 1561 futurum,
1687 1527 1717 1554 et
1741 1522 1879 1555 volentes
1904 1520 1989 1564 quod

1251 1575 1513 1620 quandocumque
1552 1575 1703 1619 praedicti
1743 1575 1902 1608 scholares
1940 1573 1988 1607 vel

1252 1629 1364 1672 aliquis
1383 1639 1493 1661 eorum
1519 1628 1673 1661 senserint
1692 1627 1730 1660 de
1755 1627 1860 1670 aliqua
1883 1626 1991 1659 defini-

1252 1682 1314 1714 tiva
1346 1692 1401 1714 seu
1425 1681 1578 1714 sententia
1610 1680 1829 1721 declaratoria,
1862 1679 1989 1713 ferenda

1252 1745 1308 1778 per
1325 1735 1424 1768 dictos
1441 1746 1499 1778 pro
1525 1740 1666 1778 tempore
1690 1733 1844 1774 custodes,
1865 1743 1898 1766 se
1921 1743 1990 1776 gra—

1253 1793 1350 1829 vatos,
1374 1788 1458 1831 quod
1489 1793 1562 1820 tunc
1586 1798 1749 1820 recursum
1774 1786 1892 1820 habere
1916 1796 1989 1830 pos-

1253 1842 1313 1875 sint
1343 1842 1381 1874 ad
1413 1842 1543 1874 dilectos
1563 1842 1645 1874 filios
1676 1846 1799 1874 nostros
1825 1851 1884 1884 pro
1906 1844 1986 1873 tem-

1254 1905 1330 1938 pore
1355 1894 1445 1927 Urbis
1464 1900 1712 1935 conservatores,
1730 1899 1888 1938 tamquam
1914 1892 1991 1926 iudi-

1254 1958 1304 1980 ces
1330 1947 1586 1991 appellationum,
1611 1953 1640 1980 et
1663 1958 1726 1981 non
1746 1947 1784 1979 ad
1808 1947 1886 1979 alios
1910 1946 1990 1979 iudi-

1254 2011 1321 2040 ces;
1348 2001 1444 2033 immo
1469 2001 1543 2045 ipsis
1560 2001 1716 2033 iudicibus
1737 2005 1798 2032 tam
1823 1999 1991 2032 ordinariis

1254 2065 1346 2098 quam
1373 2055 1597 2088 commissariis
1622 2054 1810 2096 inhibemus,
1835 2053 1991 2096 praecipi-

1254 2120 1323 2142 mus
1348 2113 1377 2142 et
1400 2108 1600 2148 mandamus,
1617 2111 1780 2151 quatenus,
1801 2107 1859 2139 sub
1882 2106 1991 2150 poenis

1255 2161 1610 2201 excommunicationis,
1644 2160 1855 2204 suspensionis
1879 2163 1909 2194 et
1939 2159 1989 2192 in-

1255 2215 1388 2255 terdicti,
1406 2225 1441 2248 ac
1461 2220 1586 2247 nostrae
1611 2214 1844 2257 indignationis,
1869 2213 1993 2246 anathe-

1256 2269 1355 2309 matis,
1373 2279 1408 2301 ac
1426 2269 1511 2301 mille
1528 2268 1713 2300 ducatorum
1731 2267 1799 2300 auri
1817 2266 1886 2311 ipso
1911 2267 1991 2299 sacto

1256 2332 1399 2355 camerae
1420 2326 1544 2354 nostrae
1569 2320 1839 2364 applicandorum,
1860 2319 1884 2352 si
1903 2329 1992 2352 secus

1256 2375 1395 2415 fecerint,
1412 2374 1495 2418 quod
1512 2373 1601 2415 absit,
1615 2384 1632 2406 a
1649 2374 1764 2417 quibus
1777 2373 1886 2417 quovis
1900 2372 1993 2406 modo

1256 2427 1382 2460 liberari
1407 2437 1469 2460 non
1493 2426 1628 2470 possint,
1656 2430 1877 2470 praeterquam
1902 2436 1919 2458 a
1942 2435 1993 2458 no-

1256 2481 1321 2521 bis,
1342 2480 1391 2513 vel
1414 2490 1474 2523 pro
1499 2485 1640 2523 tempore
1664 2480 1805 2513 Romano
1828 2478 1992 2518 Pontifice;

1293 2552 1302 2576 1
1326 2550 1445 2577 Pessime
1469 2549 1533 2577 edit.
1560 2549 1639 2577 Main.
1665 2549 1730 2584 legit
1754 2549 1992 2577 constitutionum

1255 2598 1295 2629 (n.
1312 2597 1357 2628 T.).

2191 0 2202 55 1Ξ

1997 197 2045 224 An.
2062 197 2091 225 c.
2107 188 2169 226 ¹6&
2194 180 2199 243 1
