2243 3205
12 193 61 222 An.
79 192 108 220 G.
124 191 193 219 1658

800 190 987 215 ALEXANDER
1011 190 1055 214 vu
1079 190 1127 214 PP.

206 237 382 282 adimpletis
403 241 433 271 et
448 239 638 283 supportatis
658 239 746 283 prius
771 237 881 271 exinde
899 248 945 271 so-

206 292 268 325 litis
293 295 323 326 et
346 293 503 326 consuetis
528 293 677 326 oneribus
703 293 786 325 iuxta
810 292 944 325 sormam

206 345 390 379 eorumdem
420 350 608 379 statutorum
636 357 690 379 seu
719 344 942 378 stabilimento-

204 409 287 439 rum,
305 409 380 431 usus
401 402 430 432 et
445 399 608 432 utilitatem
628 401 821 439 convertere,
839 397 944 440 magni

206 451 349 494 magistri
384 451 547 495 hospitalis
582 451 734 495 praedicti
766 456 795 484 et
829 450 944 494 prioris

205 503 342 537 cuiusvis
359 504 527 548 prioratus,
542 515 558 537 a
578 516 640 548 quo
661 503 876 548 praeceptoria
890 514 945 536 seu

205 557 391 590 commenda
423 568 592 601 suppressa
625 563 654 591 et
679 557 811 590 extincta
837 556 944 590 liuius-

206 609 290 643 modi
315 610 446 643 anteliae
466 610 571 644 forsan
591 610 797 655 dependebat,
822 619 944 643 necnon

205 661 381 695 dioecesani
397 662 457 696 loci
471 663 517 696 vel
532 663 668 696 cuiusvis
678 663 805 696 alterius
820 663 945 697 licentia

979 249 1196 282 quaecumque
1211 238 1378 273 tribunalia
1391 238 1553 283 hospitalis
1568 238 1720 283 praedicti

979 294 1007 324 et
1032 291 1108 324 alios
1138 292 1296 334 quoslibet
1332 293 1439 335 quavis
1474 292 1659 325 auctoritate
1692 296 1722 323 et

978 348 1128 387 potestate
1146 344 1310 387 fungentes
1327 351 1353 378 et
1377 345 1639 389 quandocumque
1656 345 1720 377 suu-

979 402 1095 437 cturos,
1113 397 1234 432 sublata
1256 399 1299 431 eis
1321 404 1350 431 et
1371 410 1480 431 eorum
1504 399 1631 431 cuilibet
1651 409 1722 442 qua-

980 450 1023 482 vis
1043 450 1133 483 aliter
1148 450 1302 484 iudicandi
1325 455 1352 484 et
1374 451 1598 494 interpretandi
1626 452 1721 485 sacul-

979 507 1039 537 tate
1075 509 1101 536 et
1141 504 1347 544 auctoritate,
1374 503 1504 536 iudicari
1538 510 1566 536 et
1598 504 1721 540 deliniri

978 556 1102 597 debere,
1116 567 1151 590 ac
1166 557 1288 591 irritum
1310 564 1337 590 et
1354 558 1452 598 inane,
1475 557 1497 589 si
1520 568 1608 590 secus
1625 569 1722 603 super

979 610 1026 643 his
1044 621 1061 642 a
1078 621 1246 654 quoquam,
1261 611 1369 654 quavis
1382 610 1721 651 auctoritate,scienter

980 663 1026 696 rel
1049 663 1241 706 ignoranter,
1268 664 1435 707 eontigerit
1460 664 1613 697 attentari.

1624 181 1688 215 335
1734 189 1782 216 An.
1800 189 1828 216 c.
1848 187 1914 217 1658

206 714 342 759 desuper
366 715 495 748 minime
519 716 680 760 requisita.

251 768 266 812 ἓ
290 768 318 801 ΕΖ.
344 769 551 802 Decernentes
576 775 756 813 praesentes
773 769 891 802 litteras
917 774 946 802 et

207 821 238 854 in
253 821 296 854 eis
311 826 456 854 contenta
469 832 696 866 quaecumque,
711 823 768 856 sub
784 827 947 867 praetextu

1795 732 1920 752 praesentes

1026 717 1040 760 ξ
1064 716 1092 750 .’3.
1118 717 1269 756 Quocirca
1288 717 1407 750 dilectis
1433 716 1504 749 siliis
1522 717 1637 750 nostris
1656 729 1721 751 mo-

980 770 1085 804 dernis
1100 776 1129 804 et
1147 782 1204 815 pro
1225 776 1369 815 tempore
1388 771 1590 804 existentibus
1607 773 1721 805 nostris
1737 759 1920 831 ζ’,ἷζέῖἶῖιῃὲυοὴιῖἶὶ

1737 819 1756 832 ni
1768 818 1796 831 :us
1813 818 1823 830 n
1835 818 1869 832 uset
1878 818 1920 831 iatri

981 829 1011 857 et
1035 824 1123 858 Sedis
1148 825 1344 869 Apostolieae
1375 825 1406 857 in
1439 824 1662 865 Romandiola‚
1687 836 1722 858 ac
1738 839 1830 859 „mun

982 877 1104 911 civitate
1129 881 1158 912 et
1187 878 1301 911 ducatu
1327 877 1523 911 Urbinatensi
1556 877 1594 910 de
1626 877 1722 911 latere

24 811 28 815 ⁵
38 785 147 806 Decretum
163 785 190 805 ir·

13 813 82 833 mans.

207 873 291 917 quod
322 884 455 916 magnus
484 875 633 918 magister
661 886 715 908 seu
744 875 831 919 prior
853 886 946 920 prue-

206 925 303 967 dieti,
329 926 376 958 vel
401 926 593 971 quicumque
624 927 675 961 alii
709 928 739 960 in
765 928 947 972 praemissis

207 979 312 1013 forsan
328 979 478 1013 interesse
492 981 650 1023 habentes,
669 993 724 1015 seu
742 982 858 1015 habere
874 993 949 1026 quo-

209 1033 380 1066 modolibet
404 1034 653 1078 praetendentes,
672 1035 771 1068 vocati
798 1045 860 1068 non
885 1036 949 1068 fne-

207 1086 288 1126 rint,
312 1097 369 1119 seu
393 1097 429 1119 ex
454 1087 615 1130 quibusvis
640 1088 708 1120 aliis
733 1087 947 1131 praetextibus

208 1145 237 1173 et
261 1140 362 1173 causis
387 1141 586 1184 quantumvis
611 1141 759 1184 legitimis
790 1146 818 1174 et
844 1141 947 1173 iustis-

208 1193 303 1236 simis,
329 1194 414 1227 nullo
436 1204 575 1238 unquam
598 1200 739 1238 tempore
759 1194 797 1227 de
822 1194 949 1237 subrep-

208 1247 301 1281 tionis
326 1247 371 1280 vel
397 1247 603 1292 obreptionis,
623 1260 677 1281 seu
695 1247 845 1280 nullitatis
864 1247 947 1287 vitio,

206 1307 259 1336 aut
279 1302 459 1336 intentionis
484 1308 620 1343 nostrae,
646 1302 692 1335 vel
718 1302 866 1346 quopiam
888 1301 948 1334 alio

208 1357 340 1397 defectu,
373 1367 409 1389 ex
443 1356 553 1400 quovis
578 1356 680 1400 eapite
706 1356 751 1388 vel
778 1357 870 1388 causa
894 1365 949 1388 no-

210 1410 284 1451 tari,
310 1410 511 1454 impugnari,
537 1420 590 1443 seu
616 1410 647 1442 in
673 1410 719 1455 ius
756 1410 801 1442 rel
828 1414 950 1443 contro-

210 1464 344 1498 versiam
365 1464 481 1505 vocari,
502 1469 554 1497 aut
571 1468 679 1498 eontra
703 1474 754 1496 eas
779 1463 951 1508 quomodo-

209 1518 285 1551 libet
296 1518 410 1562 opponi
423 1528 524 1562 posse,
536 1518 589 1551 sed
607 1528 730 1561 semper
744 1523 774 1550 et
786 1522 950 1561 perpetuo,

211 1583 247 1606 ac
272 1572 357 1606 omni
383 1577 527 1616 tempore
551 1572 670 1612 firmas,
696 1571 811 1604 validas
837 1577 866 1604 et
891 1570 952 1604 effi-

211 1636 299 1659 caces
324 1625 468 1667 existere,
493 1636 550 1658 nec
575 1625 633 1658 sub
660 1625 730 1657 ullis
755 1624 883 1658 omnino
916 1624 953 1657 si-

211 1678 331 1712 milium
369 1679 415 1711 vel
451 1678 650 1711 dissimilium
690 1678 883 1711 erectionum
924 1682 953 1710 et

211 1732 343 1765 aliarum
369 1732 541 1775 gratiarum
569 1731 838 1771 revocationibus,
864 1730 949 1763 limi-

212 1786 391 1829 tationibus,
413 1785 672 1830 suspensionibus
697 1790 727 1817 et
751 1784 819 1817 aliis
834 1789 954 1817 contra-

213 1840 266 1873 riis
279 1840 537 1884 dispositionibus
551 1838 788 1883 comprehendi,
806 1837 861 1871 sed
877 1848 954 1870 sem-

212 1904 270 1937 per
286 1893 325 1926 ab
345 1893 404 1926 illis
421 1897 574 1937 exceptas,
593 1898 633 1932 et,
647 1892 768 1936 quoties
786 1892 856 1924 illae
874 1901 955 1924 ema-

212 1946 352 1987 nabunt,
379 1947 468 1979 toties
500 1946 531 1978 in
563 1946 729 1989 pristinum
764 1951 793 1977 et
826 1955 897 1978 eum
924 1945 954 1976 in

212 2011 274 2045 quo
300 2006 388 2033 antea
413 2005 501 2032 erant
527 2005 640 2032 statum
668 1999 835 2041 restitutas,
863 2009 954 2042 repo-

213 2055 286 2087 sitas
311 2059 341 2087 et
366 2054 504 2097 plenarie
527 2053 741 2096 reintegratas,
760 2063 795 2085 ae
815 2052 852 2084 de
873 2062 954 2085 novo

214 2108 308 2141 etiam
325 2107 383 2140 sub
396 2106 565 2151 posteriori
580 2107 649 2140 data
663 2117 719 2150 per
737 2117 799 2146 eos,
818 2116 954 2150 quorum

216 2160 375 2200 intererit,
409 2160 671 2204 quandocumque
708 2160 850 2203 eligenda
886 2169 956 2192 con-

215 2225 327 2256 cessas,
348 2213 526 2256 validasque
552 2219 580 2245 et
606 2214 747 2246 efficaces
774 2214 848 2253 sore,
867 2223 954 2246 suos-

214 2279 276 2312 que
300 2266 460 2311 plenarios
485 2272 514 2299 et
539 2266 676 2309 integros
694 2266 821 2299 effectus
839 2266 956 2307 sortiri,

215 2332 251 2354 ae
275 2321 354 2361 illis,
380 2320 416 2352 ad
443 2330 520 2363 quos
546 2330 603 2363 pro
628 2325 769 2363 tempore
794 2319 956 2363 spectabit,

215 2379 368 2418 perpetuo
395 2373 575 2417 plenissime
594 2373 778 2416 suffragari,
805 2373 911 2416 sicque
929 2378 957 2405 et

216 2437 278 2462 non
303 2427 393 2460 aliter
418 2438 473 2470 per
497 2436 713 2470 quoscumque
735 2426 851 2459 iudices
874 2426 958 2459 ordi-

217 2480 321 2513 narios
336 2485 365 2512 et
379 2480 547 2522 delegatos,
560 2479 651 2512 etiam
668 2489 831 2512 causarum
852 2480 956 2523 palatii

218 2533 379 2577 apostolici
406 2533 574 2573 auditores,
593 2543 626 2564 ae
653 2533 791 2565 eiusdem
819 2533 847 2565 S.
870 2534 902 2565 lt.
925 2533 956 2565 E.

219 2580 401 2627 ctffdinales,
420 2587 511 2619 ctiam
528 2586 565 2617 ‹le
582 2587 676 2619 latere
692 2587 819 2629 legatos,
838 2597 957 2620 necnon

982 932 1105 974 legatis,
1121 943 1294 976 eorumque
1314 932 1501 974 vicelegatis,
1520 942 1641 965 necnon
1656 943 1723 965 eau-

982 995 1088 1017 sarum
1123 985 1228 1017 euriae
1265 995 1408 1018 camerae
1444 984 1634 1028 apostolicae
1670 995 1723 1027 ge-

981 1038 1079 1070 nerali
1106 1037 1251 1078 auditori,
1270 1048 1326 1082 per
1349 1042 1529 1081 praesentes
1554 1038 1723 1070 committi-

983 1101 1051 1123 mus
1069 1095 1098 1123 et
1117 1091 1310 1133 mandamus,
1330 1094 1483 1134 quatenus
1505 1090 1572 1134 ipsi,
1588 1091 1633 1123 vel
1652 1091 1724 1127 duo.

982 1150 1034 1176 aut
1059 1154 1140 1177 unus
1166 1154 1290 1183 eorum,
1309 1155 1365 1188 per
1383 1155 1432 1183 se,
1459 1144 1505 1176 vel
1531 1144 1645 1184 alium,
1671 1155 1726 1176 seu

983 1197 1070 1237 alios,
1092 1197 1215 1230 easdem
1238 1203 1417 1241 praesentes
1434 1197 1554 1229 litteras
1579 1202 1608 1228 et
1634 1196 1663 1228 in
1682 1196 1726 1229 eis

983 1255 1128 1283 contenta
1146 1260 1374 1294 quaecumque,
1391 1250 1444 1282 ulii
1462 1254 1490 1283 et
1504 1249 1628 1293 quando
1646 1260 1726 1293 opus

983 1304 1086 1344 suerit,
1112 1310 1142 1336 et
1165 1304 1288 1348 quoties
1302 1315 1359 1348 pro
1374 1309 1463 1348 parte
1483 1309 1725 1347 praeceptorum

984 1368 1038 1390 seu
1063 1358 1403 1391 commendatariorum
1423 1358 1517 1390 trium
1542 1363 1727 1401 praecepto-

983 1411 1102 1444 riarum
1139 1422 1193 1444 seu
1219 1411 1477 1444 commendaruru
1503 1422 1560 1454 per
1584 1421 1729 1454 praesen-

988 1471 1032 1498 tes
1068 1470 1244 1498 ereetarum
1280 1465 1482 1506 huiusmodi,
1509 1476 1563 1497 seu
1597 1465 1728 1497 alicuius

986 1528 1107 1559 eorum,
1126 1518 1241 1551 suerint
1262 1518 1414 1562 requisiti,
1432 1518 1613 1551 solemnium
1630 1518 1728 1562 publi-

986 1578 1101 1613 cantes,
1128 1572 1236 1616 eisque
1262 1572 1292 1604 in
1317 1571 1498 1615 praemissis
1523 1572 1658 1604 ellieacis
1679 1571 1728 1604 tle-

988 1626 1135 1660 sensionis
1159 1626 1315 1670 praesidio
1337 1626 1525 1665 assistentes,
1543 1625 1655 1658 saciant
1679 1637 1729 1658 au-

987 1680 1129 1713 ctoritate
1146 1682 1252 1713 nostra
1275 1679 1398 1712 easdem
1414 1684 1594 1723 praesentes
1611 1679 1729 1712 litteras

988 1738 1017 1765 et
1038 1733 1067 1764 in
1089 1733 1132 1765 eis
1157 1738 1302 1766 contenta
1319 1732 1497 1765 huiusmodi
1516 1732 1554 1764 ab
1573 1732 1730 1773 omnibus,

987 1786 1024 1818 ad
1051 1797 1129 1829 quos
1143 1791 1263 1829 spectat
1284 1791 1312 1818 et
1329 1796 1388 1829 pro
1409 1792 1551 1829 tempore
1570 1785 1729 1829 spectabit,

989 1840 1211 1873 inviolabiliter
1236 1840 1408 1881 observari,
1427 1850 1488 1873 non
1514 1839 1730 1883 permittentes

988 1893 1068 1933 illos,
1089 1893 1137 1926 rel
1162 1893 1340 1937 quempiam
1363 1903 1397 1926 ex
1420 1893 1473 1935 eis,
1501 1903 1557 1937 per
1582 1903 1728 1936 magnum

989 1947 1187 1990 magistrum,
1213 1957 1266 1980 seu
1293 1947 1474 1986 consilium,
1503 1951 1555 1979 ant.
1579 1947 1730 1990 priorem,

989 2000 1105 2034 aliosve
1140 2010 1356 2044 quoscumque
1386 2000 1458 2033 dicti
1490 2000 1652 2044 hospitalis
1685 2000 1730 2032 vel

989 2054 1066 2087 alios
1091 2054 1247 2098 quoslibet
1272 2054 1407 2097 desuper
1427 2064 1554 2098 quoquo
1580 2054 1673 2087 modo
1691 2054 1732 2086 in-

990 2106 1092 2141 debite
1108 2107 1279 2147 molestari,
1293 2107 1471 2151 perturbari
1491 2107 1535 2139 rel
1551 2107 1731 2150 inquietari;

990 2160 1239 2193 contradictores
1275 2161 1425 2204 quoslibet
1464 2167 1493 2193 et
1521 2161 1652 2193 rebelles
1677 2170 1733 2204 per

991 2214 1180 2254 sententias,
1212 2225 1360 2247 censuras
1393 2221 1418 2247 et
1456 2225 1585 2258 poenas⁷
1611 2214 1733 2257 aliaque

991 2271 1170 2310 opportuna
1189 2268 1265 2300 iuris
1291 2274 1319 2301 et
1344 2268 1412 2300 sar-ti
1430 2267 1575 2307 remedia,
1594 2267 1732 2311 appella-

993 2320 1075 2353 tione
1108 2321 1292 2364 postposita,
1312 2321 1553 2365 compescendo,
1575 2320 1734 2363 legitimis-

992 2384 1052 2417 que
1078 2384 1171 2418 super
1198 2375 1245 2407 liis
1271 2375 1422 2407 habendis
1451 2374 1581 2407 servatis
1610 2384 1733 2418 proces-

993 2427 1088 2469 sibus,
1108 2428 1286 2468 sententias,
1305 2438 1453 2461 censuras
1470 2433 1496 2461 et
1516 2437 1633 2471 poenas
1652 2427 1732 2472 ipsas

993 2482 1084 2513 etiam
1119 2481 1236 2513 iteratis
1261 2481 1381 2514 vicibus
1406 2481 1620 2525 aggravando,
1647 2481 1733 2513 invo-

993 2540 1061 2567 cato
1088 2534 1180 2567 etiam
1205 2535 1242 2566 ad
1268 2535 1337 2575 boe,
1357 2536 1379 2567 si
1398 2546 1477 2578 opus
1496 2535 1597 2574 suerit,
1618 2535 1733 2574 auxilio

993 2588 1111 2620 brat-liii
1134 2588 1291 2620 secularis.
