2243 3205
74 175 123 203 An.
144 174 173 201 C.
193 172 259 200 ¹659

95 1507 235 1530 Confirmatio.

99 2360 207 2383 Decretum
225 2362 251 2385 ir·

73 2388 142 2409 fitam.

864 168 1049 192 ALExANDEn
1072 167 1116 190 VII
1142 167 1188 190 PP.

267 228 325 252 nec
360 217 503 261 regulam
538 216 634 251 Tertii
673 216 798 251 Ordinis
837 215 1007 260 quominus

268 270 374 314 oblati,
391 281 446 304 seu
463 271 644 314 servientes,
667 270 753 303 iuxta
770 275 911 303 tenorem
933 278 1007 302 con-

267 324 465 358 stitutionum
490 324 684 368 generalium
710 323 784 356 dieti
809 322 934 357 Ordinis
957 322 1007 355 de-

267 377 360 410 beant
383 377 510 410 hiennio
536 377 659 420 integro
683 376 825 420 probari,
843 381 882 417 et,
904 385 940 408 eo
959 385 1008 408 ex-

266 431 362 476 pleto,
381 431 419 464 ad
439 431 666 475 professionem
691 430 830 470 admitti;

312 494 343 518 11.
363 485 432 518 Non
456 494 549 529 posse
574 484 694 517 admitti
721 483 759 516 ad
777 483 934 527 caputium
953 493 1007 515 seu

267 542 382 572 statum
403 538 558 572 laicorum
576 538 688 571 fratres
716 537 849 578 oblatos,
870 547 925 570 seu
941 546 1006 570 ser-

267 591 398 632 vientes,
426 591 479 635 qui
504 590 633 624 admissi
661 595 733 623 sunt
764 590 795 622 in
821 589 1006 632 religionem

266 649 336 688 post
352 644 450 677 Breve
469 648 594 677 sanctae
611 643 784 676 memoriae
797 642 914 676 Urbani
931 642 1018 683 VIII,

267 707 339 731 cum
356 697 473 730 dictum
487 697 585 730 Breve
599 696 746 740 loquatur
760 701 878 729 tantum
894 695 933 728 de
946 695 1007 728 illis

266 750 391 791 oblatis,
416 750 469 794 qui
494 755 569 783 tunc
593 749 766 783 existebant
790 750 820 782 in
841 749 975 789 Ordine3

309 812 353 835 111.
379 802 483 835 Dictos
507 802 628 836 oblatos
648 801 686 835 de
709 812 791 835 novo
816 807 958 845 receptos
976 801 1007 834 in

265 861 347 889 statu
371 866 452 889 novo
477 861 507 889 et
529 866 593 889 non
624 855 797 900 approbato
822 865 838 887 a
863 855 882 888 S
918 854 1006 896 Sede,

264 919 328 943 non
352 919 420 942 esse
445 919 535 943 veros
559 908 740 952 religiosos;

309 972 351 996 1v.
378 962 499 996 DIctum
516 962 614 995 Breve
632 961 749 995 Urbani
770 971 832 994 non
852 960 1007 1005 impedire

265 1014 435 1059 quominus
467 1014 662 1059 recipiantur
691 1014 722 1047 in
747 1013 861 1047 Ordine
892 1013 1006 1046 fratres

264 1068 360 1102 oblati
385 1069 470 1101 iuxta
502 1068 635 1102 formam
661 1066 920 1101 constitutionum
945 1076 1002 1109 ge-

264 1121 419 1155 neralium
450 1121 524 1154 dicti
556 1120 651 1155 Tertii
683 1119 807 1154 Ordinis
831 1130 848 1152 a
873 1119 901 1153 S.
928 1119 1006 1153 Sede

264 1174 532 1218 approbatarum,
560 1184 623 1207 non
648 1173 845 1207 obstantibus
869 1173 1001 1217 quibus-

265 1238 399 1271 cumque
423 1227 454 1260 in
482 1226 687 1260 contrarium.

309 1281 436 1314 Romae·
451 1290 482 1313 lx
507 1279 646 1314 octobris
671 1289 796 1313 Mncmx.

354 1334 386 1367 E.
405 1333 574 1378 episcopus
595 1333 834 1374 Camerinensis,
855 1338 965 1366 secret.

353 1387 383 1421 C.
409 1387 453 1421 DE
485 1388 638 1428 Vnecms,
670 1387 764 1430 episc.
795 1386 1005 1428 Clusinensis,

531 1440 559 1474 S.
586 1441 616 1475 C.
643 1440 672 1474 C.
698 1440 887 1473 secretarius
910 1453 937 1473 ».

309 1494 370 1539 56.
388 1494 464 1529 Cum
489 1499 605 1537 autem,
628 1494 708 1527 sicut
734 1493 886 1538 praedicti
911 1504 1005 1538 expo-

264 1553 374 1581 nentes
394 1548 485 1581 nobis
510 1547 614 1581 denuo
639 1548 750 1591 exponi
777 1547 927 1588 fecerunt,
945 1548 1005 1591 ipsi

264 1601 427 1635 decretum
451 1600 655 1641 huiusmodi,
679 1611 738 1645 pro
761 1600 897 1634 firmiori
922 1600 1004 1634 illius

263 1655 474 1698 subsistentia,
486 1654 677 1700 apostolicae
691 1655 939 1688 confirmationis
952 1665 1005 1689 no-

262 1714 345 1743 strae
361 1708 478 1742 robore
495 1708 686 1742 communiri
707 1718 910 1752 summopere
927 1709 1004 1741 desi-

263 1763 384 1803 derent,
401 1773 470 1804 nos,
487 1762 653 1807 specialem
675 1762 750 1806 ipsis
775 1762 1004 1806 exponentibus

264 1816 398 1861 gratiam
423 1815 526 1849 faeere
550 1815 701 1856 volentes,
722 1820 753 1848 et
772 1825 883 1848 eorum
900 1815 1004 1859 singu-

262 1870 345 1903 lares
375 1880 526 1914 personas
551 1879 568 1902 a
591 1869 755 1913 quibusvis
780 1870 1000 1902 excommuni-

264 1922 406 1964 cationis,
426 1928 496 1964 etc.‚
515 1923 629 1956 harum
654 1922 734 1956 serie
759 1922 955 1956 absolventes
975 1929 1005 1956 et

263 1977 422 2010 absolutas
441 1977 509 2010 fore
532 1981 704 2017 censentes,
721 1977 1004 2020 supplicationibus

264 2040 374 2064 eorum
399 2030 527 2063 nomine
543 2030 634 2063 nobis
654 2040 749 2074 super
765 2030 826 2063 hoc
843 2030 1005 2063 humiliter

264 2084 421 2129 porrectis
452 2083 601 2124 inclinati,
626 2083 787 2116 decretum
820 2083 1000 2127 praeinser-

264 2143 343 2180 tum,
359 2137 544 2171 auctoritate
570 2136 753 2180 apostolica,
775 2141 884 2170 tenore
907 2147 1001 2181 prae-

264 2192 411 2233 sentium,
432 2191 659 2226 confirmamus
676 2194 706 2224 et
728 2190 952 2234 approbamus,
974 2191 1005 2223 il-

264 2245 350 2290 lique
367 2244 556 2278 inviolabilis
576 2243 768 2288 apostolicae
785 2243 941 2277 firmitatis
958 2254 1006 2277 ro-

264 2298 325 2332 bur
344 2298 518 2332 adiicimus.

310 2353 325 2397 5
343 2352 371 2386 7.
392 2352 602 2387 Deoe1·nentes
618 2350 743 2383 easdem
763 2355 944 2394 praesentes
960 2350 1006 2383 lit-

266 2412 349 2440 teras
373 2415 498 2450 semper
515 2404 632 2446 sirmas‚
651 2409 719 2444 etc„
738 2403 844 2447 sicque
866 2403 896 2436 in
921 2414 1007 2447 prae-

267 2460 369 2494 missis
393 2469 450 2504 per
470 2467 686 2503 quoscumque
711 2457 839 2498 iudices,
864 2462 932 2498 etc,
958 2457 1008 2490 dc-

267 2514 352 2548 finiri
372 2513 498 2553 debere,
522 2522 558 2545 ac
587 2511 712 2544 irritum
738 2516 768 2544 et
796 2511 886 2544 inane
911 2511 934 2544 si
961 2521 1008 2544 se-

268 2579 334 2609 cus,
351 2572 420 2610 etc„
445 2566 614 2609 contigerit
637 2565 793 2598 attentari.

351 2630 430 2659 Bull.
451 2630 535 2658 Rom.
576 2628 636 2659 Vol.
657 2627 731 2657 XVI.
894 2627 929 2656 66

1688 156 1745 189 5ῗὶ
1799 165 1849 190 Au.
1867 165 1892 190 11.
1913 165 1981 192 tc59

1086 214 1101 258 §J
1126 214 1156 249 8.
1189 215 1258 248 Non
1287 214 1483 248 obstantibus
1518 213 1723 258 praemissis,
1748 223 1784 246 ac
1799 226 1981 248 contrariarum.

1041 268 1317 302 constitutionibus
1335 274 1365 301 et
1390 267 1641 301 ordinationibus
1661 272 1784 312 aposto-

1041 321 1119 364 licis,
1137 321 1313 365 cetcrisque
1334 321 1500 355 contrariis
1520 321 1783 365 quibuscumque.

1085 376 1197 409 Datum
1211 376 1339 416 Romae,
1364 375 1447 419 apud
1479 375 1508 408 S.
1534 375 1662 408 Mariam
1692 375 1785 409 Maio-

1042 440 1120 473 rem,
1143 429 1201 463 sub
1227 429 1343 462 annulo
1358 429 1536 470 piscatoris,
1551 429 1601 463 die
1626 440 1644 462 x
1663 429 1785 463 decem-

1041 482 1106 516 bris
1135 492 1251 516 nncmx
1266 509 1274 523 ,
1290 481 1491 526 pontificatus
1515 482 1616 515 nostri
1642 492 1724 515 anno
1756 493 1782 514 v.

1076 545 1137 572 Dat.
1155 544 1198 571 die
1216 543 1249 571 10
1265 543 1417 571 decembris
1433 544 1511 579 1659,
1528 543 1622 580 pontif.
1641 552 1711 570 anno
1727 551 1752 570 v.

1329 684 1492 719 CCLXXII.

1042 767 1134 808 Quod
1167 766 1322 799 monachi
1356 765 1462 798 sancti
1496 764 1620 797 Basilii
1654 764 1779 807 Hispa-

1084 820 1220 853 niarum
1242 818 1367 862 possint
1392 817 1514 860 deferre
1538 816 1702 849 cucullam
1719 827 1784 849 am-

1082 873 1176 916 plam
1195 872 1344 912 talarem,
1364 870 1578 911 manicatam,
1594 880 1695 914 quam
1712 870 1783 903 ssoe-

1085 936 1156 960 cum
1174 929 1307 959 vocant:
1333 925 1368 958 In
1388 925 1483 958 causa
1499 924 1712 957 Salamantina
1729 935 1784 957 cu-

1085 980 1194 1013 cullae.

1084 1060 1118 1093 In
1143 1058 1390 1102 congregatione
1408 1068 1572 1091 sacrorum
1594 1057 1713 1090 rituum
1735 1067 1783 1090 or·
1824 1075 1982 1095 mmmmm-

1040 1111 1159 1145 dinarit‘i
1175 1112 1282 1145 habita
1295 1121 1401 1144 coram
1417 1110 1631 1153 Sanctissim0‚
1646 1110 1783 1143 eminen-
1798 1107 1982 1149 {lssauffs-L'fflffiwffl'

1040 1165 1179 1198 tissimus
1200 1165 1347 1198 dominus
1372 1164 1539 1197 cardinalis
1556 1163 1720 1197 Azzolinus
1738 1174 1784 1196 re-

1040 1217 1111 1250 tulit
1130 1217 1378 1251 controversiam
1394 1216 1624 1249 monachorum
1637 1215 1666 1248 S.
1679 1215 1782 1248 Basilii

1040 1275 1070 1303 et
1082 1271 1112 1304 S.
1127 1270 1286 1303 Benedicti
1301 1270 1523 1314 Hispaniarum
1541 1280 1637 1313 super
1655 1280 1712 1301 usu
1733 1279 1784 1302 cu-

1040 1325 1140 1357 cullae
1160 1324 1282 1368 amplae
1307 1324 1424 1364 talaris,
1438 1333 1531 1367 quam
1552 1324 1687 1366 floccum
1704 1333 1784 1355 nun-

1040 1382 1173 1422 cupant;
1199 1382 1229 1410 et
1247 1374 1370 1410 iuribus
1396 1377 1561 1420 utriusque
1586 1376 1685 1420 partis
1709 1376 1784 1408 hinc

1041 1431 1112 1464 inde
1136 1441 1259 1464 necnon
1278 1435 1350 1464 voto
1368 1441 1475 1463 sacrae
1496 1435 1587 1462 rotae·
1606 1429 1719 1463 auditis
1748 1439 1784 1462 ac

1041 1490 1163 1517 mature
1187 1484 1374 1528 perpensis,
1401 1484 1553 1517 Sanctitas
1582 1493 1637 1516 sua
1663 1483 1784 1516 censuit

1040 1538 1241 1582 decrevitque
1265 1537 1390 1570 licuisse
1418 1547 1454 1570 ac
1488 1537 1585 1570 licere
1620 1536 1783 1570 monachis

1039 1592 1067 1625 S.
1094 1592 1196 1625 Basilii
1223 1591 1345 1624 deferre
1370 1591 1524 1623 cucullam
1550 1590 1706 1634 amplam,
1730 1596 1779 1622 ta·

1038 1647 1147 1688 larem,
1171 1645 1369 1679 manicatam.
1387 1655 1480 1688 quam
1499 1645 1634 1687 floccum
1659 1649 1780 1686 vocant,

1038 1711 1073 1733 ac
1094 1699 1227 1744 proinde
1246 1698 1493 1732 manutenendos
1511 1708 1578 1730 csse
1592 1698 1622 1730 in
1640 1698 1780 1731 eiusdem

1038 1765 1107 1787 usu.

1083 1808 1137 1841 Die
1162 1816 1248 1841 xxvn
1274 1805 1462 1850 septembris
1488 1814 1613 1838 unctix.

1083 1889 1104 1922 l.
1130 1888 1224 1932 episc.
1251 1887 1430 1921 Sabinensis
1455 1886 1540 1919 card.
1566 1886 1780 1920 SAccimrrus.

1128 1960 1210 1993 Loco
1227 1962 1249 2000 †
1266 1958 1369 2001 sigilli.

1173 2030 1204 2063 F.
1230 2030 1266 2063 M.
1290 2029 1468 2070 Paeanem,
1490 2028 1519 2062 S.
1544 2029 1578 2061 R.
1603 2028 1633 2062 C.
1659 2038 1737 2061 secr.

1233 2119 1401 2145 Alexander
1419 2118 1498 2150 Papa
1518 2117 1585 2149 vn,

1168 2163 1204 2191 ad
1223 2165 1398 2197 perpetuam
1418 2161 1462 2189 rei
1481 2161 1661 2189 memoriam.

1846 2243 1982 2265 conmutatio

1797 2271 1885 2291 decreti.

1084 2244 1099 2287 ἓ
1123 2243 1152 2275 l.
1170 2241 1433 2282 Controversiam,
1454 2240 1535 2273 inter
1552 2240 1682 2273 dilectos
1700 2239 1781 2272 filios

1040 2297 1138 2329 sancti
1164 2296 1267 2329 Basilii
1293 2306 1328 2328 ex
1354 2296 1416 2328 una
1442 2300 1472 2327 et
1499 2294 1597 2326 sancti
1623 2293 1781 2326 Benedicti

1040 2349 1164 2383 Ordinis
1197 2348 1367 2381 monachos
1392 2347 1422 2380 in
1447 2346 1603 2390 Hispaniis
1633 2346 1781 2389 degentes

1041 2414 1077 2436 ex
1094 2403 1191 2436 altera
1212 2401 1352 2446 partibus
1370 2412 1465 2444 super
1482 2411 1539 2433 usu
1564 2400 1706 2433 cucullae
1721 2410 1782 2432 atu-

1042 2457 1120 2501 plae,
1132 2455 1351 2499 talaris,quaui
1365 2455 1499 2497 floccum
1513 2459 1703 2497 nuncupant,
1719 2464 1783 2486 ver-

1043 2515 1167 2552 tentem,
1189 2520 1248 2554 pro
1273 2508 1442 2543 commissa
1465 2507 1556 2541 nobis
1577 2507 1707 2541 caelitus
1732 2518 1783 2551 pa-

1043 2563 1167 2598 storalis
1184 2562 1278 2597 officii
1304 2564 1390 2603 cura,
1408 2561 1470 2595 fine
1489 2561 1594 2596 debito
1612 2561 1782 2595 terminare
