2263 3215
342 219 389 245 An.
409 219 437 246 c.
457 218 523 247 1655
567 210 608 243 46

367 1657 502 1684 Sug-plicatio.

369 2291 471 2311 uncinata
492 2293 522 2312 lit-

344 2321 397 2337 teras
426 2318 522 2339 {antecell-

341 2347 366 2365 tu
381 2344 404 2365 X.

535 267 828 305 consuetudinibus,
858 265 1029 308 privilegiis
1054 276 1192 309 quoque,
1224 267 1270 297 in-

535 321 628 353 dultis
652 327 680 352 et
706 320 815 352 litteris
832 319 1011 362 apostolicis
1029 319 1057 351 in
1076 319 1268 351 contrarium

535 374 776 417 praemissorum
789 372 1020 415 quomodolibet
1032 372 1287 410 concessis‚con-=

535 427 664 458 tirmatis
685 432 711 457 et
741 425 912 464 innovatis;
938 425 1050 467 quibus
1072 425 1217 457 omuibus
1241 430 1270 455 et.

534 479 672 520 singulis,
692 479 815 510 illorum
835 484 958 510 tenores
979 478 1195 521 praesentibus
1213 487 1287 520 pro,

535 532 624 575 plene
642 537 671 563 et
688 532 878 564 sufficienter
894 531 1047 574 expressis
1068 541 1103 563 ac
1120 530 1158 562 de
1175 530 1269 561 verbo
1285 550 1286 557 κ

534 585 570 616 ad
597 585 723 616 verbum
750 585 873 616 insertis
905 584 1074 623 babentes,
1101 584 1160 615 illis
1195 583 1269 614 alias

535 638 563 670 iu
590 648 646 670 suo
672 638 784 669 robore
811 637 1035 680 permansuris,
1060 636 1096 667 ad
1123 636 1270 678 praemis-

534 701 639 723 sorum
666 690 826 728 effectum,
851 691 908 722 hac
927 690 991 721 vice
1011 689 1180 729 dumtaxat,
1198 699 1269 732 spe-

534 744 652 775 cialiter
669 749 697 775 et
717 754 861 786 expresse
875 743 1074 785 derogamus;
1094 742 1269 787 ceterisque

534 796 698 829 contrariis
715 796 973 838 quibuscumque.

579 849 687 881 Datum
701 849 827 887 Romae,
837 848 918 890 apud
930 848 958 879 S.
968 847 1095 880 Mariam
1108 847 1268 887 Maiorem,

534 902 591 935 sub
623 902 737 934 annulo
765 901 950 940 l‘iscatoris,
979 900 1029 933 die
1064 910 1116 933 xtv
1144 901 1267 943 augusti

535 964 648 994 nocnv,
667 954 864 998 pontificatus
881 953 979 986 nostri
993 963 1073 986 anno
1087 963 1105 986 1.

570 1016 626 1043 Dat.
641 1016 684 1043 die
701 1016 731 1042 tt
747 1015 852 1050 augusti
870 1015 954 1048 1055,
972 1014 1065 1049 pontif.
1083 1020 1185 1042 annot.

844 1131 949 1165 xxlx.

536 1204 704 1238 Innovatio
729 1202 915 1235 litterarum
939 1202 1122 1236 Innocentiz'
1140 1202 1170 1235 X
1187 1201 1269 1244 quod

577 1256 844 1289 cimmzendatari’i
860 1256 1058 1288 monasteria
1073 1254 1207 1288 Ordinis
1224 1255 1270 1288 Ci-

578 1310 756 1342 sterm'ensis
780 1310 815 1341 in
840 1309 1061 1341 commendam
1092 1307 1269 1339 obtinentes

578 1363 706 1395 nullam
731 1363 767 1394 in.
790 1363 987 1395 monasteria
1010 1362 1074 1394 sibi
1105 1371 1266 1394 commen-

578 1415 665 1455 daca,
693 1415 799 1458 quoad
824 1426 934 1447 eorum
959 1413 1140 1454 monachos,
1167 1414 1267 1447 iuris-

578 1467 750 1501 dictionem
774 1472 950 1501 exerceant.

726 1540 890 1566 Alexander
911 1540 989 1572 Papa
1010 1539 1076 1572 VII,

676 1584 712 1610 ad
732 1584 864 1610 futuram
884 1585 927 1611 rei
947 1584 1128 1611 memoriam.

579 1644 699 1687 Exponi
734 1645 823 1678 nobis
856 1655 958 1688 nuper
989 1646 1131 1678 fecerunt
1166 1644 1268 1677 dilecti

535 1698 588 1730 silit
614 1699 758 1731 Nicolaus
783 1699 1033 1739 Dunin‚Ordiuis
1057 1698 1270 1732 Cisterciensis

535 1751 566 1783 in
598 1762 694 1793 regno
725 1752 871 1785 Poloniae
903 1752 1037 1784 vicarius
1070 1758 1100 1784 et
1130 1751 1270 1783 visitator

535 1806 700 1847 generalis,
725 1805 900 1848 ceterique⁹
923 1806 1090 1838 coabbates
1113 1805 1268 1837 dictorum

536 1857 658 1890 Ordinis
688 1864 717 1891 et
751 1860 838 1901 regui
864 1870 920 1902 pcr
945 1870 1036 1891 suum
1068 1858 1098 1890 in
1131 1859 1270 1891 Romana

537 1911 622 1943 curia
649 1918 895 1955 procuratorem,
916 1911 1001 1954 quod
1021 1922 1036 1943 a
1055 1911 1152 1943 felicis
1170 1921 1272 1943 reeor-

537 1963 669 1997 dationis
694 1966 873 1997 Innocentio
892 1966 973 2008 Papa
990 1966 1012 1997 X
1029 1964 1270 2008 praedecessore

538 2023 654 2057 nostro,
679 2019 716 2050 ad
742 2019 918 2051 instantiam
944 2019 1049 2051 dilecti
1067 2018 1121 2050 filii
1140 2017 1269 2057 Claudii,

538 2070 658 2102 abbatis
689 2073 843 2113 generalis
876 2072 1015 2104 eiusdem
1051 2071 1197 2110 Ordinis,
1233 2070 1271 2102 de

540 2134 642 2156 mense
667 2126 850 2167 septembris
866 2125 936 2157 anni
953 2125 1094 2168 proxime
1112 2123 1270 2167 praeteriti

539 2186 651 2210 iiiDCLtv
677 2185 860 2211 eiiiauarunt
878 2179 907 2210 in
929 2179 1020 2210 simili
1038 2179 1140 2210 forma
1166 2177 1271 2210 Brevis

539 2230 657 2262 litterae
683 2233 798 2264 tenoris
823 2233 998 2275 soqiwntis,
1025 2232 1183 2264 videlieet:

581 2284 596 2327 ἓ
620 2285 648 2317 1.
674 2286 881 2318 Innocentius
899 2287 992 2329 Papa
1010 2286 1050 2326 X,
1068 2286 1268 2328 adfuturam

538 2338 584 2368 rei
618 2340 814 2371 memorium.
851 2339 1018 2372 Pastoralis
1054 2339 1147 2371 officii
1182 2337 1271 2371 uobis

539 2388 653 2421 (liutius
686 2392 843 2424 commissi
879 2396 984 2435 partes
1016 2402 1083 2424 esse
1112 2390 1272 2434 cognosci-

540 2450 622 2481 mus,
647 2448 703 2475 etc.
718 2443 734 2476 ¹.

580 2525 586 2548 l
610 2523 721 2558 Reliqua
750 2524 898 2550 omittimus
927 2525 989 2560 quia
1016 2525 1068 2552 iam
1095 2525 1218 2553 dedimus
1243 2526 1269 2552 in

542 2571 603 2593 tom.
625 2574 667 2600 xv,
689 2576 747 2602 pau.
766 2569 816 2594 770
837 2574 872 2600 (a.
889 2570 936 2602 τ.).

575 2612 590 2637 2
609 2612 678 2639 Male
698 2612 760 2640 edit.
782 2613 858 2640 Maia.
880 2614 943 2649 legit
962 2616 1117 2651 ceterisque
1133 2618 1169 2650 (R.
1185 2617 1234 2651 Τ.).

1285 489 1287 505 l

1106 218 1283 242 BL'LLARIUM
1308 218 1414 242 ROMAN
1420 218 1460 241 ΠΜ

1348 267 1363 308 g
1387 265 1415 297 2.
1436 264 1511 297 Cum
1532 268 1647 303 autem,
1665 263 1743 296 sicut
1759 264 1868 297 eadem
1886 264 2038 308 expositio

1305 317 1601 359 subiungebat‚ante
1610 318 1797 361 completam
1812 318 2037 362 praeinsertam

1306 371 1478 403 litterarum
1503 370 1682 403 huiusmodi
1701 371 1915 404 executionem
1933 371 2038 404 obitus

1304 423 1442 455 eiusdem
1463 424 1634 457 lnnocentii
1659 424 1908 468 praedecessoris
1928 435 2037 468 super-

1306 477 1432 517 venerit,
1457 477 1650 520 proindeque
1674 477 1801 520 cupiant
1825 477 1917 510 iidem
1942 487 2038 521 expo-

1305 535 1412 562 nentes
1436 541 1493 573 pro
1518 530 1650 564 firmiori
1669 530 1848 563 earumdem
1867 531 2039 574 praeinser-

1305 588 1405 615 tarmn
1428 584 1600 617 litterarum
1618 584 1819 617 subsistentia
1844 584 1910 617 illas
1935 589 2040 617 aucto-

1306 636 1394 669 ritate
1408 639 1514 670 nostra
1531 638 1701 681 apostolica
1717 637 1906 671 confirmari:
1921 637 2038 671 idcirco

1305 700 1381 731 nos,
1406 690 1531 722 eosdem
1564 696 1752 734 exponentes
1784 690 1971 734 specialibus
1999 690 2040 723 sa-

1306 743 1431 775 voribus
1456 748 1485 776 et
1515 744 1624 786 gratiis
1647 743 1795 788 prosequi
1827 744 1985 785 volentes,
2010 748 2041 776 et

1305 807 1413 829 eorum
1439 797 1615 839 singulares
1648 808 1798 841 personas
1830 807 1847 829 a
1879 796 2040 841 quibusvis

1304 851 1645 891 excommunicationis,
1666 850 1880 894 suspensionis
1903 855 1934 883 et
1950 850 2041 884 inler-

1304 903 1388 944 dicti,
1414 904 1545 947 aliisque
1569 904 1770 937 ecclesiaticis
1790 902 1948 943 sententis,
1971 911 2041 936 cen-

1304 957 1385 990 suris
1410 963 1440 990 et
1464 958 1591 1001 poenis,
1616 968 1633 989 a
1658 957 1725 990 iure
1751 957 1796 989 vel
1821 956 1860 990 ab
1891 956 2038 998 homine,

1303 1012 1411 1054 quavis
1435 1011 1597 1044 occasione
1616 1011 1661 1043 vel
1679 1012 1772 1043 causa
1785 1010 1864 1049 latis,
1885 1009 1909 1042 si
1926 1009 2040 1054 quibus

1303 1064 1539 1107 quomodolibet
1562 1063 1727 1096 innodatae
1747 1063 1892 1102 existunt,
1911 1063 1951 1095 ad
1971 1061 2041 1095 effe-

1304 1121 1387 1149 ctum
1416 1117 1627 1160 praesentium
1650 1116 1810 1148 dumtaxat
1840 1125 2037 1159 consequen-

1303 1170 1388 1210 dum,
1409 1171 1520 1202 harum
1535 1170 1617 1202 serie
1631 1169 1825 1203 absolventes
1839 1174 1869 1202 et
1881 1169 2040 1202 absolutas

1305 1224 1368 1256 sore
1382 1229 1553 1262 censentes,
1567 1222 1848 1267 supplicationibus
1862 1233 1972 1255 eorum
1987 1231 2040 1255 no-

1306 1276 1387 1308 mine
1411 1276 1501 1309 nobis
1518 1287 1613 1319 super
1630 1276 1689 1308 hoc
1711 1275 1872 1308 humiliter
1886 1274 2041 1319 porrectis

1306 1329 1453 1368 inclinati,
1471 1329 1509 1361 de
1526 1329 1750 1361 venerabilium
1771 1328 1902 1360 fratrum
1921 1334 2041 1361 nostro-

1305 1394 1373 1415 rum
1399 1383 1427 1416 S.
1446 1383 1478 1415 R.
1497 1383 1529 1415 E.
1548 1381 1754 1414 cardinalium
1774 1381 1908 1423 negotiis
1925 1385 1954 1415 et
1970 1390 2040 1413 con-

1305 1436 1523 1468 sultationibus
1547 1436 1770 1479 episcoporum
1792 1439 1822 1466 et
1845 1433 2040 1476 regularium

1306 1489 1559 1533 praepositorum
1585 1488 1725 1526 consilio,
1742 1487 1951 1531 praeinsertas
1967 1485 2041 1519 dicti

1306 1542 1476 1575 lnnocentii
1492 1541 1742 1585 praedecessoris
1755 1541 1884 1581 litteras,
1894 1550 1965 1573 cum
1977 1550 2042 1573 om-

1306 1596 1398 1628 nibus
1422 1600 1452 1629 et
1475 1595 1606 1638 singulis
1623 1595 1653 1627 in
1672 1594 1716 1627 eis
1740 1594 1903 1634 contentis,
1921 1598 2041 1637 aposto·

1307 1650 1364 1682 lica
1390 1649 1584 1689 auctoritate,
1602 1652 1710 1682 tenore
1727 1647 1949 1691 praesentium,
1966 1656 2040 1679 con-

1306 1703 1469 1735 tii-mamus
1493 1708 1522 1735 et
1538 1701 1761 1745 approbamus,
1780 1700 1901 1743 illisque
1915 1699 2042 1732 inviola-

1307 1755 1376 1787 bilis
1388 1755 1574 1799 apostolieae
1588 1753 1743 1786 firmitatis
1758 1753 1854 1786 robur
1867 1753 2040 1792 adiicimus,

1306 1819 1340 1841 ac
1364 1818 1473 1841 omnes
1488 1808 1668 1850 etsingulos
1690 1811 1750 1840 tam
1773 1806 1849 1838 iuris
1863 1816 1955 1850 quam
1969 1805 2042 1839 sacti

1306 1862 1452 1901 desectus,
1470 1861 1494 1893 si
1511 1861 1562 1904 qui
1584 1860 1717 1903 desuper
1741 1859 1978 1903 quomodolibet
1995 1858 2041 1892 in-

1307 1914 1506 1954 tei-venerint,
1523 1914 1714 1957 supplemus.
1732 1913 1939 1945 Decernentes
1954 1922 2042 1956 prae-

1306 1973 1408 1999 sentes
1433 1967 1550 2000 litteras
1575 1977 1701 2010 semper
1725 1966 1843 2005 firmas,
1869 1965 1986 1998 validas
2011 1968 2042 1998 et

1307 2021 1446 2053 efficaces
1471 2020 1602 2052 existere
1627 2026 1656 2052 et
1681 2020 1757 2060 sore,
1782 2029 1918 2062 suosque
1934 2018 2041 2062 plena-

1308 2074 1370 2106 rios
1394 2079 1423 2105 et
1450 2073 1587 2115 integros
1616 2072 1746 2105 effectus
1777 2071 1883 2104 sortiri
1908 2076 1938 2104 et
1961 2070 2041 2104 obli-

1307 2137 1391 2167 nere,
1416 2132 1446 2159 et
1470 2126 1507 2158 ab
1532 2126 1676 2158 omnibus
1700 2131 1729 2158 et
1746 2125 1888 2168 singulis,
1905 2124 1943 2157 ad
1963 2133 2042 2167 quos

1307 2186 1423 2223 spectat
1447 2185 1476 2212 et
1501 2190 1558 2223 pro
1584 2185 1724 2222 tempore
1749 2178 1916 2222 spectabit,
1941 2177 2041 2211 invio-

1308 2234 1440 2265 labiliter
1451 2233 1621 2271 observari,
1635 2233 1741 2275 sicque
1759 2242 1813 2274 per
1826 2240 2042 2274 quoscumque

1307 2287 1423 2319 iudices
1447 2286 1623 2319 ordinarios
1637 2291 1663 2318 et
1679 2285 1847 2327 delegatos,
1865 2284 1957 2316 etiam
1973 2293 2042 2316 cau-

1307 2350 1409 2372 sarum
1425 2339 1528 2382 palatii
1547 2338 1707 2381 apostolici
1726 2337 1894 2378 auditores,
1909 2336 2041 2370 iudicari

1306 2399 1336 2426 et
1359 2393 1482 2425 definiri
1507 2392 1632 2431 debere,
1653 2402 1688 2424 ac
1708 2391 1831 2424 irritum
1854 2395 1884 2423 et
1909 2390 1999 2423 inane
2014 2389 2041 2422 si

1306 2458 1394 2479 secus
1420 2456 1514 2489 super
1539 2446 1587 2478 liis
1611 2456 1627 2478 a
1651 2455 1821 2489 quoquam,
1846 2443 1954 2487 quavis
1979 2453 2041 2475 au-

1306 2500 1458 2540 ctoritate,
1471 2499 1604 2532 scienter
1615 2499 1661 2531 vel
1674 2499 1864 2541 ignoranter,
1875 2495 2042 2538 contigerit

1286 2564 1288 2569 ’
1305 2553 1458 2585 attentari.
1484 2553 1550 2586 Non
1571 2551 1763 2586 obstantibus
1779 2550 1925 2584 omnibus
1938 2554 1967 2584 et
1981 2549 2043 2582 sin-

1305 2606 1386 2649 gulis
1403 2606 1474 2646 illis,
1491 2616 1569 2648 quae
1589 2605 1672 2638 idem
1692 2604 1890 2638 Innocentius
1909 2602 2042 2648 praede·

2051 216 2099 244 An.
2121 217 2152 244 G.
2169 216 2238 245 ¹655

2080 277 2167 299 innovat
2177 281 2239 304 prae·

2053 303 2145 326 insertas
2151 305 2242 326 litteras.
